4052 6168
259 308 344 366 443
946 313 1492 373 INTERPRETATIO
1527 318 1775 375 SYNODI
1814 317 1934 375 vm
1966 320 2369 387 GENERALIS.
2391 363 2465 375 --
2500 316 2701 393 ACTIO
2756 338 2865 393 vn.

3506 342 3608 402 4M

252 435 523 533 congregato
537 432 1853 533 penitusabolenda—Consi]iabulumAvanita-
1875 434 1936 496 A
1963 445 2101 518 rint,
2130 455 2186 506 et
2210 452 2279 509 ad
2309 455 2601 529 reverendi
2639 457 2981 527 patriarcha
3010 461 3219 533 Ignatii
3257 465 3611 522 communio-

254 519 316 573 tis
333 532 360 575 a
382 518 585 589 Photio,
610 525 668 575 et
685 520 863 591 hujus
885 521 1127 593 fautore,
1157 526 1433 583 Michaele
1458 528 1744 601 videlicet,
1772 534 1853 601 ty-

250 607 447 663 rannice
468 607 796 681 imperante,
824 611 1322 683 ConstantinOpoli
1371 629 1552 687 nuper
1577 618 1851 675 adversus

247 694 528 765 apostolica
550 697 707 752 sedis
734 701 1103 756 reverentiam
1132 706 1189 757 et
1227 702 1594 775 privilegium
1620 719 1852 779 congre-

247 788 423 855 gatum,
449 789 638 854 utpote
684 787 950 844 veritatis
977 788 1303 860 inimicum,
1331 796 1387 847 et
1413 794 1568 848 omni
1596 792 1848 851 falsitate

246 872 499 944 repletum,
526 874 669 944 quin
694 878 751 930 et
775 875 888 931 sibi
915 878 1399 935 consentientium
1425 881 1651 939 animas
1679 883 1849 940 inter-

242 960 424 1031 ficiens,
448 962 729 1031 Ephesino
754 963 1062 1021 latrocinio
1109 968 1556 1037 comparandum
1592 969 1712 1026 fore
1737 976 1846 1027 sta-

240 1048 424 1103 tuimus
454 1056 507 1105 et
540 1050 727 1120 ipsius
791 1053 1133 1110 exsecranda
1175 1060 1351 1127 gesta,
1403 1056 1845 1131 quibuscunque

239 1135 515 1193 habeantur
541 1140 926 1197 monumentis
969 1140 1206 1213 inserta,
1260 1145 1470 1200 summi
1497 1146 1718 1215 judicis
1743 1150 1846 1203 Do-

237 1224 353 1278 mini
379 1226 549 1281 nostri
570 1229 701 1283 Jesu
724 1227 942 1284 Christi
970 1236 1416 1302 sanctorumque
1450 1235 1840 1303 apostolorum

236 1311 519 1383 principum
544 1315 697 1370 Petri
723 1321 779 1371 et
814 1316 999 1387 Pauli,
1048 1322 1372 1390 nostraque
1423 1322 1841 1379 mediocritatis

232 1401 552 1472 auctoritate,
574 1404 803 1472 penitus
818 1405 1094 1462 abolenda
1110 1407 1474 1466 decernimus
1493 1428 1507 1476 ς
1537 1410 1615 1466 ita
1635 1416 1697 1467 ut
1717 1412 1837 1484 igni

231 1489 439 1544 voranda
461 1490 781 1560 tradantur,
831 1497 887 1548 et
917 1494 1276 1552 anathemate
1304 1503 1575 1567 perpetuo
1616 1500 1842 1569 percel—

228 1575 404 1632 lantur.
429 1577 715 1635 Similiter
759 1581 830 1637 de
853 1583 1077 1639 cateris
1126 1584 1457 1657 scripturis,
1512 1602 1660 1659 qua,
1694 1588 1840 1644 viris

1962 546 2087 593 nem
2102 540 2513 614 repedaverint,
2532 549 2706 617 atque
2720 547 2867 602 idem
2889 549 3343 607 conciliabulum
3363 554 3610 610 anathea

1963 626 2375 702 matizaverint,
2399 638 2571 703 atque
2594 640 2959 693 monumenta
3000 637 3164 694 illius
3197 639 3282 695 vel
3314 641 3609 712 exempla-

1960 712 2049 770 ria
2101 714 2329 775 inventa
2395 724 2791 795 cremaverint,
2869 726 3127 783 ecclesia
3202 728 3606 786 communione

1959 798 2267 875 fruantur;
2318 808 2465 865 alias
2507 816 2694 866 autem
2744 826 2813 868 ne
2858 814 2963 872 hac
3008 816 3172 888 digni
3222 817 3603 886 reperiantur.

1956 888 2100 946 Sane
2140 892 2327 951 ﬁlium
2373 902 2632 954 nostrum
2678 900 2976 974 Basilium,
3020 903 3532 961 clementissimum
3551 909 3607 962 et

1956 979 2506 1042 orthodoxissimum
2527 988 2945 1064 imperatorem,
2973 992 3363 1064 quiaetillius
3398 1008 3601 1051 nomen

1958 1066 2015 1122 in
2038 1069 2290 1138 ejusdem
2316 1074 2539 1143 profani
2580 1078 2956 1137 conciliabuli
2999 1082 3197 1153 gestis,
3229 1087 3293 1138 ut
3339 1082 3526 1153 ipsius
3547 1087 3602 1138 et

1954 1159 2539 1235 sanctissimilgnatii
2584 1166 2922 1235 patriarcha
2967 1169 3285 1241 legatorum
3322 1170 3600 1227 relatione

1950 1245 2288 1320 didicimus,
2318 1249 2460 1307 falso
2489 1254 2805 1324 ascriptum
2833 1262 2937 1326 est,
2979 1263 3036 1313 et
3076 1258 3134 1314 in
3174 1258 3445 1314 omnibus
3469 1273 3599 1315 eum

1950 1336 2278 1404 apostolica
2323 1340 2478 1396 sedis
2533 1344 3017 1402 constitutionum
3073 1346 3596 1419 diligentissimum

1951 1431 2399 1483 conservatorem
2422 1443 2545 1486 esse
2564 1433 2936 1504 cognovimus
2958 1454 2972 1504 ;
2998 1448 3111 1491 non
3134 1435 3321 1491 solum
3343 1436 3415 1491 ab
3437 1437 3594 1492 omni

1950 1513 2190 1571 sinistra
2215 1519 2496 1595 sententia
2521 1524 2851 1577 extraneum
2870 1523 3183 1595 reddimus,
3205 1538 3399 1580 verum
3421 1524 3594 1580 etiam

1952 1601 2101 1657 inter
2124 1590 2539 1663 catholicorum
2561 1612 2618 1663 et
2639 1608 2865 1679 piorum
2886 1590 3274 1683 Augustorum
3291 1625 3593 1669 numerum

222 1665 317 1731 iam
355 1666 661 1770 nominatis
700 1669 1057 1770 auctoribus,
1104 1678 1307 1770 contra
1349 1674 1603 1770 eamdem
1649 1677 1836 1770 sedem
1868 1752 1920 1770 ﬁ
1947 1692 2174 1748 etnunc
2200 1694 2533 1767 recipimus,
2566 1665 2714 1768 ει,ἐί
2734 1699 2818 1754 sic
2842 1665 3288 1770 perseveraverit
3315 1700 3373 1757 in
3399 1700 3588 1770 ﬁnem,

225 1758 440 1823 tempore
457 1754 686 1814 diverso
715 1763 852 1814 sunt
874 1759 1064 1832 edita,
1103 1761 1412 1833 gerendum
1442 1764 1629 1820 modis
1654 1765 1838 1821 omni-
1865 1752 1921 1815 Β
1949 1752 2341 1850 recipiendum;
2372 1752 2702 1841 smm'imﬁs.

223 1839 310 1896 bus
349 1841 671 1901 deﬁnimus.

274 1947 384 2002 CAP.
410 1950 474 2005 II.
498 1952 584 2006 De
612 1955 997 2010 conventiculis
1026 1961 1217 2012 contra
1260 1958 1538 2026 Ignatium
1577 1964 1834 2031 patriar—

220 2035 345 2090 cham
369 2039 599 2094 collectis
628 2043 879 2098 similiter
895 2045 1194 2101 abolendis.
1213 2076 1288 2087 —
1309 2048 1437 2104 Pari
1465 2049 1636 2105 etiam
1665 2052 1830 2108 modo

217 2121 273 2178 de
292 2127 699 2185 conventiculis
738 2130 810 2187 ab
843 2133 1056 2189 eisdem
1082 2134 1249 2207 viris,
1297 2136 1574 2205 Michaele
1607 2139 1830 2195 scilicet

221 2211 514 2299 imperante,
538 2230 645 2274 seu
672 2220 875 2277 Photio
889 2221 1524 2295 Constantinopolitano
1544 2226 1822 2299 invasere,

216 2298 288 2357 bis
307 2302 569 2362 adversus
596 2304 827 2365 fratrem
853 2315 909 2367 et
945 2312 1346 2383 coepiscopum
1374 2319 1632 2371 nostrum
1674 2298 1828 2389 Igna-

217 2389 334 2446 tium
359 2391 595 2451 factiose
630 2396 910 2470 collectis,
959 2400 1365 2473 deliberamus,
1396 2403 1515 2460 hac
1558 2404 1825 2460 videlicet

214 2482 444 2552 tanquam
476 2474 859 2555 parricidalia
897 2489 1236 2547 medullitus
1278 2498 1654 2551 exsecrantes.

266 2587 374 2643 CAP.
402 2590 489 2646 III.
535 2594 620 2647 De
663 2594 851 2649 Photio
890 2596 1141 2653 invasere
1181 2599 1376 2654 iterato
1423 2599 1700 2656 damnato.
1749 2633 1823 2643 —

214 2674 459 2750 Photium,
485 2681 617 2751 qui,
648 2681 784 2738 licet
803 2683 936 2740 sita
968 2685 1262 2743 decessore
1304 2700 1425 2744 meo
1464 2694 1521 2745 et
1567 2702 1600 2745 a
1654 2690 1821 2747 nobis

216 2778 296 2833 pro
316 2767 660 2826 criminibus
684 2776 815 2827 ante
840 2774 1082 2842 patratis
1100 2776 1233 2844 jure
1255 2776 1560 2834 damnatus
1593 2782 1650 2834 et
1690 2792 1821 2835 ana-

211 2852 600 2931 thematizatus,
626 2866 987 2917 nunctamen
1011 2863 1147 2934 quia
1192 2865 1611 2923 recentioribus
1634 2881 1819 2923 exces-

208 2941 342 2998 sibus
355 2945 575 3015 priores
596 2947 939 3019 iniquitates
954 2950 1118 3007 valde
1133 2955 1506 3024 transcendit,
1530 2959 1586 3010 et
1602 2970 1816 3026 ponens

210 3028 254 3082 in
274 3032 398 3088 calo
419 3048 481 3091 os
502 3049 681 3092 suum
698 3037 969 3095 adversus
986 3041 1301 3097 veneranda
1317 3043 1411 3097 sed
1423 3043 1472 3098 is
1486 3045 1814 3114 apostolica

2012 1886 2138 1941 CAP.
2196 1886 2257 1942 V.
2304 1891 2380 1944 De
2436 1892 2506 1945 iis
2557 1895 2655 1962 qui
2716 1898 2987 1961 gestorum
3040 1895 3194 1951 illius
3241 1896 3591 1951 conciliabuli

1941 1978 2146 2045 scripta
2170 1991 2279 2031 non
2295 1978 2544 2047 produnt
2566 1982 2663 2036 sed
2684 1982 3006 2050 defendunt.
3045 2014 3120 2025 —
3142 1986 3289 2058 Ergo
3325 1985 3585 2057 quandiu

1941 2069 2069 2132 post
2089 2065 2354 2122 notitiam
2374 2067 2548 2137 hujus
2563 2071 2890 2138 apostolica
2907 2073 3224 2129 sanctionis
3237 2073 3350 2130 sibi
3372 2072 3586 2143 perlata

1940 2159 2302 2210 monumenta
2336 2155 2421 2211 vel
2477 2158 2824 2228 exemplaria
2868 2165 3155 2231 gestorum
3204 2161 3392 2231 ipsius
3433 2175 3586 2219 exse-

1936 2241 2133 2297 crandi
2157 2242 2531 2301 conciliabuli
2575 2258 2745 2316 penes
2769 2261 2828 2303 se
2866 2247 3174 2320 quisquam
3217 2250 3470 2306 retinens
3498 2264 3584 2308 ce-

1936 2326 2140 2384 laverit
2176 2329 2261 2385 vel
2305 2330 2645 2404 defenderit,
2688 2339 2746 2390 et
2770 2348 2882 2392 non
2931 2336 3125 2406 potius
3172 2337 3575 2409 propalaverit,

1934 2415 2019 2471 vel
2050 2416 2169 2489 igni
2208 2417 2532 2490 tradiderit,
2580 2422 2783 2479 tandiu
2825 2424 3184 2481 anathenate
3228 2427 3579 2485 constrictus

1933 2505 2358 2563 communionis
2389 2507 2606 2565 Christi
2653 2524 2887 2568 munere
2925 2517 3115 2570 careat
3155 2535 3170 2583 -,
3216 2514 3500 2588 quinimo,
3525 2516 3576 2572 si
3666 2580 3675 2583 _

1931 2593 2179 2651 clericus
2198 2599 2302 2666 est,
2332 2597 2433 2668 qui
2462 2599 2822 2667 postmodum
2851 2600 2968 2657 hac
2993 2601 3079 2660 vel
3117 2601 3303 2658 celare
3339 2603 3427 2659 vel
3468 2604 3579 2660 de—

1931 2679 2158 2740 fendere
2200 2685 2497 2743 convictus
2542 2685 2739 2757 fuerit,
2799 2689 3037 2761 gradum
3078 2704 3192 2762 quo
3249 2690 3576 2761 potiebatur

1928 2772 2189 2828 amittat:
2215 2773 2491 2830 similiter
2509 2779 2564 2831 et
2587 2776 2781 2833 deillo
2819 2778 3131 2836 statuimus
3171 2780 3271 2851 qui
3316 2780 3435 2836 hac
3472 2794 3577 2838 oc-

1926 2859 2144 2916 cultare
2167 2865 2418 2932 putatur,
2442 2863 2641 2934 etipse
2681 2864 2817 2921 hinc
2845 2866 3145 2937 impetitus
3187 2882 3289 2925 nec
3329 2882 3574 2939 respon—

1923 2946 2078 3020 dere,
2127 2963 2227 3005 nec
2269 2950 2518 3008 decretis
2559 2954 2891 3023 apostolica
2929 2956 3086 3012 sedis
3137 2957 3197 3013 in
3249 2958 3353 3014 hac
3414 2961 3574 3029 parte

1929 3050 2125 3105 parere
2152 3040 2527 3112 consenserit,
2566 3056 2693 3112 qua
2729 3056 2840 3101 non
2899 3044 3087 3101 solum
3125 3046 3197 3102 de
3248 3045 3573 3103 Constanti-

208 3118 466 3193 privilegia
489 3136 641 3179 nova
664 3127 982 3183 temeritate
1000 3130 1285 3200 prorupit,
1303 3130 1441 3186 dum
1475 3113 1700 3188 scilicet
1725 3148 1811 3190 οιι.
1843 3113 1893 3177 C
1926 3126 2297 3196 nopolitanis,
2322 3128 2418 3185 sed
2436 3128 2932 3205 etAlexandrinis,
2949 3133 3347 3205 Antiochenis,
3377 3136 3569 3192 Hiero-

206 3204 451 3265 dinationi
483 3225 770 3283 superna,
801 3215 861 3270 in
912 3213 1058 3272 beati
1108 3218 1259 3273 Petri
1309 3221 1554 3290 apostoli
1603 3222 1815 3291 princi-

205 3300 311 3360 patu
328 3296 639 3371 disposita,
690 3302 955 3359 resistere
997 3306 1234 3363 minime
1265 3306 1616 3379 formidavit,
1667 3316 1723 3365 et
1751 3311 1809 3367 in

203 3382 430 3441 cathedra
453 3400 569 3443 non
592 3390 883 3461 sanitatis,
911 3392 1005 3449 sed
1035 3395 1377 3464 pestilentia
1420 3397 1644 3469 sedens,
1680 3412 1811 3455 con-

202 3472 416 3542 gregavit
437 3477 843 3535 conventicula
866 3479 937 3534 de
956 3482 1360 3553 sanguinibus,
1385 3498 1517 3541 cum
1539 3485 1810 3543 videlicet

201 3554 291 3611 sibi
325 3556 631 3620 faventium
684 3565 1106 3635 simpliciorum
1149 3570 1373 3627 animas
1418 3572 1726 3646 interfecit,
1752 3580 1809 3631 et

202 3646 364 3730 utpote
388 3648 652 3707 inventor
676 3652 982 3726 mendacii,
1008 3660 1066 3711 et
1086 3654 1397 3715 fabricator
1417 3673 1803 3730 perversorum

199 3728 510 3811 dogmatum,
553 3752 672 3796 non
715 3740 831 3797 nisi
874 3740 1150 3800 falsitatis
1180 3728 1492 3820 prastigia,
1519 3754 1576 3805 et
1618 3752 1806 3807 omnis

201 3821 443 3881 mendacii
471 3826 744 3900 ﬁgmenta
770 3829 946 3887 solito
971 3845 1126 3889 more
1149 3836 1456 3907 congessit,
1492 3842 1664 3908 atque
1689 3844 1803 3894 tam

195 3914 360 3966 contra
395 3913 751 3972 decessorem
791 3931 978 3975 meum
1026 3926 1234 3978 sancta
1259 3924 1675 3983 recordationis
1715 3940 1806 3997 pa-

196 4007 297 4085 pam
316 4000 632 4075 Nicolaum,
656 4019 826 4076 quam
848 4007 1020 4065 etiam
1042 4015 1239 4066 contra
1266 4024 1388 4081 nos,
1408 4025 1474 4069 ac
1492 4027 1590 4084 per
1612 4015 1798 4085 illum,

195 4082 241 4172 in
259 4092 625 4156 apostolicum
647 4094 874 4151 culmen
903 4110 1003 4153 nec
1031 4097 1232 4170 iniqua
1267 4082 1673 4172 garrire—fauce
1698 4082 1805 4160 tre;

195 4171 395 4248 pidavit,
416 4193 518 4237 nec
543 4195 753 4240 manus
771 4183 988 4256 obvias,
1013 4187 1161 4258 quod
1200 4171 1362 4244 nemo
1387 4204 1637 4261 unquam
1668 4206 1804 4262 pra-

192 4267 418 4332 sumpsit,
440 4269 717 4327 audacter
734 4273 1036 4331 extendere
1078 4272 1430 4349 formidavit,
1472 4280 1801 4348 apostolica

192 4354 519 4414 auctoritatis
543 4372 789 4417 censura
837 4362 1044 4418 iterato
1067 4364 1425 4437 damnamus,
1478 4371 1535 4422 et
1556 4381 1658 4437 pro
1706 4368 1799 4424 his

191 4440 478 4505 specialiter
516 4448 904 4506 anathematis
942 4450 1186 4508 nexibus
1230 4431 1591 4525 innodamus,
1644 4456 1795 4514 hunc

190 4526 380 4586 scilicet
399 4548 528 4589 cum
555 4536 852 4609 Dioscoro,
876 4539 1045 4609 cujus
1066 4540 1125 4596 in
1144 4539 1251 4597 hoc
1276 4541 1535 4600 imitator
1548 4546 1793 4614 exstitit,

188 4616 359 4674 merito
394 4624 702 4693 sociantes,
736 4629 792 4680 et
836 4633 1046 4683 sancta
1092 4641 1307 4703 magna
1348 4631 1793 4689 Chalcedonensi

188 4706 385 4778 synodo,
416 4710 472 4765 in
511 4716 629 4767 tam
680 4714 1001 4783 pernicioso
1044 4717 1334 4787 puniendo
1366 4727 1793 4793 prasumptore,

187 4798 461 4880 peremnia
488 4802 917 4859 concordantes.
946 4804 1089 4860 Sane
1114 4806 1165 4862 si
1200 4807 1329 4863 viva
1374 4823 1526 4880 voce,
1563 4824 1628 4865 ac
1676 4826 1797 4880 pro-

186 4878 289 4944 prio
308 4885 537 4959 scripto,
569 4888 738 4946 nobis
764 4890 823 4945 in
868 4892 1157 4962 omnibus,
1209 4909 1334 4966 qua
1379 4901 1492 4952 tam
1518 4878 1521 4880 ﬁ
1547 4911 1647 4969 per
1676 4878 1794 4957 nos

186 4980 322 5035 quam
348 4988 443 5045 per
481 4977 837 5036 decessorem
888 4994 1073 5037 meum
1117 4987 1330 5041 statuta
1384 4992 1518 5042 sunt
1560 4987 1794 5046 obedire

186 5065 535 5145 spoponderit,
565 5071 620 5122 et
647 5068 906 5137 pradicti
934 5068 1159 5140 profani
1185 5072 1581 5145 conciliabuli,
1604 5078 1673 5133 ad
1711 5092 1796 5134 sa-

185 5143 529 5239 tisfactionem
575 5155 922 5224 poenitentia
967 5163 1175 5231 motus,
1218 5165 1374 5233 gesta
1414 5143 1789 5239 damnaverit,

186 5230 312 5291 laica
329 5242 755 5300 communionis
777 5244 830 5299 ei
858 5248 1100 5317 gratiam
1125 5230 1241 5305 non
1262 5263 1552 5323 negamus.

234 5338 342 5398 CAP.
369 5345 456 5401 IV.
507 5351 586 5404 De
613 5353 1067 5409 consentientibus
1110 5356 1377 5424 praedicto
1415 5361 1789 5428 conciliabula,

189 5430 224 5477 τί
245 5429 298 5485 de
322 5436 662 5505 imperatoris
682 5441 880 5495 Basilii
895 5442 1167 5497 mirandis
1174 5447 1492 5514 praconiis.
1517 5478 1592 5489 —
1612 5451 1691 5507 De
1713 5452 1790 5511 iis

190 5526 288 5572 vero
308 5523 399 5591 qui
427 5525 614 5581 eidem
638 5528 818 5599 impio
843 5530 1233 5589 conciliabulo
1253 5545 1668 5595 consenserunt
1701 5543 1786 5599 vel

191 5603 633 5685 subscripserunt,
660 5618 709 5674 si
737 5618 964 5677 decreta
984 5620 1304 5678 decessoris
1324 5625 1434 5680 mei
1454 5628 1636 5683 secuti
1672 5628 1788 5687 fue-

1923 3215 2307 3288 solymitanis,
2350 3221 2522 3289 atque
2561 3218 2632 3275 de
2683 3220 2953 3278 omnibus
3000 3223 3237 3309 omnino
3297 3222 3565 3281 ﬁdelibus

1921 3304 2236 3373 apostolica
2260 3307 2555 3363 sanctione
2596 3308 2974 3367 decernimus.

2382 3447 2721 3519 Subscriptio
2738 3464 2902 3520 papa
2924 3452 3185 3507 Adriani.

1985 3586 2275 3643 Adrianus
2293 3588 2616 3660 episcOpus,
2635 3603 2852 3662 servus,
2875 3594 2963 3647 etc
2976 3632 3016 3664 .,
3041 3590 3339 3649 catholica
3354 3597 3413 3650 et
3431 3608 3568 3666 apo-

1916 3675 2135 3732 stolica
2181 3677 2445 3733 Romana
2485 3676 2773 3749 Ecclesia,
2821 3679 2915 3736 his
2955 3681 3259 3737 sententiis
3291 3683 3562 3741 nostrisa

1915 3764 2083 3820 nobis
2104 3765 2503 3837 promulgatis,
2524 3766 2675 3822 sicut
2696 3768 2965 3837 superius
2987 3767 3219 3841 legitur,
3246 3783 3418 3827 manu
3438 3785 3564 3843 pro-

1916 3853 2043 3922 pria
2063 3852 2402 3924 subscripsi.

1982 3943 2224 3997 Joannes
2265 3941 2737 4014 archiepiscopus
2762 3945 2967 4017 Perga
3004 3946 3372 4020 Pamphylia,
3413 3961 3561 4020 apo-

1912 4029 2219 4087 crisiarius
2238 4030 2592 4087 sanctissimi
2621 4033 2828 4104 Ignatii
2876 4034 3217 4103 patriarcha
3237 4036 3560 4095 Constanti-

1912 4117 2203 4188 nopoleos,
2232 4116 2418 4175 locum
2444 4122 2502 4174 et
2523 4132 2821 4189 personam
2840 4122 2966 4190 ejus
2987 4122 3262 4192 retinens,
3285 4129 3342 4180 et
3376 4127 3558 4183 totius

1911 4211 2120 4264 sancta
2158 4206 2359 4277 synodi
2384 4221 2509 4278 qua
2548 4207 2657 4264 sub
2685 4207 2810 4278 ipso
2852 4215 2958 4281 est,
2984 4210 3300 4280 propositis
3339 4218 3560 4270 senten-

1912 4296 2014 4352 tiis
2037 4295 2378 4366 conscripsi,
2404 4299 2463 4351 et
2485 4295 2804 4366 subscripsi
2829 4310 3021 4369 manu,
3049 4299 3301 4369 propria.

1976 4385 2219 4441 Joannes
2244 4387 2451 4440 sancta
2471 4383 2745 4441 Fanensis
2764 4386 3031 4442 Ecclesia
3051 4387 3376 4462 episcopus,
3414 4404 3555 4448 sen-

1906 4473 2107 4530 tentiis
2128 4473 2223 4529 bis
2240 4488 2365 4545 qua
2385 4486 2418 4530 a
2437 4472 2607 4531 nobis
2633 4474 3007 4547 promulgata
3032 4480 3190 4545 sunt,
3215 4478 3372 4534 sicut
3391 4493 3555 4550 supe-

1907 4562 2033 4619 rius
2055 4562 2287 4634 legitur,
2315 4561 2603 4633 consensi,
2625 4566 2684 4617 et
2712 4575 2884 4619 manu
2925 4564 3159 4634 prepria
3199 4565 3546 4638 subscripsi.

1975 4652 2216 4706 Joannes
2237 4651 2540 4721 episcopus
2574 4655 2782 4707 sancta
2823 4652 3420 4723 Forosemproniensis
3456 4656 3555 4713 Ec-

1904 4739 2094 4796 clesia
2115 4739 2390 4796 similiter
2409 4739 2747 4812 subscripsi.

1973 4828 2313 4884 Dominicus
2339 4828 2641 4899 episcopus
2685 4834 2894 4885 sancta
2936 4830 3324 4902 Eugubiensis
3367 4834 3554 4892 Eccle-

1903 4917 2004 4974 sia
2024 4916 2300 4973 similiter
2319 4915 2658 4987 subscripsi.

1971 5005 2260 5062 Gerardus
2282 5005 2585 5077 episcopus
2609 5012 2818 5063 sancta
2855 5009 3136 5066 Lucarum
3179 5011 3447 5070 Ecclesia
3471 5016 3547 5072 si-

1904 5095 2122 5152 militer
2137 5094 2479 5164 subscripsi.

1974 5186 2174 5241 Petrus
2193 5183 2495 5255 episcopus
2520 5188 2726 5241 sancta
2750 5185 3024 5244 Gavensis
3070 5189 3338 5248 Ecclesia
3385 5192 3547 5250 simi-

1903 5275 2038 5331 liter
2056 5273 2394 5344 subscripsi.

1971 5365 2212 5420 Joannes
2257 5363 2562 5433 episcopus
2581 5368 2790 5422 sancta
2812 5365 3154 5425 Falaritana
3174 5368 3443 5427 Ecclesia
3468 5372 3545 5428 si-

1902 5453 2121 5509 militer
2146 5451 2487 5522 subscripsi.

1967 5541 2201 5611 Sergius
2218 5541 2521 5611 episcopus
2551 5547 2761 5600 sancta
2796 5544 3131 5603 Sabinensis
3155 5546 3421 5603 Ecclesia
3465 5548 3543 5604 si-

1898 5632 2117 5688 militer
2137 5628 2479 5700 subscripsi.
