4052 6168
410 301 514 362 445

1630 301 1990 358 ANASTASII
2035 302 2576 360 BIBLlOTHECARII

3708 301 3806 360 446

479 430 811 490 Bonifacius
837 433 1141 504 episcopus
1163 433 1372 487 sancta
1396 429 1758 486 Bleranensis
1783 427 2053 486 Ecclesia
2081 429 2137 490 A
2239 431 2526 489 Romanus
2550 431 2842 503 presbyter
2860 433 3070 487 sancta
3109 428 3378 486 Ecclesia
3424 429 3690 485 Romana
3725 429 3810 484 ti-

408 521 684 579 similiter
712 521 1050 593 subscr-psi.

481 609 807 667 Hildericus
831 611 1135 681 episcopus
1160 612 1368 666 sancta
1397 608 1834 665 Tudertinensis
1858 606 2060 664 Eccle—

413 697 514 755 sia
544 699 819 756 similiter
843 699 1182 768 subscripsi.

481 790 724 845 Joannes
747 790 1053 859 episcopus
1091 790 1299 843 sancta
1323 786 1750 842 Ferentinensis
1790 785 2058 842 Ecclesia

415 877 690 933 similiter
715 877 1056 946 subscripsi.

486 965 807 1034 Stephanus
849 965 1153 1035 episcopus
1204 968 1412 1020 sancta
1454 963 1748 1034 Nepesina
1794 963 2062 1019 Ecclesia

419 1052 695 1110 similiter
718 1053 1060 1123 subscripsi.

489 1141 910 1212 Hildeprandus
938 1141 1244 1212 episcopus
1287 1145 1494 1197 sancta
1532 1139 1928 1196 Berolanensis
1951 1139 2066 1194 Ee-

419 1231 610 1288 clesia.
633 1231 908 1287 similiter
922 1229 1261 1300 subscripsi.

491 1319 695 1376 Florus
724 1319 1028 1400 episcopus
1057 1318 1765 1375 sanctaManturianensis
1798 1317 2066 1374 Ecclesia

425 1409 698 1464 similiter
709 1408 1051 1480 subscripsi.

492 1499 746 1554 Donatus
760 1497 1065 1568 episcopus
1089 1501 1298 1552 sancta
1317 1495 1602 1552 Ostiensis
1623 1494 1890 1551 Ecclesia
1910 1494 2072 1551 simi-

425 1585 560 1642 liter
583 1585 924 1656 subscripsi.

2169 519 2278 576 tuli
2306 521 2487 578 sancti
2513 521 2662 578 Sixtl
2686 520 2962 576 similiter
2979 518 3322 589 subscripsi.

2237 610 2479 666 Joannes
2500 609 2790 680 presbyter
2817 613 3026 664 sancta
3047 609 3310 664 Romana
3347 605 3614 662 Ecclesia
3648 606 3810 663 tituli

2171 704 2380 754 sancta
2405 699 2610 754 Prisca
2629 697 2906 754 similiter
2924 697 3268 767 subscripsi.

2240 788 2484 844 Joannes
2507 787 2796 858 presbyter
2837 791 3044 842 sancta
3065 787 3326 841 Romana
3351 783 3616 840 Ecclesia
3652 783 3812 840 tituli

2171 876 2353 932 sancti
2379 875 2612 932 Eusebii
2633 875 2911 930 similiter
2937 873 3283 944 subscripsi.

2243 964 2530 1020 Leoninus
2555 964 2846 1035 presbyter
2887 967 3096 1020 sancta
3137 964 3402 1019 Romana
3440 960 3708 1018 Ecclesia
3733 959 3818 1016 ti—

2173 1053 2282 1109 tuli
2311 1059 2521 1124 quatur
2541 1053 2950 1110 Coronatorum
2980 1051 3255 1108 similiter
3273 1049 3599 1120 subscripsi
3621 1091 3633 1104 .

2241 1143 2485 1198 Joannes
2499 1141 2944 1197 archidiaconus
2965 1145 3176 1196 sancta
3199 1139 3527 1210 apostolica
3557 1137 3712 1194 sedis
3727 1136 3822 1194 his

2177 1230 2482 1287 sententiis
2499 1244 2532 1286 a
2549 1229 2715 1287 nobis
2727 1229 3106 1302 promulgatis
3120 1227 3554 1298 sicutsuperius
3585 1226 3820 1299 legitur,

2177 1319 2461 1390 consensi,
2488 1325 2545 1375 et
2569 1319 2800 1390 propria
2827 1331 2998 1374 manu
3028 1317 3374 1387 subscripsi.

2248 1409 2520 1465 Leontius
2535 1409 2815 1464 diaconus
2840 1412 3049 1464 sancta
3078 1406 3408 1478 apostolica
3434 1405 3593 1462 sedis
3615 1405 3826 1462 simili-

2181 1504 2266 1554 ter
2291 1498 2632 1569 subscripsi.

2253 1590 2360 1644 Leo
2404 1587 2684 1644 diaconus
2727 1591 2935 1644 sancta
2974 1587 3301 1658 apostolica
3344 1585 3500 1642 sedis
3549 1583 3826 1640 similiter

494 1673 850 1730 Gandericus
869 1675 1174 1744 episcopus
1197 1677 1406 1729 sancta
1437 1671 1870 1754 Belliternensis
1888 1670 2075 1728 Eccle-
2098 1747 2144 1754 _
2183 1675 2522 1747 subscripsi.

425 1762 526 1818 sia
547 1763 820 1819 similiter
848 1763 1190 1832 subscripsi.

497 1853 801 1908 Formosus
843 1852 1146 1922 episcOpus
1173 1853 1383 1907 sancta
1427 1849 1764 1906 Portuensis
1801 1847 2075 1922 Ecclesia

428 1939 703 1996 similiter
727 1940 1070 2010 subscripsi.

497 2028 898 2085 Crescentinus
936 2029 1241 2098 episcopus
1270 2031 1480 2084 sancta
1517 2027 1780 2084 Cerensis
1811 2027 2078 2084 Ecclesia

430 2116 706 2172 similiter
725 2117 1065 2188 subscripsi.

505 2223 708 2279 Petrus
723 2223 1026 2294 episcopus
1043 2227 1252 2279 sancta
1271 2222 1578 2279 Ternensis
1598 2218 1689 2296 [al
1707 2263 1720 2276 .
1732 2264 1747 2294 ,
1765 2219 2080 2297 Perusina]

439 2311 706 2369 Ecclesia
732 2312 1008 2369 similiter
1035 2311 1377 2382 subscripsi.

513 2417 738 2474 Abinus
770 2418 1075 2490 episcopus
1105 2421 1313 2474 sancta
1346 2417 1692 2474 Anianensis
1717 2417 1986 2474 Ecclesia
2015 2417 2092 2474 si-

449 2505 666 2562 militer
695 2505 1032 2577 subscripsi.

508 2593 800 2651 Adoaldus
827 2595 1132 2666 episcopus
1155 2597 1366 2650 sancta
1383 2593 1876 2666 Balneoregiensis
1899 2592 2086 2649 Eccle-

438 2682 541 2738 sia
563 2695 734 2740 manu
757 2683 989 2754 propria
1011 2682 1355 2753 subscripsi.

505 2790 748 2846 Joannes
767 2790 1072 2860 episcopus
1089 2793 1298 2846 sancta
1321 2788 1884 2845 Triumtabernensis
1903 2789 2088 2846 Eccle-

444 2878 544 2934 sia
568 2879 844 2935 similiter
872 2879 1213 2949 subscripsi.

509 2969 618 3024 Leo
647 2969 950 3039 episcopus
977 2973 1186 3024 sancta
1217 2965 1518 3023 Alatrinen
1531 2967 1616 3023 sis
1636 2966 1904 3024 Ecclesia
1929 2968 2090 3024 simi-

438 3053 575 3111 liter
595 3055 934 3127 subscripsi.

508 3121 1148 3215 Steyhanusepiscopus
1178 3147 1388 3199 sancta
1406 3141 1716 3200 Gallisana
1731 3143 1998 3200 Ecclesia
2014 3145 2091 3200 si-
2116 3121 2166 3186 C

444 3231 660 3288 militer
679 3233 1020 3304 subscripsi.

511 3321 724 3378 Paulus
762 3321 1066 3392 episcopus
1087 3324 1297 3377 sancta
1323 3321 1670 3378 Albanensis
1698 3321 1967 3378 Ecclesia
1997 3323 2090 3378 si-

445 3410 662 3466 militer
691 3411 1030 3482 subscripsi.

513 3501 796 3558 Martinus
848 3501 1154 3571 episcopus
1203 3505 1411 3557 sancta
1455 3501 1792 3557 Narniensis
1821 3499 2090 3556 Ecclesia

445 3602 616 3646 manu
639 3591 871 3660 prepria
895 3588 1244 3658 subscripsi.

514 3698 756 3753 Joannes
785 3697 1065 3751 diaconus
1088 3695 1276 3750 locum
1303 3693 1556 3750 retinens
1581 3694 1945 3765 episcopatus
1977 3695 2094 3750 Ur-

445 3785 774 3841 binensium
798 3782 1060 3838 Ecclesia
1085 3781 1360 3838 similiter
1383 3781 1722 3852 subscripsi.

519 3874 720 3928 Petrus
749 3872 1054 3940 episcopus
1081 3875 1288 3926 sancta
1333 3870 1782 3942 Senogalliensis
1829 3872 2107 3938 Ecclesia~

450 3961 728 4017 similiter
764 3958 1104 4029 subscripsi.

520 4051 762 4105 Joannes
781 4048 1084 4118 episcopus
1107 4052 1315 4103 sancta
1353 4047 1684 4120 Signiensis
1717 4049 1986 4106 Ecclesia
2005 4049 2098 4106 si—

455 4138 674 4194 militer
694 4137 1034 4208 subscripsi.
2115 4125 2122 4135 '

523 4227 801 4297 Josephus
821 4240 890 4296 ep
917 4240 1126 4296 scopus
1147 4229 1357 4297 sancta
1377 4226 1813 4283 Pensauriensis
1832 4227 2098 4285 Ecclesia

456 4315 730 4372 similiter
759 4315 1096 4386 subscripsi.

2098 1747 2154 1811 Β
2256 1766 2512 1822 Marinus
2529 1765 2808 1822 diaconus
2825 1769 3032 1822 sancta
3047 1763 3376 1836 apostolica
3388 1760 3829 1820 sedissimiliter

2186 1855 2527 1925 subscripsi.

2257 1945 2458 2000 Petrus
2499 1944 2778 2001 diaconus
2817 1949 3025 2001 sancta
3060 1942 3392 2015 apostolica
3425 1941 3580 1998 sedis
3621 1939 3832 1997 simili-

2191 2037 2278 2090 ter
2301 2032 2644 2104 subscripsi.

2261 2123 2330 2178 Et
2374 2128 2502 2193 post
2545 2122 2662 2178 hac
2710 2123 3022 2180 ascendens
3061 2122 3259 2178 Niceta
3285 2123 3399 2178 Deo
3440 2119 3836 2177 amicissimus

2193 2211 2638 2268 archidiaconus
2655 2216 2712 2268 et
2737 2211 2998 2268 notarius
3019 2211 3160 2284 legit
3185 2209 3687 2268 commonitorium
3723 2221 3840 2264 ser-

2198 2314 2419 2358 monem
2445 2300 2513 2356 ad
2554 2301 2697 2358 Phot
2725 2315 2820 2358 um
2845 2306 2903 2358 et
2927 2307 3141 2372 partem
3179 2301 3305 2370 ejus
3327 2314 3360 2355 a
3383 2313 3518 2356 voce
3541 2297 3841 2354 sanctissi-

2200 2402 2422 2446 morum
2453 2389 2799 2446 vicariorum
2818 2390 3066 2446 senioris
3081 2389 3270 2445 Roma
3291 2390 3442 2444 :Jam
3466 2385 3837 2443 manifestum

2199 2483 2304 2534 est.
2331 2491 2366 2534 ο
2392 2477 2760 2534 dilectissimi
2788 2476 2992 2534 fratres
3032 2483 3090 2534 et
3111 2477 3563 2550 consacerdotes,
3591 2476 3651 2531 in
3685 2487 3842 2546 pra—

2198 2567 2421 2626 cedenti
2481 2571 2708 2624 actone
2753 2568 2926 2638 hujus
2980 2571 3190 2624 sancta
3230 2581 3296 2623 ac
3350 2579 3564 2639 magna
3609 2563 3839 2636 synodi,

2201 2656 2484 2728 quomodo
2506 2658 2575 2714 ad
2585 2657 2838 2714 monitus
2862 2658 2942 2714 sit
2963 2657 3204 2714 Photius
3229 2655 3477 2714 forensis
3499 2660 3556 2712 et
3571 2653 3840 2715 curiaLs.

2198 2749 2255 2803 et
2301 2759 2565 2816 pervasor
2608 2745 3256 2816 ConstantinOpolitana
3309 2743 3591 2816 Ecclesia,
3639 2749 3702 2800 ut
3736 2757 3848 2813 po-

2200 2839 2360 2891 neret
2381 2835 2656 2892 cervicem
2701 2848 2886 2892 suam.
2931 2840 2989 2892 et
3021 2833 3271 2892 verboet
3323 2833 3540 2904 scripto
3580 2845 3849 2902 pronun—

2199 2924 2372 2979 tiaret
2396 2928 2684 2994 peccatum
2713 2937 2904 2994 suum,
2931 2928 2988 2980 et
3011 2923 3340 2980 anathemat
3364 2926 3518 2978 zaret
3549 2935 3676 2993 qua
3717 2919 3850 2977 ini-

2198 3026 2308 3084 que
2341 3017 2466 3069 acta
2495 3017 2553 3069 et
2577 3013 2790 3084 scripta
2829 3019 2966 3070 sunt
2992 3013 3065 3069 ab
3093 3027 3160 3070 eo
3201 3011 3295 3069 bis
3322 3017 3519 3069 contra
3558 3011 3851 3084 lgnatium

2199 3102 2583 3174 patriarcham
2631 3117 2824 3159 suum.
2873 3108 2932 3158 et
2961 3102 3324 3173 proﬁteretur
3371 3101 3590 3158 nullam
3617 3099 3854 3156 machi-

2199 3191 2491 3248 nationem
2539 3192 2600 3248 in
2651 3205 2778 3248 eum
2828 3191 2914 3247 vel
2959 3191 3397 3249 commotionem
3443 3203 3506 3246 se
3551 3187 3704 3246 ultra
3753 3185 3856 3244 fa-

2199 3287 2448 3350 cturum,
2481 3281 2578 3338 sed
2607 3281 2759 3338 hunc
2786 3285 2850 3337 ut
2889 3294 3086 3337 verum
3131 3279 3456 3351 pontificem
3498 3291 3668 3335 suum
3711 3291 3850 3333 cum

2201 3383 2402 3442 magna
2454 3370 2769 3426 reverentia
2788 3375 3213 3440 suscepturum.
3257 3368 3700 3439 apostolicaque
3749 3379 3856 3422 se—

2199 3459 2233 3514 d
2266 3459 2560 3529 sdecreta,
2605 3463 2719 3514 tam
2762 3459 2834 3515 de
2881 3469 2944 3514 se
2991 3470 3160 3528 quam
3207 3457 3280 3514 de
3320 3455 3540 3530 lgnatio
3590 3455 3857 3525 patriar-

2199 3546 2303 3601 cha
2324 3547 2561 3616 prolata,
2593 3547 3012 3604 honorabiliter
3035 3545 3455 3616 amplexurum.
3483 3545 3552 3600 Et
3572 3542 3852 3614 quoniam

2204 3633 2264 3688 in
2289 3633 2382 3689 his
2409 3633 2680 3690 omnibus
2701 3635 2966 3692 videmus
2985 3648 3115 3692 eum
3147 3648 3262 3692 non
3286 3633 3540 3702 obedire,
3567 3632 3664 3688 sed
3686 3629 3859 3687 obtu-

2205 3735 2330 3778 rare
2351 3735 2520 3778 aures
2549 3736 2684 3778 suas
2713 3727 2775 3778 ut
2797 3723 3022 3794 aspidis
3046 3723 3256 3790 surda,
3305 3720 3523 3778 idcirco
3566 3733 3678 3776 non
3706 3718 3862 3789 pati¢

2205 3823 2334 3866 mur
2371 3809 2544 3866 taceri
2573 3811 2915 3867 sententiam
2963 3824 2998 3866 a
3047 3809 3382 3867 beatissimo
3425 3822 3568 3880 papa
3596 3808 3860 3864 Romano

2205 3897 2440 3954 Nicolao
2459 3897 2530 3954 ab
2561 3898 2881 3955 indictione
2929 3899 3228 3955 undecima
3273 3902 3470 3954 contra
3489 3909 3620 3952 eum
3669 3895 3866 3965 prola-

2207 3991 2344 4053 tam,
2371 3991 2429 4042 et
2449 4000 2601 4044 nunc
2631 3987 2839 4044 iterum
2881 3987 3311 4058 pronuntiatam
3339 4000 3438 4056 per
3463 3997 3862 4042 successorem

2205 4075 2330 4145 ejus
2352 4073 2667 4131 Adrianum
2699 4079 2908 4132 sancta
2935 4076 3198 4132 Romana
3222 4073 3488 4130 Ecclesia
3522 4071 3855 4144 prasulem,

2206 4163 2373 4232 cujus
2395 4176 2547 4219 nunc
2596 4177 2699 4220 nos
2730 4161 2929 4219 famul.
2983 4163 3110 4233 ejus
3157 4163 3342 4220 locum
3375 4165 3633 4218 tenemus
3665 4159 3726 4215 in
3753 4159 3870 4216 hac

2209 4251 2537 4308 honoranda
2563 4252 2798 4323 synodo,
2827 4265 2954 4323 qua
2981 4265 3080 4322 per
3098 4251 3417 4322 jussionem
3445 4252 3780 4305 sanctorum
3803 4252 3870 4304 et

2207 4351 2240 4394 a
2265 4342 2377 4396 Deo
2403 4345 2784 4410 protectorum
2837 4339 3271 4412 imperatorum,
3299 4337 3502 4395 Basili
3548 4337 3780 4393 scilicet
3807 4341 3874 4392 et

525 4403 848 4498 §Pepha“_“s
867 4403 1723 4498 ερίεἚιουιιεβληοιπδυίωθηείε
1738 4405 2005 4462 Εθθηδίίθ
2025 4405 2099 4462 εί·
2123 4419 2179 4484 D
2207 4403 2590 4498 Constantini,
2620 4429 2680 4484 in
2725 4428 2830 4485 hac
2871 4403 3044 4486 abeo
3089 4403 3474 4485 conservanda
3531 4425 3686 4498 regia
3715 4425 3874 4481 urbe

459 4493 678 4550 militer
701 4493 1038 4564 subscripsi.

529 4583 812 4656 Georgius
830 4583 1290 4653 archipresbyter
1311 4585 1521 4638 sancta
1550 4583 1812 4639 Romana
1833 4583 2100 4640 Ecclesia

463 4671 624 4728 tituli
655 4671 838 4728 sancti
885 4671 1200 4741 Laurentii,
1243 4670 1343 4741 qui
1383 4671 1706 4742 appellatur
1735 4673 1981 4745 Lucina,
2006 4673 2101 4728 his

467 4760 771 4816 sententiis
789 4773 821 4815 a
853 4759 1020 4816 nobis
1045 4759 1442 4831 promulgatis,
1464 4759 1619 4815 sicut
1658 4761 1926 4831 superius
1951 4761 2104 4834 legi—

469 4853 584 4920 tur,
615 4848 874 4905 consensi
904 4852 961 4902 et
980 4860 1148 4904 manu
1177 4848 1408 4918 propria
1429 4847 1770 4919 subscripsi.

539 4955 827 5010 Romanus
849 4953 1140 5024 presbyter
1149 4959 1358 5010 sancta
1373 4954 1639 5012 Romana
1653 4954 1920 5012 Ecclesia
1941 4955 2104 5012 tituli

468 5047 794 5100 sanctorum
822 5043 1056 5098 Joannis
1075 5048 1131 5098 et
1151 5042 1310 5100 Pauli
1333 5043 1608 5099 similiter
1627 5043 1965 5114 subscripsi.

536 5131 686 5188 Maio
732 5129 1022 5202 presbyter
1066 5135 1274 5188 sancta
1321 5133 1584 5188 Romana
1627 5131 1894 5188 Ecclesia
1942 5132 2102 5188 tituli

467 5219 652 5276 sancti
677 5219 900 5291 Cyriaci
929 5219 1204 5276 similiter
1233 5220 1574 5290 subscripsi.

538 5325 739 5381 Petrus
765 5324 1055 5396 presbyter
1075 5330 1283 5382 sancta
1333 5327 1596 5382 Romana
1636 5325 1904 5381 Ecclesia
1945 5326 2107 5382 tituli

468 5414 650 5468 sancti
673 5413 1020 5486 Chrysogoni
1044 5415 1320 5470 similiter
1339 5413 1680 5484 subscripsi.
1763 5480 1774 5486 ἱ

541 5501 717 5558 Ursus
765 5501 1054 5574 presbyter
1092 5507 1301 5558 sancta
1344 5503 1606 5558 Romana
1654 5501 1920 5558 Ecclesia
1951 5503 2110 5563 tituli

469 5594 675 5646 sancta
696 5591 1061 5648 Pudentiana
1087 5591 1366 5646 similiter
1394 5588 1739 5660 subscripsi.

2207 4522 2545 4590 congregata
2581 4521 2689 4586 est,
2735 4529 2848 4574 non
2876 4517 2935 4573 in
2967 4516 3396 4574 subversionem
3436 4514 3654 4586 judicii
3701 4514 3872 4584 quod

2207 4605 2278 4660 de
2300 4619 2366 4662 eo
2397 4603 2610 4662 factum
2653 4610 2741 4661 est
2768 4605 2828 4662 in
2874 4607 3126 4662 Romana
3172 4604 3448 4674 Ecclesia,
3490 4603 3585 4660 sed
3628 4606 3878 4672 prepter

2211 4693 2516 4751 elationem
2543 4707 2747 4751 sensus
2769 4694 2917 4767 ejus,
2943 4707 3112 4766 quam
3145 4706 3202 4749 in
3225 4697 3451 4764 pectore
3481 4705 3591 4749 suo
3633 4691 3882 4748 obstru-

2212 4797 2331 4839 sam
2379 4782 2810 4854 conspicimus;
2843 4787 2901 4838 et
2925 4783 3060 4853 quia
3105 4793 3288 4852 neque
3313 4781 3374 4836 in
3399 4779 3878 4836 communionem

2212 4885 2342 4928 cum
2393 4871 2732 4928 orthodoxis
2787 4871 2846 4928 in
2895 4870 3148 4927 Ecclesia
3212 4869 3312 4924 Dei
3377 4881 3504 4925 esse
3547 4866 3880 4937 desiderat,

2215 4965 2508 5030 prepterea
2548 4959 2940 5030 proferendam
2975 4973 3099 5016 esse
3146 4959 3355 5014 iterum
3381 4971 3554 5028 super
3577 4968 3707 5012 eum
3731 4967 3886 5012 ana-

2215 5047 2485 5104 thematis
2515 5048 2856 5104 sententiam
2884 5047 3182 5104 duximus.

2285 5137 2354 5190 Et
2401 5141 2529 5206 post
2579 5136 2698 5191 hac
2747 5136 3060 5191 ascendens
3117 5136 3441 5206 Stephanus
3480 5136 3594 5190 Deo
3651 5131 3893 5189 amabi-

2219 5223 2483 5280 lissimus
2521 5221 2803 5280 diaconus
2827 5228 2883 5279 et
2922 5225 3203 5294 notarius,
3240 5223 3380 5296 legit
3397 5221 3890 5279 acclamatorium

2215 5311 2425 5384 Ignatii
2453 5311 2806 5368 sanctissimi
2835 5313 3178 5383 patriarcha
3199 5324 3536 5371 sermonem.

2361 5415 2694 5471 Acclamatio
2716 5418 2924 5486 Ignatii
2944 5420 3277 5474 sanctissimi
3295 5414 3630 5488 patriarcha
3647 5414 3726 5468 ad

2715 5513 2963 5562 sanctam
2991 5507 3278 5576 synodum.

2291 5593 2517 5651 Fratres
2539 5594 2722 5651 sancti
2747 5598 2806 5650 et
2847 5594 2957 5650 lilii
3000 5595 3224 5666 dilecti,
3279 5608 3418 5666 rogo
3441 5607 3543 5650 vos
3571 5605 3708 5662 ergo
3750 5590 3907 5649 hu—
