4024 6170
226 287 321 347 H7

962 288 1508 347 INTERPRETATIO
1542 289 1792 347 SYNODI
1826 288 1947 345 VIII
1981 286 2382 349 GENERALIS.
2400 318 2475 334 --
2509 292 2710 350 ACTIO
2746 293 2857 348 VII.

3518 272 3622 347 tis

221 414 371 472 milis
408 413 671 486 pontifex
699 419 887 472 vester
904 415 1268 473 considerare
1287 421 1345 472 et
1364 417 1695 487 conspicere
1716 430 1866 473 com-
1885 414 1944 474 A
1976 420 2284 477 universali
2317 421 2533 491 synodo
2571 424 2625 476 et
2651 418 2933 490 sapientia
2977 422 3032 473 et
3058 417 3241 489 gratia
3267 417 3365 474 Dei
3402 416 3616 488 plenos,

221 505 422 575 pletum
443 518 571 560 esse
602 505 851 561 maxime
880 519 1033 561 nunc
1081 506 1375 576 eloquium
1411 507 1860 577 Scr:pturarum,

215 593 354 664 quod
372 591 665 663 perhibet:
685 594 930 663 Aspicite
940 593 1018 647 ad
1028 595 1289 663 antiquas
1304 597 1699 662 generationes,
1720 600 1771 649 et
1787 596 1864 649 vi-

213 680 344 742 dete,
372 683 496 750 quis
515 681 754 735 credidit
776 682 1019 745 Domino,
1033 686 1083 736 et
1097 684 1358 749 con/usus
1370 688 1447 737 est
1465 701 1481 745 ;
1502 684 1587 737 vel
1609 684 1731 751 quis
1740 699 1864 752 per-

213 770 476 823 mansitin
489 771 681 823 timore
692 770 865 831 illius,
884 770 981 824 sed
997 771 1046 824 is
1061 771 1307 841 despexit
1316 787 1433 825 eum
1445 768 1607 841 (Psal.
1631 785 1743 826 xxx
1754 771 1857 843 In).

208 855 472 912 Arbitror
504 858 660 913 enim
704 859 853 928 quod
902 871 1260 929 nequaquam
1296 859 1574 931 ignoretis
1618 875 1716 916 vos
1756 860 1853 931 qui

208 943 372 1000 nobis
395 951 707 1014 praesentes
735 947 896 1017 estis,
918 951 975 1001 et
1012 950 1241 1016 propter
1258 947 1562 1004 Dominum
1589 947 1684 1004 hic
1712 961 1858 1004 con-

203 1033 421 1105 gregati
448 1034 802 1105 consistitis,
847 1035 943 1092 sed
977 1048 1079 1091 nec
1124 1039 1280 1091 totus
1329 1036 1643 1107 quadratus
1672 1036 1851 1108 orbis,

205 1134 326 1191 quze
349 1121 412 1177 in
437 1135 528 1177 me
564 1128 691 1178 acta
722 1127 860 1180 sunt
882 1127 938 1179 et
959 1127 1200 1194 patrata.
1236 1123 1442 1180 Omnes
1477 1137 1721 1195 namque
1747 1138 1857 1181 no-

204 1214 338 1265 runt
358 1224 490 1280 qua:
514 1217 571 1267 et
601 1216 815 1281 quanta
847 1225 1146 1282 perpessus
1187 1210 1396 1269 fuerim
1422 1212 1493 1270 ab
1517 1213 1857 1283 imperatore

203 1297 441 1369 injuste,
485 1306 543 1355 et
586 1314 776 1356 revera
797 1301 1015 1371 juveni,
1062 1304 1120 1357 et
1150 1300 1413 1371 perillud
1456 1306 1681 1371 tempus
1707 1316 1859 1372 pra:—

200 1386 424 1443 valente
444 1389 646 1460 Barda,
676 1389 1030 1446 scholarium
1064 1390 1399 1460 domestico,
1429 1395 1486 1446 et
1512 1391 1854 1460 pravissimo

200 1475 343 1546 viro,
377 1492 493 1533 una
536 1492 666 1535 cum
711 1483 848 1535 tunc
881 1478 1044 1549 quasi
1066 1479 1249 1536 altero
1294 1479 1554 1550 principe
1585 1480 1855 1536 sacerdo—

201 1569 319 1622 tum
340 1566 565 1636 Caipha
590 1571 648 1623 et
664 1566 825 1623 Anna
849 1585 864 1637 ;
890 1580 1017 1623 nam
1057 1572 1114 1624 et
1145 1567 1376 1624 illorum
1425 1568 1521 1624 isti
1574 1567 1854 1624 habebant

200 1655 586 1726 propositum,
612 1656 782 1725 cujus
806 1670 918 1712 non
944 1670 1063 1712 mos
1082 1656 1310 1728 gradui,
1344 1657 1439 1713 sed
1468 1658 1679 1728 gradus
1704 1656 1845 1712 mori

1971 513 2142 579 atque
2178 524 2345 579 opere
2386 516 2442 565 et
2503 522 2759 566 sermone
2801 508 3098 563 decoratos
3146 510 3202 561 et
3246 504 3613 578 refulgentes.

1971 596 2118 669 Ergo
2149 599 2417 669 quoniam
2465 612 2591 669 quae
2620 597 3088 653 desideraverunt
3122 594 3324 650 audire
3348 598 3404 649 et
3426 595 3619 651 videre

1976 686 2140 741 multi
2170 702 2328 757 reges
2351 692 2407 743 et
2438 687 2745 757 principes,
2774 690 2829 741 et
2854 698 2963 741 non
3001 684 3291 751 viderunt,
3336 696 3436 737 vos
3466 696 3617 739 nunc

1970 775 2180 830 videtis
2219 780 2273 830 et
2297 776 2535 843 auditis,
2564 780 2734 845 atque
2763 779 2892 830 ante
2912 772 3110 828 oculos
3152 776 3369 826 vestros
3395 771 3619 827 habetis

1971 863 2314 933 propositos,
2359 864 2463 919 hos
2489 864 2757 919 videlicet
2791 861 3190 918 sanctissimos
3219 865 3273 914 et
3301 858 3619 929 sapientis-

1969 951 2146 1007 simos
2172 953 2435 1021 vicarios,
2485 953 2581 1023 qui
2611 966 2678 1007 ex
2729 950 2943 1007 ﬁnibus
2986 948 3146 1005 orbis
3187 952 3352 1003 terra:
3375 946 3615 1017 profecti

1967 1044 2120 1105 sunt,
2151 1040 2468 1113 gloriﬁcate
2512 1040 2822 1112 benignum
2868 1044 2923 1094 et
2958 1037 3384 1093 misericordem
3412 1037 3610 1106 Deum,

1966 1130 2064 1200 qui
2082 1143 2346 1199 prospere
2360 1129 2577 1185 direxit
2592 1130 2986 1199 imperatorem
3004 1131 3259 1182 nostrum
3283 1124 3610 1195 piissimum

1964 1218 2032 1273 ad
2070 1218 2397 1288 hujusmodi
2444 1218 2725 1275 bonorum
2776 1215 3187 1285 impletionem.
3222 1215 3290 1269 Et
3322 1227 3483 1268 nemo
3520 1211 3609 1269 illi

1966 1307 2239 1363 molestus
2264 1320 2495 1377 quoquo
2523 1307 2687 1363 modo
2705 1306 2786 1361 sit
2813 1306 2872 1360 in
2898 1303 3311 1360 ecclesiasticis
3340 1301 3610 1375 negotiis,

1963 1395 2161 1450 dicens
2210 1396 2352 1450 male
2407 1408 2472 1450 ac
2544 1394 2971 1449 inconvienter:
3035 1395 3148 1460 Ego
3217 1391 3437 1460 quidem
3488 1406 3609 1444 sum

1962 1483 2142 1547 Pauli,
2175 1500 2268 1551 ego
2296 1488 2477 1538 autem
2519 1482 2725 1554 Cepheo,
2780 1498 2873 1551 ego
2901 1496 3025 1535 vero
3054 1480 3254 1549 Apollo
3304 1476 3352 1548 (1
3376 1478 3494 1533 Cor.
3544 1478 3604 1550 ι),

1961 1575 2017 1626 et
2040 1573 2246 1627 audeat
2263 1573 2519 1628 dividere
2542 1572 2854 1641 Christum‘,
2887 1576 2944 1626 et
2969 1568 3266 1624 dividatur
3294 1581 3324 1622 a
3354 1567 3605 1629 Christo.

1961 1664 2016 1714 et
2040 1660 2267 1716 decidat
2294 1675 2326 1716 a
2355 1674 2528 1733 regno
2547 1661 2694 1730 ejus,
2721 1663 2892 1730 atque
2937 1657 3194 1728 privetur
3227 1661 3434 1711 aeterna
3465 1655 3601 1710 vita.

196 1743 456 1800 creditus
482 1748 590 1812 est,
632 1745 1108 1815 quemadmodum
1135 1744 1352 1801 alicubi
1384 1743 1539 1801 fatur
1567 1745 1665 1800 ille
1690 1745 1789 1815 qui
1816 1758 1848 1800 a
1879 1732 1932 1793 Β
1959 1748 2062 1805 Sed
2090 1749 2276 1805 venite
2300 1732 2495 1806 omnes
2532 1748 2731 1817 simul,
2780 1751 2925 1802 state
2974 1744 3298 1814 nobiscum,
3328 1748 3385 1799 et
3410 1746 3606 1813 utpote

197 1831 485 1903 theologia
518 1833 763 1888 sortitus
793 1838 881 1889 est
905 1847 1140 1890 nomen:
1172 1832 1627 1890 ﬁnxerunteuim
1662 1846 1849 1889 recen-

194 1925 301 1976 tem
347 1925 638 1993 sanctum,
682 1926 740 1978 et
782 1922 1321 1979 reverendissimum
1386 1904 1867 1993 nominaverunt;

193 2009 343 2065 nihil
392 2009 696 2082 scientem,
730 2022 913 2081 neque
942 2015 1248 2080 verentem,
1281 2024 1463 2081 neque
1506 2010 1718 2083 gradus
1745 2011 1847 2066 di-

197 2112 367 2170 gnum
395 2098 628 2169 aliquid
657 2097 1000 2168 aﬁ‘erentem,
1048 2104 1251 2169 praeter
1293 2098 1648 2155 solummodo
1667 2098 1840 2155 velle:

188 2188 286 2244 sed
330 2188 557 2259 pariter
605 2201 734 2245 cum
787 2189 1039 2259 potentia
1072 2188 1307 2260 maligni
1351 2188 1627 2244 desiderii
1672 2188 1844 2243 etiam

187 2278 602 2348 sapientiorem
645 2281 824 2333 semet
865 2275 1132 2334 omnibus
1174 2277 1530 2348 existimans,
1562 2290 1660 2347 per
1683 2275 1849 2332 fene-

187 2370 362 2422 stram
404 2366 654 2422 intravit
698 2366 758 2421 in
797 2365 1017 2423 caulam
1057 2366 1273 2437 ovium,
1318 2371 1375 2422 et
1416 2366 1608 2436 rapuit
1631 2366 1840 2436 aliena,

186 2454 329 2511 male
353 2455 553 2511 sciens
582 2459 639 2509 et
684 2455 920 2525 sentire,
955 2467 988 2510 a
1011 2455 1309 2525 tyrannica
1334 2459 1517 2510 mente
1538 2453 1840 2527 sublatus;

186 2549 489 2616 propterea
514 2544 737 2599 dictum
767 2548 854 2600 est
883 2543 934 2599 ei
964 2542 1108 2599 illud
1147 2543 1323 2600 David
1353 2544 1558 2599 sacrati
1591 2543 1845 2613 psalmo-

184 2633 388 2705 graphi
442 2631 672 2688 melos:
740 2633 875 2687 Ecce
919 2633 1091 2695 homo,
1137 2634 1234 2703 qui
1273 2648 1382 2687 non
1425 2633 1612 2703 posuit
1676 2634 1844 2685 Deum

182 2723 497 2791 adjutorem
525 2737 711 2784 suum,
742 2722 839 2776 sed
878 2724 1117 2791 speravit
1147 2724 1204 2776 in
1227 2722 1580 2777 multitudine
1609 2721 1845 2775 divitia—

182 2828 301 2866 rum
343 2826 603 2873 suarum,
637 2815 689 2866 et
727 2810 1019 2881 praevaluit
1043 2814 1100 2865 in
1129 2813 1373 2866 vanitate
1397 2827 1517 2865 sua.
1544 2808 1707 2881 (Psal.
1742 2807 1839 2881 LI.)

182 2899 249 2955 Et
278 2899 409 2957 ideo
438 2899 885 2956 destruxiteum
905 2900 1055 2955 Deus
1079 2900 1139 2955 in
1165 2899 1461 2971 saeculum,
1494 2906 1550 2954 et
1578 2900 1635 2954 in
1669 2911 1840 2953 saecu-

182 2988 297 3044 lum
327 2987 558 3045 seculi.
613 2987 942 3044 Misericors
969 2989 1123 3044 enim
1163 2991 1219 3043 et
1257 2986 1619 3057 omnipotens
1667 2988 1834 3056 Deus,

1960 1837 2136 1893 unius
2151 1838 2459 1894 existentes
2477 1836 2724 1908 pastoris
2739 1840 2796 1891 et
2820 1835 2997 1891 unius
3014 1833 3205 1901 ovilis,
3227 1846 3405 1889 unum
3426 1832 3603 1887 Deum

1956 1930 2013 1981 et
2035 1926 2207 1982 trium
2235 1939 2603 1995 personarum
2628 1924 2931 1983 Dominum
2958 1922 3350 1977 collaudemus
3374 1932 3609 1975 concor-

1955 2014 2108 2070 diter
2146 2016 2203 2069 et
2248 2013 2696 2086 magniﬁcemus,
2745 2011 2879 2081 quia
2924 2024 3053 2066 eum
3097 2009 3258 2064 decet
3303 2007 3488 2080 gloria
3541 2007 3600 2061 in

1955 2102 2161 2159 saecula
2185 2101 2542 2159 saeculorum.
2571 2100 2767 2156 Amen.

2022 2191 2306 2247 Continuo
2330 2202 2461 2246 vero
2489 2194 2614 2260 post
2645 2189 2763 2244 haec
2791 2187 2937 2244 idem
2969 2185 3291 2256 Stephanus
3315 2184 3597 2240 diaconus

1953 2283 2010 2337 et
2040 2279 2299 2335 notarius
2329 2277 2465 2334 fecit
2486 2276 3024 2334 anathematismum
3054 2273 3265 2340 Photii,
3304 2277 3362 2328 et
3385 2283 3603 2342 sequa—

1952 2368 2128 2435 cium,
2177 2373 2234 2421 et
2285 2369 2714 2437 cooperatorum
2754 2364 2899 2433 ejus,
2958 2362 3037 2417 ita
3080 2375 3139 2417 se
3176 2358 3526 2416 habentemb
3582 2377 3596 2412 :

1953 2456 2154 2512 Photio
2171 2455 2380 2511 curiali
2406 2459 2463 2510 et
2482 2453 2729 2509 invasori
2748 2452 3048 2508 anathema
3074 2450 3085 2504 ι
3110 2449 3311 2505 Photio
3329 2448 3593 2505 saeculari

1951 2549 2007 2600 et
2050 2542 2260 2599 forensi
2306 2541 2647 2597 anathema!
2694 2541 2897 2596 Photio
2939 2539 3221 2609 neophyto
3258 2541 3314 2592 et
3357 2541 3597 2606 tyranno

1951 2631 2290 2689 anathema!
2339 2630 2539 2686 Photio
2586 2628 2957 2685 schismatlco
3009 2631 3066 2682 et
3115 2626 3384 2681 damnato
3451 2637 3598 2680 ana—

1950 2720 2177 2775 thema!
2233 2719 2436 2775 Photio
2482 2717 2697 2775 mmcho
2755 2721 2811 2772 et
2879 2715 3181 2787 parricidae
3248 2713 3591 2769 anathema!

1949 2808 2299 2864 Fabricatori
2338 2806 2760 2863 mendaciorum
2787 2805 3085 2860 anathema
3112 2802 3123 2857 l
3156 2801 3437 2858 Inventori
3468 2813 3593 2869 per-

1948 2910 2237 2953 versorum
2255 2896 2581 2967 dogmatum
2601 2891 2931 2949 anathema!
2959 2892 3161 2947 Photio
3190 2903 3332 2946 novo
3350 2888 3496 2943 Maxi
3511 2902 3595 2943 .no

1945 2984 2156 3055 Cynico
2198 2982 2528 3039 anathema!
2564 2984 2715 3038 Novo
2743 2981 3014 3036 Dioscoro
3055 2976 3394 3034 anathema!
3439 2977 3593 3031 Novo

179 3083 369 3133 erecto
419 3077 545 3132 alio
595 3076 877 3146 principe,
926 3076 1025 3132 Dei
1075 3076 1315 3147 cultore,
1361 3080 1511 3131 recte
1560 3076 1836 3145 sapiente,
1867 3092 1917 3156 ο
1946 3073 2101 3128 Iudae
2125 3070 2456 3128 anathema!
2489 3070 2770 3128 Omnibus
2791 3066 3167 3139 sequentibus
3187 3070 3243 3121 et
3266 3062 3592 3120 fautoribus

178 3172 330 3222 recte
372 3166 622 3233 sciente,
648 3165 941 3235 justitiam
988 3165 1368 3232 desiderante,
1399 3165 1596 3221 divina
1642 3166 1841 3235 exqui-

179 3261 337 3310 rente
361 3261 423 3311 et
457 3255 775 3311 meditante
797 3255 856 3310 in
884 3255 1003 3326 lege
1029 3254 1126 3311 Dei
1155 3255 1246 3310 sui
1278 3255 1375 3310 die
1406 3267 1472 3310 ac
1503 3258 1684 3322 nocte,
1707 3266 1836 3308 eum

177 3344 441 3415 quidem,
476 3343 582 3414 qui
629 3343 897 3399 recedens
939 3347 1081 3412 erat,
1117 3348 1311 3413 utpote
1335 3342 1512 3399 alium
1537 3341 1835 3413 quemdam

178 3446 379 3489 recens
393 3432 712 3489 formatum
733 3432 1046 3488 secundum
1064 3429 1289 3488 fabulas
1313 3442 1343 3473 ι
1373 3432 1680 3504 gigantem,
1702 3430 1840 3485 Pho-

181 3522 329 3577 tium
362 3521 663 3591 videlicet,
714 3520 1204 3577 inconsideratum
1249 3520 1718 3576 etinordinatum
1742 3518 1838 3574 vi-

178 3624 306 3667 rum
374 3610 482 3682 qui
526 3623 562 3667 a
633 3614 824 3666 sancta
895 3609 1274 3666 Romanorum
1317 3607 1567 3664 Ecclesia
1610 3605 1840 3663 tabella-

179 3699 307 3756 rius
346 3704 745 3770 nuncupatur,
794 3712 894 3769 per
933 3698 1198 3768 pietatem
1227 3697 1542 3768 justissimi
1586 3697 1839 3767 impera—-

182 3790 328 3846 toris
350 3788 607 3859 expulit,
625 3793 726 3843 eta
755 3787 1066 3858 pontiﬁcali
1099 3787 1230 3843 sede
1253 3787 1512 3847 removit.
1546 3785 1840 3842 humilita-

184 3885 291 3934 tem
326 3884 611 3946 nostram,
646 3876 824 3932 multa
858 3882 914 3932 et
939 3876 1098 3932 diras
1123 3874 1530 3932 tribulationes
1558 3880 1615 3930 et
1644 3887 1732 3943 pm
1774 3887 1839 3931 as

185 3972 239 4021 et
306 3965 523 4022 exsilia
592 3978 944 4035 perpessam,
1013 3964 1351 4034 assumpsit,
1416 3963 1703 4019 revocavit
1762 3961 1833 4018 ad

191 4056 491 4126 preprium
541 4055 813 4110 thronum
863 4058 920 4109 et
965 4052 1196 4124 utrique
1241 4065 1367 4122 qua:
1391 4052 1566 4123 digna
1605 4050 1839 4107 fuerunt

190 4143 517 4200 distribuit.
548 4143 676 4198 Haec
715 4154 848 4198 vero
888 4139 1027 4197 facit
1068 4140 1536 4210 sapientissimus
1582 4143 1640 4196 et
1665 4153 1697 4195 a
1726 4141 1839 4195 Deo

192 4232 453 4289 munitus
498 4232 808 4301 imperator
854 4235 1066 4299 noster,
1109 4228 1475 4286 deﬁnitiones
1511 4233 1567 4285 et
1615 4228 1842 4301 regulas

194 4333 434 4390 sequens
485 4320 808 4377 beatissimi
860 4333 1016 4389 papa:
1069 4319 1291 4374 Nicolai
1337 4317 1586 4373 senioris
1630 4320 1837 4386 Romae,

1946 3162 2071 3233 ejus
2108 3161 2314 3217 anathe
2340 3160 2439 3216 na!
2481 3158 2758 3231 Gregorio
2796 3156 3015 3214 dudum
3053 3156 3322 3225 episcOpo
3360 3154 3595 3224 Syracu-

1947 3263 2085 3306 sano
2120 3248 2453 3305 anathema!
2494 3247 2798 3318 Eulampio
2834 3246 3099 3316 deposito
3123 3249 3179 3298 et
3215 3242 3591 3299 schismatico

1946 3338 2244 3393 anathema
2265 3337 2277 3391 l

2015 3426 2086 3480 Et
2111 3428 2237 3494 post
2283 3423 2400 3478 haec
2446 3423 2657 3491 omnia,
2708 3422 2908 3477 laudes
2952 3419 3105 3475 dixit
3128 3416 3448 3487 Stephanus
3471 3416 3594 3471 dia-

1946 3527 2125 3571 conus
2170 3515 2379 3567 sanctae
2422 3507 2993 3577 ConstantinOpoleos
3038 3505 3305 3561 Ecclesia:
3354 3508 3410 3558 et
3436 3507 3592 3558 nota-

1948 3605 2093 3675 rius,
2141 3614 2368 3674 egresso
2414 3599 2658 3656 Photio:
2712 3597 2922 3653 Multos
2967 3607 3147 3651 annos
3176 3594 3588 3662 imperatorum

1947 3690 2147 3748 Basilii
2173 3694 2229 3745 et
2264 3687 2625 3745 Constantini
2653 3699 2719 3742 ac
2747 3684 2950 3741 Leonis
2977 3683 2990 3737 !
3019 3683 3349 3755 Magnorum
3378 3679 3591 3751 princi-

1949 3795 2081 3854 pum
2107 3785 2164 3836 et
2189 3779 2595 3850 imperatorum
2625 3775 2835 3832 multos
2859 3786 3042 3830 annos
3071 3772 3084 3827 !
3125 3770 3589 3827 Orthodoxorum

1946 3872 2352 3941 imperatorum
2383 3866 2592 3924 multos
2614 3878 2795 3921 annos
2819 3864 2831 3918 l
2863 3865 3189 3918 Erectorum
3215 3857 3590 3925 ecclesiarum

1948 3960 2160 4017 multos
2182 3956 2403 4014 annos!
2448 3955 2839 4011 Liberatorum
2880 3950 3348 4007 Christianorum
3378 3946 3590 4002 multos

1946 4046 2158 4104 annos!
2196 4045 2343 4115 Quia
2368 4046 2722 4113 stupratores
2746 4038 2993 4111 perfodit
3021 4038 3153 4110 quia
3180 4035 3436 4091 seniores
3462 4033 3595 4089 libi-

1947 4136 2183 4192 dinosos
2197 4138 2255 4189 et
2281 4132 2616 4187 mentientes
2640 4127 2873 4197 occidit,
2895 4126 3032 4197 quia
3057 4124 3328 4196 synodice
3354 4122 3594 4192 patriar-

1949 4224 2086 4280 chas
2111 4221 2287 4279 falsos
2301 4220 2532 4291 abjecit,
2566 4231 2709 4274 novo
2733 4215 3111 4273 Constantino
3138 4213 3350 4268 multos
3373 4210 3586 4267 annos!

1948 4315 2101 4369 Novo
2124 4309 2443 4367 Theodosio
2482 4306 2694 4363 multos
2742 4303 2963 4361 annos!
3017 4302 3287 4359 Eudoxiae
3314 4300 3592 4371 piissime:

196 4387 330 4481 quas
363 4410 467 4466 ille
496 4409 770 4481 synodice
806 4387 1210 4479 promulgavit,
1237 4410 1295 4462 et
1322 4420 1418 4476 per
1444 4406 1705 4477 proprias
1724 4407 1841 4477 epi-
1866 4400 1919 4460 D
1950 4401 2170 4473 August
2187 4416 2216 4455 c
2245 4398 2454 4455 multos
2478 4393 2692 4453 annos!
2723 4396 2888 4449 Novae
2911 4391 3112 4448 .ludith
3130 4391 3348 4481 multos
3373 4387 3587 4481 annos!

197 4500 368 4555 stolas
402 4497 969 4568 Constantinopolim
1012 4496 1340 4551 destinavit.
1373 4495 1653 4565 Quoniam
1685 4509 1835 4566 vero,

197 4586 508 4644 universali
538 4586 665 4658 paci
688 4586 1015 4653 consulens,
1045 4584 1347 4655 piissimus
1370 4588 1428 4639 et
1448 4584 1844 4655 prudentissi-

199 4690 319 4732 mus
341 4676 656 4746 imperator
678 4678 868 4731 noster
881 4674 1112 4730 multam
1136 4673 1337 4729 habuit
1356 4687 1548 4729 curam
1562 4673 1842 4730 etsollici-

200 4765 449 4821 tudinem
482 4762 797 4836 colligendi
832 4761 1231 4819 sanctissimos
1260 4761 1507 4817 vicarios
1532 4767 1588 4817 et
1615 4762 1842 4817 cunctis

199 4853 325 4910 allis
346 4852 841 4925 patriarchalibus
873 4851 1130 4921 sedibus,
1174 4854 1231 4905 et
1254 4851 1531 4921 synodum
1557 4850 1844 4907 universa-

200 4942 299 4999 lem
336 4942 693 5010 celebrandi,
737 4941 807 4997 ad
858 4939 1270 4996 exhibitionem
1314 4945 1370 4994 et
1394 4937 1841 4995 satisfactionem

205 5032 517 5103 perfectam,
562 5030 803 5087 veritate
846 5028 964 5085 sibi
1015 5032 1373 5098 coeperante,
1416 5028 1843 5098 Omnipotentis

207 5122 576 5191 providentia,
602 5121 661 5176 in
688 5119 854 5174 ﬁnem
890 5131 1222 5189 prosperum
1259 5117 1503 5173 adduxit
1530 5116 1840 5173 consilium

205 5227 392 5269 suum:
428 5216 488 5267 et
534 5223 691 5265 nunc
733 5207 946 5263 videtis
989 5207 1093 5262 hos
1123 5212 1424 5277 praesentes
1466 5210 1674 5261 sanctae
1706 5206 1844 5262 huic

263 5383 289 5413 ³
320 5372 487 5429 Sicut
516 5369 676 5427 enim
708 5366 920 5423 fabulae
951 5365 1257 5439 gentilium
1303 5363 1495 5439 ferunt
1520 5365 1717 5421 dentes
1740 5366 1844 5421 dra

211 5445 346 5501 conis
365 5444 567 5500 subito
592 5454 848 5511 sparsos,
877 5445 933 5494 et
963 5438 1220 5511 gigantes
1247 5438 1522 5511 continuo
1551 5442 1733 5511 natos,
1767 5438 1844 5493 ita

216 5509 714 5584 reprehenduntur.
754 5512 876 5582 qui,
898 5509 1079 5584 nullis
1111 5509 1409 5584 laboribus
1436 5509 1846 5584 praevenienti-

215 5580 554 5661 bus,repente
596 5580 801 5641 locum
824 5590 883 5637 et
919 5582 1164 5652 gradum
1197 5580 1528 5636 sanctitatis
1563 5586 1846 5636 conantur

1948 4492 2113 4546 Nova:
2138 4489 2356 4544 Helenae
2375 4486 2585 4542 multos
2608 4482 2820 4539 annos!
2849 4483 3014 4537 Nova:
3038 4479 3355 4536 Pulcheriaa
3384 4476 3593 4532 multos

1947 4578 2168 4635 annos!
2239 4576 2460 4633 Nicolai
2510 4572 2830 4630 beatissimi
2882 4583 3038 4641 papae
3094 4568 3333 4625 Romani
3382 4571 3592 4622 aeterna

1951 4667 2222 4723 memoria
2252 4666 2265 4721 ι
2300 4665 2442 4722 Novi
2471 4664 2710 4719 Phinees
2733 4666 2939 4717 aeterna
2966 4658 3236 4714 memoria
3266 4656 3278 4710 l
3322 4655 3463 4712 Novi
3494 4656 3596 4709 Da-

1952 4756 2125 4812 uielis
2160 4760 2367 4811 aeterna
2420 4750 2722 4808 memoria!
2773 4748 2913 4804 Novi
2965 4746 3199 4802 Martini
3248 4750 3458 4800 aeterna
3490 4755 3597 4797 me-

1953 4844 2165 4902 moria!
2215 4843 2455 4901 Adriani
2505 4838 2858 4897 sanctissimi
2912 4851 3066 4908 papae
3093 4835 3329 4891 Romani
3383 4831 3596 4889 multos

1951 4935 2162 4992 annos!
2224 4930 2651 5002 lnteremptoris
2686 4928 2815 4985 novi
2859 4927 3114 4983 Simonis
3144 4924 3352 4980 multos
3377 4920 3592 4978 annos!

1951 5023 2333 5080 Percutientis
2370 5033 2575 5076 novum
2617 5017 2938 5073 mendacem
2960 5014 3239 5069 Ananiam
3270 5012 3480 5067 multos
3503 5023 3599 5065 an-

1953 5126 2056 5167 nos
2084 5110 2097 5166 !
2127 5110 2265 5167 Novi
2290 5106 2582 5165 Cuelestini
2616 5104 2824 5161 multos
2848 5116 3028 5157 annos
3058 5101 3071 5155 !
3117 5100 3326 5173 Ignatii
3357 5097 3597 5153 sanctis-

1954 5201 2087 5257 simi
2116 5197 2453 5271 patriarchae
2493 5190 3070 5262 Constantinopoleos
3121 5190 3332 5245 multos
3378 5183 3596 5242 annos!

1953 5372 2557 5499 aﬁt?liiigcil'eexemplum,
2587 5421 2937 5499 quo_fa_ct_u_m
2965 5418 3150 5475 fuerat
3173 5420 3303 5499 ante
3328 5380 3598 5499 synodice

1958 5506 2018 5562 in
2042 5502 2296 5562 Ecclesia
2342 5487 2736 5555 R'omana'sub
2760 5493 3013 5548 Adriano
3037 5487 3404 5545 sanctissimo
3430 5493 3590 5553 papa.
