4024 6170
398 252 500 308 419

1615 265 1972 323 ANASTASII
2023 266 2562 324 BIBLIOTHECARII

3701 262 3802 320 420

391 379 528 433 Novi
601 378 901 436 Athanasii
955 383 1164 440 multos
1227 388 1436 442 annos!
1500 389 1638 444 Novi
1697 389 2041 447 confessoris
2071 391 2354 452 AVersus
2425 390 2644 444 iambici
2719 391 2871 461 apud
2957 390 3164 445 Graecos
3231 404 3334 459 pro
3415 387 3801 442 acclamatione

390 465 552 520 Pauli
582 465 794 523 multos
837 470 1050 525 annos!
1103 471 1241 526 Novi
1290 471 1544 530 Flaviani
1596 476 1807 532 multos
1829 478 2036 533 annos!

389 554 531 610 Novi
579 555 831 612 Anatolii
885 557 1095 614 multos
1161 561 1382 616 annos!
1435 561 1935 621 Sanctissimorum
1989 573 2046 621 et

392 641 842 701 orthodoxorum
895 646 1348 715 patriarcharum
1375 650 1632 706 Orientis
1681 657 1890 708 aeterna
1937 667 2048 708 me-

395 731 614 786 morial
667 731 870 788 Donati
919 739 975 788 et
1020 734 1289 804 Stephani
1341 742 1397 791 et
1425 739 2049 797 Marinisanctissimo-

396 834 522 876 rum
597 819 943 877 vicariorum
1016 823 1263 878 senioris
1334 826 1521 879 Romae
1588 827 1798 882 multos
1831 825 2040 883 annos!

395 908 622 964 Thoma:
656 910 1008 965 sanctissimi
1040 913 1414 980 metropolita-
1453 914 1582 984 Tyri
1627 919 1683 969 et
1708 916 1912 971 vicarii
1941 917 2049 972 An-

394 997 626 1052 tiochiae
652 998 863 1053 multos
886 1000 1096 1054 annos!
1140 1000 1313 1055 Heliae
1351 1003 1701 1058 sanctissimi
1731 1005 1964 1074 syncelli
1993 1010 2048 1062 et

392 1085 596 1140 vicarii
653 1086 1170 1156 Hierosolymorum
1221 1089 1431 1144 multos
1477 1091 1692 1146 annos!
1745 1094 1904 1147 Sacri
1957 1094 2048 1148 Se-

396 1180 564 1230 natus
605 1174 816 1230 multos
854 1176 1065 1231 annos!
1109 1176 1326 1232 Sancta:
1364 1192 1429 1232 ac
1468 1178 1814 1235 universalis
1841 1182 2041 1250 synodi

396 1269 602 1318 aeterna
622 1264 893 1318 memoria
917 1263 928 1316 l
955 1264 1164 1320 Multos
1182 1279 1361 1322 annos
1381 1267 1809 1338 imperatorum,
1833 1270 2045 1325 multos

394 1352 617 1409 annos!

2875 479 3108 533 concilii.

2224 583 2463 642 Photius
2490 584 2590 656 qui
2619 583 2838 656 pridem
2868 582 3317 654 insuperabitem
3369 586 3586 653 petram

2224 672 2547 730 Fraudibus
2578 673 2846 742 malignis
2871 671 3237 729 conturbavit
3269 671 3634 740 insipienter.

2229 761 2472 817 Pellitur
2497 774 2646 817 nunc
2676 767 2738 816 ut
2767 760 3130 818 atrocissima
3163 759 3282 814 fera

2227 851 2272 905 A
2298 850 2548 905 thalamo
2572 855 2750 919 casto,
2773 856 2830 904 et
2853 847 3282 906 venerabilibus
3307 847 3559 917 templis,

2226 940 2444 994 Satanae
2469 939 2734 1009 pessimo,
2765 938 3222 1008 miserrimisque
3247 936 3499 992 tenebris

2226 1027 2370 1082 Bene
2391 1027 2738 1096 prmmissus,
2765 1033 2821 1082 et
2848 1040 3049 1096 passus
3071 1027 3243 1097 digne

2225 1115 2270 1169 A
2291 1115 2591 1184 judicibus
2623 1121 2770 1170 recte
2795 1114 3183 1170 sentientibus
3221 1120 3393 1184 atque
3418 1112 3658 1181 sanctis,

2225 1203 2565 1258 Beatissimo
2585 1203 2854 1258 videlicet
2879 1202 3134 1272 Nicolao,

2226 1290 2593 1362 Adrianoque
2618 1291 2820 1346 divino
2848 1304 2988 1361 papa
3014 1291 3287 1345 Romano.

2221 1380 2290 1434 Et
2320 1380 2538 1449 lgnatio
2567 1379 2908 1449 martyrium
2939 1392 3123 1448 passo,

2221 1467 2290 1522 Et
2311 1467 2498 1523 tribus
2526 1467 2770 1538 reliquis
2795 1467 3030 1528 sedibus
3057 1467 3301 1523 orientis

2221 1555 2569 1612 Ortbodoxis
2594 1562 2649 1612 et
2677 1555 3038 1628 sapientibus
3062 1556 3240 1611 valde.

1767 1834 2018 1906 ACTIO
2101 1833 2434 1906 OCTAVA
2452 1882 2471 1902 .

1139 1938 1153 1963 1

471 2102 533 2156 In
575 2100 804 2156 nomine
843 2100 1072 2156 Domini
1113 2105 1168 2156 et
1199 2101 1588 2157 Dominatoris
1621 2102 1877 2157 omnium
1907 2101 2036 2155 Jesu
2075 2102 2127 2162 B
2163 2101 2520 2170 metrOpolita
2550 2103 2810 2175 Amasim,
2839 2104 3034 2159 Niceta
3062 2105 3176 2160 Deo
3216 2104 3570 2160 amicissimo
3607 2109 3809 2160 metro-

401 2189 617 2246 Christi
658 2189 775 2244 veri
806 2190 905 2244 Dei
937 2195 993 2244 et
1029 2191 1339 2245 Salvatoris
1371 2191 1574 2259 nostri,
1603 2191 1830 2260 imperii
1871 2204 1901 2244 a
1931 2191 2043 2244 Deo

408 2282 807 2335 coronatorum
831 2283 885 2332 et
916 2279 1532 2348 tranquillissimorum
1565 2279 1928 2334 dominorum
1953 2291 2048 2333 no-

406 2371 679 2435 strorum,
731 2366 930 2420 Basilii
985 2367 1214 2436 quidem
1255 2381 1404 2422 anno
1448 2367 1638 2435 tertio,
1684 2365 2046 2422 Constantini

408 2470 539 2511 vero
562 2455 670 2510 ﬁlii
693 2455 817 2523 ejus
835 2469 982 2510 anno
1017 2455 1286 2523 secundo,
1318 2461 1720 2524 perpetuorum
1752 2455 2050 2525 Augusto-

411 2557 558 2613 rum,
595 2543 911 2598 indictione
933 2542 1120 2597 tertia.
1144 2544 1323 2598 Nonis
1355 2543 1799 2598 Novembribus:
1839 2555 2052 2612 propo—

407 2632 542 2688 sitis
563 2631 830 2701 pretiosis
846 2636 900 2686 et
921 2631 1165 2686 viviﬁcis
1188 2631 1381 2703 lignis,
1402 2632 1823 2686 etintemeratis
1844 2630 2053 2684 salutis

411 2725 618 2777 nostra:
639 2719 963 2791 Evangeliis
982 2737 996 2789 ;
1018 2720 1356 2789 prazsidente
1368 2725 1555 2775 autem
1574 2720 1766 2775 eodem
1787 2719 2050 2789 piissimo

411 2809 673 2866 ctamico
696 2809 911 2864 Christi
946 2809 1157 2863 Basilio
1195 2809 1252 2862 in
1287 2809 1517 2864 dextera
1543 2815 1698 2878 parte
1722 2808 1909 2879 magni
1944 2821 2055 2863 no—

416 2899 591 2955 minis
629 2898 824 2968 templi
860 2913 1071 2969 magnaz
1092 2899 1364 2969 ecclesiae,
1407 2905 1463 2953 et
1500 2903 1693 2953 sancta
1738 2902 1793 2953 et
1816 2897 2056 2953 univcr—

415 2989 524 3045 sali
565 2988 800 3059 synodo,
845 2988 900 3043 id
941 2993 1045 3057 est,
1096 2989 1314 3043 Donato
1352 2989 1464 3043 Deo
1502 2987 1736 3043 amabili
1787 2986 2054 3057 episcopo

415 3077 689 3146 Ostiensi,
721 3081 777 3132 et
809 3076 1091 3145 Stephano
1134 3077 1246 3131 Deo
1288 3076 1522 3131 amabili
1568 3077 1834 3146 episcopo
1869 3077 2056 3144 Nepe—

416 3166 564 3236 sino,
604 3158 775 3234 atque
806 3165 1024 3219 Marino
1061 3164 1534 3220 reverendissimo
1577 3165 1818 3219 diacono
1849 3167 2056 3218 sancta:

419 3255 684 3308 Romanae
704 3252 991 3323 Ecclesia),
1010 3253 1196 3307 locum
1221 3253 1547 3308 tenentibus
1562 3252 1802 3308 Adriani
1822 3251 2060 3308 sanctis-

420 3343 553 3399 simi
575 3356 730 3412 papze
751 3341 1009 3411 Romani,
1034 3347 1089 3395 et
1105 3341 1325 3412 Ignatio
1347 3341 1709 3396 sanctissimo
1733 3339 2056 3410 patriarcha

2160 2188 2337 2257 polita
2366 2189 2740 2262 Athenarum,
2762 2192 3058 2248 Theodoro
3088 2193 3201 2248 Deo
3226 2192 3585 2248 amicissimo
3609 2197 3808 2247 metro-

2125 2280 2134 2289 ‘
2160 2277 2335 2347 polita
2357 2278 2554 2346 Cariae,
2581 2280 2944 2349 Metrophane
2973 2281 3087 2336 Deo
3127 2281 3487 2336 amicissimo
3515 2285 3808 2350 metropo—

2161 2365 2262 2421 lita
2284 2367 2808 2437 Smyrnadensium,
2835 2368 3047 2424 Basilio
3068 2370 3180 2424 Deo
3210 2368 3566 2424 amicissimo
3589 2373 3809 2423 metro—

2163 2453 2339 2523 polita
2391 2454 2732 2524 Antiochiae,
2789 2457 3210 2527 The0phylacto
3269 2458 3384 2512 Deo
3447 2456 3807 2512 amicissimo

2163 2543 2524 2612 metropolita
2548 2545 2744 2612 lconii,
2778 2546 3074 2601 Theodoro
3103 2547 3216 2602 Deo
3246 2545 3602 2601 amicissimo
3622 2545 3813 2600 archi-

2161 2631 2426 2701 episcopo
2443 2633 3056 2701 Thessalonicensium,
3080 2633 3302 2705 Ignatio
3315 2635 3427 2689 Deo
3443 2632 3806 2689 amicissimo

2164 2719 2524 2788 metropolita
2561 2721 2945 2791 Hierapoleos,
2978 2722 3272 2778 llilarione
3301 2723 3412 2777 Deo
3450 2721 3808 2777 amicissimo

2165 2807 2524 2876 metr0polita
2581 2809 2866 2880 Corinthi,
2932 2809 3240 2879 Euthymio
3298 2810 3411 2865 Deo
3453 2808 3811 2864 amicissimo

2164 2896 2594 2966 archiepiscopo
2619 2897 2860 2963 Canatze,
2889 2899 3164 2969 Gregorio
3185 2898 3299 2954 Deo
3319 2897 3672 2954 amicissimo
3701 2910 3816 2951 me-

2166 2983 2655 3055 tropolitalperii,
2708 2985 2910 3041 Photio
2957 2988 3069 3041 Deo
3109 2986 3465 3042 amicissimo
3512 2984 3817 3054 archiepi—

2165 3085 2334 3141 scopo
2362 3072 2626 3144 Nacoliaz,
2649 3073 2931 3142 Stephano
2959 3075 3072 3130 Deo
3119 3074 3472 3130 amicissimo
3514 3073 3817 3143 archiepi-

2167 3173 2336 3228 scopo
2378 3159 2792 3230 Cypsallorum,
2857 3161 3071 3218 Basilio
3126 3164 3239 3218 Deo
3295 3161 3647 3218 amicissimo
3707 3175 3814 3216 ar—

2166 3247 2531 3318 chiepiscopo
2581 3249 2848 3320 Misthiaa,
2906 3251 3244 3320 Theophane
3293 3251 3406 3306 Deo
3455 3250 3815 3306 amicissimo

2168 3337 2599 3407 archiepiscopo
2628 3338 2823 3410 Selgze,
2866 3339 3042 3394 Paulo
3080 3341 3193 3395 Deo
3224 3339 3577 3395 amicissimo
3611 3339 3822 3393 archi-

417 3429 1008 3499 Constantinopoleos,
1041 3433 1096 3483 et
1123 3429 1334 3484 Thoma
1366 3429 1732 3484 sanctissimo
1768 3433 2061 3497 metropo—
2089 3431 2137 3492 C
2169 3425 2436 3494 episcopo
2465 3426 2735 3497 Apamia,
2766 3429 2978 3482 Joanne
3004 3429 3115 3483 Deo
3145 3428 3501 3483 amicissimo
3533 3426 3826 3496 archiepi-

421 3519 525 3574 lita
554 3518 707 3588 Tyri,
745 3517 927 3572 locum
960 3521 1184 3572 tenente
1220 3515 1411 3571 throni
1443 3517 1782 3586 Antiochia,
1816 3521 1871 3570 et
1902 3515 2061 3569 Helia

417 3609 533 3662 Deo
580 3606 936 3661 amicissimo
984 3604 1310 3674 presbytero
1347 3609 1403 3659 et
1441 3604 1712 3674 syncello,
1754 3603 1939 3658 locum
1971 3608 2063 3656 te—

422 3701 589 3751 nente
644 3695 838 3750 throni
881 3691 1437 3760 Hierosolymorum:
1505 3696 1777 3760 praesente
1835 3703 2062 3760 quoque

423 3784 837 3840 simuletsacro
859 3784 1078 3842 senatu,
1096 3780 1201 3833 hoc
1213 3779 1606 3834 estTheodoro
1627 3778 2065 3848 magniﬁcentis-

424 3873 572 3929 simo
598 3869 841 3940 patricio
861 3874 917 3923 et
940 3867 1231 3937 magistro,
1255 3866 1666 3936 Christophoro
1691 3866 2065 3937 magniﬁcen-

426 3959 653 4016 tissimo
671 3957 915 4026 patricio
927 3961 982 4011 et
1002 3955 1293 4027 magistro,
1307 3956 1486 4011 Leone
1502 3954 2064 4026 magniﬁcentissimo

426 4046 765 4121 proconsule
795 4059 860 4101 ac
903 4044 1168 4115 patricio,
1200 4044 1458 4099 Hemerio
1500 4043 2065 4115 magniﬁcentissimo

428 4134 769 4211 proconsule
798 4148 862 4190 ac
885 4133 1149 4204 patricio,
1180 4133 1465 4202 Stephano
1497 4132 2065 4204 magniﬁcentissimo

425 4225 672 4301 patricio
740 4239 804 4280 ac
878 4222 1194 4292 sacellario,
1270 4224 1448 4278 Leone
1501 4221 2066 4293 magniﬁcentissimo

430 4314 768 4389 proconsule
815 4320 872 4369 et
925 4312 1187 4382 patricio.
1234 4311 1454 4366 Marino
1499 4310 2065 4381 magniﬁcentissimo

429 4403 768 4478 proconsule
792 4409 849 4459 et
875 4401 1139 4472 patricio,
1161 4399 1478 4469 Theophilo
1497 4399 2066 4469 magniﬁcentissimo

428 4493 768 4567 proconsule
815 4497 869 4547 et
913 4490 1177 4561 patricio,
1216 4488 1449 4544 Tarasio
1499 4487 2066 4560 magniﬁcentissimo

430 4582 769 4655 proconsule
797 4585 852 4637 et
875 4579 1138 4650 patricio,
1161 4576 1337 4632 Paulo
1377 4576 1946 4649 magniﬁcentissimo
1977 4590 2068 4646 pa-

427 4673 600 4730 tricio
621 4678 677 4727 et
695 4670 959 4740 eparcho,
985 4667 1248 4723 Barbatio
1281 4665 1848 4738 magniﬁcentissimo
1881 4667 2068 4736 patri—

425 4762 536 4831 cio,
581 4762 760 4815 Leone
787 4754 1352 4828 magniﬁcentissimo
1385 4754 1628 4823 patricio
1665 4758 1724 4809 et
1753 4755 2066 4810 domestico

426 4849 844 4916 excubitorum,
923 4844 1179 4901 Manuele
1238 4843 1806 4911 magniﬁcentissimo
1879 4844 2067 4913 patri—

426 4939 560 5008 cio,
648 4934 1054 5005 Theophilacto
1126 4932 1696 5004 magniﬁcentissimo
1769 4932 2059 5002 patricio,

428 5029 723 5082 Petronate
809 5021 1379 5094 magniﬁcentissimo
1450 5021 1730 5090 patricio,
1807 5021 2065 5076 Manuele

427 5111 994 5186 magniﬁcentissimo
1035 5110 1321 5179 patricio:
1375 5109 1471 5164 sed
1529 5114 1586 5163 et
1628 5109 2065 5164 considentibus

425 5209 536 5260 Deo
565 5201 1001 5258 amabilissimis
1034 5199 1415 5269 metropolitis
1443 5217 1458 5268 ς
1485 5199 1578 5253 aio
1609 5203 1818 5266 autem,
1851 5199 2066 5254 Basilio

421 5297 534 5349 Deo
554 5289 970 5348 amabilissimo
994 5289 1350 5356 metropolita
1373 5286 1602 5356 Ephesi,
1632 5285 1923 5341 Theodulo
1951 5289 2065 5343 Deo

422 5381 776 5438 amicissimo
799 5377 1158 5446 metropolita
1192 5376 1447 5445 Ancyrae,
1476 5374 1730 5429 Barnaba
1759 5375 1872 5430 Deo
1910 5377 2066 5431 ami—

418 5471 653 5528 cissimo
677 5466 1038 5536 metropolita
1061 5463 1270 5535 Cyzici,
1303 5463 1622 5532 Nicephoro
1646 5464 1759 5518 Deo
1783 5465 2065 5520 amicissi-

416 5575 504 5617 mo
551 5557 912 5628 metrOpolita
955 5541 1526 5625 Nicasm,Nicephoro
1568 5553 1682 5608 Deo
1707 5553 2063 5611 amicissimo

2175 3526 2344 3583 sc0po
2366 3514 2534 3582 Potii,
2555 3514 2869 3571 Athanasio
2889 3517 3001 3572 Deo
3013 3516 3368 3572 amicissimo
3385 3515 3822 3586 archiepiscopo

2170 3602 2489 3672 Magnesiae,
2513 3602 2806 3660 Theodoro
2826 3605 2938 3659 Deo
2963 3603 3318 3660 amicissimo
3343 3605 3610 3674 episcopo
3641 3603 3826 3659 Sino—

2175 3703 2276 3760 paa,
2311 3690 2620 3746 Eustachio
2652 3693 2764 3746 Deo
2808 3691 3161 3748 amicissimo
3203 3693 3472 3763 episeopo
3518 3690 3816 3748 Emoniae.

2172 3777 2470 3833 Theocleto
2509 3779 2621 3834 Deo
2655 3780 3010 3836 amicissimo
3044 3781 3311 3851 episcopo
3359 3780 3821 3850 Lacedaemoniae,

2171 3866 2490 3936 Nicephoro
2519 3868 2630 3922 Deo
2655 3868 3008 3925 amicissimo
3035 3869 3301 3940 episcopo
3329 3868 3653 3941 Hiacynthi,
3697 3869 3829 3924 Eu-

2176 3955 2393 4025 thymio
2438 3957 2550 4011 Deo
2580 3957 2934 4013 amicissimo
2955 3959 3224 4028 episcopo
3260 3959 3686 4030 Mosbynorum,
3723 3957 3826 4012 B1-

2175 4045 2310 4100 silio
2341 4047 2453 4100 Deo
2481 4045 2835 4102 amicissimo
2865 4047 3133 4117 episcopo
3163 4048 3378 4119 Pyrgii,
3419 4047 3663 4117 Georgio
3704 4047 3827 4102 Deo

2174 4133 2526 4190 amicissimo
2565 4135 2830 4206 episcopo
2877 4137 3050 4207 Hylii,
3101 4138 3264 4192 Petro
3303 4139 3416 4193 Deo
3463 4133 3829 4190 amicissimo

2175 4223 2439 4292 episcopo
2480 4224 2738 4295 Troadis,
2785 4228 2963 4281 Leone
3009 4227 3122 4280 Deo
3155 4225 3509 4282 amicissimo
3550 4223 3829 4294 episcopo

2175 4313 2539 4383 Daphnusize,
2563 4315 2758 4370 Niceta
2777 4317 2890 4370 Deo
2910 4315 3264 4372 amicissimo
3285 4316 3550 4385 episcopo
3579 4313 3826 4382 Photiaz,

2175 4400 2387 4456 Basilio
2427 4403 2539 4458 Deo
2568 4403 2922 4458 amicissimo
2965 4404 3232 4474 episc0po
3278 4403 3502 4474 Cratiaa,
3544 4402 3832 4458 Damiano

2173 4490 2287 4544 Deo
2325 4491 2676 4546 amicissimo
2705 4493 2972 4562 episcopo
3013 4493 3421 4564 Melitopoleos,
3480 4492 3833 4562 Theophane

2174 4580 2286 4633 Deo
2319 4579 2669 4635 amicissimo
2717 4581 2985 4651 episcopo
3023 4581 3245 4652 Trallaa,
3295 4584 3474 4638 Leone
3511 4583 3624 4636 Deo
3662 4582 3833 4636 ami—

2175 4667 2409 4724 cissimo
2439 4669 2704 4740 episcopo
2730 4671 3055 4740 Neapoleos,
3083 4672 3288 4742 Joseph
3319 4673 3432 4726 Deo
3461 4671 3832 4726 amicissimo

2175 4759 2441 4828 episcopo
2501 4759 2805 4816 Palicorum
2864 4765 2921 4814 et
2982 4760 3226 4832 Georgio
3281 4761 3394 4817 Deo
3461 4760 3836 4816 amicissimo

2174 4846 2438 4916 episcOpo
2476 4847 2757 4903 Adranim.
2818 4849 2919 4905 His
2953 4849 3033 4904 ita
3062 4847 3553 4917 convenientibus,
3581 4847 3840 4918 jubente

2176 4935 2388 4991 Basilio
2417 4935 2631 4991 Christi
2656 4937 2840 4992 amico
2862 4944 2917 4992 et
2949 4951 3152 5010 magno
3177 4939 3536 5008 imperatore,
3566 4942 3733 4992 stans
3769 4938 3839 4993 in

2177 5023 2363 5080 medio
2382 5025 2634 5079 Bahanes
2654 5025 3264 5097 magniﬁcentissimus
3288 5025 3568 5096 patricius
3589 5030 3645 5082 et
3667 5039 3846 5094 pra:—

2137 5135 2150 5153 ο
2177 5113 2400 5182 positus
2427 5112 2610 5167 dixit:
2647 5114 2882 5183 Propter
2927 5114 3163 5170 multam
3207 5115 3517 5171 versutiam
3557 5119 3615 5168 et
3645 5114 3848 5170 mali—

2175 5202 2334 5272 tiam,
2371 5203 2820 5272 praecedentibus
2850 5204 3204 5273 temporibus
3243 5205 3592 5275 subscripsit
3621 5216 3852 5260 sacer—

2173 5291 2395 5347 dotium
2414 5296 2470 5346 et
2491 5297 2722 5348 senatus
2738 5297 2794 5347 et
2815 5297 2931 5349 tota
2947 5300 3003 5348 et
3031 5294 3237 5350 civitas
3261 5294 3316 5349 in
3340 5294 3534 5350 causis
3558 5293 3849 5366 injustis,

2175 5395 2320 5452 quas
2352 5381 2688 5436 noluerunt:
2727 5382 2896 5438 hodie
2915 5388 3103 5438 autem
3136 5383 3260 5438 vult
3286 5383 3572 5438 divinitus
3602 5381 3854 5455 guber—

2173 5474 2368 5526 natum
2389 5469 2691 5538 imperium
2717 5476 2994 5543 nostrum,
3024 5473 3255 5528 intuens
3282 5472 3340 5526 in
3361 5471 3850 5528 misericordiam

2172 5559 2272 5614 Dei
2299 5558 2699 5630 benignissimi
2731 5565 2788 5615 et
2824 5561 3385 5633 compatientissimi,
3420 5560 3688 5617 manibus
3723 5574 3853 5616 ve—
