4024 6170
198 264 276 322 424

881 264 1424 323 INTERPRETATIO
1460 268 1708 325 SYNODI
1746 269 1864 326 VIII
1897 271 2297 332 GENERALIS.
2321 307 2394 318 —
2419 277 2620 333 ACTIO
2650 279 2786 332 VIII.

3431 267 3538 326 422

196 394 309 450 stris
327 406 409 448 eas
456 392 696 459 incendi,
748 397 804 447 ει
843 397 1031 462 Sperat
1076 393 1134 449 in
1159 393 1581 451 miserationem
1633 398 1778 467 ejus,
1813 400 1868 458 A
1899 403 2107 474 ignem,
2133 409 2189 461 et
2211 411 2456 462 cremata
2482 411 2636 476 sunt,
2655 410 2711 460 et
2737 405 2959 460 redacta
2988 403 3048 459 in
3083 402 3354 458 nihilum.
3385 399 3538 455 Basi-

196 483 321 537 etin
356 487 562 536 sanctas
607 481 901 537 orationes
960 487 1195 553 vestras,
1248 484 1397 553 quod
1455 484 1784 555 ignoscatur

195 570 319 626 omni
345 569 544 625 homini
572 567 900 640 ignorantia
928 569 1063 640 haec,
1088 577 1201 626 tam
1236 583 1268 627 a
1290 576 1482 628 sancta
1503 572 1786 628 catholica

192 656 422 727 Ecclesia,
478 669 642 727 quam
696 670 729 713 a
784 668 946 714 sacro
998 663 1221 729 senatu,
1269 665 1325 715 et
1377 664 1494 716 tota
1555 661 1788 716 civitate

199 752 372 814 nostra,
411 743 574 800 simul
631 750 689 800 et
733 747 954 802 caeteris
1003 747 1352 819 regionibus.

245 834 369 902 Quid
395 847 523 904 ergo
562 833 794 890 videtur
831 836 1121 891 sanctitati
1164 841 1361 892 vestrae
1386 836 1414 890 ‘?
1458 835 1639 906 placet
1684 837 1788 892 hoc

193 924 319 989 Deo,
360 927 411 977 et
452 921 612 978 vobis
647 922 674 976 ?
730 925 983 980 Donatus
1035 925 1438 982 sanctissimus
1488 925 1790 996 episcopus

190 1011 445 1078 Ostiensis,
489 1018 543 1066 et
579 1010 903 1081 Stephanus
936 1013 1340 1069 sanctissimus
1369 1015 1671 1084 episcopus
1693 1015 1792 1067 Ne-

189 1099 399 1168 pesinus,
441 1104 496 1153 et
515 1100 774 1156 Marinus
799 1102 911 1156 Deo
927 1101 1319 1158 amicissimus
1338 1103 1635 1172 diaconus,
1670 1116 1786 1157 san-

187 1187 388 1242 ctissimi
413 1187 614 1242 vicarii
649 1189 899 1244 senioris
923 1189 1110 1244 Romae
1130 1191 1402 1246 dixerunt
1440 1209 1452 1244 :
1486 1192 1636 1246 Deus
1665 1203 1792 1246 con-

187 1281 331 1330 servet
350 1274 552 1331 Christi
590 1277 1008 1334 amicissimum
1032 1278 1425 1348 imperatorem
1459 1292 1557 1349 per
1579 1279 1788 1334 multos

186 1377 343 1432 annos,
369 1365 461 1434 qui
485 1364 766 1436 gubernat
786 1367 1098 1423 Ecclesiam
1125 1369 1250 1438 ejus
1291 1388 1305 1438 ;
1351 1369 1510 1424 dedit
1547 1370 1699 1424 enim
1734 1369 1785 1424 ei

185 1451 301 1506 Deus
322 1452 782 1522 gubernationem
811 1456 991 1512 totius
1030 1457 1250 1528 mundi,
1288 1462 1343 1513 et
1371 1458 1664 1513 exaudivit
1701 1471 1791 1512 vo-

183 1551 274 1593 cem
316 1544 365 1594 et
406 1540 864 1610 deprecationem
927 1544 1214 1614 spiritalis
1257 1547 1439 1615 patris
1493 1545 1585 1601 sui
1638 1534 1792 1615 papa:

181 1626 375 1682 Adriani
420 1642 516 1697 per
563 1631 869 1699 epistolam
911 1647 1077 1704 quam
1137 1634 1300 1689 misit
1353 1633 1472 1702 ille,
1516 1638 1574 1689 et
1624 1633 1794 1690 hodie

1897 491 2015 548 lius
2038 493 2260 550 amicus
2282 494 2496 550 Christi
2545 499 2602 549 et
2650 506 2888 565 magnus
2923 492 3229 562 imperator
3265 489 3420 546 dixit
3463 485 3534 543 ad

1896 581 2293 639 sanctissimos
2309 583 2557 639 vicarios
2572 581 2821 638 senioris
2837 581 3024 636 Romae
3041 597 3054 633 :
3072 577 3315 648 Imperio
3342 581 3536 632 nostro

1893 667 2146 741 jubente,
2182 671 2544 728 adduxerunt
2569 669 2744 727 falsos
2790 668 3057 738 vicarios,
3107 680 3252 738 quos
3297 664 3537 720 Photius

1900 759 2351 827 protulitcontra
2377 759 2770 815 beatissimum
2800 770 3005 836 papam"
3037 753 3367 820 Nicolaum;
3396 750 3534 822 quid

1898 861 2031 918 ergo
2056 849 2284 904 videtur
2309 849 2601 903 sanctitati
2628 854 2827 903 vestrae
2850 847 2920 901 de
2962 843 3085 900 illis
3108 843 3136 897 ‘l
3175 839 3535 898 Sanctissimi

1897 935 2100 991 vicarii
2130 937 2377 992 senioris
2403 937 2590 992 Romae
2613 937 2887 992 dixerunt
2926 952 2938 988 :
2983 931 3383 1005 lngrediantur
3416 941 3542 982 san-

1899 1030 2043 1079 ctam
2063 1027 2120 1080 et
2139 1025 2515 1082 universalem
2535 1024 2834 1096 synodum.
2853 1025 2921 1078 Et
2939 1019 3293 1078 intrantibus
3320 1018 3426 1082 eis,
3459 1017 3541 1071 in-

1902 1114 2210 1184 terrogavit
2235 1113 2485 1170 Bahanes
2513 1112 3120 1185 magnificentissimus
3170 1107 3451 1178 patricius
3485 1108 3541 1160 et

1902 1203 2247 1272 praepositus
2290 1204 2517 1258 Petrum
2568 1202 2906 1258 monachum
2958 1219 2970 1253 :
3025 1200 3150 1254 Haec
3191 1196 3356 1266 jubet
3401 1207 3542 1248 san—

1898 1295 2026 1346 ctus
2090 1291 2397 1361 imperator
2459 1297 2668 1353 noster,
2731 1295 2787 1346 et
2835 1294 2951 1346 tota
3008 1293 3203 1344 sancta
3265 1282 3536 1356 synodus,

1902 1379 2242 1450 interrogari
2293 1385 2366 1448 te,
2393 1380 2502 1449 Qui
2552 1393 2612 1435 es
2636 1384 2693 1434 et
2740 1379 2889 1436 unde
2915 1377 3075 1434 venis
3122 1376 3229 1430 ?et
3270 1371 3406 1444 quid
3457 1370 3542 1425 di-

1902 1468 1988 1523 cis
2012 1467 2040 1520 ?
2065 1473 2121 1524 et
2145 1468 2294 1538 quod
2321 1474 2408 1524 est
2431 1482 2576 1538 opus
2616 1472 2778 1524 tuum
2806 1466 2956 1538 quod
3005 1464 3174 1536 egisti
3201 1463 3228 1516 ?
3277 1463 3542 1517 inventus

1903 1571 1963 1612 es
1983 1556 2041 1612 in
2067 1557 2316 1612 concilio
2343 1558 2492 1628 quod
2513 1555 2903 1612 fecitPhotius
2919 1558 3116 1610 contra
3145 1550 3540 1608 beatissimum

1907 1657 2105 1715 papam
2131 1644 2450 1711 Nicolaum,
2477 1650 2578 1700 aut
2601 1644 2811 1702 dedisti
2841 1641 3102 1699 libellum
3137 1644 3335 1696 contra
3360 1650 3489 1693 eum
3515 1636 3543 1689 ‘2

181 1713 408 1805 adimplet
427 1716 784 1774 desiderium
808 1721 1095 1792 Ecclesiaa,
1119 1722 1580 1779 sicutnuntiavit
1595 1721 1669 1778 ei.
1692 1721 1796 1777 Cu-
1820 1721 1874 1781 Β
1904 1713 2104 1789 Petrus
2140 1733 2294 1789 dixit
2341 1751 2353 1787 ε
2387 1735 2578 1805 Neque
2619 1745 2864 1804 ρι-ωεεηδ
2903 1731 3029 1787 illic
3076 1730 3342 1785 inventus
3379 1739 3539 1789 sum,

184 1803 356 1859 stodiat
372 1805 516 1860 Deus
560 1806 872 1876 imperium
907 1811 1034 1879 ejus
1061 1811 1265 1868 multis
1293 1813 1462 1868 annis
1482 1811 1550 1866 ad
1566 1809 1797 1866 munda-

183 1903 280 1948 nam
301 1893 814 1968 gubernationem;
878 1899 1012 1969 quia
1067 1900 1295 1970 dirupit
1331 1899 1561 1956 vincula
1613 1898 1798 1954 chiro-

179 1981 479 2053 graphorum
517 1998 653 2054 qua!
678 1985 749 2041 ab
776 1986 1038 2044 inimicis
1061 1989 1162 2044 Dei
1186 1990 1475 2060 exquisita
1497 1992 1633 2044 sunt
1669 1999 1799 2042 con-

181 2077 244 2124 tra
263 2085 462 2126 omnem
506 2072 850 2130 Ecclesiam.
893 2076 1148 2132 Bahanes
1193 2075 1798 2149 magnificentissimus

183 2159 419 2229 patricius
465 2166 522 2216 et
558 2163 907 2232 praepositus
956 2165 1108 2220 dixit
1152 2184 1164 2219 :
1212 2166 1452 2222 Sanctus
1491 2165 1798 2234 imperator

179 2255 332 2305 noster
360 2250 468 2307 Deo
502 2251 901 2308 amicabiliter
925 2253 1088 2322 jubet
1125 2254 1315 2310 dicere
1347 2255 1417 2310 ad
1462 2267 1560 2310 vos
1588 2253 1800 2323 episco-

180 2351 255 2406 pos
272 2339 358 2408 qui
377 2337 606 2395 fecistis
629 2341 846 2411 injusta
862 2342 1243 2415 chirographa
1270 2363 1282 2398 :
1306 2343 1436 2410 Quis
1455 2345 1797 2412 infirmatur,

181 2433 217 2482 et
250 2443 329 2494 ego
366 2443 470 2481 non
517 2431 797 2496 infer-mor
840 2430 951 2500 ΗΠ
990 2432 1116 2489 Cor.
1144 2433 1203 2505 ι.)
1244 2435 1504 2504 Languor
1545 2435 1602 2486 et
1637 2430 1801 2486 dolor

182 2523 327 2572 vester
352 2529 506 2572 meus
532 2523 666 2586 est;
694 2524 751 2574 et
783 2519 908 2577 ideo
929 2521 1241 2577 consilium
1280 2521 1354 2577 do
1393 2525 1477 2576 ut‘
1500 2534 1624 2592 quin
1658 2518 1803 2574 male

182 2606 353 2661 avobis
375 2613 428 2661 et
447 2607 499 2660 vi
538 2614 674 2663 acta
718 2615 872 2678 sunt,
916 2610 1296 2666 incendantur
1337 2615 1393 2666 et
1429 2609 1805 2664 exterminen-

183 2704 266 2765 tur,
303 2709 402 2750 non
453 2695 649 2752 solum
701 2698 1076 2769 sensibiliter,
1126 2700 1221 2754 sed
1279 2698 1636 2769 providentia
1676 2696 1798 2764 Dei,

183 2784 315 2838 etiam
359 2785 788 2856 intelligibiter.
832 2787 944 2842 Deo
973 2788 1316 2843 amicissimi
1353 2786 1606 2856 episc0pi
1650 2786 1806 2841 dixe-

184 2873 507 2928 runtzllodie
547 2873 877 2943 completur
913 2875 1018 2931 sub
1062 2890 1095 2930 a
1122 2877 1236 2932 Deo
1285 2875 1593 2932 muniendo
1635 2875 1805 2943 impe-

184 2967 331 3015 ratore
361 2968 551 3017 nostro
591 2962 812 3018 divinae
858 2964 1158 3034 scripturae
1201 2978 1405 3034 sermo,
1448 2964 1546 3034 qui
1599 2962 1748 3018 dicit
1785 2981 1798 3017 :

1906 1835 2088 1892 neque
2114 1821 2257 1878 hanc
2295 1822 2774 1893 conscriptionem
2803 1820 2932 1877 novi
2975 1837 2991 1886 ς
3031 1817 3239 1874 etenim
3282 1813 3542 1884 nunquid

1905 1923 2006 1981 ego
2023 1909 2182 1966 solus
2206 1911 2404 1967 Petrus
2429 1925 2555 1966 sum
2585 1912 2644 1966 in
2673 1912 2818 1966 hanc
2856 1907 3051 1965 urbem
3078 1920 3111 1962 a
3151 1907 3324 1960 Roma
3358 1915 3548 1958 ascen-

1905 1999 2046 2054 dens
2069 1998 2097 2052 ‘I
2119 1998 2235 2053 Alii
2263 1999 2405 2055 dena
2445 1998 2630 2054 millia
2654 1997 3032 2054 ascenderunt
3057 1993 3240 2050 Petri:
3271 1993 3548 2047 verumta-

1909 2100 2034 2143 men
2074 2086 2296 2159 legatur
2323 2088 2430 2143 iste
2471 2086 2703 2143 libellus
2731 2099 2888 2141 meus
2927 2097 3092 2155 quem
3118 2081 3329 2147 defero,
3371 2081 3427 2132 et
3454 2077 3549 2131 hic

1909 2174 2209 2232 manifesta
2234 2175 2407 2232 faciet
2430 2190 2556 2246 quae
2591 2188 2712 2231 mea
2749 2179 2901 2231 sunt.
2933 2173 3000 2228 Et
3031 2171 3322 2240 accipiens
3345 2167 3548 2236 GregO‘

1910 2264 2035 2320 rius
2059 2265 2296 2321 devotus
2323 2265 2584 2320 notarius
2621 2264 2952 2320 divinorum
2987 2264 3333 2316 secretorum
3367 2253 3542 2326 legit:

2193 2389 2431 2444 Libellus
2457 2389 2815 2459 apologeticus
2831 2387 2977 2442 Petri
2998 2384 3262 2440 monachi.

1950 2529 1952 2531 ·
1995 2515 2274 2584 Quoniam
2323 2514 2692 2586 exiguitatem
2735 2517 2984 2568 nostram
3012 2509 3245 2580 quidam
3301 2510 3550 2561 vestrum

1913 2603 2132 2673 Opinati
2161 2619 2190 2658 s
2234 2608 2296 2657 nt
2320 2603 2593 2658 adversus
2625 2607 2878 2657 sanctam
2906 2601 3211 2655 Romanam
3247 2594 3555 2651 Ecclesiam

1914 2692 2174 2747 libellum
2201 2691 2445 2758 dedisse,
2489 2696 2784 2760 propterea
2823 2689 2960 2759 quia
3011 2686 3222 2742 mentio
3263 2686 3456 2739 nostra
3496 2681 3557 2735 in

1911 2779 2204 2852 divulgata
2261 2779 2682 2848 conscriptione
2743 2775 3175 2841 continebatur,
3239 2773 3414 2841 hujus
3473 2769 3557 2824 rei
3659 2845 3666 2848 η

1913 2868 2097 2941 gratia
2152 2867 2594 2938 imperatoribus
2661 2867 2938 2922 rationem
3003 2863 3334 2920 redditurus
3405 2858 3562 2932 veni,

1911 2957 2008 3012 sed
2057 2961 2114 3010 et
2163 2956 2221 3011 in
2269 2962 2575 3026 conspectu
2622 2961 2820 3010 vestrae
2881 2952 3210 3009 reverentia:
3270 2961 3416 3018 saepe
3466 2947 3563 3001 in-

183 3049 376 3104 Dissolvc
424 3066 639 3105 omnem
696 3052 1088 3119 colligationem
1128 3055 1459 3123 iniquitatis,
1504 3057 1555 3106 et
1607 3050 1807 3117 obliga-
1834 3062 1882 3122 α
1918 3050 2207 3101 nocentem
2256 3045 2551 3114 exhibens,
2583 3058 2784 3101 rursus
2829 3048 2886 3098 et
2923 3054 3074 3097 nunc
3119 3040 3188 3096 de
3239 3038 3432 3094 eadem
3483 3035 3565 3089 in-

186 3139 315 3191 tiones
345 3140 707 3193 uiolentorum
738 3145 1128 3205 contractuum,
1155 3147 1205 3196 ct
1239 3143 1399 3196 evelle
1429 3156 1633 3195 omnem
1662 3141 1806 3193 scri—

182 3230 358 3292 pluram
377 3229 646 3295 injustam
676 3226 725 3298 (Ι
737 3243 818 3282 sa.
852 3227 958 3302 Lv).
991 3230 1098 3286 Pro
1131 3229 1346 3300 quibus
1364 3229 1460 3284 det
1493 3231 1643 3283 Deus
1671 3240 1808 3281 mer-

187 3314 334 3368 cedem
383 3317 714 3371 animarum
761 3323 1085 3373 nostrarum
1142 3323 1199 3372 et
1234 3331 1536 3387 corporum
1586 3315 1802 3370 Christi

187 3402 332 3457 amico
373 3404 731 3474 imperatori,
787 3411 844 3460 et
877 3410 1170 3461 conservet
1209 3406 1512 3475 imperium
1544 3405 1669 3473 ejus
1710 3415 1809 3472 per

189 3490 327 3544 multa
347 3504 627 3549 annorum
660 3494 971 3564 curricula,
1011 3495 1231 3551 donans
1276 3495 1328 3550 ei
1374 3494 1544 3549 etiam
1586 3491 1812 3547 coaleste

190 3567 462 3646 imperium.
491 3582 563 3636 Et
574 3582 820 3650 jubente
837 3583 1278 3638 BasilioChristi
1301 3583 1488 3638 amico
1522 3585 1577 3636 et
1612 3592 1814 3652 magno

189 3664 498 3738 imperatore,
530 3670 790 3739 positum
815 3675 900 3726 est
923 3671 981 3727 in
1014 3672 1202 3727 medio
1231 3671 1428 3742 synodi
1474 3683 1572 3726 vas
1595 3681 1812 3724 aeneum

187 3754 238 3807 ad
264 3754 309 3809 id
329 3763 535 3830 aptum,
559 3759 800 3829 plenum
832 3760 982 3831 igne,
1000 3764 1056 3815 et
1073 3760 1246 3816 delati
1267 3764 1403 3816 sunt
1445 3759 1503 3814 in
1524 3756 1814 3826 marsupio

188 3842 625 3916 aTheopbylacto
676 3848 1147 3904 reverendissimo
1195 3849 1436 3904 diacono
1468 3851 1525 3902 et
1577 3845 1820 3902 referen-

188 3929 316 3986 dario
343 3944 585 3992 aomnes
620 3937 765 3991 tomi
791 3937 1302 4008 chirographorum
1339 3937 1438 4008 qui
1480 3936 1662 3992 exacti
1684 3936 1820 3990 sunt

100 4037 110 4045 ·
189 4021 417 4094 aPhotio,
448 4026 520 4081 ab
543 4026 710 4081 omni
759 4030 980 4082 sacrato
1010 4027 1285 4099 catalogo,
1333 4032 1390 4082 et
1436 4026 1638 4082 ordine
1657 4023 1820 4080 cleri-

190 4123 364 4181 corum,
416 4120 530 4170 tam
604 4129 825 4186 magna:
886 4115 1172 4186 Ecclesiae,
1217 4129 1384 4186 quam
1447 4128 1640 4171 earum
1692 4125 1818 4183 quae

191 4193 300 4255 foris
337 4209 498 4259 sunt:
531 4217 827 4274 quamque
851 4205 1021 4260 etiam
1065 4219 1100 4262 a
1139 4199 1382 4277 magnis,
1419 4210 1475 4260 et
1514 4204 1724 4275 parvis,
1764 4206 1820 4256 et

193 4288 415 4346 omnibus
438 4292 751 4348 senatoria:
770 4292 1096 4364 dignitatis,
1129 4298 1186 4348 et
1200 4293 1426 4349 cunctis
1442 4293 1599 4361 aliis,
1622 4298 1734 4347 tam
1755 4293 1819 4347 il-

1916 3137 2238 3202 terrogatus
2262 3147 2452 3203 causa,
2481 3133 2731 3188 eamdem
2763 3134 2942 3202 ipsam
2981 3142 3150 3202 quam
3180 3132 3316 3183 tunc
3367 3125 3568 3179 immu-

1916 3222 2175 3277 tabiliter
2200 3221 2422 3291 profero
2447 3235 2634 3276 vocem
2665 3239 2677 3274 :
2703 3237 2738 3291 (ι
2781 3221 2850 3277 od
2883 3232 3062 3290 neque
3103 3215 3364 3272 libellum
3406 3212 3567 3287 dedi,

1918 3323 2100 3381 neque
2126 3309 2525 3378 imperialibus
2549 3309 2849 3365 auditibus
2877 3306 3192 3362 molestiam
3232 3301 3426 3370 intuli,
3469 3297 3564 3355 sed

1918 3411 2099 3467 neque
2141 3399 2356 3466 synodo
2390 3403 2759 3468 congregatae,
2788 3397 2836 3452 si
2872 3401 3077 3450 tamem
3112 3394 3449 3462 congregata
3483 3389 3568 3442 est

1920 3490 2125 3556 μηδιο
2151 3489 2411 3554 ι’θμθηιιε
2448 3498 2611 3540 sum:
2666 3490 2722 3539 et
2749 3482 3000 3554 profecto
3047 3478 3472 3535 confitebuntur
3521 3473 3564 3528 ii

1920 3575 2020 3644 qui
2051 3587 2252 3629 nomen
2280 3586 2466 3628 meum
2509 3574 2878 3628 inseruerunt
2925 3565 3256 3637 hujusmodi
3307 3561 3563 3631 scriptis.

1922 3663 2046 3718 Haec
2070 3668 2156 3717 est
2197 3661 2486 3717 fiducialis
2532 3658 2852 3716 satisfactio
2902 3671 3022 3713 mea
3059 3656 3128 3711 ad
3177 3668 3274 3709 eos
3331 3651 3429 3722 qui
3482 3662 3569 3704 me

1923 3751 2266 3822 dijudicant,
2316 3756 2372 3806 et
2421 3751 2564 3806 hanc
2607 3749 2754 3805 dabo
2803 3748 2981 3803 multa
3048 3741 3392 3801 confidentia
3437 3751 3568 3794 cum

1928 3841 2137 3895 munda
2163 3840 2534 3910 conscientia,
2586 3838 3038 3910 quotiescunque
3076 3832 3458 3900 interrogatus
3482 3840 3571 3881 ex-

1929 3932 2130 3989 stitero
2168 3947 2178 3981 :
2211 3930 2306 3984 sed
2347 3935 2544 3985 vestrae
2582 3927 2820 3983 virtutis
2858 3925 3177 3980 claritatem
3226 3918 3458 3975 obsecro
3507 3919 3572 3969 ut

1928 4021 2125 4076 saltem
2184 4020 2384 4074 amodo
2431 4017 2742 4073 dimittatis
2812 4029 2898 4070 me
2953 4012 3195 4068 multum
3245 4006 3566 4076 fatigatum,

1929 4108 2196 4180 precibus
2228 4109 2391 4164 vobis
2428 4107 2661 4173 oblatis,
2689 4117 2937 4161 remeare
2961 4103 3029 4158 ad
3073 4097 3460 4170 apostolorum
3487 4106 3573 4148 ve-

1927 4197 2102 4270 stigia
2129 4215 2142 4251 :
2171 4197 2381 4253 etenim
2403 4199 2518 4267 jam
2548 4210 2748 4267 usque,
2799 4208 2944 4262 reor,
2998 4191 3178 4261 placet
3212 4183 3571 4256 sapientibus

1933 4287 2266 4356 proceribus
2283 4288 2484 4342 matris
2507 4293 2706 4342 vestrae
2739 4279 3239 4354 deprecationibus
3289 4275 3570 4331 inclinare

195 4371 618 4451 lustribusquam
653 4380 1026 4452 ignobilibus,
1046 4388 1218 4452 atque
1250 4381 1817 4451 iisquiinomniarte
1853 4391 1908 4452 D
1931 4377 2216 4445 auditum,
2258 4383 2322 4433 ut
2352 4391 2449 4447 per
2485 4375 2839 4433 occasionem
2881 4369 3176 4436 redeundi,
3219 4363 3475 4421 attrahar
3511 4363 3569 4416 in

193 4475 241 4516 ac
256 4467 547 4537 disciplina
593 4475 656 4524 et
689 4470 916 4526 diverso
938 4471 1135 4526 studio
1173 4483 1296 4527 esse
1335 4469 1695 4540 videbantur,
1735 4483 1824 4526 us-

195 4566 281 4621 que
304 4557 362 4612 ad
385 4559 692 4632 pellarios,
742 4565 798 4615 et
842 4560 1026 4629 pisces
1074 4560 1397 4630 vendentes,
1439 4564 1497 4615 et
1543 4559 1822 4631 lignarios

194 4647 365 4701 etacus
389 4647 698 4706 facientes:
737 4649 974 4719 insuper
995 4655 1052 4704 et
1077 4649 1214 4705 libri
1235 4649 1333 4719 qui
1364 4648 1490 4712 ﬁcte
1505 4648 1818 4718 conscripti

195 4739 301 4788 sunt
320 4744 504 4794 contra
545 4739 951 4795 beatissimum
975 4739 1274 4796 Nicolaum
1308 4751 1529 4808 papam,
1566 4741 1623 4792 et
1643 4742 1822 4808 gesto-

196 4834 294 4876 rum
317 4827 620 4884 relationes
641 4842 705 4884 ac
729 4829 974 4899 synodos
999 4843 1124 4900 quae
1157 4832 1354 4884 contra
1386 4826 1816 4882 sanctissimum

198 4913 538 4976 patriarcham
574 4918 863 4989 Ignatium
891 4915 1052 4974 facta;
1082 4923 1218 4974 sunt
1241 4930 1273 4972 a
1315 4916 1536 4972 Photio.
1578 4916 1646 4970 Et
1675 4916 1821 4970 acci-

199 4998 328 5064 piens
340 5004 622 5077 Georgius
639 5007 1151 5062 reverendissimus
1178 5004 1679 5075 orphanotrophus
1705 5004 1820 5059 sin-

200 5086 568 5154 guloslibellos
585 5100 643 5149 et
655 5101 839 5150 tomos
851 5095 1062 5152 tribuit
1080 5095 1414 5151 hominibus
1441 5100 1818 5164 utrorumque

200 5180 656 5238 sanctissimorum
683 5183 1055 5252 vicariorum,
1094 5183 1193 5253 qui
1223 5183 1505 5240 miserunt
1536 5183 1729 5239 omnia
1758 5181 1816 5236 in

252 5349 275 5379 ι
299 5339 620 5400 Patriarcha
661 5345 1331 5415 Constantinopolitanus
1370 5344 1818 5401 referendarium

206 5415 480 5487 quempiam
499 5430 724 5486 semper
740 5417 928 5485 habet,
959 5418 1059 5486 qui
1086 5417 1210 5486 ejus
1244 5417 1569 5487 imperatori
1598 5431 1817 5472 omnem

207 5481 469 5558 denuntiat
493 5481 867 5558 voluntatem,
895 5481 994 5558 qui
1023 5489 1090 5543 ad
1114 5481 1257 5542 itum
1286 5481 1344 5543 iri
1373 5487 1584 5557 palatio
1603 5501 1715 5542 sem
1727 5502 1824 5558 per

212 5551 338 5609 habet
374 5560 440 5613 ad
504 5551 864 5614 referendum
912 5551 1243 5628 imperatori
1293 5551 1647 5629 quaecunque
1688 5551 1825 5617 sunt

1933 4479 1997 4520 ea
2021 4465 2050 4507 ι)
2081 4471 2453 4537 cooperentur
2477 4467 2681 4522 animae
2709 4477 2842 4519 mea:
2867 4461 3188 4518 salutatem.

2001 4557 2071 4610 Et
2117 4562 2244 4626 post
2289 4556 2608 4623 lectionem,
2667 4551 3019 4610 sanctissimi
3067 4545 3272 4604 vicarii
3321 4541 3570 4599 senioris

1931 4645 2119 4700 Romae
2143 4646 2414 4701 dixerunt
2454 4663 2466 4698 :
2503 4647 2641 4700 Ecce
2668 4657 2764 4715 per
2790 4641 3049 4698 libellum
3074 4637 3404 4695 audivimus
3428 4632 3565 4703 quid

1930 4735 2145 4790 dixerit
2173 4735 2280 4790 iste
2311 4753 2326 4802 ς
2375 4735 2479 4791 alii
2509 4749 2638 4790 vero
2664 4735 2763 4805 qui
2794 4732 2918 4788 illic
2943 4733 3096 4786 stant
3129 4726 3269 4798 quid
3317 4724 3521 4780 dicunt
3542 4721 3571 4775 Ὺ

1931 4825 2182 4879 Bahanes
2211 4824 2817 4896 magniﬁcentissimus
2844 4820 3124 4892 patricius
3149 4823 3204 4873 et
3232 4814 3572 4888 praepositus

1927 4914 2080 4970 dixit
2103 4914 2171 4970 ad
2202 4914 2477 4969 Basilium
2506 4913 2712 4969 falsum
2753 4911 3034 4966 vicarium
3067 4927 3080 4962 :
3127 4909 3436 4978 Imperator
3479 4918 3575 4960 no-

1929 5008 2045 5058 ster
2092 5008 2343 5072 sanctus,
2392 5017 2520 5058 cum
2575 5000 2958 5058 sanctissimis
3004 4997 3261 5065 vicariis,
3310 5001 3366 5051 et
3411 5007 3572 5050 sacro

1929 5097 2148 5163 senatu,
2177 5097 2232 5147 et
2270 5099 2462 5148 sancta
2511 5092 2743 5163 synodo,
2789 5090 2952 5160 jubet
3001 5089 3351 5159 interrogare
3399 5091 3470 5141 te.
3511 5085 3572 5139 In

1930 5180 2074 5242 falso
2101 5184 2249 5241 libro
2293 5184 2443 5252 jacet
2469 5195 2669 5238 nomen
2699 5186 2883 5250 tuum,
2919 5178 3015 5234 dic
3039 5191 3174 5250 ergo
3202 5182 3263 5233 tu
3293 5193 3308 5246 ;
3357 5172 3570 5230 dedisti

1932 5347 2269 5424 patriarchae
2307 5360 2372 5401 ac
2401 5344 2675 5424 ,Ecclesite
2703 5341 3040 5424 necessaria,
3072 5354 3170 5411 per
3195 5351 3360 5424 quem
3401 5335 3571 5392 etiam

1933 5414 2242 5490 imperator
2270 5417 2416 5488 quod
2448 5416 2630 5486 placet
2657 5415 2993 5485 patriarchae
3017 5414 3378 5467 transmittit.

2003 5492 2030 5534 δ
2059 5494 2221 5548 Forte
2251 5505 2312 5543 ea
2337 5504 2472 5558 quae.
