4052 6168
426 246 532 304 H3

1654 258 2014 317 ANASTASII
2055 255 2598 315 BIBLIOTHECARII

3720 262 3821 320 424

429 373 686 466 libellum
718 382 914 436 contra
943 381 1251 442 Romanam
1279 386 1590 445 Ecclesiam
1609 387 1640 443 ‘i
1659 388 1744 445 sic
1765 403 1825 446 se
1851 387 2063 443 veritas
2089 367 2154 443 A'
2178 385 2495 443 Nicolaum.
2523 387 2778 450 Bahanes
2821 388 3434 461 magniﬁcentissimus,
3455 389 3736 466 patricius
3768 395 3824 447 et

429 460 648 519 habet?
665 466 915 524 Basilius
939 470 1108 527 dixit.
1133 471 1316 530 Absit.
1347 475 1602 540 Bahanes
1628 475 2066 548 magniﬁcentis-

425 549 608 608 simus
638 555 917 623 patricius
946 565 1002 614 et
1041 564 1382 632 praepositus
1410 565 1597 620 dixit:
1636 567 1702 620 Et
1728 565 2068 620 anathema—

425 639 535 695 tiza
551 646 609 696 et
626 655 754 698 eum
787 645 886 714 qui
912 647 1089 710 dedit.
1117 655 1174 704 et
1193 652 1292 721 qui
1311 653 1564 721 scripsit.
1604 653 1850 709 Basilius
1873 651 2059 708 dixit:

422 731 478 784 Is
521 731 620 800 qui
655 731 816 788 dedit
861 734 1120 792 libellum
1161 745 1354 796 contra
1407 742 1709 798 Romanam
1755 741 2064 797 Ecclesiam

423 817 720 874 anathema
751 823 847 878 sit.
889 823 1104 884 Deinde
1137 827 1342 883 iterum
1387 829 1772 902 interrogatus
1799 835 1885 884 est
1916 828 2066 884 Basi-

423 905 570 962 lius:
619 907 774 966 Unde
803 911 907 966 es‘?
951 913 1199 972 Basilius
1249 917 1428 973 dixit:
1482 918 1529 974 Α
1578 925 1772 974 sancta
1829 917 2063 972 civitate

421 995 569 1050 veni.
600 996 850 1055 Basilius
877 1001 1100 1057 amicus
1126 1003 1342 1061 Christi
1373 1011 1429 1061 et
1469 1020 1708 1079 magnus
1755 1007 2062 1076 imperator

419 1082 572 1138 dixit
599 1085 668 1140 ad
716 1084 928 1142 Heliam
961 1092 1388 1149 sanctissimum
1435 1094 1713 1152 vicarium
1745 1092 2061 1162 Hierosoly-

421 1184 674 1228 morum:
707 1174 1016 1246 Cognoscis
1043 1180 1220 1236 eum?
1264 1181 1455 1238 Helias
1485 1184 1888 1240 sanctissimus
1934 1195 2059 1252 syn-

419 1261 600 1318 cellus
646 1268 703 1318 et
752 1264 1006 1324 vicarius
1052 1269 1571 1342 Hierosolymorum
1626 1273 1810 1328 dicit:
1849 1272 2052 1340 Etiam,

418 1363 696 1423 cognosco
751 1367 900 1410 eum.
954 1357 1192 1416 lubente
1239 1374 1370 1418 vero
1426 1363 1638 1420 Basilio
1687 1361 1950 1432 piissimo
2001 1363 2057 1414 et

420 1451 623 1511 magno
655 1441 1014 1514 imperatore,
1051 1448 1302 1506 Bahanes
1335 1450 1937 1522 magniﬁcentissimos
1966 1460 2060 1518 pa-

419 1527 626 1585 tricius
647 1536 702 1586 et
731 1535 1074 1602 praepositus
1092 1536 1245 1593 dixit
1269 1540 1338 1594 ad
1373 1540 1645 1596 Basilium
1677 1539 1882 1596 falsum
1915 1537 2060 1593 vica-

420 1615 600 1673 rium:
655 1619 780 1690 Dic,
815 1624 1178 1692 quamobrem
1230 1627 1525 1700 ingressus
1549 1642 1608 1684 es
1645 1629 2059 1685 Constantino-

420 1705 596 1776 polim
613 1707 642 1761 ‘I
663 1722 763 1778 pro
785 1725 893 1780 qua
915 1725 1083 1770 causa
1102 1713 1130 1768 ἶ)
1146 1721 1202 1770 et
1223 1717 1356 1786 quis
1379 1723 1432 1774 te
1455 1717 1615 1774 misit
1634 1717 1795 1774 illic?
1811 1717 2061 1774 Basilius

417 1795 600 1851 dixit:
633 1797 679 1852 A
707 1798 925 1870 Tripoli
959 1802 1168 1858 intravi
1200 1805 1432 1862 Romam
1463 1821 1635 1864 causa
1671 1807 1972 1878 orationis,
2004 1811 2060 1864 et

420 1885 745 1943 inﬁrmatus
791 1903 916 1946 sum
972 1891 1031 1946 in
1062 1893 1171 1965 via,
1221 1899 1278 1950 et
1334 1896 1542 1952 intravi
1587 1897 1647 1953 in
1676 1895 1965 1953 Venetiam
1997 1903 2062 1954 ut

419 1975 756 2032 transirem:
789 1983 846 2034 et
887 1980 1015 2036 veni
1057 1981 1169 2040 huc
1199 1983 1307 2040 sub
1337 1999 1479 2055 papa
1511 1986 1832 2056 Benedicto,
1864 1993 1921 2043 et
1952 1985 2058 2042 feci

419 2075 640 2120 menses
665 2065 906 2138 viginti;
930 2075 987 2124 et
1005 2084 1114 2126 non
1141 2071 1315 2128 habui
1347 2074 1632 2144 quomodo
1660 2075 2058 2147 dispensarer;

415 2154 474 2205 et
523 2165 672 2209 anno
716 2156 945 2225 quando
991 2158 1168 2214 exivit
1218 2161 1542 2230 patriarcha
1591 2164 1660 2220 de
1706 2164 1914 2220 throno
1955 2179 2060 2220 suo

414 2238 682 2297 descendi
735 2243 940 2299 iterum
989 2245 1096 2302 sub
1143 2247 1377 2306 domino
1406 2250 1678 2318 Nicolao;
1715 2251 1892 2309 habeo
1933 2257 2060 2308 octo

415 2339 616 2401 annos,
652 2335 708 2386 et
752 2331 960 2388 iterum
1003 2348 1262 2392 reversus
1314 2353 1440 2394 sum
1495 2339 1624 2396 huc.
1670 2343 2058 2412 Interrogatus

415 2422 503 2472 est
535 2417 774 2474 iterum:
827 2422 947 2478 Non
1000 2423 1212 2480 dedisti
1249 2425 1554 2483 libellum?
1585 2429 1832 2486 Basilius
1869 2430 2052 2486 dixit:

415 2507 496 2560 Ne
526 2504 700 2562 faciat
727 2509 916 2580 Deus,
949 2514 1210 2583 nunquid
1248 2516 1399 2571 enim
1445 2515 1754 2574 familiaris
1785 2516 1869 2574 fui
1896 2519 2062 2574 Nico-

417 2591 494 2648 lai
517 2593 546 2647 ‘l
566 2594 796 2666 Deinde,
823 2597 1060 2667 iubente
1089 2602 1301 2658 Basilio
1330 2604 1514 2660 amico
1539 2606 1754 2662 Christi
1777 2613 1834 2662 et
1856 2619 2058 2678 magno

419 2679 780 2754 imperatore,
808 2685 1190 2760 interrogatus
1213 2695 1300 2747 est
1321 2692 1591 2749 Leontius
1607 2691 1786 2751 falsus
1805 2695 2056 2751 vicarius

416 2769 772 2828 Alexandria:
804 2788 902 2844 per
921 2777 1200 2834 Bahanem
1231 2781 1860 2852 magniﬁcentissimum
1886 2784 2058 2854 patri-

417 2858 572 2914 cium
601 2865 658 2916 et
697 2864 1096 2932 praepositum:
1131 2867 1422 2936 Quomodo
1459 2870 1724 2928 inventus
1752 2886 1812 2927 es
1843 2871 1902 2928 in
1937 2872 2057 2928 loco

416 2947 619 3004 vicarii
643 2949 703 3005 in
730 2950 856 3007 ﬁcte
892 2954 1204 3024 composito
1234 2957 1383 3016 libro
1420 2973 1452 3014 a
1483 2959 1684 3016 Photio
1713 2966 1910 3017 contra
1939 2961 2060 3017 bea-

419 3035 707 3130 tissimum
742 3053 939 3110 papam
969 3043 1266 3102 Nicolaum
1289 3045 1318 3100 ?
1357 3047 1626 3104 Leontius
1652 3049 1806 3130 dixit
1832 3067 1845 3102 :
1891 3049 2060 3106 Dedit
2089 3069 2136 3130 ο

419 3123 562 3206 mihi
593 3133 794 3183 auctor
821 3134 878 3185 et
915 3132 1108 3188 senior
1135 3135 1379 3191 antistes
1412 3151 1570 3194 meus
1601 3127 1824 3194 litteras
1860 3137 1928 3193 ad
1960 3137 2060 3193 im-

419 3218 705 3282 peratores
734 3222 961 3274 nostros
990 3227 1236 3291 sanctos,
1268 3237 1450 3294 neque
1485 3225 1740 3282 vicarius
1771 3240 1918 3292 sum,
1954 3240 2064 3282 ne-

419 3315 527 3372 que
554 3301 732 3360 habeo
761 3305 984 3376 aliquid
1019 3309 1079 3364 in
1108 3310 1278 3367 rebus
1306 3313 1456 3370 istis.
1493 3314 1746 3371 Bahanes
1792 3315 2062 3388 magniﬁ-

416 3391 785 3450 centissimus
818 3397 1096 3466 patricius
1137 3403 1194 3455 et
1231 3403 1574 3472 praepositus
1609 3403 1780 3460 dixit:
1823 3405 2062 3462 Jubente

415 3479 630 3537 Basilio
667 3483 851 3540 amico
878 3485 1091 3544 Christi
1126 3489 1466 3560 imperatore
1501 3493 1570 3547 ad
1603 3500 1853 3549 sanctam
1885 3508 2064 3565 syno—

417 3569 581 3628 dum:
605 3571 753 3642 Quid
786 3575 949 3631 vobis
975 3577 1204 3634 videtur
1230 3581 1300 3635 de
1332 3580 1955 3651 his?qucmadmodum
1989 3584 2060 3656 is,

417 3659 519 3728 qui
553 3659 800 3728 primum
833 3662 1060 3719 locutus
1109 3671 1214 3734 est,
1247 3680 1466 3722 omnem
1500 3667 1881 3738 ignorantiam
1927 3670 2065 3726 insi-

419 3747 638 3814 nuavit,
662 3752 719 3804 et
749 3745 827 3804 ita
857 3755 915 3804 et
947 3751 1075 3821 hic;
1109 3753 1371 3810 homines
1400 3761 1537 3811 sunt
1568 3757 1968 3828 negotiatores,
2007 3763 2064 3815 et

419 3833 966 3906 aliquidnesciunt,
999 3853 1101 3894 nec
1131 3841 1335 3897 vicarii
1359 3841 1494 3898 facti
1517 3849 1652 3900 sunt
1671 3862 1686 3915 ;
1705 3845 1799 3900 sed
1825 3845 2064 3904 Photius

423 3921 592 3978 ﬁnxit
616 3928 680 3978 ut
699 3923 884 3981 voluit
902 3930 959 3982 et
978 3941 1266 3986 sermones
1295 3936 1351 3986 et
1381 3945 1668 4002 personas.
1701 3933 2059 3992 Sanctissimi

420 4009 624 4066 vicarii
656 4013 904 4070 senioris
933 4015 1120 4071 Roma:
1159 4018 1432 4076 dixerunt
1459 4022 1528 4077 ad
1577 4019 1749 4078 falsos
1780 4023 2058 4079 vicarios:

423 4097 612 4154 Facite
642 4099 890 4167 libellos,
935 4108 992 4160 et
1019 4106 1492 4164 anathematizate
1529 4124 1626 4166 eos
1661 4111 1762 4182 qui
1807 4111 2064 4168 fecerunt

423 4184 604 4244 libros
628 4189 778 4260 illos,
802 4197 864 4248 ut
891 4195 1292 4264 suscipiamini
1319 4198 1376 4253 in
1395 4200 1870 4256 communionem.
1895 4203 2064 4258 Leon-

423 4275 710 4334 tiusdixit
736 4297 748 4333 :
772 4281 964 4352 Neque
999 4284 1206 4354 scripsi
1245 4285 1302 4340 in
1332 4285 1477 4343 libro
1515 4288 1640 4355 hoc,
1661 4302 1842 4358 neque
1861 4303 2062 4361 cogno-

2177 475 2518 545 praapositus
2541 476 2725 532 dixit:
2778 480 3088 548 Imperator
3134 484 3326 536 noster
3373 483 3607 536 sanctus
3634 480 3822 537 admo-

2177 576 2336 630 nens,
2375 569 2432 619 et
2473 565 2784 625 consilium
2821 565 2986 636 dans,
3021 567 3169 623 dicit
3205 568 3274 624 ad
3315 567 3574 624 sedentes
3621 568 3680 624 in
3716 569 3823 625 hac

2175 649 2410 722 synodo,
2443 656 2499 708 et
2531 657 2765 725 stantes,
2789 659 2845 709 et
2865 655 2931 710 ad
2968 655 3298 712 universum
3335 670 3690 713 communem
3714 672 3824 728 po—

2177 741 2408 809 pulum:
2441 741 2654 812 Videte,
2695 742 2947 812 qualiter
2975 749 3212 813 apparet
3247 743 3480 816 veritas,
3522 750 3580 800 et
3620 745 3720 802 lux
3757 746 3818 801 in

2175 829 2427 886 tenebris
2456 829 2630 899 lucet,
2662 837 2718 886 et
2741 845 2852 888 non
2882 832 3390 903 comprehenditur
3417 832 3488 888 ab
3517 833 3634 890 eis:
3669 847 3820 890 men-

2171 917 2334 973 dacia
2371 922 2428 974 et
2469 919 2729 976 seductio
2771 921 3056 990 quomodo
3102 921 3420 992 apparent?
3457 927 3511 978 et
3536 921 3822 994 quomodo

2169 1007 2350 1062 crevit
2375 1007 2588 1064 veritas
2618 1007 2789 1065 hodie
2811 1009 2840 1063 Ὺ
2869 1009 3140 1082 quisquis
3183 1010 3351 1066 habet
3390 1010 3724 1068 scandalum
3757 1012 3818 1067 in

2168 1094 2360 1150 anima
2395 1109 2518 1166 sua,
2560 1098 2789 1154 accedat
2817 1097 2885 1154 ad
2915 1103 3170 1155 sanctam
3195 1097 3506 1155 Ecclesiam
3527 1099 3666 1170 Dei;
3714 1113 3822 1156 ne-

2169 1197 2280 1254 que
2303 1185 2456 1240 enim
2481 1185 2650 1241 habet
2669 1187 3025 1244 occasionem
3049 1188 3523 1260 qualemcunque.
3551 1189 3644 1245 Sic
3675 1203 3820 1260 ope—

2169 1279 2330 1329 ratur
2357 1279 2618 1331 sanctum
2652 1275 2958 1344 imperium
2991 1281 3270 1348 nostrum,
3301 1281 3365 1332 ut
3400 1277 3666 1334 excludat
3696 1291 3817 1334 om-

2168 1375 2292 1418 nem
2313 1364 2690 1433 occasionem,
2710 1369 2774 1421 ut
2795 1379 2906 1422 non
2935 1365 3193 1422 habeatis
3213 1379 3340 1422 cras
3359 1367 3785 1423 excusationem
3801 1391 3814 1404 -

2168 1450 2372 1508 Sancta
2417 1453 2701 1523 synodus:
2737 1455 2886 1510 Deus
2923 1459 3217 1511 conservet
3259 1454 3585 1525 piissimum
3629 1455 3825 1525 impe-

2173 1546 2436 1597 ratorem.
2467 1542 2804 1614 Interrogati
2827 1547 2964 1599 sunt
2979 1544 3354 1614 metrOpolit-ae
3371 1543 3472 1614 qui
3493 1542 3816 1614 subscripti

2171 1635 2334 1686 erant
2371 1630 2432 1685 in
2473 1629 2622 1687 libro
2661 1630 2783 1700 illo,
2823 1632 2894 1688 de
2928 1631 3182 1702 pr0priis
3219 1631 3640 1702 scriptionibus
3684 1645 3816 1702 qua:

2093 1703 2146 1763 Β
2171 1721 2334 1774 erant
2373 1718 2432 1774 in
2464 1717 2645 1774 libro:
2689 1720 2900 1774 Vestrae
2935 1725 3072 1776 sunt
3112 1719 3197 1775 hae
3221 1719 3722 1791 subscriptiones?
3751 1721 3822 1775 Et

2169 1807 2442 1863 dixerunt
2473 1821 2704 1864 omnes:
2733 1807 2916 1864 Absit.
2946 1808 3307 1864 Sanctissimi
3338 1808 3543 1864 vicarii
3567 1807 3820 1866 senioris

2171 1897 2358 1953 Roma:
2406 1897 2807 1970 ﬂagitaverunt
2859 1897 3132 1954 Basilium
3178 1897 3394 1954 Christi
3451 1897 3700 1954 amicum
3759 1900 3822 1954 et

2172 1998 2440 2056 magnum
2491 1985 2912 2057 imperatorem,
2968 1991 3033 2043 ut
3081 1985 3364 2059 legeretur
3417 1997 3597 2042 canon
3629 1985 3817 2041 sancti

2170 2074 2401 2130 Martini
2435 2087 2590 2145 papa:
2629 2075 2890 2141 Romani,
2931 2088 3098 2146 quem
3135 2075 3492 2146 deprompsit
3539 2075 3610 2130 de
3655 2073 3818 2130 omni

2171 2161 2314 2220 falso
2343 2163 2579 2220 vicario.
2606 2165 2676 2220 Et
2703 2163 2996 2234 accipiens
3023 2165 3343 2234 Stephanus
3371 2165 3484 2220 Deo
3513 2160 3820 2218 amicissi-

2171 2266 2298 2308 mus
2333 2252 2613 2308 diaconus
2649 2256 2704 2308 et
2748 2252 3027 2323 notarius,
3061 2252 3200 2324 legit
3235 2253 3389 2308 hunc
3438 2247 3712 2308 canonem
3747 2249 3814 2305 in

2169 2341 2522 2398 audientiam
2547 2341 2824 2397 omnium.

2490 2465 2665 2536 Caput
2697 2467 2794 2521 XX
2829 2467 3044 2520 concilii
3089 2467 3490 2522 Lateranensis.

2237 2592 2297 2648 Si
2330 2592 2482 2663 quis,
2525 2591 2837 2648 secundum
2882 2589 3186 2648 sceleratos
3216 2591 3534 2662 haereticos,
3563 2605 3820 2663 quomo-

2167 2682 2488 2752 docunque,
2517 2685 2617 2736 aut
2647 2679 2834 2750 verbo,
2861 2685 2962 2736 aut
3003 2685 3274 2751 tempore,
3306 2685 3406 2737 aut
3437 2679 3561 2737 loco
3605 2680 3820 2736 termi-

2167 2784 2270 2827 nos
2327 2770 2721 2826 transmittens
2760 2769 2986 2839 illicite,
3035 2784 3180 2840 quos
3231 2777 3544 2840 posuerunt
3586 2769 3820 2827 ﬁrmius

2167 2858 2366 2916 sancti
2389 2859 2684 2915 catholicae
2710 2858 2970 2915 Ecclesiae
3007 2859 3221 2928 Patres,
3261 2863 3318 2914 et
3341 2865 3549 2914 sancta:
3583 2864 3639 2914 et
3670 2859 3818 2915 uni-

2167 2945 2414 3003 versales
2453 2947 2710 3018 quinque
2748 2946 2972 3017 synodi,
3007 2946 3288 3002 novitates
3330 2953 3539 3002 temere
3570 2947 3819 3004 adiuve-

2169 3037 2314 3107 nire,
2357 3040 2412 3091 et
2455 3035 2586 3092 ﬁdei
2612 3035 2853 3090 alterius
2895 3035 3304 3107 expositiones,
3337 3040 3441 3092 aut
3479 3040 3662 3108 typos,
3711 3040 3819 3092 aut

2172 3127 2341 3199 leges,
2387 3129 2488 3180 aut
2519 3123 2904 3180 deﬁnitiones.
2935 3129 3036 3179 aut
3067 3123 3312 3196 libellos,
3343 3129 3444 3180 aut
3483 3124 3815 3196 relationes,

2169 3220 2271 3271 aut
2315 3213 2608 3284 epistolas.
2657 3217 2758 3268 aut
2813 3211 3286 3282 subscriptiones.
3332 3217 3432 3268 aut
3484 3211 3820 3269 testimonia

2172 3302 2335 3364 falsa.
2381 3306 2482 3359 aut
2531 3301 2798 3373 synodos,
2844 3307 2946 3358 aut
2975 3307 3138 3357 actus
3165 3305 3681 3372 monumentorum,
3713 3306 3821 3358 aut

2171 3391 2570 3456 ordinationes
2597 3402 2809 3455 vacuas
2829 3394 2886 3444 et
2929 3388 3334 3446 ecclesiasticae
3381 3390 3594 3462 regulae
3645 3390 3822 3446 inco-

2172 3482 2382 3554 gnitas,
2415 3484 2516 3534 aut
2555 3478 2666 3534 loci
2697 3482 3034 3549 servatores,
3087 3478 3145 3535 id
3194 3483 3282 3535 est
3327 3479 3576 3535 vicarios
3621 3478 3822 3536 incon-

2172 3583 2347 3642 gruos
2375 3573 2431 3624 et
2458 3566 2584 3622 sine
2607 3565 2798 3638 regula
2832 3571 2890 3622 et
2911 3566 3314 3638 compendiose
3341 3567 3550 3637 dicere,
3591 3567 3642 3623 si
3671 3567 3816 3638 quid

2171 3658 2330 3714 aliud
2364 3655 2734 3726 impiissimis
2751 3655 3037 3712 haereticis
3062 3661 3396 3713 consuetum
3417 3661 3504 3712 est
3529 3669 3694 3729 agere
3715 3669 3822 3728 per

2170 3744 2513 3802 diabolicam
2581 3743 2988 3814 Operationem,
3041 3749 3296 3800 tortuose
3348 3749 3406 3800 et
3444 3744 3653 3801 callide
3691 3745 3823 3818 agit

2172 3839 2369 3893 contra
2423 3833 2548 3904 pias
2617 3831 2997 3888 orthodoxum
3051 3832 3350 3889 catholicae
3395 3833 3680 3903 Ecclesiae,
3756 3834 3818 3890 id

2171 3930 2256 3983 est
2308 3929 2572 3995 paternas
2617 3923 2744 3993 ejus
2789 3926 2848 3977 et
2891 3921 3194 3992 synodales
3241 3921 3678 3992 praedicationes
3743 3924 3818 3980 ad

2173 4011 2616 4085 peremptionem
2677 4006 2812 4084 [al.,
2871 4007 3255 4085 eversionem]
3301 4011 3710 4068 sincerissima:
3757 4013 3822 4069 in

2169 4103 2472 4159 Dominum
2496 4103 2753 4156 nostrum
2777 4102 2834 4154 et
2856 4099 3032 4154 Deum
3054 4099 3245 4154 Jesum
3261 4099 3554 4156 Christum
3582 4098 3826 4157 confes-

2170 4192 2376 4257 sionis,
2399 4194 2454 4246 et
2476 4201 2656 4260 usque
2683 4187 2740 4242 in
2769 4186 2934 4242 ﬁnem
2956 4186 3082 4242 sine
3115 4188 3449 4256 poenitentia
3489 4194 3820 4259 permanet;

2171 4281 2288 4337 hac
2331 4278 2507 4348 impie
2545 4288 2716 4348 agens
2746 4275 3098 4346 hujusmodi,
3147 4275 3206 4331 in
3235 4275 3442 4332 saecula
3472 4277 3819 4335 saeculorum

424 4377 518 4421 sco
545 4380 692 4424 eum.
728 4369 932 4428 Sancta
961 4375 1214 4442 synodus
1237 4374 1937 4434 dixit:Anathematizate
1957 4380 2057 4450 qui
2087 4389 2143 4450 ι)
2173 4371 2252 4426 sit
2306 4367 2733 4434 condemnatus:
2775 4367 2831 4418 εί
2885 4363 3042 4418 dicat
3097 4365 3287 4420 οωηίδ
3333 4367 3622 4436 Populus:
3664 4367 3818 4439 Fiat:

424 4451 561 4510 fecit
588 4471 738 4527 eum,
782 4464 838 4514 et
879 4462 1226 4531 conscripsit
1268 4477 1396 4518 eum
1468 4463 1620 4520 Falsi
1659 4465 1861 4522 vicarii
1893 4467 2065 4523 dixe—

424 4551 592 4600 runt:
637 4547 814 4604 Habet
840 4561 860 4588 ·
888 4551 1186 4606 anathema
1219 4552 1317 4623 qui
1339 4561 1674 4624 c00peratus
1706 4560 1793 4610 est
1823 4556 1880 4610 in
1914 4555 2064 4613 libro

425 4633 554 4689 isto.
589 4635 830 4692 Senatus
855 4638 1036 4694 dixit:
1071 4639 1351 4708 Quoniam
1385 4655 1496 4698 non
1541 4641 1718 4699 vultis
1747 4643 2068 4700 anathema-

424 4721 620 4795 tizare,
647 4731 882 4795 apparet
899 4727 1034 4796 quia
1056 4729 1495 4800 comparticipes
1524 4731 1648 4800 ejus
1682 4732 1843 4802 estis,
1878 4739 1942 4789 ut
1965 4737 2066 4790 aut

423 4811 984 4870 anathematizemini
1032 4821 1089 4872 et
1137 4817 1272 4889 ipsi,
1323 4824 1425 4874 aut
1463 4819 1771 4875 tradamini
1818 4821 2060 4892 legibus.

421 4899 782 4958 Sanctissimi
827 4903 1030 4960 vicarii
1058 4906 1307 4964 senioris
1338 4908 1524 4963 Romae
1553 4908 1858 4964 dixerunt:
1907 4909 2068 4979 Quo—

423 4988 578 5043 niam
600 5003 705 5046 non
728 4991 1030 5060 patiuntur
1059 4995 1540 5052 anathematizare
1571 4997 1671 5066 qui
1692 4995 1828 5052 fecit
1855 4998 2065 5054 malum

423 5075 550 5146 hoc,
583 5079 1054 5148 quemadmodum
1085 5083 1322 5152 scripsit
1352 5084 1752 5142 sanctissimus
1779 5085 2069 5142 Adrianus

403 5179 568 5242 _papa
597 5167 666 5223 ad
705 5167 1032 5237 piissinum
1067 5171 1484 5242 imperatorem,
1533 5175 1834 5230 tradantur
1877 5174 2062 5246 nobis,

423 5259 480 5309 et
524 5254 870 5312 descendant
921 5258 1218 5316 nobiscum
1271 5262 1519 5318 Romam.
1573 5261 1838 5318 Leontius
1877 5262 2058 5318 dixit:

421 5341 735 5399 Anathema
777 5350 834 5400 et
873 5345 984 5419 illi,
1025 5354 1081 5404 et
1123 5349 1175 5405 ei
1221 5349 1320 5420 qui
1353 5350 1768 5420 scripsitcum.
1817 5350 2065 5407 Basilius

423 5430 610 5487 dixit:
635 5431 944 5490 Anathema
966 5436 1019 5492 ei
1042 5437 1143 5508 qui
1166 5437 1328 5492 dedit
1359 5438 1622 5494 libellum
1644 5443 1841 5494 contra
1864 5452 2064 5510 papam

493 5564 518 5592 ⁸
545 5555 710 5613 Forte
739 5557 952 5614 habeat.

2175 4460 2311 4604 ﬁallii
2356 4550 2482 4616 post
2527 4541 2962 4613 completionem
3004 4543 3262 4615 canonis,
3323 4559 3562 4617 surgens
3601 4547 3826 4604 Metro—

2175 4640 2388 4712 phanes
2418 4637 2530 4691 Deo
2548 4631 2817 4689 amabilis
2843 4631 3205 4702 metropolita
3224 4634 3495 4706 Smyrnae,
3519 4635 3825 4692 allocutus

2174 4733 2260 4786 est
2300 4739 2434 4782 voce
2462 4722 2663 4798 grandi
2707 4721 2766 4776 in
2795 4720 3147 4777 audientiam
3188 4723 3389 4794 synodi
3423 4725 3538 4780 ita:
3593 4725 3828 4781 Veritas

2173 4825 2260 4875 est
2289 4815 2530 4888 pecunia
2556 4811 2778 4888 [Grece
2805 4812 3028 4891 χρῆμα]
3059 4812 3287 4869 cunctis
3313 4812 3451 4870 aliis
3470 4813 3642 4870 rebus
3679 4813 3833 4870 vali-

2174 4907 2305 4964 dior
2333 4911 2389 4961 et
2418 4904 2625 4962 fortior
2656 4909 2826 4977 atque
2865 4905 3186 4963 robustior:
3222 4902 3435 4959 veritas
3461 4907 3548 4958 est
3576 4902 3826 4972 pecunia

2179 4994 2587 5064 intractabilis,
2621 4999 2678 5050 et
2706 4994 2975 5052 omnibus
3019 4991 3353 5050 hominibus
3385 4990 3822 5048 ineluctabilis:

2177 5085 2388 5140 veritas
2411 5088 2498 5138 est
2525 5083 2714 5138 omnia
2744 5083 2990 5154 vincere,
3013 5087 3070 5138 et
3094 5080 3254 5136 valde
3273 5085 3677 5151 competenter,
3727 5085 3830 5137 est

2176 5174 2350 5242 enim,
2378 5175 2562 5226 exstat
2603 5171 2832 5242 veritas,
2873 5177 2930 5226 et
2971 5185 3176 5226 rursus
3202 5168 3414 5224 veritas
3439 5173 3644 5240 exstat,
3689 5172 3784 5224 est
3826 5189 3844 5239 ;

2177 5258 2506 5331 hujusmodi
2532 5271 2774 5330 namque
2801 5258 3158 5314 verissimam
3179 5256 3507 5326 opinionem
3538 5254 3834 5326 approbat

2173 5349 2345 5405 etiam
2366 5346 2632 5402 Christus
2655 5347 2910 5404 omnium
2943 5353 3200 5402 nostrum
3231 5343 3487 5400 Salvator
3515 5349 3572 5400 et
3611 5345 3836 5400 Domi—

2175 5451 2304 5508 nus,
2335 5439 2507 5506 atque
2534 5434 2851 5506 principale
2878 5442 2937 5491 et
2956 5435 3197 5492 Verbum
3229 5432 3331 5488 Dei
3361 5445 3428 5488 ac
3449 5432 3632 5488 Patris
3664 5437 3832 5490 utro-
