4052 6168
261 259 368 319 125

912 224 917 236 ”
991 262 1533 320 INTERPRETATIO
1568 261 1817 319 stom
1853 261 1973 318 vm
2011 262 2413 320 amamus.
2436 293 2511 303 —
2544 261 2746 318 ACTIO
2772 262 2909 318 VIII.

3557 257 3657 333 ωδ

259 402 375 460 que
405 403 468 446 se
492 389 771 447 vocabulo
796 390 1114 447 nominans.
1145 391 1403 462 Denique
1432 405 1561 447 cum
1588 391 1726 447 olim
1757 392 1908 448 Deus
1947 388 2007 450 A
2026 392 2273 449 senioris
2297 392 2484 449 Roma:
2529 392 2841 448 dixerunt:
2890 392 2995 445 Per
3025 388 3281 445 diversas
3328 386 3569 457 litteras,
3604 390 3661 441 et

264 478 511 549 loquens
534 480 711 550 Moysi
739 479 947 536 salutis
970 484 1274 550 exponeret
1308 481 1457 552 leges
1469 484 1524 536 et
1544 482 1698 551 jura,
1713 481 1909 537 scisci-

263 568 411 623 tanti
437 567 514 637 ei,
555 573 611 623 et
634 567 946 640 diligenter
996 569 1398 641 interroganti,
1444 571 1592 640 quod
1620 574 1769 626 esset
1813 584 1906 625 no-

262 669 391 712 men
408 658 558 727 ejus,
574 657 724 714 dicit
745 657 815 713 ad
834 672 960 714 eum
987 676 999 712 :
1029 660 1142 725 Ego
1168 674 1288 713 sum
1316 660 1414 728 qui
1427 674 1547 713 sum
1567 658 1582 717 (
1596 659 1771 713 Exod.
1794 660 1906 730 tu).

258 746 324 800 in
348 746 686 802 novissimis
710 752 899 803 autem
932 746 1287 817 temporibus
1320 748 1651 804 incarnatus
1683 752 1911 819 propter

264 832 616 890 ineifabilem
650 856 673 876 τι
703 835 1121 905 isericordiam,
1144 842 1199 891 et
1229 835 1415 893 factus
1444 837 1755 892 secundum
1785 849 1908 907 nos,

262 927 499 992 propter
537 935 642 979 nos
672 922 860 994 homo,
914 922 994 979 ita
1023 924 1171 979 dicit
1191 942 1204 977 ;
1226 924 1339 991 Ego
1356 938 1475 979 sum
1498 925 1613 978 vita
1633 930 1683 978 et
1710 926 1912 978 veritas

258 1008 449 1079 (Joan.
475 1011 629 1084 xxv).
680 1012 865 1084 Igitur
889 1011 1099 1067 veritas
1146 1017 1232 1068 est
1255 1012 1483 1068 cunctis
1528 1012 1666 1068 aliis
1696 1012 1914 1082 justior

262 1099 535 1171 pecunia,
552 1104 608 1155 et
624 1099 894 1157 omnibus
918 1100 1331 1167 ineluctabilis,
1360 1106 1416 1156 et
1430 1102 1551 1158 sola
1569 1114 1695 1172 quae
1720 1102 1913 1157 vincat

258 1187 511 1260 omnia,
533 1187 711 1258 Cujus
734 1194 792 1244 et
817 1189 940 1259 ipse
964 1194 1183 1246 amator
1229 1187 1435 1259 factus,
1464 1190 1648 1246 amice
1692 1189 1910 1245 Christi

258 1276 523 1349 domine,
576 1277 962 1348 triumphator
984 1282 1040 1334 et
1084 1279 1269 1335 victor
1307 1284 1504 1336 contra
1554 1279 1913 1335 mendacium

264 1364 556 1421 hodierno
577 1365 675 1422 die
697 1366 1041 1438 apparuisti,
1070 1371 1125 1422 et
1152 1366 1224 1422 ab
1252 1367 1375 1437 ipsa
1402 1368 1641 1423 veritate
1682 1367 1912 1437 ductus,

258 1458 325 1510 et
347 1467 460 1524 ope
483 1452 688 1526 fretus,
713 1468 745 1511 a
767 1455 997 1511 Christo
1020 1457 1135 1512 Deo
1162 1460 1357 1513 nostro
1381 1457 1783 1513 demonstrasti
1826 1470 1920 1512 an-

261 1543 579 1600 nihilatam
608 1544 978 1616 injustitiam,
998 1549 1053 1601 et
1072 1546 1481 1615 praestruxisti,
1510 1550 1574 1602 ut
1597 1546 1795 1601 divina
1810 1546 1922 1601 elod-

260 1633 409 1702 quia
430 1632 834 1702 pr0phetarum
849 1644 976 1689 vera
996 1632 1357 1691 manifestius
1367 1639 1423 1690 et
1440 1634 1728 1705 liquidius
1740 1639 1921 1691 osten-

2018 482 2416 538 nobilissimos
2441 488 2495 537 et
2522 482 2890 537 ﬁdelissimos
2933 479 3107 535 viros.
3138 478 3236 550 qui
3266 477 3425 531 missi
3459 480 3597 531 sunt
3626 489 3658 529 a

2018 577 2213 627 sancto
2243 576 2298 626 et
2320 571 2535 626 Christi
2564 571 2747 626 amico
2798 569 3138 638 imperatore
3168 581 3232 623 ac
3264 565 3523 635 principe
3552 564 3660 617 Ba—

2019 660 2155 716 silio
2172 660 2239 716 ad
2263 660 2579 730 spiritalem
2597 665 2808 729 patrem
2827 672 2993 713 suum
3009 655 3436 711 sanctissimum
3459 666 3657 723 papam

2019 749 2355 819 Adrianum,
2408 755 2639 819 rogante
2691 762 2787 817 per
2835 746 3134 816 praedictas
3180 743 3453 813 epistolas
3503 754 3655 808 suas,

2021 843 2302 909 quatenus
2322 837 2571 892 mitteret
2586 835 2994 905 apocrisiarios
3010 847 3146 888 suos
3161 832 3230 887 ad
3247 833 3391 887 hanc
3405 833 3656 887 sanctam

2019 928 2259 982 etaDeo
2306 926 2765 994 conservandam,
2804 929 2860 979 et
2884 923 3098 995 regiam
3140 920 3336 976 urbem
3364 938 3379 989 ;
3412 924 3467 974 et
3488 931 3660 973 exor—

2023 1021 2136 1071 tam
2187 1016 2247 1071 in
2277 1014 2517 1070 ecclesia
2563 1015 2662 1070 Dei
2687 1012 3039 1083 temporibus
3087 1010 3211 1066 suis
3245 1007 3656 1067 seductionem,

2021 1110 2078 1160 et
2101 1086 2348 1161 errorem
2369 1103 2789 1159 exterminaret.
2824 1103 2893 1157 Et
2911 1113 3038 1156 ecce
3070 1112 3167 1170 per
3192 1096 3658 1170 gubernationem

2024 1194 2204 1249 sancti
2232 1193 2358 1262 ejus
2384 1192 2611 1263 imperii
2648 1193 2706 1246 in
2730 1192 2832 1246 hac
2872 1194 3065 1245 sancta
3096 1188 3310 1259 synodo
3332 1184 3659 1258 congregati

2025 1296 2226 1338 sumus
2242 1296 2354 1337 una
2374 1295 2503 1337 cum
2522 1279 2903 1336 orientalibus
2932 1277 3188 1344 vicariis,
3210 1276 3309 1346 qui
3331 1288 3440 1331 una
3474 1272 3661 1329 nobis

2026 1386 2153 1426 cum
2181 1371 2456 1426 sentiunt.
2486 1368 2828 1424 Audivimus
2856 1372 3042 1423 autem
3075 1380 3173 1421 vos
3197 1377 3387 1420 errare
3413 1366 3468 1419 et
3490 1360 3665 1417 decli-

2029 1473 2163 1515 nare
2190 1458 2261 1515 ab
2282 1459 2597 1514 orthodoxa
2632 1458 2759 1524 ﬁde,
2792 1462 2849 1512 et
2874 1456 3024 1512 nolle
3063 1454 3361 1511 nobiscum
3385 1452 3666 1507 honorare

2027 1553 2083 1604 et
2106 1548 2289 1603 colere
2317 1547 2594 1617 pretiosas
2620 1547 2815 1601 iconas
2856 1544 3085 1600 Domini
3115 1541 3295 1598 nostri
3326 1542 3456 1595 Jesu
3490 1537 3668 1593 Chri—

2030 1637 2127 1706 sti,
2150 1641 2206 1691 et
2249 1636 2625 1693 sanctissimae
2651 1636 2851 1690 matris
2897 1635 3042 1704 ejus,
3068 1639 3124 1687 et
3152 1630 3408 1688 omnium
3435 1630 3670 1684 sancto—

259 1720 551 1777 derentur
573 1721 746 1777 etiam
768 1734 922 1779 nunc
940 1722 1210 1779 omnibus
1236 1722 1591 1794 horninibus,
1608 1725 1681 1781 de
1707 1724 1921 1795 quibus
1953 1711 2003 1771 Β
2032 1740 2157 1783 rum
2183 1727 2328 1795 ejus,
2355 1731 2410 1780 et
2437 1730 2664 1795 propter
2694 1724 2839 1779 hanc
2877 1735 3104 1779 causam
3136 1720 3506 1776 admonemus
3548 1728 3664 1783 vos,

262 1809 552 1880 Scripura
606 1808 799 1867 fatur:
828 1810 892 1866 Si
904 1812 1303 1881 justiﬁcabitur
1326 1814 1387 1866 in
1422 1817 1628 1866 statera
1655 1814 1918 1882 injustas,

264 1902 329 1953 et
362 1900 422 1952 in
463 1902 744 1969 marsupio
765 1899 985 1970 pondus
1004 1900 1119 1954 doli
1142 1897 1327 1971 (Prov.
1365 1899 1453 1974 Η).
1477 1902 1556 1956 Ex
1585 1901 1798 1973 quibus
1820 1901 1922 1957 di—

259 1986 454 2043 vitias
498 2000 636 2045 suas
661 1980 955 2058 impietate
995 1988 1393 2059 repleverunt:
1424 1995 1480 2046 et
1513 1991 1611 2061 qui
1660 1990 1920 2047 habitant

259 2088 399 2131 eam
418 2075 802 2147 loquebantur
816 2075 958 2134 falsa
978 2080 1036 2133 et
1059 2077 1259 2150 lingua
1275 2092 1471 2135 eorum
1490 2079 1735 2135 excitata
1751 2082 1837 2135 est
1863 2079 1924 2135 in

262 2177 382 2220 ore
398 2164 678 2235 ipsorum,
700 2165 1175 2236 quemadmodum
1192 2170 1248 2222 et
1262 2167 1417 2223 alius
1438 2167 1733 2239 pr0pheta,
1752 2168 1926 2225 Oseas

266 2252 576 2324 videlicet,
600 2254 925 2311 evidentius
948 2254 1186 2311 clamat:
1217 2257 1320 2311 Hic
1336 2262 1414 2312 est
1436 2256 1648 2320 Achab,
1679 2260 1737 2312 in
1757 2274 1927 2313 manu

266 2341 408 2410 ejus
452 2347 658 2397 statera
679 2344 984 2411 iniustitiae,
1014 2347 1123 2400 vim
1157 2346 1363 2413 inferre
1401 2347 1612 2402 dilemit.
1663 2348 1733 2402 Et
1783 2348 1927 2402 dicit

266 2429 548 2500 Ephraim
566 2447 583 2484 :
607 2431 983 2487 Verumtamen
1002 2434 1212 2490 ditatus
1223 2451 1361 2498 sum,
1379 2438 1565 2490 inveni
1578 2437 1926 2503 refrigerium

264 2517 637 2589 mihimetipsi
650 2537 668 2573 :
695 2532 873 2575 omnes
889 2521 1098 2578 dolores
1122 2539 1231 2579 non
1260 2526 1607 2579 invenientur
1635 2526 1684 2579 ei
1700 2530 1927 2595 propter

271 2605 596 2675 injustitias
606 2623 742 2677 quas
752 2610 1153 2682 peccavit(0se.
1171 2626 1253 2669 xu
1271 2612 1305 2685 ).
1336 2613 1622 2669 Etiterum
1638 2613 1786 2669 idem
1806 2627 1929 2683 pro-

276 2695 486 2766 pheta,
513 2694 764 2768 iigurans
793 2712 976 2756 mores
1015 2700 1312 2758 hominum
1340 2701 1440 2772 qui
1480 2714 1623 2758 vana
1647 2707 1704 2758 et
1730 2702 1928 2759 inania

272 2784 612 2855 loquuntur
632 2790 691 2842 et
712 2787 993 2860 scribunt,
1023 2790 1101 2846 ita
1124 2790 1303 2848 dicit:
1333 2791 1599 2862 Corrupta
1624 2794 1930 2847 seminave—

268 2877 446 2936 runt,
476 2878 527 2929 et
548 2875 747 2929 eversio
772 2891 954 2932 eorum
998 2880 1197 2950 excipit
1216 2894 1316 2934 ea:
1344 2881 1662 2950 manipulus
1685 2895 1795 2935 non
1820 2881 1930 2934 ha—

272 2962 424 3017 bent
472 2963 850 3029 fortitudinem
897 2966 974 3021 ad
994 2967 1308 3035 faciendam
1329 2970 1617 3036 farinam;
1648 2972 1698 3023 si
1732 2984 1858 3023 vero
1878 2975 1929 3023 et

2031 1816 2163 1886 quia
2214 1828 2364 1871 nunc
2388 1828 2515 1869 ecce
2543 1813 2761 1883 adjacet
2790 1812 2954 1869 vobis
2995 1815 3194 1881 portus
3226 1807 3453 1877 salutis,
3505 1803 3668 1861 vobis

2031 1909 2282 1975 apertus,
2305 1908 2361 1959 et
2389 1902 2638 1973 suscipit
2662 1917 2761 1958 vos
2789 1906 2983 1957 sancta
3005 1899 3257 1955 Ecclesia
3282 1898 3341 1952 in
3364 1894 3520 1951 ulnis
3545 1892 3670 1949 suis

2034 2007 2132 2064 per
2163 1993 2306 2048 hanc
2337 1997 2607 2062 sanctam,
2633 1990 3045 2060 honorabilem,
3072 1993 3129 2044 et
3158 1984 3535 2045 universalem
3588 1996 3674 2053 sy-

2037 2084 2269 2153 nodum,
2300 2096 2398 2151 per
2433 2079 2880 2137 satisfactionem
2908 2083 2965 2135 et
2990 2077 3361 2147 scriptionem
3390 2072 3594 2143 libelli,
3616 2076 3673 2126 et

2036 2172 2419 2241 suscipiemus
2443 2184 2542 2226 vos
2568 2170 2628 2224 in
2676 2168 3133 2225 communionem
3156 2164 3452 2221 catholica:
3491 2160 3674 2217 Eccle-

2035 2261 2154 2316 siae.
2183 2261 2341 2329 Quod
2369 2261 2419 2316 si
2449 2259 2756 2316 nolueritis
2796 2256 3069 2313 exaudire
3108 2268 3231 2322 nos,
3260 2257 3316 2309 et
3344 2254 3596 2307 sanctam
3618 2253 3673 2304 et

2037 2349 2413 2405 universalem
2445 2349 2722 2419 synodum
2753 2347 2917 2417 hanc,
2967 2343 3253 2401 habebitis
3284 2347 3398 2397 tam
3428 2353 3459 2394 a
3484 2338 3669 2409 nobis,

2035 2452 2203 2509 quam
2230 2452 2261 2493 a
2287 2443 2404 2494 tota
2444 2443 2637 2493 sancta
2678 2437 2778 2492 Dei
2821 2434 3091 2503 Ecclesia,
3122 2437 3178 2488 et
3227 2432 3330 2487 hac
3358 2426 3671 2486 universali

2035 2528 2269 2598 synodo,
2290 2527 2629 2584 sententiam
2661 2524 3059 2582 anathematis.
3082 2519 3443 2579 Sanctissimi
3469 2515 3672 2571 vicarii

2036 2616 2403 2673 orientalium
2454 2615 2676 2671 sedium
2715 2615 3026 2670 dixerunt:
3072 2613 3140 2667 Et
3165 2624 3267 2666 nos
3311 2608 3381 2664 de
3411 2604 3592 2662 sacris
3621 2607 3678 2659 et

2036 2706 2253 2762 sanctis
2271 2705 2486 2761 Christi
2507 2705 2671 2773 locis,
2692 2718 2816 2774 qua:
2842 2701 3186 2776 gloriﬁcavit
3208 2697 3487 2755 Dominus
3512 2705 3677 2763 appa-

2037 2794 2251 2849 ritione
2271 2793 2469 2865 gloriae
2498 2807 2636 2859 suae,
2668 2790 2994 2847 transmissi
3027 2802 3227 2845 sumus
3248 2784 3319 2841 ab
3344 2797 3409 2840 eo
3434 2783 3503 2838 ad
3531 2793 3680 2837 com-

2038 2896 2264 2939 munem
2309 2882 2571 2952 salutem,
2603 2884 2716 2935 tam
2748 2883 3010 2948 vestram,
3040 2889 3209 2948 quam
3236 2873 3513 2930 omnium.
3561 2868 3681 2924 Ro—

2039 2984 2236 3042 gamus
2259 2982 2413 3041 ergo,
2440 2973 2504 3025 ut
2523 2968 2826 3037 obediatis,
2843 2971 2899 3021 et
2914 2979 3012 3022 vos
3035 2965 3190 3035 ipsos
3213 2976 3245 3017 a
3270 2963 3465 3016 sancta
3490 2955 3679 3011 catho-

267 3052 501 3120 fecerit,
521 3050 689 3105 alieni
711 3054 983 3109 comedent
1018 3072 1135 3111 eam
1158 3053 1319 3128 (Osee
1372 3057 1491 3131 ill);
1540 3057 1926 3129 adimplevisti
1959 3061 2008 3124 (ζ’.
2038 3058 2150 3114 lica
2175 3057 2421 3113 Ecclesia
2444 3056 2678 3111 minime
2701 3054 3054 3126 projiciatis;
3094 3064 3274 3122 neque
3295 3048 3573 3105 vobismet
3596 3044 3681 3099 in-

268 3143 483 3197 autem
532 3138 720 3211 hodie,
768 3142 1027 3213 Domine,
1055 3157 1371 3202 sermonem
1420 3145 1570 3203 beati
1620 3146 1926 3217 prophetae,

273 3227 398 3299 qui
476 3230 674 3289 dicit:
742 3235 998 3303 Reliquiae
1066 3235 1358 3304 impiorum
1426 3235 1934 3290 emterminabuntur

274 3319 451 3374 Psal.
486 3333 660 3380 xxxv:
679 3324 719 3397 );
736 3337 840 3395 pro
857 3322 1071 3394 quibus
1088 3326 1142 3378 te
1172 3323 1500 3393 piissimum
1535 3323 1932 3394 imperatorem

278 3408 757 3481 interemptorem
807 3413 1134 3483 injustitize,
1166 3413 1575 3469 eradicatorem
1627 3412 1931 3483 mendacii,

274 3496 668 3566 piantatorem
702 3501 955 3573 pietatis,
986 3503 1371 3558 innovatorem
1397 3502 1685 3571 veracium
1711 3502 1938 3574 dogma-

280 3592 445 3656 tum,
472 3589 726 3647 omnium
755 3591 1066 3662 imperator
1087 3596 1147 3647 et
1168 3591 1527 3647 omnitenens
1550 3593 1700 3647 Deus
1740 3597 1934 3647 noster

275 3676 546 3748 roborat,
568 3681 625 3734 et
636 3679 946 3737 secundum
967 3679 1260 3751 spiritum,
1278 3686 1335 3736 et
1350 3680 1661 3737 secundum
1686 3694 1934 3751 carnem,

272 3771 345 3822 et
396 3766 690 3823 conﬁrmet
716 3768 1020 3838 imperium
1052 3772 1237 3839 tuum,
1263 3772 1320 3824 et
1343 3769 1640 3825 confirmet
1665 3774 1720 3825 te
1769 3783 1940 3839 pros-

278 3867 434 3924 pere
490 3869 728 3926 semper,
753 3861 811 3913 et
857 3856 917 3912 in
944 3857 1212 3914 omnibus
1259 3870 1359 3927 per
1386 3862 1614 3914 sanctas
1651 3857 1942 3914 orationes

274 3944 613 4016 coangelici
664 3950 721 4002 et
769 3944 829 4001 in
876 3945 1020 4002 caelo
1069 3945 1242 4002 etiam
1289 3946 1681 4003 conversantis
1738 3946 1938 4017 patris,

276 4032 512 4105 Ignatii
538 4034 800 4091 videlicet
825 4034 1178 4091 sanctissimi
1230 4034 1590 4104 patriarchae,
1623 4037 1680 4090 et
1703 4040 1945 4090 czetero-

283 4133 432 4177 rum
458 4121 949 4179 sanctissimorum
996 4122 1341 4179 vicariorum
1369 4122 1618 4179 senioris
1639 4122 1846 4194 Romae,
1879 4135 1945 4177 ac

2038 3146 2310 3203 deﬁciens
2344 3145 2748 3201 detrimentum
2790 3144 2850 3199 in
2890 3147 3176 3214 posterum
3217 3136 3498 3195 inferatis.
3542 3134 3682 3188 Ecce

2046 3249 2196 3291 nunc
2226 3247 2648 3291 commonemus
2675 3247 2775 3289 vos
2804 3232 2862 3288 in
2890 3232 3033 3287 hanc
3063 3231 3281 3298 horam,
3308 3239 3376 3281 ne
3408 3223 3551 3280 forte
3572 3220 3681 3277 ob-

2046 3328 2304 3379 struatur
2323 3323 2487 3378 vobis
2515 3322 2748 3391 ostium,
2772 3322 2829 3376 et‘
2856 3321 2981 3375 sine
3020 3316 3369 3388 paenitentia:
3403 3314 3565 3369 lucro
3585 3323 3685 3365 vos

2047 3412 2461 3483 poeniteamini,
2494 3412 2716 3466 Bahane
2746 3411 2939 3478 itaque
2979 3402 3547 3478 magniﬁcentissimo
3580 3413 3686 3470 pa—

2046 3501 2218 3557 tricio
2241 3507 2297 3556 et
2324 3499 2644 3571 praeposito,
2675 3502 2732 3553 et
2763 3499 2939 3553 Leone
2967 3490 3535 3565 magniﬁcentissimo
3566 3500 3687 3557 pro-

2046 3590 2281 3647 consule
2328 3603 2393 3645 ac
2441 3587 2704 3659 patricio,
2757 3599 2854 3657 per
2895 3584 3213 3655 jussionem
3262 3577 3462 3635 Basilii
3513 3574 3685 3631 amici

2044 3680 2259 3736 Christi
2320 3678 2701 3749 imperatoris,
2763 3676 2956 3731 missis
2985 3674 3054 3729 ad
3114 3671 3446 3742 praedictum
3499 3666 3686 3721 virum

2046 3769 2424 3837 Theodorum,
2459 3768 2556 3839 qui
2613 3766 2936 3837 appellatur
2980 3761 3282 3818 Crithinus
3308 3773 3330 3800 ι
3359 3758 3517 3814 lectm
3557 3758 3690 3811 sunt

2050 3872 2215 3915 voces
2259 3856 2756 3914 sanctissimorum
2802 3853 3150 3909 vicariorum
3184 3847 3431 3904 senioris
3478 3845 3686 3915 Romae,

2050 3951 2109 4004 et
2136 3946 2503 4003 orientalium
2536 3945 2780 4001 sedium.
2815 3942 2887 3998 At
2933 3956 3063 3997 vero
3092 3939 3359 3996 Crithino
3388 3935 3539 3992 nihil
3591 3948 3689 3990 re-

2053 4037 2383 4107 spondente,
2397 4034 2557 4090 dedit
2568 4034 2620 4089 ei
2635 4033 2887 4089 Bahanes
2905 4027 3512 4102 magniﬁcentissimus
3522 4022 3696 4094 patri-

2052 4126 2181 4182 cius
2225 4129 2282 4180 et
2331 4123 2672 4194 prmpositus
2715 4121 3021 4179 numisma.
3072 4118 3453 4174 characterem
3508 4112 3695 4169 ferens

282 4207 685 4265 Orientalium
711 4210 956 4281 sedium,
982 4215 1038 4267 et
1077 4210 1355 4281 subjiciat
1379 4210 1486 4267 tibi
1514 4223 1709 4267 omnes
1735 4210 1947 4265 barba-
2055 4213 2255 4269 Basilii
2284 4211 2499 4267 Christi
2531 4211 2703 4266 amici
2733 4216 2789 4265 et
2811 4208 2998 4281 magni
3033 4204 3418 4276 imperatoris,
3450 4207 3507 4258 et
3544 4200 3697 4257 dixit

288 4309 407 4353 ras
428 4296 707 4366 nationes,
729 4302 787 4354 et
813 4299 1053 4372 dignum
1094 4305 1150 4356 te
1200 4299 1374 4356 faciat
1398 4299 1615 4356 cmlesti
1639 4312 1810 4371 regno
1840 4312 1945 4355 suo
2054 4303 2121 4358 ad
2171 4316 2332 4357 eum:
2369 4302 2677 4371 imperator
2720 4303 2910 4355 noster
2949 4300 3181 4352 sanctus
3225 4293 3455 4348 mandat
3501 4289 3569 4345 ad
3620 4294 3694 4360 te,

285 4398 439 4442 cum
460 4385 731 4444 omnibus
755 4388 855 4459 qui
881 4388 974 4459 pie
995 4393 1392 4461 regnaverunt,
1422 4395 1488 4445 ut
1507 4388 1792 4460 gloriﬁces
1816 4401 1944 4445 eum
1972 4385 2027 4447 D
2058 4405 2326 4448 monens:
2359 4389 2619 4459 Suscipis
2648 4388 2933 4444 numisma
2975 4382 3323 4441 characteris
3346 4379 3501 4435 mei?
3527 4379 3699 4433 Theo-

291 4472 722 4544 indesinenter,
754 4476 891 4547 quia
924 4476 1111 4547 ipsum
1142 4478 1305 4533 decet
1333 4478 1516 4549 gloria
1538 4490 1689 4534 nunc
1712 4481 1769 4533 et
1792 4489 1949 4533 sem—
2054 4480 2250 4552 dorus,
2285 4479 2384 4550 qui
2410 4483 2774 4548 nuncupatur
2800 4475 3102 4531 Crithinus
3127 4472 3319 4527 dixit:
3378 4471 3491 4540 Ego
3537 4466 3701 4522 indi—

294 4574 416 4632 per
441 4561 578 4617 etin
606 4562 814 4620 saecula
838 4564 1200 4621 saeculorum.
1226 4565 1425 4621 Amen.
2059 4583 2207 4642 guns
2244 4582 2392 4638 sum,
2424 4567 2519 4623 sed
2561 4565 2818 4634 suscipio
2850 4563 2994 4619 illud
3046 4575 3217 4631 super
3250 4559 3434 4615 millia
3462 4557 3592 4613 auri
3645 4560 3702 4611 et

379 4650 454 4704 Et
477 4655 604 4719 post
621 4652 1055 4723 completionem
1083 4654 1258 4723 hujus
1294 4654 1752 4725 declamationis,
1782 4654 1953 4710 Basi-
2058 4656 2297 4730 argenti.
2357 4655 2609 4711 Bahanes
2666 4650 3271 4726 magniﬁcentissimus
3320 4646 3601 4719 patricius
3646 4649 3705 4700 et

296 4738 963 4798 liusChristiamicuset
984 4744 1550 4815 magnusimperator
1568 4744 1636 4800 ad
1660 4743 1953 4800 sanctissi-
2063 4746 2405 4818 praepositus
2444 4744 2632 4800 dixit:
2668 4746 2976 4813 Imperator
3008 4744 3200 4796 noster
3229 4742 3461 4795 sanctus
3500 4736 3705 4791 admo—

297 4827 693 4885 mosvicarios
708 4829 957 4887 senioris
978 4832 1167 4887 Romae
1180 4835 1237 4887 et
1255 4831 1511 4887 Orientis
1523 4832 1744 4888 sedium
1767 4832 1947 4888 dixit:
2063 4850 2202 4892 nens
2220 4835 2369 4891 dicit
2381 4834 2450 4889 ad
2474 4839 2554 4889 te:
2580 4834 2832 4889 Honoras
2854 4831 3138 4887 numisma
3159 4826 3515 4885 exarationis
3535 4837 3667 4879 mea:
3682 4822 3711 4876 ‘?

297 4915 662 4986 Theodorus,
677 4918 778 4989 qui
800 4918 1021 4975 dicitur
1038 4918 1359 4991 Crithinus,
1379 4934 1507 4976 curn
1528 4920 1825 4977 sitauctor
1841 4923 1956 4977 ico-
2061 4926 2392 4981 Theodorns
2425 4921 2611 4978 dixit:
2646 4921 2969 4977 Secundum
3002 4919 3152 4989 quod
3181 4920 3406 4987 oportet
3435 4912 3709 4970 honorari

302 5005 661 5062 nomacbicae
688 5007 986 5079 haereseos,
1011 5020 1111 5078 per
1127 5008 1565 5078 praeceptionem
1594 5009 1826 5079 pietatis
1854 5022 1957 5065 ve—

302 5097 469 5162 strae,
496 5093 778 5151 adductus
805 5103 890 5150 est
908 5097 979 5151 ad
1009 5101 1263 5151 sanctam
1294 5102 1351 5152 et
1378 5098 1752 5154 universalem
1795 5112 1958 5169 syno-

302 5182 471 5239 dum:
487 5183 626 5253 quid
638 5196 774 5255 ergo
786 5183 1738 5243 videturvobisdeeoiSanctissimi
1754 5187 1956 5243 vncarii

306 5270 1074 5329 seniorisliomaedixerunt:
1094 5275 1417 5343 Mittantur,
1434 5275 1696 5345 piissime
1706 5276 1957 5349 domine,

308 5359 385 5415 ad
416 5372 548 5415 eum
585 5361 822 5430 quidam
873 5362 1575 5433 magniﬁcentissimorum
1609 5365 1959 5438 principum,

309 5453 372 5504 et
398 5448 600 5504 dicant
624 5454 895 5521 tanquam
912 5464 981 5506 ex
1008 5451 1175 5508 nobis
1201 5452 1283 5508 ita
1310 5469 1322 5506 :
1365 5452 1726 5509 Sanctissimi
1756 5454 1960 5512 vicarii

2067 5013 2353 5070 numisma
2375 5011 2617 5082 regium,
2646 5010 2879 5064 honoro.
2917 5008 3169 5063 Bahanes
3203 5001 3717 5073 magniﬁcentissi—

2068 5117 2195 5158 mus
2217 5100 2495 5171 patricius
2515 5105 2571 5155 et
2594 5098 2934 5168 praepositus
2952 5096 3133 5153 dixit:
3160 5095 3328 5152 lubet
3361 5094 3672 5163 imperator
3688 5090 3717 5144 ‘!

2069 5145 3132 5248 ἰῖιῖιᾎῖἑόἷηὲιξὶῖι”ιιῖ1ἐῖ³[”ἱιὲἇᾷξιῖἰἷε”ἁὲζὶί
3148 5145 3180 5239 εξ
3197 5145 3600 5255 causam
3616 5145 3771 5235 in)

2071 5278 2465 5336 honoroillud.
2485 5277 2736 5332 Bahanes
2754 5274 3356 5347 magniﬁcentissimus
3375 5269 3654 5341 patricius
3666 5274 3721 5323 et

2073 5367 2415 5439 praepositus
2432 5366 2611 5422 dixit:
2633 5364 2801 5420 Iubet
2822 5364 3131 5435 imperator
3152 5368 3343 5418 noster
3368 5364 3601 5415 sanctus
3621 5356 3723 5411 di—

2077 5470 2203 5512 cere
2223 5455 2352 5511 tibi.
2376 5456 2443 5510 Et
2463 5469 2511 5510 Si
2533 5448 2837 5525 imaginem
2863 5466 3062 5522 meam,
3080 5451 3136 5506 id
3159 5455 3246 5505 est
3266 5446 3526 5503 mortalis
3548 5442 3719 5514 regis.

387 5570 418 5601 ι
436 5561 600 5631 Quod
624 5564 1043 5633 interpretatur
1068 5566 1435 5639 hordeaceus,
1461 5567 1563 5637 qui
1587 5568 1858 5627 videlicet
1880 5576 1970 5627 est
1999 5574 2167 5629 cibus
2198 5569 2709 5627 irrationabilium.
