4024 6170
393 245 493 304 127
1615 239 1972 297 ANASTASII
2022 237 2049 292 Ε

2158 238 2559 298 .IOTHECARII
3686 237 3788 294 428

390 389 498 431 non
542 374 630 430 vis
661 373 1023 442 inhonorare,
1057 372 1151 428 sed
1203 371 1619 428 honorabiliter
1659 365 1964 437 suscepisti
1997 377 2029 419 a
2059 363 2118 422 A
2145 365 2214 420 de
2252 368 2432 423 sacris
2456 374 2512 424 et
2560 368 2884 425 reverendis
2935 368 3286 442 imaginibus
3327 366 3557 422 Domini
3603 365 3787 422 nostri

394 475 564 518 manu
589 475 708 517 mea
740 462 839 532 qui
874 475 1000 518 sum
1034 461 1408 531 praepositus;
1441 456 1725 531 quomodo
1753 456 1853 511 Dei
1885 453 2037 509 viri—
2145 457 2274 512 Jesu
2303 457 2541 528 Christi,
2565 461 2804 530 ejusque
2823 472 3045 530 semper
3067 457 3328 529 Virginis
3348 456 3538 512 Mariae
3556 455 3791 526 genitri-

397 549 503 605 lem
537 549 841 620 imaginem
871 547 1100 605 Domini
1148 548 1331 605 nostri
1361 549 1491 604 Jesu
1541 545 1780 612 Christi,
1813 548 1870 599 et
1899 554 2039 598 san-

398 637 672 694 ctissimae
699 636 900 692 matris
927 638 1072 706 ejus,
1106 651 1231 707 qua
1277 637 1508 707 proprie
1536 648 1603 690 ac
1647 633 1924 689 veraciter
1952 633 2038 685 est

395 725 495 782 Dei
531 725 816 794 Genitrix,
847 731 904 780 et
927 725 1183 782 omnium
1215 731 1562 792 sanctorum,
1594 722 1746 779 dicis
1786 719 2038 776 inhono—

399 827 522 870 rare
541 814 570 868 εἴ
597 814 698 869 Dic
722 813 917 870 nobis:
955 814 1267 870 lnhonoras
1300 814 1421 883 has,
1444 826 1515 867 an
1548 808 1838 866 honoras‘?
1867 808 2040 862 Theo-

399 902 578 958 dorus
620 901 806 958 dixit:
861 902 1068 958 Omnes
1107 903 1337 973 quidem
1385 902 1644 958 homines
1681 898 2042 954 Christianos

397 990 565 1046 subdi
597 995 819 1059 oportet
865 990 971 1045 sub
999 996 1193 1046 sancto
1214 995 1269 1046 et
1288 992 1447 1060 justo
1478 989 1720 1058 imperio
1757 994 1875 1054 tuo,
1913 985 2040 1054 plus

397 1083 585 1134 autem
619 1078 887 1136 omnibus
919 1093 1004 1134 me
1027 1079 1364 1150 indignum;
1397 1080 1533 1149 quia
1563 1083 1618 1132 et
1647 1091 1714 1132 ex
1747 1080 1924 1130 morte
1959 1073 2042 1127 li—

400 1167 608 1222 berasti
649 1181 753 1234 me,
785 1172 841 1222 et
868 1167 938 1222 ab
963 1167 1190 1223 exsiliis
1218 1167 1454 1236 injustis
1479 1165 1750 1235 eripuisti
1785 1176 1891 1234 me,
1924 1167 1980 1217 et
2009 1174 2041 1215 a

403 1255 734 1325 captivitate
756 1260 812 1311 et
841 1254 986 1310 fame
1006 1261 1061 1311 et
1089 1257 1268 1312 exitio
1297 1255 1571 1325 adjuvisti
1598 1272 1612 1322 ;
1648 1259 1704 1309 et
1733 1252 1870 1323 quia
1903 1249 2043 1305 mul-

398 1349 519 1399 tum
565 1343 741 1399 debeo
789 1359 889 1414 pro
941 1349 1134 1400 sancto
1177 1345 1417 1414 imperio
1470 1349 1568 1400 tuo
1617 1356 1788 1412 super
1847 1352 2041 1395 omnes

397 1431 756 1486 Christianos
803 1445 999 1488 orare:
1060 1432 1154 1488 sed
1201 1439 1257 1488 et
1311 1432 1509 1501 capilli
1565 1431 1775 1500 capitis
1828 1428 1936 1483 mei
1986 1431 2042 1482 et

401 1517 588 1574 barba:
618 1533 816 1576 omnes
840 1521 890 1576 si
923 1519 1143 1576 fuerint
1171 1534 1290 1592 ora,
1319 1527 1374 1576 et
1401 1519 1760 1576 exoraverint
1789 1531 1890 1588 pro
1921 1529 2044 1571 san-

398 1610 489 1662 cto
522 1607 763 1677 imperio
795 1613 915 1677 tuo,
950 1623 1060 1664 non
1106 1607 1424 1665 suﬂicient:
1461 1608 1597 1664 talis
1626 1613 1711 1662 est
1733 1607 1789 1661 in
1825 1619 1909 1660 me
1939 1604 2043 1659 be—

401 1695 657 1767 nignitas
689 1701 806 1765 tua,
842 1698 1150 1767 imperator
1165 1700 1318 1768 juste
1343 1703 1398 1754 et
1425 1698 1606 1753 amice
1633 1695 1894 1760 Chritsti,
1918 1696 2044 1748 Nu—

401 1785 603 1840 misma
644 1786 787 1841 mihi
839 1787 1052 1842 misisti
1087 1787 1311 1858 imperii
1367 1787 1476 1857 tui,
1525 1792 1582 1842 et
1612 1785 1835 1854 suscepi
1871 1781 2038 1851 illud,

401 1875 590 1930 sciens
611 1875 759 1945 quod
786 1879 947 1931 tuum
975 1875 1182 1932 fuerit:
1215 1877 1403 1948 exigis
1433 1881 1496 1932 ut
1525 1881 1580 1931 et
1611 1873 1825 1930 Christi
1851 1871 2045 1927 susci-

404 1962 555 2032 piam
590 1969 779 2019 notam
819 1969 875 2019 et
923 1962 1183 2036 formam,
1225 1965 1275 2020 si
1310 1970 1397 2020 est
1427 1965 1533 2021 hoc
1573 1963 1789 2018 Christi
1832 1975 2046 2031 praece—

405 2055 582 2121 ptum,
607 2055 664 2106 et
681 2049 910 2107 Christo
933 2052 1231 2121 placabile,
1253 2051 1610 2121 deprecabile
1631 2051 1708 2105 sit
1737 2049 2042 2119 imperium

403 2142 568 2194 tuum
599 2145 880 2196 sanctum.
913 2146 968 2196 et
1005 2139 1102 2195 det
1129 2140 1457 2208 dilationes,
1491 2144 1547 2194 et
1583 2139 1679 2194 det
1709 2143 1932 2207 tempus
1962 2137 2045 2191 in-

404 2225 728 2296 duciarum,
761 2232 818 2284 et
837 2229 931 2285 det
954 2229 1281 2284 inﬁrmitati
1303 2234 1510 2284 nostrae
1525 2229 1808 2298 spatium:
1843 2233 1898 2282 et
1921 2230 2046 2295 post

405 2313 522 2370 haec
580 2317 808 2386 quando
856 2319 1099 2387 jusserit
1144 2333 1177 2373 a
1233 2319 1348 2374 Deo
1400 2319 1690 2373 decretum
1740 2315 2045 2385 imperium

403 2406 585 2474 tuum,
620 2405 669 2460 si
701 2411 990 2462 ostensum
1023 2405 1200 2463 fuerit
1230 2406 1380 2477 quod
1417 2406 1494 2462 sit
1527 2407 1629 2462 hoc
1649 2405 1864 2460 Christi
1899 2416 2049 2473 pra:-

403 2497 650 2563 ceptum,
685 2491 885 2550 faciam
920 2495 1203 2566 quidquid
1219 2495 1483 2565 jusseris.
1511 2495 1766 2550 Bahanes
1798 2492 2051 2564 magniﬁ-

400 2581 771 2638 centissimus
793 2585 1074 2652 patricius
1089 2590 1144 2639 et
1165 2584 1506 2655 prazpositus
1524 2583 1701 2639 dixit:
1739 2585 2049 2652 Imperator

402 2675 595 2726 noster
619 2676 850 2727 sanctus
906 2687 1018 2729 non
1044 2688 1143 2729 vos
1171 2674 1415 2731 addxuit
1441 2675 1512 2731 ad
1546 2674 1690 2729 hanc
1721 2677 1971 2727 sanctam
1996 2673 2052 2724 et

402 2759 781 2815 universalem
815 2761 1094 2832 synodum
1116 2763 1185 2819 ad
1212 2763 1646 2833 disputandum,
1681 2762 1776 2817 sed
1808 2761 1875 2816 ad
1904 2772 2049 2814 com-

407 2847 769 2904 monendum.

471 2936 609 2990 Nam
637 2937 838 3007 utique
856 2939 1059 3009 nostis,
1086 2941 1221 3010 quia
1243 2940 1454 2996 Paulus
1481 2939 1696 2995 Christi
1727 2951 1790 2994 os
1822 2936 2046 3008 liquido
2079 2919 2128 2981 (ἶ

406 3029 596 3080 monet
619 3037 841 3080 omnem
877 3026 1206 3083 hmreticum
1250 3028 1321 3083 ab
1345 3042 1454 3084 una
1485 3034 1540 3084 et
1579 3027 1825 3083 secunda
1847 3027 2052 3082 admo—

403 3111 624 3168 nitione
651 3112 904 3170 devitare
934 3113 999 3186 (I
1021 3118 1155 3170 Tim.
1182 3129 1245 3172 III
1270 3117 1319 3187 ):
1352 3122 1415 3172 tu
1449 3121 1638 3174 autem
1669 3128 1969 3171 senescens
1992 3115 2050 3168 in

403 3199 624 3256 malitia
647 3205 768 3272 tua,
798 3208 855 3258 et
876 3204 1065 3259 sciens
1082 3219 1210 3260 cum
1229 3206 1384 3261 omni
1404 3205 1751 3260 certitudine
1790 3203 2053 3258 tenebras

405 3287 463 3343 in
491 3288 707 3359 quibus
728 3303 808 3359 es,
839 3291 898 3346 in
920 3291 1140 3348 lumine
1162 3293 1315 3364 ignis
1333 3294 1419 3349 tui
1441 3292 1784 3362 ambulabis,
1808 3291 2050 3347 audiens

402 3390 470 3432 ex
488 3378 811 3448 quadrilido
833 3384 1114 3436 terrarum
1135 3381 1289 3452 orbe,
1317 3383 1476 3451 justo
1500 3383 1727 3436 decreto
1756 3393 2047 3435 sacrorum

407 3479 712 3537 canonum,
744 3470 1127 3525 anathematis
1147 3471 1570 3526 damnationem
1595 3488 1606 3523 :
1635 3483 1748 3540 quo
1777 3469 1928 3524 enim
1951 3466 2051 3522 fu-

402 3553 525 3624 gies
550 3553 579 3608 ‘I
602 3555 688 3611 vel
722 3570 833 3627 quo
867 3557 982 3612 ibis
1001 3557 1029 3610 ‘P
1056 3558 1252 3613 Posuit
1279 3560 1427 3612 Deus
1457 3558 1765 3612 Ecclesiam
1797 3569 1955 3610 suam
1993 3555 2051 3608 in

406 3643 664 3714 quinque
684 3645 1075 3714 patriarchiis,
1097 3651 1153 3699 et
1176 3645 1443 3699 definivit
1471 3645 1527 3698 in
1559 3643 1884 3713 Evangeliis
1905 3641 2048 3708 suis,

407 3737 471 3786 ut
502 3746 793 3802 nunquam
833 3731 1147 3801 aliquando
1180 3732 1411 3800 penitus
1461 3732 1749 3796 decidant,
1792 3745 1856 3786 eo
1900 3731 2048 3800 quod

403 3821 595 3888 capita
623 3819 888 3874 Ecclesize
918 3820 1056 3888 sint,
1099 3820 1308 3874 etenim
1334 3819 1477 3875 illud
1507 3821 1655 3889 quod
1695 3819 1948 3874 dicitur:
1985 3821 2053 3873 Et

404 3913 574 3976 porta
627 3910 797 3974 inferi
821 3923 931 3962 non
972 3909 1352 3978 praevalebunt
1379 3909 1640 3962 adversus
1691 3909 2049 3978 eam(Matth.

409 3996 564 4066 xvx);
594 3995 699 4052 hoc
727 3996 1051 4065 denuntiat,
1077 3996 1304 4066 quando
1329 3999 1443 4053 duo
1460 3996 1791 4067 ceciderint,
1811 4003 2055 4053 currunt

405 4085 474 4140 ad
509 4084 656 4154 tria;
683 4098 812 4141 cum
846 4085 957 4140 tria
997 4085 1330 4154 ceciderint,
1364 4091 1607 4141 currunt
1636 4086 1704 4140 ad
1737 4087 1890 4155 duo;
1923 4100 2052 4142 cum

406 4187 538 4229 vero
561 4178 808 4244 quatuor
839 4172 984 4230 forte
1000 4175 1332 4230 ceciderint.
1355 4189 1551 4244 unum,
1584 4175 1732 4245 quod
1768 4182 2056 4244 permanet

409 4263 468 4318 in
506 4263 763 4318 omnium
795 4263 982 4334 capite
1005 4264 1235 4320 Christo
1264 4266 1377 4320 Deo
1415 4269 1628 4331 nostro,
1674 4270 1899 4320 revocat
1939 4265 2054 4320 ite-

407 4365 534 4407 rum
579 4352 868 4423 reliquum
913 4367 1122 4423 corpus
1173 4353 1462 4408 Ecclesiae:
1502 4367 1651 4409 nunc
1695 4360 1884 4409 autem
1935 4359 2052 4410 toto

407 4446 689 4496 terrarum
722 4441 856 4496 orbe
886 4442 1284 4511 concordante,
1315 4456 1424 4497 non
1466 4443 1638 4497 habes
1667 4443 2056 4500 excusationis

408 4530 634 4586 modum
683 4531 1156 4602 quemadmodum
1211 4532 1347 4586 olim
1383 4531 1592 4587 factum
1637 4537 1739 4588 est.
1797 4533 2058 4588 Reversis

407 4631 538 4674 vero
573 4619 1164 4691 magniﬁcentissimis
1197 4621 1516 4690 judicibus,
1548 4621 1704 4676 lecta:
1729 4627 1863 4676 sunt
1893 4636 2057 4677 voces

405 4709 706 4779 Theodori,
736 4711 836 4779 qui
853 4711 1074 4766 dicitur
1093 4709 1412 4777 Crithinus,
1435 4709 1491 4764 ln
1509 4710 1804 4765 audientia
1831 4710 2054 4780 synodi,

407 4811 540 4852 voce
572 4799 808 4868 majori;
840 4804 898 4853 et
920 4799 1194 4853 dixerunt
1211 4798 1563 4853 sanctissimi
1585 4799 1788 4854 vicarii
1807 4799 2058 4854 senioris

408 4885 617 4956 Romm,
651 4892 706 4941 et
735 4885 1105 4942 orientalium
1143 4886 1394 4941 sedium:
1431 4889 1674 4959 Legatur
1701 4889 2054 4944 sanctissimi

405 4973 628 5028 Nicolai
660 4988 813 5043 papm
839 4974 1245 5043 capitulumde
1266 4975 1638 5047 imaginibus.
1673 4978 1741 5031 Et
1765 4977 2054 5046 accipiens

407 5061 728 5132 Stephanus
774 5063 886 5116 Deo
915 5061 1184 5118 amabilis
1229 5063 1509 5119 diaconus
1533 5069 1590 5120 et
1643 5065 1925 5134 notarius,
1985 5064 2055 5119 le-

407 5151 526 5223 git:

892 5257 1065 5328 Caput
1087 5260 1159 5313 VI
1181 5261 1397 5314 Nicolai
1412 5275 1591 5329 papae.

476 5365 756 5434 Quoniam
788 5370 1011 5435 oportet
1032 5367 1308 5437 majorum
1337 5373 1663 5423 nostrorum
1693 5371 1906 5423 statuta
1935 5368 2052 5422 im—

410 5464 560 5514 moto
591 5463 797 5520 mentis
825 5454 1045 5514 intuitu
1083 5471 1434 5519 conservare.
1465 5462 1521 5512 et
1553 5457 1614 5511 in
1639 5456 1907 5512 omnibus
1927 5472 2051 5513 san-

2148 545 2253 613 cis,
2287 547 2658 619 omniumque
2705 553 3052 618 sanctorum,
3087 547 3187 618 qui
3230 548 3344 602 Deo
3372 545 3443 600 ab
3470 544 3610 600 Abel
3632 545 3790 614 justo

2149 634 2432 704 placuisse
2449 637 2779 707 creduntur,
2800 651 2925 708 quae
2941 635 3192 693 Ecclesia
3220 639 3412 691 sancta
3433 635 3490 689 in
3523 632 3792 688 universo

2147 724 2283 779 orbe
2297 723 2507 780 dili'usa
2532 725 2858 796 antiquitus
2880 725 3117 795 accepit,
3139 737 3376 795 qumque
3402 722 3556 779 sedis
3570 726 3794 791 aposto-

2150 812 2273 866 licae
2307 813 2576 882 praesules
2604 828 2704 884 pro
2725 814 2810 869 eis
2829 814 3218 882 decreverunt,
3240 827 3304 868 ac
3334 816 3662 868 statuerunt
3679 810 3794 865 illi-

2151 900 2278 955 bata
2311 902 2631 971 persistere,
2658 908 2829 974 atque
2863 903 3194 958 intemerata
3249 913 3492 956 manere.
3542 898 3796 968 Quapro-

2153 995 2275 1059 pter
2291 992 2560 1046 Joannem
2591 992 2876 1062 quondam
2905 989 3603 1060 Constantinopolitanum
3633 987 3798 1042 anti—

2151 1079 2363 1149 stitem,
2395 1083 2451 1134 et
2472 1093 2740 1151 sequaces
2770 1080 2976 1150 ipsius,
3010 1079 3110 1149 qui
3136 1092 3232 1134 eas
3257 1076 3600 1149 frangendas
3623 1081 3798 1146 atque

2150 1167 2450 1224 calcandas
2496 1183 2619 1225 esse
2648 1183 2745 1225 ore
2777 1169 2994 1239 polluto
3037 1170 3380 1235 asseverant,
3435 1165 3695 1236 quandiu
3726 1163 3798 1218 de

2152 1257 2244 1312 his
2270 1256 2566 1313 nobiscum
2589 1271 2699 1313 non
2727 1257 3029 1328 senserint,
3052 1263 3107 1311 et
3127 1257 3293 1325 juxta
3317 1260 3646 1310 sanctorum
3667 1265 3802 1322 pon-

2152 1346 2371 1401 tiﬁcum
2412 1347 2791 1403 Romanorum
2833 1347 3079 1416 decreta,
3111 1350 3167 1401 et
3195 1332 3444 1400 aliorum
3469 1341 3801 1398 catholico-

2153 1449 2278 1490 rum
2310 1436 2538 1490 Patrum
2573 1435 2838 1490 instituta
2870 1449 2982 1490 non
3012 1433 3346 1504 sapuerint;
3379 1430 3672 1487 sancimus
3701 1441 3802 1484 eos

2151 1536 2183 1577 a
2228 1522 2457 1578 Christo
2487 1528 2543 1578 et
2583 1523 2654 1578 ab
2684 1524 2934 1580 Ecclesia
2959 1521 3240 1579 catholica
3264 1524 3435 1590 atque
3481 1516 3802 1588 apostolica

2153 1624 2274 1666 esse
2294 1612 2610 1667 anathema.

2075 1681 2128 1744 Β
2224 1701 2293 1754 Et
2341 1707 2466 1770 post
2507 1701 2942 1772 completionem
2987 1699 3252 1755 lectionis
3302 1697 3496 1767 hujus,
3547 1693 3805 1750 Basilius

2155 1789 2455 1858 piissimus
2477 1795 2534 1846 et
2551 1803 2787 1862 magnus
2813 1790 3122 1860 imperator
3143 1787 3296 1843 dixit
3315 1787 3384 1842 ad
3403 1783 3807 1842 sanctissimos

2153 1881 2402 1936 vicarios
2439 1880 2686 1936 senioris
2725 1880 2931 1948 Romae,
2963 1883 3020 1933 et
3061 1875 3505 1933 occidentalium
3532 1873 3800 1928 sedium:

2153 1970 2298 2026 Sunt
2328 1971 2424 2026 hic
2451 1974 2508 2025 et
2531 1969 2633 2024 alii
2667 1969 2901 2038 quidam
2927 1966 3194 2023 Crithino
3223 1964 3666 2031 concordantes;
3703 1961 3809 2016 in—

2155 2065 2325 2129 trent,
2350 2059 2399 2116 si
2428 2060 2657 2115 videtur
2673 2057 2966 2114 sanctitati
2998 2061 3198 2112 vestra:
3220 2055 3279 2111 in
3299 2053 3548 2109 medium
3570 2049 3804 2121 synodi,

2155 2155 2210 2205 et
2253 2149 2696 2219 interrogentur,
2729 2147 2779 2201 si
2820 2144 2966 2202 forte
3003 2145 3182 2201 velint
3217 2143 3508 2214 poenitere,
3541 2153 3606 2196 ac
3638 2139 3812 2210 proﬁ-

2157 2238 2262 2294 teri
2286 2237 2656 2294 orthodoxam
2679 2237 2864 2292 ﬁdem.
2899 2234 3089 2290 Helias
3116 2235 3229 2288 Deo
3256 2231 3647 2286 amicissimis
3683 2243 3813 2299 pre-

2157 2329 2347 2399 sbyter
2370 2334 2426 2383 et
2445 2327 2733 2398 syncellus
2752 2334 2809 2382 et
2836 2325 3090 2380 vicarius
3111 2323 3265 2379 sedis
3280 2319 3813 2390 Hierosolymorum

2156 2418 2332 2474 dixit:
2354 2417 2463 2485 Qui
2480 2417 2771 2473 diuturnae
2787 2420 2952 2472 sectae
2970 2413 3321 2480 deserviunt,
3339 2408 3573 2466 difﬁcile
3591 2407 3812 2463 habent

2158 2508 2320 2564 evelli
2353 2521 2386 2562 a
2430 2507 2576 2562 mala
2617 2519 2726 2577 qua
2766 2509 3032 2560 tenentur
3069 2502 3378 2573 opinione;
3411 2498 3620 2555 etenim
3659 2509 3725 2552 ac
3755 2496 3810 2551 si

2161 2598 2503 2669 quibusdam
2552 2595 2754 2653 ferreis
2779 2592 3168 2664 compedibus,
3212 2588 3521 2646 diabolicis
3562 2588 3815 2643 circum-

2159 2687 2526 2745 ventionibus
2546 2686 2719 2756 capti,
2737 2683 3072 2740 obcaecatam
3105 2681 3315 2738 habent
3340 2677 3626 2750 prepriam
3656 2689 3816 2731 men-

2161 2787 2292 2849 tem,
2337 2783 2394 2834 et
2418 2777 2709 2847 suspicere
2750 2776 2819 2831 ad
2871 2774 3052 2830 lucem
3085 2769 3346 2826 veritatis
3395 2781 3505 2823 non
3538 2768 3809 2834 possunt.

2161 2870 2342 2938 Hujus
2391 2867 2473 2922 rei
2522 2865 2704 2937 gratia
2737 2870 2794 2919 et
2842 2861 3146 2920 haereticus
3178 2860 3286 2915 iste
3313 2855 3664 2920 Theodorus,
3702 2852 3812 2922 qui

2161 2963 2398 3014 vocatur
2424 2954 2745 3022 Crithinus,
2767 2963 3120 3023 quaecunque
3136 2946 3393 3005 audierit
3414 2945 3481 3000 ad
3504 2943 3597 2999 sui
3626 2939 3816 3011 profe-

2159 3053 2314 3103 ctum
2338 3051 2507 3116 atque
2533 3044 2796 3110 salutem,
2825 3054 2936 3097 non
2963 3037 3228 3107 suscipit,
3255 3041 3461 3091 terram
3490 3029 3816 3087 infructuo-

2160 3150 2280 3192 sam
2339 3135 2575 3190 imitans
2603 3137 2660 3187 et
2703 3132 3014 3203 spinosam.
3047 3127 3119 3182 Ut
3163 3129 3353 3182 autem
3379 3120 3560 3192 jussit
3605 3133 3638 3173 a
3691 3119 3814 3172 Deo

2162 3224 2382 3281 munita
2411 3227 2658 3294 potestas
2699 3217 3060 3290 imperiitui,
3110 3216 3160 3272 si
3188 3215 3306 3271 sint
3339 3208 3674 3280 aliialiqui,
3724 3207 3818 3261 in-

2161 3315 2511 3387 grediantur.
2536 3313 2604 3366 Et
2621 3308 2897 3382 ingressis
2911 3306 3106 3361 Niceta
3131 3303 3364 3370 clerico,
3391 3306 3448 3355 et
3465 3294 3817 3366 TheOphilo-

2161 3386 2427 3472 seculari,
2463 3407 2518 3456 et
2546 3399 2884 3468 Theophane
2915 3394 3240 3460 tabellione,
3277 3386 3633 3448 sanctissimi
3660 3387 3816 3441 vica-

2161 3496 2236 3551 rii
2263 3490 2710 3548 seniorisltomm
2734 3484 3089 3543 dixeruntad
3122 3497 3249 3538 eos:
3292 3474 3816 3535 Anathematizatis

2161 3578 2644 3637 Iconomachicam
2677 3575 2932 3632 haeresim
2957 3575 2984 3628 ‘I
3014 3570 3360 3642 proﬁtemini
3380 3571 3590 3624 sanctae
3618 3564 3818 3620 catho-

2165 3671 2286 3726 lica:
2307 3675 2364 3725 et
2391 3666 2720 3738 apostolica:
2749 3664 3010 3720 Ecclesiae
3041 3660 3414 3718 orthodoxam
3461 3656 3648 3724 ﬁdem,
3683 3667 3819 3724 quae

2162 3760 2373 3815 tradita
2425 3762 2509 3813 est
2541 3757 2599 3811 in
2651 3753 2809 3810 orbis
2856 3758 3135 3807 terrarum
3186 3747 3400 3803 finibus
3425 3759 3456 3801 a
3485 3743 3720 3799 Christo
3755 3748 3819 3796 et

2161 3849 2440 3920 apostolis
2464 3853 2521 3902 et
2544 3844 2813 3901 omnibus
2835 3839 3220 3897 sanctissimis
3247 3834 3584 3894 doctoribus
3625 3831 3819 3888 Eccle-

2163 3939 2306 3996 siae“?
2348 3939 2577 3994 Nicetas
2607 3934 2872 4000 clericus,
2919 3938 2974 3987 et
3012 3928 3366 3998 Theophilus
3408 3921 3729 3989 sa'cularis,
3756 3924 3819 3974 et

2162 4028 2530 4098 The0phanes
2551 4024 2784 4081 tabellio
2808 4023 3101 4078 dixerunt:
3149 4015 3376 4086 Decepti
3400 4012 3620 4070 fuimus
3644 4014 3820 4065 antea

2166 4097 2476 4174 malitiosis
2495 4113 2856 4171 sermonibus
2901 4110 3211 4180 impiorum
3236 4104 3556 4172 hominum,
3583 4105 3640 4155 et
3665 4097 3821 4153 male

2166 4206 2527 4278 sapiebamus
2554 4222 2566 4257 :
2602 4217 2753 4260 nunc
2783 4206 2970 4256 autem
3012 4203 3218 4254 sancta:
3248 4201 3304 4251 et
3335 4189 3680 4250 universalis
3714 4187 3822 4243 hu-

2082 4327 2134 4386 D
2163 4300 2259 4368 jus
2284 4295 2486 4366 synodi
2527 4291 2888 4347 concordiam
2919 4294 2976 4344 et
3016 4284 3500 4386 conspirationem
3527 4278 3813 4386 videntes,

2168 4365 2632 4457 parvipendimus
2659 4379 3157 4436 Iconomachorum
3187 4373 3467 4440 haeresim,
3499 4375 3554 4425 et
3581 4365 3821 4422 anathe-

2167 4475 2504 4530 matizamus
2520 4485 2740 4528 omnem
2767 4469 2865 4540 qui
2896 4483 3006 4524 non
3035 4467 3234 4522 adorat
3261 4468 3487 4518 sanctas
3501 4463 3559 4515 et
3584 4467 3819 4511 venera-

2168 4565 2313 4619 biles
2361 4561 2656 4631 imagines.
2691 4560 2761 4614 Et
2785 4572 3026 4629 surgens
3057 4553 3457 4624 unusquisque
3503 4545 3815 4619 sigillatim

2168 4668 2339 4725 super
2386 4651 2640 4708 tribunal
2672 4649 2977 4717 excelsum,
3019 4639 3519 4700 anathematizavit
3549 4634 3814 4692 haeresim

2167 4743 2687 4809 Iconomachorum,
2730 4745 2786 4795 et
2830 4739 3110 4808 primores
3150 4734 3294 4802 ejus,
3327 4737 3383 4786 et
3431 4725 3813 4799 patriarchas,

2166 4834 2515 4889 Theodotum
2547 4820 2832 4898 videlicet,
2873 4825 3204 4892 Antonium,
3232 4823 3520 4886 Joannem,
3549 4821 3605 4871 et
3623 4813 3820 4868 Theo-

2167 4923 2370 4978 dorum
2399 4921 2753 4978 nominatum
2785 4915 3130 4973 Crithinum.
3163 4910 3376 4966 Deinde
3413 4908 3693 4963 advocans
3722 4904 3820 4958 Ba-

2167 5011 2340 5066 silius
2363 5011 2663 5081 piissimus
2679 5013 2735 5064 et
2761 5020 2998 5078 magnus
3021 5004 3328 5073 imperator
3347 5004 3820 5065 unumquemque

2166 5105 2442 5172 ipsorum,
2463 5099 2756 5155 osculatus
2772 5102 2857 5151 est
2876 5109 2992 5163 eos,
3013 5097 3068 5148 et
3083 5091 3266 5148 dixit:
3297 5091 3458 5145 Nunc
3474 5083 3653 5153 erepti
3672 5081 3822 5136 estis

2163 5209 2194 5250 a
2219 5190 2502 5248 diabolica
2523 5188 2900 5260 possessione,
2919 5191 2975 5239 et
2997 5183 3130 5239 facti
3149 5181 3291 5238 estis
3305 5173 3623 5234 Christiani
3641 5172 3822 5227 veris-

2163 5283 2318 5352 simi,
2363 5288 2420 5337 et
2444 5279 2700 5336 salvandi
2747 5278 2889 5336 estis
2934 5289 3063 5331 cum
3108 5268 3378 5328 omnibus
3419 5261 3820 5352 orthodoxis‘a

2158 5349 2386 5431 Christo
2414 5373 2525 5427 Deo
2558 5373 2771 5438 nostro,
2804 5372 2861 5422 et
2902 5365 3019 5420 vita
3049 5365 3257 5418 aeterna
3287 5353 3580 5413 eﬂicimini
3624 5349 3814 5422 digni.

2158 5469 2296 5523 Nam
2323 5462 2435 5518 nisi
2458 5459 2719 5516 haeresim
2747 5453 3247 5512 Iconomachorum
3281 5445 3820 5504 anathematizasse.

407 5565 628 5616 etorum
646 5558 876 5613 Patrum
899 5567 1118 5623 semper
1147 5553 1410 5623 dOgmata
1439 5549 1717 5607 venerari.
1745 5552 2053 5611 definimus
2148 5557 2245 5627 tis,
2277 5553 2358 5610 nil
2393 5549 2556 5608 vobis
2596 5547 2864 5604 Christus
2897 5543 3205 5616 prodesset.
3250 5539 3442 5595 Helias
3494 5539 3608 5593 Deo
3674 5537 3817 5592 ami-
