4052 6168
259 299 367 356 429

1007 303 1549 362 INTERPRETATIO
1585 306 1833 364 SYNODI
1872 309 1990 364 VIII
2025 307 2429 365 GENERALIS.
2450 339 2525 353 —
2549 311 2750 369 ACTIO
2789 315 2882 368 IX.

3566 313 3670 373 430

259 431 538 488 cissimus
563 431 1230 504 presbyteretsynceilus
1274 436 1518 493 orientis
1561 438 1753 494 throni
1781 437 1905 493 Hie—
1933 436 1990 495 A
2021 437 2342 510 Crithinus,
2378 441 2715 497 anathema!
2757 442 2832 498 Iis
2867 443 2967 513 qui
3006 442 3194 498 adhuc
3217 442 3396 500 dubio
3437 444 3667 514 quidem

261 520 677 590 rosolymorum
699 522 852 578 dixit
877 539 890 576 :
915 524 1116 595 Magno
1132 524 1407 581 beneficio
1427 526 1632 598 dignos
1653 540 1748 583 eos
1773 525 1910 582 fecit

261 608 607 666 interventio
645 611 830 666 sancti
858 611 1088 682 imperii
1139 613 1226 670 tui
1262 614 1451 683 hodie,
1477 615 1694 670 Christi
1729 615 1910 671 amice

257 697 512 766 domine,
542 704 598 754 et
616 698 933 767 plurimum
962 700 1266 759 laztilicasti
1299 717 1420 773 nos,
1453 703 1568 760 imo
1591 703 1905 773 Christum,

257 786 357 854 qui
388 785 529 842 tibit
552 787 788 843 donavit
834 789 1165 862 imperium,
1197 791 1297 861 qui
1347 798 1403 848 et
1443 798 1735 849 conservet
1762 799 1815 849 te
1843 792 1900 848 in

257 874 376 930 zelo
400 875 642 944 pietatis
662 890 815 932 nunc
847 882 904 932 et
932 877 990 933 in
1031 879 1257 935 saecula.
1289 881 1651 936 Sanctissimi
1703 881 1906 937 vicarii

259 962 512 1019 senioris
535 963 729 1020 Romae
749 965 1022 1023 dixerunt
1048 985 1060 1020 :
1095 967 1388 1038 Sapientia
1417 969 1728 1025 ineﬂ‘abilis
1752 969 1911 1025 Chri-

257 1056 382 1106 stus
407 1053 563 1109 Deus
584 1058 778 1109 noster
801 1055 1032 1110 ordinat
1057 1057 1330 1113 mundum
1360 1071 1570 1128 revera,
1613 1058 1749 1129 quia
1775 1065 1831 1114 et
1856 1064 1909 1114 te

259 1139 594 1210 piissimum
643 1150 698 1198 et
735 1144 1033 1200 dominum
1082 1144 1482 1215 imperatorem
1529 1147 1788 1216 provexit
1835 1148 1904 1203 ad

257 1229 672 1286 correctionem
699 1232 956 1289 omnium
983 1234 1083 1304 qui
1114 1240 1465 1304 erraverunt,
1506 1240 1562 1291 et
1585 1237 1904 1292 custodiam

257 1324 314 1373 et
343 1321 832 1376 conservationem
859 1334 1056 1378 eorum
1081 1322 1179 1393 qui
1210 1329 1358 1380 recta
1387 1324 1621 1393 sapiunt
1653 1342 1664 1377 :
1697 1329 1752 1380 et
1777 1339 1909 1396 gau-

257 1407 355 1462 det
387 1408 448 1463 in
481 1413 536 1464 te
582 1415 777 1466 sancta
824 1411 1074 1467 Romana
1121 1412 1394 1483 Ecclesia,
1446 1413 1777 1484 hujusmodi
1827 1429 1910 1471 ze-

257 1497 378 1552 lum
405 1503 572 1554 tuum
605 1513 706 1568 pro
734 1500 942 1569 pietate
967 1501 1328 1571 conspiciens
1356 1521 1370 1571 ;
1421 1517 1572 1558 nunc
1617 1517 1750 1575 ergo
1775 1518 1904 1559 eum

256 1587 359 1656 qui
406 1588 599 1644 noluit
626 1588 968 1662 intelligere,
1025 1596 1088 1647 ut
1139 1591 1279 1647 bene
1325 1599 1534 1664 ageret,
1587 1606 1768 1663 neque
1801 1607 1909 1662 pa:-

252 1675 463 1744 nitere,
515 1684 575 1732 et
628 1678 922 1735 discedere
964 1679 1034 1735 ab
1095 1680 1389 1750 impietate
1439 1682 1670 1750 propria
1733 1682 1907 1738 Theo-

2021 533 2156 584 sunt
2175 541 2381 585 sensu:
2424 529 2699 586 insensati
2740 543 2871 586 vero
2896 534 3033 586 sunt
3052 529 3465 602 ambiguitate,
3493 540 3549 587 et
3577 532 3670 588 ob-

2019 617 2161 672 sessi
2190 617 2419 687 quidem
2441 632 2470 673 a
2495 617 2746 674 tenebris
2781 619 3097 688 impietatis
3122 633 3260 692 suae,
3291 619 3661 689 suspicantur

2020 718 2052 759 a
2077 703 2419 773 quibusdam
2449 707 2719 777 consequi
2759 707 3157 776 reversionem,
3197 707 3498 763 anathema
3535 707 3669 763 lLa-

2023 792 2204 865 ludio,
2226 794 2417 864 Leoni,
2442 801 2496 850 et
2521 796 2788 866 quisquis
2808 796 2942 852 hinc
2963 796 3238 852 similiter
3260 796 3430 868 sapit,
3459 801 3573 852 tam
3608 795 3668 851 in

2018 883 2324 953 episc0pis,
2374 888 2432 938 et
2470 884 2834 954 presbyteris,
2859 899 2924 940 ac
2967 885 3262 941 monachis
3289 899 3458 956 quam
3489 884 3547 939 in
3593 885 3669 939 iis

2019 971 2118 1040 qui
2153 972 2662 1043 quomodocunque
2684 973 2896 1029 attonsi
2933 974 3277 1044 consistunt,
3317 972 3658 1029 anathema!

2018 1058 2220 1115 Photio
2263 1059 2472 1115 ouriali
2527 1067 2582 1116 et
2628 1061 2877 1117 invasori
2926 1062 3266 1117 anathema!
3321 1061 3526 1118 Photio
3571 1077 3674 1118 sae-

2017 1147 2199 1202 culari
2231 1153 2286 1204 et
2320 1147 2532 1205 forensi
2568 1151 2868 1205 anathema
2901 1150 2912 1203 !
2953 1151 3155 1206 Photio
3184 1151 3464 1220 neophyto
3491 1157 3546 1206 et
3591 1157 3669 1222 ty-

2020 1250 2198 1292 ranno
2251 1238 2592 1293 anathema!
2644 1239 2844 1294 Photio
2887 1239 3255 1296 schismatico
3303 1245 3359 1296 et
3400 1241 3669 1296 damnato

2017 1325 2316 1380 anathema
2351 1325 2362 1378 !
2410 1327 2613 1382 Photio
2646 1327 2864 1383 moecho
2893 1335 2949 1382 et
2976 1328 3277 1397 parricidae
3319 1329 3618 1384 anathema
3655 1329 3666 1380 !

2016 1411 2367 1468 Fabricatori
2397 1415 2823 1471 mendaciorum
2847 1417 3146 1472 anathema
3178 1417 3188 1469 Ι
3234 1417 3518 1473 Inventori
3548 1431 3672 1487 per-

2017 1514 2309 1557 versorum
2351 1503 2678 1574 dogmatum
2717 1493 3017 1559 anathema
3051 1505 3062 1558 !
3102 1505 3305 1561 Photio
3334 1519 3475 1561 novo
3499 1506 3669 1560 Maxi-
3742 1564 3750 1567 _

2018 1602 2108 1644 mo
2149 1588 2358 1660 Cynico
2404 1591 2740 1646 anathema!
2797 1594 2949 1648 Novo
3008 1593 3280 1649 Dioscoro
3330 1593 3666 1649 anathema!

2016 1678 2292 1749 Gregorio
2342 1679 2560 1736 dudum
2613 1681 2880 1752 episcopo
2931 1681 3284 1751 Syracusano
3328 1681 3665 1738 anathema!

254 1765 465 1822 dorum
523 1767 812 1838 videlicet,
866 1768 966 1840 qui
1018 1769 1352 1826 nominatur
1403 1770 1726 1838 Critbinus,
1778 1785 1908 1826 ana—
1940 1784 1990 1843 Β
2019 1765 2318 1836 Eulampio
2338 1767 2600 1837 deposito
2625 1769 2967 1824 anathema!
3001 1769 3282 1826 Omnibus
3323 1769 3670 1840 sequacibus

254 1853 593 1910 thematizet
615 1861 809 1912 sancta
833 1856 950 1912 haec
970 1861 1026 1912 et
1048 1857 1392 1915 universalis
1427 1859 1696 1929 synodus,
1719 1864 1776 1914 et
1796 1873 1910 1915 om-

255 1955 362 1998 nes
395 1949 807 2001 consentaneos
844 1946 988 2015 ejus.
1025 1951 1141 2003 tam
1181 1947 1281 2018 qui
1323 1961 1474 2003 nunc
1503 1947 1690 2004 adhuc
1717 1962 1913 2017 super-

253 2038 420 2098 sunt,
458 2046 629 2102 quam
661 2033 761 2104 qui
789 2034 848 2090 in
888 2035 1080 2092 eodem
1112 2049 1283 2092 sensu
1314 2040 1370 2092 et
1390 2035 1660 2105 opinione
1680 2035 1798 2091 vita
1822 2049 1911 2091 ex-

253 2127 578 2177 cesserunt.
611 2122 680 2177 Et
698 2124 1007 2179 ascendens
1029 2123 1351 2194 Stephanus
1370 2125 1484 2180 Deo
1517 2123 1909 2180 amicissimus

245 2208 545 2265 diaconus
569 2215 631 2265 et
655 2212 936 2277 notarius,
967 2211 1471 2268 anathematizavit
1492 2212 1572 2268 ita
1594 2230 1606 2266 :
1628 2212 1908 2268 Omnibus

246 2296 557 2353 haereticis
593 2299 929 2355 anathema!
966 2298 1245 2370 Concilio,
1293 2301 1441 2370 quod
1492 2301 1680 2356 adhuc
1717 2299 1910 2356 fremit

245 2392 463 2442 contra
493 2386 844 2444 venerabiles
880 2389 1177 2461 imagines,
1213 2388 1550 2445 anathema!
1585 2390 1654 2444 Et
1687 2388 1788 2459 qui
1830 2403 1911 2444 re-

244 2475 412 2544 cipit
443 2475 651 2546 impias
685 2476 963 2534 haereseos
1002 2478 1259 2547 ipsorum
1297 2477 1641 2548 ratiuncula,
1683 2477 1910 2533 anathe-

245 2579 350 2621 ma
383 2564 395 2616 !
441 2564 523 2620 lis
571 2564 669 2636 qui
693 2569 930 2622 siimunt
971 2566 1182 2623 divinae
1226 2567 1536 2638 Scriptura:
1569 2566 1744 2635 dicta,
1784 2580 1909 2636 qua:

245 2661 404 2710 sunt
443 2653 717 2711 adversus
766 2655 919 2712 idola
961 2661 1156 2712 contra
1217 2656 1564 2712 venerandas
1607 2655 1907 2727 imagines,

243 2742 606 2799 anathema!
646 2744 724 2801 Iis
753 2744 854 2815 qui
888 2757 999 2801 non
1031 2743 1459 2815 amplectuntur
1487 2751 1714 2801 sanctas
1746 2749 1804 2799 et
1828 2757 1913 2798 ve-

245 2831 549 2888 nerandas
582 2833 878 2905 imagines,
910 2832 1237 2890 anathema!
1269 2833 1345 2889 Iis
1367 2834 1465 2902 qui
1494 2838 1697 2889 vocant
1721 2844 1912 2889 sacras

246 2924 467 2978 iconas
509 2920 680 2992 idola,
721 2922 1021 2978 anathema
1052 2921 1063 2975 !
1103 2922 1181 2978 Iis
1215 2922 1314 2993 qui
1347 2921 1552 2977 dicunt
1582 2921 1717 2992 quia
1753 2927 1812 2976 ut
1841 2919 1908 2975 ad

243 3014 415 3068 Deos
438 3010 754 3067 Christiani
780 3011 850 3068 ad
875 3010 1154 3084 imagines
1173 3015 1552 3079 accesserunt,
1576 3009 1872 3066 anathema
1897 3008 1909 3061 ι

245 3102 340 3158 Iis
399 3100 497 3170 qui
534 3099 959 3157 communicant
999 3100 1265 3170 scienter,
1316 3099 1651 3155 anathema!
1689 3099 1769 3154 lis
1811 3097 1911 3168 qui

245 3189 670 3247 conviciantur
689 3194 745 3244 et
772 3189 1122 3246 inhonorant
1155 3187 1507 3245 venerabiles
1533 3187 1746 3257 iconas,
1787 3201 1917 3243 ana-

249 3279 464 3334 thema
500 3279 513 3331 !
545 3278 623 3334 Iis
643 3277 740 3348 qui
763 3278 990 3348 dicunt,
1013 3279 1165 3350 quod
1192 3283 1395 3349 praeter
1413 3277 1707 3333 Christum
1729 3277 1917 3332 Domi-

245 3379 411 3424 num
435 3371 690 3422 nostrum
711 3365 864 3423 alius
891 3366 1178 3438 quispiam
1201 3379 1304 3423 nos
1325 3366 1592 3422 liberavit
1620 3365 1691 3421 ab
1717 3365 1916 3432 idolis,

1945 3147 1994 3210 C

2019 1859 2074 1909 et
2096 1852 2419 1912 fautoribus
2450 1858 2574 1925 ejus
2602 1856 2902 1912 anathema
2937 1857 2947 1910 ι
2974 1857 3183 1913 Multos
3212 1871 3394 1915 annos
3432 1858 3673 1928 impera-

2021 1949 2209 1998 torum
2247 1944 2468 2014 Basilii,
2513 1945 2896 2017 Constantini,
2933 1952 2986 2002 et
3026 1947 3230 2003 Leonis
3265 1958 3287 1985 ι
3330 1948 3667 2018 Magnorum

2022 2031 2346 2102 principum
2379 2039 2434 2087 et
2465 2033 2871 2102 imperatorum
2908 2034 3120 2090 multos
3149 2034 3366 2090 annos!
3393 2034 3670 2090 Orthodo-

2017 2133 2220 2175 xorum
2260 2119 2666 2190 imperatorum
2699 2121 2910 2178 multos
2943 2121 3162 2178 annos!
3203 2122 3564 2192 Erigentium
3588 2135 3674 2178 ec-

2017 2207 2224 2264 clesias
2258 2209 2468 2265 multos
2506 2209 2724 2266 annos!
2773 2209 3172 2266 Liberatorum
3206 2209 3671 2265 Christianorum

2020 2297 2231 2353 multos
2259 2311 2438 2354 annos
2473 2298 2484 2351 ι
2509 2299 2662 2355 Novo
2681 2298 3058 2354 Constantino
3081 2297 3297 2354 multos
3317 2311 3498 2354 annos
3524 2297 3536 2350 !
3569 2299 3675 2354 No-

2018 2400 2086 2442 vo
2115 2385 2433 2443 Theodosio
2454 2386 2666 2443 multos
2684 2385 2903 2442 annos!
2937 2387 3092 2442 Novo
3122 2386 3412 2442 Marciano
3456 2385 3675 2442 multos

2018 2473 2235 2530 annos!
2276 2474 2549 2530 Eudoxiae
2587 2475 2865 2546 piissimae
2902 2473 3174 2544 Augustae
3208 2473 3420 2531 multos
3441 2486 3622 2530 annos
3658 2473 3670 2526 ε
3701 2462 3706 2466 ’

2018 2566 2185 2620 Novae
2215 2563 2415 2620 Iudith
2462 2563 2672 2620 multos
2713 2576 2893 2619 annos
2929 2562 2942 2616 ι
2992 2564 3159 2618 Nova:
3195 2561 3418 2618 Helenae
3462 2560 3676 2618 multos

2021 2665 2200 2708 annos
2232 2651 2244 2705 !
2278 2653 2445 2708 Nova:
2470 2651 2789 2708 Pulcheriaa
2808 2651 3020 2708 multos
3049 2650 3267 2707 annos!
3297 2649 3519 2707 Nicolai
3551 2650 3680 2707 bea-

2024 2740 2236 2798 tissimi
2277 2755 2434 2811 papae
2467 2741 2705 2796 Romani
2747 2746 2958 2797 aeterna
3001 2739 3303 2796 memoria!
3351 2739 3493 2796 Novi
3534 2739 3676 2795 Phi-

2024 2843 2154 2885 nees
2174 2835 2383 2886 aeterna
2405 2829 2675 2886 memoria
2696 2830 2707 2883 ι
2732 2829 2872 2885 Νονὶ
2894 2828 3092 2886 Daniel
3118 2829 3330 2886 multos
3358 2839 3544 2884 annos
3564 2827 3576 2882 ι
3598 2829 3682 2883 In-

2022 2917 2385 2988 teremptoris
2415 2918 2545 2974 novi
2576 2916 2827 2974 Simonis
2857 2917 3069 2974 multos
3089 2929 3268 2972 annos
3299 2915 3310 2969 ι
3338 2914 3680 2972 Percutien-

2025 3006 2103 3063 tis
2146 3019 2352 3063 novum
2401 3004 2658 3062 fallacem
2697 3005 2978 3062 Ananiam
3022 3006 3231 3062 multos
3265 3004 3487 3061 annos!
3535 3005 3675 3060 Novi

2022 3094 2312 3152 Caelestini
2351 3094 2564 3151 multos
2608 3107 2788 3150 annos
2822 3094 2833 3148 ι
2867 3094 3010 3151 Νονὶ
3041 3094 3274 3150 Martini
3310 3099 3520 3149 aaterna
3557 3106 3681 3148 me-

2027 3185 2206 3242 moria
2227 3185 2239 3239 !
2266 3183 2506 3240 Adriani
2534 3183 2885 3240 sanctissimi
2917 3197 3072 3254 papa:
3093 3183 3332 3239 Romani
3355 3182 3566 3239 multos
3585 3195 3679 3238 an-

2027 3288 2129 3330 nos
2163 3273 2174 3327 !
2201 3273 2408 3344 Ignatii
2441 3272 2790 3328 sanctissimi
2825 3273 3162 3342 patriarcha;
3190 3271 3681 3340 Constantinopo—

2030 3362 2146 3418 leos
2177 3361 2389 3416 multos
2435 3360 2650 3416 annos!
2692 3360 2832 3416 Novi
2879 3359 3182 3415 Athanasii
3216 3359 3430 3415 multos
3459 3359 3674 3415 annos!

241 3454 572 3512 anathema
598 3454 710 3511 llis
753 3455 853 3527 qui
889 3455 1102 3511 audent
1134 3455 1324 3511 dicere
1356 3455 1698 3511 catholicam
1734 3454 1916 3510 Eccle-
2026 3450 2166 3506 Novi
2198 3447 2545 3504 confessoris
2573 3447 2735 3504 Pauli
2764 3447 2976 3503 multos
3003 3461 3186 3503 annos
3213 3447 3226 3500 !
3260 3447 3402 3502 Novi
3425 3446 3679 3502 Flaviani

244 3545 420 3600 siam
459 3543 614 3600 idola
644 3543 957 3615 aliquando
997 3543 1336 3615 suscepisse,
1385 3543 1730 3600 anathema!
1776 3542 1919 3598 Ana-

243 3632 474 3702 stasio,
526 3632 916 3703 Constantino,
962 3636 1018 3688 et
1064 3631 1294 3702 Nicetae,
1347 3632 1446 3702 qui
1487 3631 1594 3688 sub
1643 3631 1916 3688 Isauricis

246 3718 630 3793 praefuerunt
647 3720 978 3789 haeresibus,
995 3725 1060 3777 ut
1076 3719 1426 3792 inepiscopis
1445 3720 1768 3790 insacratis,
1789 3734 1919 3776 ana-

244 3808 504 3867 thema!
541 3808 849 3878 Theodoro,
878 3808 1147 3878 Antonio,
1174 3813 1232 3865 et
1247 3807 1474 3878 Joanni,
1498 3807 1596 3879 qui
1637 3807 1750 3864 sibi
1776 3807 1919 3864 invi-

2028 3538 2240 3594 multos
2259 3551 2438 3593 annos
2461 3536 2476 3608 ι
2498 3537 2638 3592 Novi
2660 3535 2915 3592 Anatolii
2950 3534 3162 3592 multos
3186 3548 3402 3605 annos;
3437 3535 3684 3590 Sanctis-

2026 3627 2303 3684 simornm
2349 3631 2405 3681 et
2451 3624 2898 3680 orthodoxorum
2945 3623 3403 3694 patriarcharum
3437 3622 3682 3678 orientis

2029 3716 2239 3772 multos
2269 3727 2448 3770 annos
2465 3713 2702 3785 lmonati
2731 3719 2787 3768 et
2813 3713 3108 3783 Stephani,
3131 3718 3187 3767 et
3211 3711 3418 3768 Marini
3446 3712 3684 3768 sanctis-

2026 3804 2304 3860 simorum
2344 3803 2693 3858 vicariorum
2743 3801 2990 3857 senioris
3034 3802 3242 3872 Romae,
3275 3801 3504 3858 Thomte
3537 3815 3681 3857 san-

243 3911 394 3955 cem
444 3896 720 3952 malorum
747 3898 1003 3954 omnium
1025 3897 1397 3954 exsititerunt
1417 3895 1838 3966 conciliatores,
1863 3902 1920 3951 et
2027 3891 2274 3948 ctissimi
2303 3890 2678 3959 metropolitm
2701 3889 2834 3959 Tyri
2857 3894 2914 3945 et
2933 3889 3137 3946 vicarii
3169 3889 3494 3946 Antiochia
3525 3888 3684 3946 mul—

244 3989 424 4044 alter
441 3984 682 4041 alterius
701 3985 814 4041 sibi
845 3985 1126 4056 impietati
1151 3990 1566 4054 successerunt,
1586 3985 1914 4041 anathema!

247 4073 457 4133 Paulo
478 4073 576 4144 qui
604 4073 663 4129 in
689 4074 923 4130 Saulum
962 4088 1269 4130 conversus
1287 4078 1396 4146 est,
1421 4079 1478 4128 et
1499 4073 1793 4130 Theodoro
1818 4073 1918 4144 qui

247 4161 580 4221 dicebatur
597 4163 778 4218 Gastte
791 4168 847 4217 et
861 4163 1143 4233 Stephano
1159 4162 1401 4228 Molataa,
1420 4168 1476 4218 et
1493 4161 1585 4217 his
1603 4161 1918 4231 similibus,

248 4251 622 4309 anathema!
659 4251 970 4322 Theodoro,
1019 4252 1116 4321 qui
1163 4265 1293 4308 cum
1333 4251 1458 4307 sine
1489 4250 1711 4307 ratione
1739 4249 1925 4306 consi-

2028 3986 2117 4037 tos
2147 3979 2358 4036 annos!
2392 3979 2565 4034 Heliae
2604 3977 2959 4034 sanctissimi
2983 3977 3224 4047 syncelli
3257 3984 3312 4032 et
3332 3978 3540 4034 vicarii
3561 3977 3687 4033 Hie-

2030 4069 2445 4140 rosolymorum
2494 4066 2707 4123 multos
2752 4080 2934 4122 annos
2966 4065 2979 4119 !
3011 4065 3168 4121 Sacri
3207 4071 3439 4123 senatus
3471 4065 3685 4122 multos

2031 4171 2210 4214 annos
2245 4157 2256 4210 l
2290 4157 2511 4212 Sanctae
2542 4168 2607 4210 ac
2638 4153 2987 4211 universalis
3007 4154 3211 4224 synodi
3242 4160 3451 4210 mterna
3486 4168 3687 4210 memo-

2034 4249 2121 4304 ria
2154 4247 2166 4301 ι
2201 4245 2411 4302 Multos
2431 4257 2613 4301 annos
2646 4244 3058 4314 imperatorum
3089 4248 3438 4315 nostrorum,
3471 4242 3683 4300 multos

249 4345 414 4408 stat,
465 4339 626 4410 loqui
674 4354 734 4396 se
768 4339 1191 4397 rationabiliter
1226 4339 1411 4411 ﬁngit,
1455 4338 1555 4409 qui
1600 4343 1657 4394 et
1690 4344 1924 4395 vocatur
2033 4335 2249 4392 annos!

335 4479 374 4508 ε
407 4465 550 4518 Nam
580 4478 705 4521 cum
731 4465 846 4520 haec
866 4467 1129 4535 ageretur
1151 4464 1322 4534 actio,
1349 4463 1410 4519 in
1438 4462 1583 4533 ipsis
1611 4461 1999 4533 Theophaniis
2017 4464 2324 4516 coronatus
2339 4463 2426 4516 est
2448 4459 2505 4514 in
2526 4458 2923 4530 imperatorem
2948 4457 3056 4512 iste
3080 4457 3186 4512 Leo
3207 4455 3365 4512 ﬁlius
3389 4469 3425 4511 a-
3448 4456 3682 4513 vicariis

251 4543 319 4595 et
350 4535 686 4606 patriarcha
709 4535 948 4605 Ignatio.

1214 4701 1528 4715 ε’*

1681 4815 1932 4887 ACTIO

2008 4813 2274 4886 NONA.

1863 4953 2081 4968 ﬂ

341 5059 416 5113 In
453 5056 682 5112 nomine
712 5057 941 5114 Domini
978 5063 1033 5114 et
1078 5057 1458 5115 dominatoris
1502 5056 1757 5113 omnium
1796 5057 1929 5110 Jesu
1961 5054 2169 5115 Dstrze
2214 5051 2570 5123 Evangeliis:
2630 5049 2688 5105 in
2733 5048 2951 5105 dextris
3004 5045 3266 5116 partibus
3309 5045 3680 5104 famosissimi

256 5145 500 5203 Christi
528 5147 646 5201 veri
679 5148 778 5202 Dei
811 5151 867 5203 et
888 5147 1199 5204 Salvatoris
1251 5147 1455 5218 nostri,
1496 5145 1723 5216 imperii
1750 5159 1782 5200 a
1816 5146 1929 5200 Deo

2041 5142 2236 5212 templi
2273 5147 2481 5197 sancta:
2532 5153 2596 5194 ac
2635 5137 2826 5209 magni
2863 5135 3115 5193 nominis
3152 5134 3412 5205 Sophim:
3473 5148 3686 5190 conve-

261 5241 683 5295 coronatorum
710 5243 766 5293 et
793 5238 1410 5308 tranquillissimorum
1440 5237 1805 5294 dominorum
1837 5248 1933 5290 no-
2041 5231 2336 5290 nientibus
2376 5235 2562 5287 autem
2602 5228 2822 5284 Donato
2857 5227 2972 5282 Deo
3013 5224 3368 5282 amicissimo
3419 5222 3683 5294 episcopo

265 5336 559 5398 strorum,
581 5326 780 5384 Basilii
802 5327 1036 5398 quidem
1070 5340 1134 5385 ac
1173 5326 1532 5384 Constantini
1566 5339 1716 5383 anno
1736 5325 1930 5393 tertio,

267 5417 490 5476 Leonis
509 5431 643 5474 vero
671 5429 822 5475 anno
845 5417 1050 5488 primo,
1084 5420 1485 5486 perpetuorum
1517 5415 1928 5487 Augustorum,

271 5507 608 5566 indictione
637 5507 828 5577 tertia,
863 5505 1050 5575 pridie
1079 5505 1213 5562 Idus
1250 5503 1583 5560 Februarii:
1621 5503 1932 5574 propositis

279 5597 564 5672 pretiosis
577 5600 637 5653 et
653 5594 902 5654 viviﬁcis
921 5594 1118 5666 lignis,
1139 5599 1198 5651 et
1213 5592 1570 5651 intemeratis
1597 5592 1804 5650 salutis
1824 5606 1936 5650 no-

2037 5321 2232 5391 Ostiae,
2268 5325 2325 5376 et
2363 5318 2645 5388 Stephano
2673 5320 2786 5373 Deo
2819 5315 3173 5372 amicissimo
3204 5314 3470 5385 episcOpo
3496 5314 3681 5382 Nepae,

2041 5426 2108 5469 ac
2136 5411 2356 5467 Marino
2391 5409 2507 5465 Deo
2535 5407 2890 5463 amicissimo
2914 5405 3158 5462 diacono
3186 5409 3394 5461 sancta:
3421 5401 3687 5455 Romanze

2042 5499 2327 5569 Ecclesim,
2374 5498 2559 5554 locum
2605 5494 3001 5552 obtinentibus
3043 5491 3283 5548 Adriani
3331 5486 3684 5544 sanctissimi

2046 5604 2201 5662 papa:
2225 5587 2484 5655 Romani,
2515 5590 2572 5642 et
2597 5585 2817 5658 Ignatio
2859 5582 3223 5640 sanctissimo
3255 5575 3687 5646 archiepiscopo
