4024 6170
446 269 540 332 434

1670 267 2029 327 ANASTASII
2069 257 2609 328 BIBLIOTHECARII

3489 161 3519 180 θ

3739 267 3850 327 132

440 406 604 462 alma
639 399 1209 471 Constantinopoleos
1251 411 1406 454 nova
1437 397 1658 454 Roma:
1693 400 1749 452 et
1777 395 2088 454 sanctissi—
2109 394 2168 456 A
2194 395 2342 452 simo
2367 397 2634 468 episcopo
2668 396 3000 468 Neapoleos,
3027 396 3316 452 Marciano
3341 397 3456 452 Deo
3484 394 3850 451 amicissimo

450 495 561 550 mis
594 492 706 548 loci
739 488 1128 547 servatoribus
1155 487 1419 558 orientis,
1453 485 1721 542 videlicet
1747 484 1950 556 Joseph
1975 487 2085 542 Deo

446 581 803 639 amicissimo
843 577 1249 635 archidiacono
1306 575 1824 632 Alexandrinorum
1872 587 2086 645 magna

447 672 725 742 civitatis,
756 669 944 726 locum
976 671 1198 722 tenente
1246 663 1542 720 Michaelis
1589 663 1943 721 sanctissimi
1980 676 2087 732 pa—

447 761 714 820 triarchae
737 756 1115 827 Alexandria,
1145 759 1202 810 et
1224 754 1436 809 Thoma
1471 752 1838 808 sanctissimo
1871 756 2088 807 metro-

450 849 629 922 polita
653 847 807 918 Tyri.
839 845 1025 902 locum
1047 847 1272 900 tenente
1293 841 1448 898 sedis
1467 839 1811 912 Antiochia,
1836 854 1902 896 eo
1931 839 2084 909 quod

447 941 677 996 viduata
723 939 871 992 esset
910 934 1104 990 eadem
1147 931 1416 987 Ecclesia.
1465 935 1522 985 et
1561 929 1719 984 Helia
1747 930 1859 984 Deo
1887 927 2089 984 colen—

448 1027 692 1084 dissimo
744 1023 1070 1094 presbytero
1127 1027 1183 1077 et
1235 1019 1504 1091 syncello,
1557 1018 1742 1074 locum
1797 1015 2088 1072 obtinente

448 1115 753 1183 Theodosii
803 1112 994 1168 throni
1057 1110 1577 1180 Hierosolymorum
1627 1104 2083 1176 archiepisc0pi:

453 1209 729 1278 prasente
751 1216 978 1275 quoque
1003 1213 1164 1256 sacro
1184 1204 1406 1268 senatu,
1429 1197 1682 1253 dicimus
1700 1202 1889 1252 autem
1918 1193 2092 1249 Theo-

451 1295 594 1352 doro
612 1289 1181 1366 magniﬁcentissimo
1200 1286 1442 1358 patricio
1457 1290 1514 1340 et
1531 1285 1824 1356 magistro,
1842 1283 2092 1338 Christo—

456 1385 635 1455 phoro
647 1377 1217 1453 magniﬁcentissimo
1231 1375 1476 1446 patricio
1487 1379 1544 1430 et
1557 1373 1852 1444 magistro,
1867 1371 2090 1426 Bahane

451 1465 1018 1544 magniﬁcentissimo
1066 1465 1309 1536 patricio
1352 1477 1418 1519 ac
1463 1461 1784 1532 praeposito,
1829 1459 2090 1516 Hemerio

455 1555 1026 1632 magniﬁcentissimo
1096 1552 1437 1624 proconsule
1487 1565 1553 1606 ac
1605 1549 1868 1620 patricio,
1911 1547 2090 1604 Paulo

454 1644 1025 1720 magniﬁcentissimo
1073 1641 1316 1712 patricio
1365 1645 1423 1697 et
1469 1637 1749 1710 praefecto,
1795 1637 2090 1693 Theodoro

2191 485 2458 556 episc0po
2493 487 2846 556 Nicopoleos,
2890 485 3178 542 Marciano
3212 487 3326 542 Deo
3349 484 3705 542 amicissimo
3729 485 3854 556 epi-

2192 587 2363 644 scopo
2381 575 2722 643 Thebarum,
2747 575 3026 648 Gregorio
3051 576 3164 631 Deo
3193 573 3552 630 amicissimo
3575 574 3850 644 episcopo

2193 663 2441 734 Mesina,
2476 666 2688 720 Joanne
2721 665 3220 721 Deo-amicissimo
3243 663 3512 734 episcopo
3552 663 3853 720 Poleosno—

2195 753 2320 824 mii,
2375 753 2668 811 Theodoro
2712 755 2828 810 Deo
2882 755 3239 810 amicissimo
3281 751 3550 824 episcopo
3604 753 3848 823 Eurippi

2198 837 2327 916 [al.,
2359 841 2656 918 Eusippi],
2701 843 3022 914 Nicephoro
3045 845 3160 899 Deo
3193 841 3550 899 amicissimo
3577 841 3853 912 episcopo

2192 931 2470 1004 Crotona,
2526 933 2759 989 Nicolao
2794 935 2911 988 Deo
2953 931 3310 988 amicissimo
3350 931 3621 1002 episcopo
3655 932 3849 1000 Nusa,

2193 1020 2569 1079 Constantino
2603 1025 2715 1078 Deo
2737 1021 3093 1078 amicissimo
3117 1021 3386 1091 episcopo
3409 1019 3600 1090 Synai,
3642 1017 3860 1091 Grego-

2198 1111 2287 1168 rio
2323 1112 2436 1167 Deo
2467 1111 2825 1172 amicissimo
2856 1110 3126 1180 episcopo
3162 1107 3478 1179 Tripoleos.
3516 1109 3698 1164 Leone
3737 1108 3858 1163 Deo

2195 1200 2554 1256 amicissimo
2601 1200 2871 1270 episcopo
2916 1197 3284 1269 Daphnusia,
3322 1195 3698 1252 Constantino
3739 1196 3858 1252 Deo

2195 1288 2552 1344 amicissimo
2575 1302 2843 1358 episcopo
2879 1286 3414 1344 Onumericensium
3441 1280 3572 1359 [al.,
3613 1285 3862 1340 Enume-

2198 1374 2567 1452 ricensium],
2609 1377 2823 1434 Basilio
2860 1377 2973 1433 Deo
2997 1375 3352 1431 amicissimo
3380 1375 3648 1444 episcOpo
3677 1372 3861 1430 Adra-

2200 1467 2284 1522 nii
2317 1462 2448 1539 [al.,
2475 1461 2814 1540 Eldrianii],
2839 1464 3178 1534 Theophane
3203 1463 3320 1519 Deo
3337 1462 3698 1519 amicissimo
3721 1461 3862 1533 epi-

2201 1569 2372 1625 scopo
2435 1554 2664 1624 Axana,
2727 1555 2942 1610 Joanne
3001 1555 3112 1608 Deo
3173 1551 3530 1608 amicissimo
3581 1551 3862 1622 episcopo

2199 1644 2472 1714 Tampsii,
2497 1643 2816 1714 Nicephoro
2846 1646 2958 1699 Deo
2985 1642 3341 1699 amicissimo
3369 1641 3640 1712 episcopo
3663 1639 3866 1710 Aspo—

455 1732 1026 1810 magniﬁcentissimo
1048 1731 1311 1801 patricio,
1343 1728 1606 1784 Barbatio
1639 1725 2093 1800 magniﬁcentis—
2123 1752 2174 1812 Β
2203 1747 2307 1802 me,
2337 1733 2584 1789 Macario
2612 1733 2724 1788 Deo
2757 1731 3114 1788 amicissimo
3147 1730 3416 1801 episcopo
3454 1728 3866 1785 Elizomenen—

455 1827 604 1883 simo
634 1821 901 1894 patricio,
932 1819 1190 1875 Manuale
1229 1816 1797 1890 magniﬁcentissimo
1823 1813 2088 1884 patricio,

453 1911 876 1982 Theophylacto
906 1906 1471 1980 magniﬁcentissimo
1497 1905 1759 1975 patricio,
1798 1904 2094 1958 Petronate

453 1998 1021 2075 magniﬁcentissimo
1053 1995 1314 2066 patricio,
1347 1993 1604 2050 Manuele
1643 1989 2098 2064 magniﬁcentia—-

453 2091 601 2148 simo
619 2087 896 2160 patricio:
919 2085 1060 2156 quin
1085 2085 1257 2140 etiam
1286 2087 1342 2138 et
1366 2081 1800 2139 considentibus
1825 2081 1938 2136 Deo
1959 2079 2097 2134 ami-

455 2177 712 2236 cissimis
743 2173 1146 2244 metropolitis,
1181 2171 1392 2228 Basilio
1413 2171 1638 2227 scilicet
1673 2171 1786 2226 Deo
1813 2168 2096 2224 amibilis—

453 2268 601 2325 simo
617 2264 1049 2334 archiepiscopo
1065 2261 1294 2330 Ephesi,
1311 2259 1603 2316 Theodulo
1621 2260 1733 2314 Deo
1761 2257 2092 2313 amcissimo

453 2352 814 2422 metropolita
833 2349 1089 2420 Ancyrae,
1113 2348 1432 2418 Nicephoro
1456 2350 1569 2404 Deo
1599 2345 1953 2402 amicissimo
1984 2359 2092 2401 me-

451 2441 724 2512 tropolita
746 2439 968 2508 Nicaa,
989 2437 1200 2494 Basilio
1219 2439 1331 2492 Deo
1349 2435 1703 2492 amicissimo
1729 2433 2090 2504 metropolita

449 2527 842 2596 Chalcedonis,
905 2525 1120 2580 Basilio
1165 2526 1280 2579 Deo
1329 2523 1682 2580 amicissimo
1732 2522 2090 2592 metropolita

450 2616 888 2690 Gangrensium,
911 2614 1206 2670 Theodoro
1228 2612 1706 2669 Deoamicissimo
1732 2611 2096 2680 metropolita

449 2705 883 2776 Thessalonica,
915 2701 1150 2758 Nicolao
1179 2703 1290 2758 Deo
1335 2700 1689 2758 amicissimo
1739 2699 2100 2768 metropolita

451 2793 924 2868 Synnadensium,
961 2790 1380 2861 Theophylacto
1401 2792 1511 2846 Deo
1526 2789 1882 2845 amicissimo
1904 2793 2104 2844 metro-

457 2885 637 2956 polita
673 2881 869 2949 lconii,
921 2879 1142 2952 lgnatio
1185 2881 1300 2934 Deo
1343 2878 1700 2934 amicissimo
1742 2873 2102 2956 metropolita

453 2954 836 3040 Hierapoleos,
893 2966 1180 3023 Michaele
1208 2968 1324 3022 Dco
1356 2965 1708 3022 amicissimo
1741 2954 2102 3042 meti-Opolita

455 3056 783 3144 Bodl/ert.
826 3052 1203 3130 Hadramiti],
1253 3055 1548 3110 llilarione
1582 3057 1694 3112 Deo
1747 3052 2102 3112 amicissimo

2203 1823 2350 1878 tium
2402 1819 2530 1896 [al.,
2574 1818 2960 1896 Elysomane],
3007 1820 3283 1876 Michaele
3337 1819 3451 1874 Deo
3497 1815 3866 1874 amicissimo

2201 1911 2470 1982 episcopo
2505 1911 2956 1982 Cercyrensium,
2993 1909 3312 1980 Nicephoro
3350 1910 3462 1964 Deo
3497 1905 3866 1963 amicissimo

2203 2002 2471 2072 episcopo
2514 2000 2805 2070 Zacynthi,
2830 1998 3038 2069 Joseph
3061 1999 3174 2054 Deo
3198 1997 3552 2054 amicissimo
3585 1995 3865 2066 episcopo

2203 2089 2531 2161 Aventium,
2569 2089 2933 2160 Theagnosco
2963 2085 3092 2162 [uI.,
3127 2081 3512 2160 Theognosto]
3555 2087 3668 2140 Deo
3701 2083 3870 2138 ami-

2203 2179 2439 2236 cissimo
2468 2179 2736 2250 episcopo
2772 2177 3058 2246 Parnassi,
3097 2175 3324 2232 Meletio
3356 2176 3471 2231 Deo
3499 2172 3868 2230 amicissimo

2201 2269 2468 2340 episcopo
2489 2268 2780 2337 Heraclia,
2803 2265 3058 2336 Asaphio
3077 2267 3190 2322 Deo
3210 2264 3568 2320 amicissimo
3587 2261 3866 2332 ep'scOpo

2198 2359 2470 2431 Erythia,
2501 2357 2879 2414 Constantino
2903 2357 3017 2412 Deo
3040 2354 3398 2412 amicissimo
3431 2353 3700 2423 episcOpo
3725 2351 3873 2406 Pru-

2198 2448 2401 2520 siadis,
2439 2449 2639 2504 Cosma
2663 2448 2778 2502 Deo
2809 2444 3168 2501 amicissimo
3201 2443 3468 2514 episcOpo
3491 2441 3868 2510 Adrianopo—

2200 2536 2338 2600 leos,
2381 2541 2438 2592 et
2460 2536 2684 2608 lgnatio
2717 2536 2832 2592 Deo
2863 2533 3220 2590 amicissimo
3253 2532 3521 2603 episcopo
3561 2528 3858 2586 Timonis:

2206 2626 2298 2681 his
2322 2626 2401 2680 ita
2431 2624 2925 2696 convenientibus,
2955 2624 3208 2678 Bahanes
3237 2619 3662 2678 famosissimus
3689 2617 3866 2688 patri:

2209 2715 2338 2770 cius
2361 2719 2419 2770 et
2440 2715 2782 2784 praepositus
2808 2727 2876 2768 ex
2915 2723 3154 2782 persona
3177 2712 3328 2768 sacri
3358 2713 3590 2766 senatus
3607 2707 3678 2762 ad
3701 2706 3876 2762 vica—

2213 2803 2335 2859 rios
2381 2803 2629 2860 senioris
2663 2803 2852 2860 Roma
2899 2807 2956 2858 et
3003 2801 3372 2858 orientalium
3417 2797 3640 2855 sedium
3675 2795 3865 2852 dixit:

2211 2893 2424 2963 Nostis,
2461 2897 2648 2962 patres
2678 2891 2786 2947 mei
2818 2891 3192 2961 sanctissimi,
3217 2890 3354 2961 quia
3388 2889 3448 2944 in
3487 2885 3873 2958 praecedenti-

2213 2979 2322 3036 bus
2368 2980 2695 3036 actionibus
2733 2980 3121 3036 ecclesiastica
3161 2978 3472 3049 dispositio
3518 2975 3662 3032 facta
3707 2979 3798 3030 est
3830 2987 3869 3028 a

2211 3069 2376 3126 vobis
2405 3070 2791 3126 sanctissimis
2823 3069 2930 3125 loci
2955 3069 3344 3126 servatoribus
3372 3066 3618 3124 senioris
3652 3066 3865 3133 Roma,

455 3141 816 3218 ῐηθιίοροίίιδ
857 3145 1140 3215 Corinthi:
1188 3143 1554 3212 Meu‘ophane
1595 3144 1708 3198 Πθο
1747 3141 2103 3198 ειῐῐιίυίδδίῐηο
2133 3162 2180 3223 C
2210 3173 2276 3216 ac
2302 3159 2669 3216 orientalium
2708 3159 2952 3230 sedium,
2991 3158 3303 3215 secundum
3339 3153 3774 3230 congruentiam
3811 3159 3869 3210 et

454 3235 816 3305 metropolita
836 3233 1106 3304 Smyrna,
1141 3229 1415 3287 Michaele
1443 3233 1556 3286 Deo
1586 3231 1941 3287 amicissimo
1980 3243 2104 3285 me-

453 3324 723 3396 tropolita
746 3321 944 3394 Byzia,
977 3321 1359 3390 Euthymiano
1389 3320 1504 3376 Deo
1523 3319 1876 3375 amicissimo
1903 3323 2104 3374 metro-

455 3415 632 3486 polita
676 3409 1171 3480 Euchartensium,
1212 3409 1427 3464 Joanne
1469 3409 1584 3464 Deo
1627 3408 1981 3464 amicissimo
2014 3421 2102 3462 ar-

453 3501 820 3573 chiepiscopo
848 3497 1338 3568 Pompeiopoleos,
1378 3497 1716 3566 Theophane
1740 3499 1852 3554 Deo
1871 3495 2100 3551 amicis-

455 3593 605 3648 simo
625 3588 1061 3658 archieopicopo
1084 3587 1280 3656 Selga,
1301 3584 1583 3653 Stephano
1606 3587 1718 3640 Deo
1741 3583 2096 3638 amicissimo

447 3677 881 3748 archiepiscOpo
932 3673 1349 3744 Cypsallorum,
1420 3673 1633 3726 Joanne
1687 3673 1800 3728 Deo
1856 3670 2100 3726 amicis-

451 3768 598 3823 simo
657 3762 1091 3830 archiepiscoxo
1153 3761 1263 3828 Cii,
1306 3759 1513 3814 Photio
1572 3761 1684 3815 Deo
1743 3759 2099 3815 amicissimo

451 3853 883 3922 archiepiscopo
939 3848 1194 3916 Nicolia,
1256 3848 1380 3905 lcoo
1441 3849 1552 3904 Deo
1604 3847 1959 3904 amicissimo
2013 3861 2101 3902 ar-

451 3941 817 4011 chiepiscopo
883 3937 1236 4007 Methymna,
1303 3935 1514 3992 Basilio
1569 3936 1684 3992 Deo
1745 3935 2098 3993 amicissimo

451 4028 884 4098 archiepiscopo
957 4025 1175 4095 Russii,
1239 4023 1512 4095 Gregorio
1573 4026 1687 4080 Deo
1745 4025 2098 4081 amicissimo

451 4117 886 4187 archiepiscopo
908 4115 1085 4184 Parii,
1109 4113 1284 4170 Paulo
1303 4115 1416 4169 Deo
1439 4113 1795 4170 amicissimo
1820 4115 2101 4184 archiepi-

450 4221 620 4277 scopo
639 4205 909 4275 Apamia,
931 4203 1142 4260 Basilio
1160 4205 1274 4260 Deo
1293 4202 1647 4260 amicissimo
1663 4203 2094 4274 archiepiscOpo

450 4295 664 4368 Pyrgii,
688 4293 930 4350 Arsenio
963 4295 1074 4349 Deo
1098 4292 1452 4348 amicissimo
1477 4292 1908 4362 archiepiscopo
1926 4291 2100 4350 Aure.

452 4384 748 4456 liopoleos,
781 4383 1025 4453 Georgio
1062 4383 1172 4437 Deo
1206 4381 1559 4436 amicissimo
1593 4381 1860 4452 episcopo
1890 4388 2096 4439 sancta

2211 3249 2468 3305 ordinem
2493 3249 2862 3320 synodicum:
2900 3263 3053 3305 nunc
3071 3261 3203 3304 vero
3237 3246 3577 3318 patriarcha
3609 3243 3868 3300 Alexan-

2209 3337 2352 3394 dria
2373 3339 2526 3394 venit
2561 3337 2832 3408 vicarius,
2856 3337 3039 3394 ethoc
3073 3337 3268 3406 procul
3307 3335 3486 3393 dubio
3520 3334 3618 3391 Dei
3651 3345 3867 3403 coope—

2212 3427 2432 3482 ratione
2452 3432 2509 3482 et
2527 3427 2819 3482 voluntate
2839 3425 3048 3482 factum
3085 3431 3188 3482 est.
3217 3424 3363 3495 Quid
3387 3439 3521 3497 ergo
3557 3424 3628 3480 de
3652 3427 3860 3478 caetero

2207 3515 2436 3571 videtur
2456 3515 2748 3570 sanctitati
2776 3521 2975 3570 vestra
2991 3514 3020 3568 ‘I
3050 3513 3412 3570 Sanctissimi
3444 3511 3647 3568 vicarii
3672 3511 3866 3568 senio.

2207 3603 2290 3658 ris
2311 3604 2498 3659 Roma
2518 3603 2820 3658 dixerunt:
2847 3604 2918 3658 Et
2945 3617 3048 3658 nos
3083 3602 3311 3672 quidem
3339 3601 3593 3658 vidimus
3617 3613 3771 3669 eum,
3807 3609 3862 3658 et

2209 3691 2384 3747 locuti
2420 3705 2621 3747 sumus
2657 3691 2732 3762 ei,
2769 3695 2826 3747 et
2847 3705 2946 3761 per
2985 3705 3300 3747 sermonem
3340 3691 3466 3760 ejus
3500 3686 3862 3745 satisfactio—

2209 3793 2335 3835 nem
2375 3780 2716 3849 accepimus.
2759 3781 3155 3836 Verumtamen
3200 3779 3364 3849 juxta
3399 3778 3672 3834 canonica
3709 3791 3862 3846 pra-

2207 3875 2366 3938 cepta
2390 3869 2610 3940 legatur
2629 3869 3096 3925 commendatitia
3115 3869 3241 3938 ejus
3261 3867 3504 3938 epistola
3526 3867 3585 3922 in
3609 3865 3863 3921 audien—

2208 3959 2346 4013 tiam
2382 3959 2662 4029 omnium,
2701 3958 2761 4013 in
2801 3959 2903 4014 hac
2941 3963 3134 4014 sancta
3173 3961 3231 4014 et
3265 3955 3576 4013 universali
3617 3955 3858 4026 synodo,

2206 4053 2258 4103 et
2281 4048 2359 4102 ita
2383 4053 2826 4103 connumeretur
2845 4046 3114 4103 omnibus
3136 4045 3302 4102 nobis
3335 4035 3572 4100 vicariis
3603 4043 3863 4113 patriar-

2205 4137 2456 4193 chalium
2509 4137 2754 4192 sedium.
2795 4137 2907 4192 Deo
2949 4134 3291 4191 amicissimi
3330 4133 3606 4204 episcopi,
3648 4137 3708 4188 et
3738 4136 3860 4188 tota

2205 4233 2397 4282 sancta
2435 4227 2685 4296 synodus
2717 4225 2899 4282 dixit:
2927 4225 3138 4281 Bonum
3172 4229 3230 4280 et
3245 4225 3464 4294 justum
3502 4227 3608 4291 est,
3646 4226 3706 4277 et
3729 4221 3861 4276 ideo

2205 4316 2432 4372 cunctis
2476 4316 2688 4386 placet:
2736 4321 2794 4370 et
2832 4315 2936 4370 hoc
2977 4312 3274 4369 manifeste
3317 4313 3539 4368 habetis
3571 4325 3605 4368 a
3647 4324 3860 4367 conse-

2205 4404 2438 4474 quentia
2468 4403 2854 4460 ecclesiastica
2883 4408 2939 4458 et
2969 4403 3259 4472 synodica.
3303 4403 3372 4458 Et
3409 4406 3534 4472 post
3571 4401 3680 4458 hoc
3711 4398 3859 4457 acci-

449 4473 716 4544 Cyriaca,
747 4470 1056 4528 Enstachio
1080 4472 1192 4525 Deo
1217 4469 1570 4525 amicissimo
1599 4470 1865 4540 episcopo
1900 4471 2094 4527 Emo-

2208 4469 2369 4562 piens
2387 4493 2700 4563 Gregorius
2719 4492 2956 4548 devotus
2977 4469 3240 4548 notarius
3265 4469 3596 4548 divinorum
3619 4495 3860 4547 secreta-

453 4563 583 4632 nia,
622 4560 996 4618 Constantino
1029 4560 1141 4614 Deo
1174 4557 1526 4614 amicissimo
1567 4559 1836 4628 episcopo
1872 4556 2093 4617 Tralla‘

449 4651 731 4706 Germano
753 4652 864 4705 Deo
879 4646 1234 4704 amicissimo
1255 4646 1520 4716 episcopo
1535 4647 1702 4716 Citri,
1723 4647 2096 4730 Constantino

449 4739 563 4796 Deo
605 4737 959 4794 amicissimo
1006 4736 1272 4806 episcopo
1327 4735 1802 4808 Augustopoleos,
1859 4738 2095 4796 Nicolao

447 4829 564 4882 Deo
607 4825 960 4882 amicissimo
991 4824 1257 4894 episcopo
1294 4824 1574 4895 Documii,
1608 4825 1771 4880 Petro
1807 4827 1920 4882 Deo
1957 4827 2096 4882 ami-

449 4914 683 4970 cissimo
715 4915 980 4984 episcopo
1018 4913 1424 4984 Melitopoleos,
1459 4913 1662 4982 Joseph
1702 4916 1814 4969 Deo
1851 4915 2097 4970 amicis-

449 5002 597 5058 simo
633 5002 899 5072 episcopo
937 5001 1132 5069 Leria,
1167 5001 1398 5057 Tarasio
1436 5001 1550 5056 Deo
1583 5001 1937 5059 amicissimo
1979 5004 2094 5073 epi-

448 5103 620 5160 scopo
666 5090 885 5160 Cinea,
925 5091 1208 5160 Stephano
1259 5091 1372 5146 Deo
1419 5090 1774 5147 amicissimo
1827 5091 2092 5162 episcopo

447 5178 1014 5247 Gordoserbensium,
1038 5179 1302 5249 Philippo
1320 5181 1430 5234 Deo
1454 5179 1806 5236 amicissimo
1823 5181 2091 5251 episcopo

445 5267 654 5337 Tabia,
674 5267 892 5340 lgnatio
917 5269 1026 5324 Deo
1051 5267 1405 5323 amicissimo
1427 5267 1694 5338 episcopo
1717 5270 2084 5344 Juli0poleos,

445 5355 819 5413 Constantino
846 5357 958 5411 Deo
993 5355 1347 5412 amicissimo
1384 5355 1650 5426 episcopo
1679 5357 1791 5426 Tii,
1829 5357 2089 5417 Sisinnio

445 5447 558 5503 Deo
585 5445 938 5502 amicissimo
967 5445 1232 5516 episcOpo
1263 5443 1673 5516 Bitinopoleos,
1712 5447 2088 5518 XenOphonte

445 5537 559 5594 Deo
581 5534 937 5592 amicissimo
960 5535 1226 5606 episcopo
1245 5533 1498 5606 Mylassi,
1519 5536 1700 5592 Leone
1722 5537 1836 5594 Deo
1859 5538 2088 5597 amicis-

2207 4582 2447 4651 riorum,
2485 4580 2623 4651 legit
2661 4580 2958 4650 epistolam
3001 4581 3341 4651 patriarcha
3381 4579 3745 4636 Alexandria
3783 4582 3851 4636 ad

2205 4669 2532 4740 piissimum
2570 4669 2967 4738 imperatorem
3007 4670 3260 4725 missam.

2200 4794 2448 4868 Piissimo
2487 4799 2537 4849 et
2567 4796 3093 4868 magniﬁcentissimo
3131 4799 3447 4868 imperatori
3480 4798 3678 4850 victori
3702 4799 3857 4854 Basi-

2273 4867 2364 4925 lio,
2395 4865 2668 4938 Augusto,
2695 4867 3098 4935 hiumphatori,
3140 4873 3190 4921 et
3201 4865 3421 4923 ’Christi
3445 4870 3552 4922 Deo
3583 4870 3858 4938 placubili

2269 4937 2498 5009 famulo,
2538 4938 2772 4992 Michael
2818 4939 3030 4991 inutilis
3067 4953 3252 4993 servus
3287 4937 3603 5009 puerorum’
3633 4942 3858 4996 Domini

2268 5008 2374 5060 mei
2409 5006 2848 5064 Aleaandrinus.

2268 5075 2354 5131 Ab
2390 5076 2530 5132 olim
2569 5079 2799 5148 quidem
2839 5079 3089 5136 scribere
3124 5081 3194 5137 ad
3233 5081 3520 5156 divinitus
3569 5087 3758 5138 actam
3797 5091 3858 5141 et

2199 5182 2431 5248 maximi
2454 5183 2680 5240 decoris
2698 5185 3040 5242 dictaturam
3077 5189 3254 5258 tuam,
3278 5189 3493 5258 optime
3514 5187 3854 5265 imperator,

2198 5271 2522 5344 gestientes,
2544 5273 2616 5330 ab
2649 5273 2890 5330 alterius
2925 5275 3114 5333 tribus
3138 5276 3448 5337 formidine
3478 5277 3721 5338 inhibiti
3743 5294 3859 5340 ex—

2197 5361 2415 5418 stitisse
2433 5362 2846 5435 dignoscimur.
2864 5367 3026 5422 Nunc
3043 5379 3173 5422 vero
3188 5365 3361 5437 jussi,
3385 5373 3444 5424 et
3461 5368 3613 5438 quod
3625 5369 3856 5426 deside-

2196 5450 2483 5522 rabamus,
2505 5457 2562 5507 et
2581 5453 2730 5523 quod
2769 5453 3177 5526 metuebamus,
3220 5455 3467 5528 impigre
3497 5457 3850 5530 peregimus,

2195 5541 2505 5598 immortali
2525 5546 2584 5598 et
2603 5542 2990 5612 supercalesti
3015 5544 3132 5616 regi
3155 5545 3416 5615 copiosas
3435 5552 3622 5618 grates
3651 5561 3862 5619 repen-
