4052 6168
243 258 350 319 433

1010 254 1561 317 IN'I'ERPRETATIO
1595 256 1845 315 SYNODI
1882 256 1999 314 VIII
2035 259 2519 318 GENERALIS.—
2552 263 2755 323 ACTIO
2789 268 2885 323 IX.

3546 264 3650 327 43L

240 387 463 455 dentes,
488 385 590 455 qui
619 399 720 455 per
750 386 1105 444 occasionem
1150 387 1450 458 quamdam
1497 378 1982 457 dispensanterA
2011 386 2231 443 mordia
2293 389 2437 459 ejus,
2502 390 2585 446 vel
2637 391 2845 461 media,
2904 398 3006 449 aut
3069 392 3400 465 novissima,
3443 395 3529 451 vel
3581 397 3658 452 ti—

240 474 622 547 exiguitatem
674 481 920 532 nostram
980 475 1254 548 dignatus
1300 481 1387 532 est
1433 476 1726 544 adjuvare,
1788 486 1898 544 quo

242 576 438 618 meum
462 563 762 619 dominum
787 578 854 619 ac
881 564 1296 621 dominatorem
1313 565 1696 621 orthodoxum
1729 563 1900 632 impe-

241 657 492 707 ratorem
518 651 740 722 alloqui
773 659 829 708 et
853 666 1087 708 exorare
1118 653 1473 709 meruissem.
1509 652 1729 709 Etenim
1756 651 1897 706 mihi

239 754 463 812 magnae
496 740 721 796 delicia:
754 740 860 797 hoc
888 742 1177 811 apparuit,
1227 743 1465 804 sanitas.
1499 746 1555 798 et
1589 740 1896 812 profectus,

236 835 297 884 et
328 842 533 899 magna
563 830 748 900 gratia
774 829 1061 886 divinitus
1091 836 1250 887 orta:
1286 831 1502 888 arbiter
1525 832 1679 887 enim
1720 832 1903 887 Palae-

238 918 531 974 stinorum
579 918 853 990 regionis,
894 926 950 975 et
996 919 1352 976 Tiberiadem
1390 934 1457 977 ac
1494 922 1702 991 Tyrum
1742 920 1903 976 obti—

238 1020 403 1076 nens,
429 1011 486 1062 et
528 1006 730 1062 horum
772 1006 1136 1077 prasidatum
1185 1007 1467 1065 creditum
1514 1008 1745 1079 habens,
1809 1008 1903 1063 his

235 1094 450 1151 diebus
498 1095 734 1151 mittens
759 1095 829 1151 ad
878 1110 999 1164 nos,
1052 1096 1343 1153 nuntiavit
1384 1097 1807 1154 dominicorum
1843 1102 1899 1152 et

239 1181 748 1240 nobilissimorum
787 1185 1014 1253 apicum
1044 1186 1114 1240 ad
1155 1199 1216 1240 se
1253 1180 1670 1242 destinatorum
1699 1186 1902 1242 adven-

237 1278 387 1341 tum,
407 1271 761 1343 jubentium,
804 1288 918 1343 quo
943 1272 1057 1329 sibi
1080 1275 1403 1344 quempiam
1435 1288 1468 1331 a
1490 1275 1621 1331 sede
1649 1275 1902 1330 Alexan-

234 1359 410 1416 drina
437 1360 507 1415 ad
534 1360 775 1430 imperia
794 1361 1196 1434 dirigeremus,
1222 1376 1333 1419 una
1355 1377 1484 1418 cum
1509 1362 1778 1433 pausillis
1799 1362 1893 1418 lit-

244 1448 390 1504 teris
407 1449 633 1505 nostris
645 1462 817 1519 super
831 1449 1209 1521 dissensione,
1229 1464 1356 1523 quze
1380 1450 1527 1508 facta
1547 1456 1634 1507 est
1651 1450 1900 1507 duorum

239 1537 705 1607 patriarcharum
746 1551 916 1594 causa
945 1554 1113 1609 penes
1140 1541 1351 1612 regiam
1394 1540 1627 1597 urbem:
1664 1546 1720 1596 et
1747 1541 1897 1611 quod

238 1639 271 1681 a
293 1627 415 1682 Deo
443 1631 748 1696 provectus
775 1632 832 1682 et
860 1627 1299 1697 Opinatissimus
1326 1629 1635 1699 imperator
1671 1629 1898 1686 anhelet

239 1713 311 1768 ab
330 1719 667 1772 exterarum
697 1729 795 1772 ore
823 1716 1049 1785 audire,
1081 1718 1332 1789 qualiter
1357 1719 1567 1775 veritas
1596 1719 1806 1791 exigat,
1838 1723 1895 1775 et
1926 1699 1981 1762 Β

241 1817 372 1873 quae
396 1804 481 1858 sit
508 1803 580 1859 de
606 1803 699 1858 his
728 1809 879 1860 certa
910 1811 966 1860 et
994 1805 1155 1863 firma
1199 1808 1473 1879 cognitio,
1507 1821 1633 1878 quze
1663 1808 1748 1864 sic
1792 1822 1894 1865 nos

242 1892 419 1947 movit
463 1893 532 1948 ad
564 1892 620 1948 id
671 1894 819 1963 quod
863 1898 1027 1949 antea
1073 1892 1558 1961 desiderabamus,
1591 1897 1648 1948 et
1689 1908 1788 1962 pro
1828 1906 1895 1949 eo

241 1981 393 2050 quod
415 1980 540 2037 fieri
568 1980 748 2037 citius
781 1995 1076 2051 speramus
1099 1986 1329 2051 pr0pter
1348 1981 1458 2036 viri
1491 1982 1803 2052 justitiam,
1840 1984 1896 2037 et

241 2080 437 2125 amore
460 2069 798 2126 dilectionis
823 2075 1056 2139 pavente
1089 2073 1438 2139 potestatem,
1468 2085 1594 2140 qua:
1638 2070 1697 2125 in
1732 2069 1897 2126 nobis

245 2160 607 2223 potentatum
638 2158 806 2229 gerit,
850 2157 1170 2228 quempiam
1202 2171 1417 2227 eorum,
1455 2158 1555 2229 qui
1603 2160 1750 2228 apud
1794 2172 1898 2213 nos

240 2244 451 2303 sedulo
479 2253 830 2315 permanent,
876 2246 1137 2315 mittere;
1182 2245 1445 2302 misimus
1473 2247 1525 2304 ei
1574 2252 1769 2302 contra
1798 2262 1898 2317 pro

244 2333 441 2401 nobis,
504 2334 862 2404 requirentes
904 2333 1193 2390 hominem
1241 2335 1379 2390 olim
1438 2340 1717 2402 nostrum,
1770 2339 1826 2390 et
1866 2350 1899 2391 a

246 2421 464 2478 multis
489 2422 660 2479 annis
686 2422 745 2478 in
770 2437 873 2479 sua
897 2423 1189 2480 voluntate
1216 2422 1585 2494 habitantem,
1614 2424 1903 2481 venerabi-

232 2510 357 2566 lem
401 2510 765 2580 existentem,
798 2517 855 2567 et
899 2512 1268 2568 monasticam
1306 2514 1791 2569 conversationem
1831 2529 1899 2570 ex

236 2598 532 2656 mollibus
590 2600 827 2671 ungulis
867 2601 1215 2657 excolentem
1271 2602 1631 2673 monachum,
1693 2604 1898 2673 Joseph

234 2687 527 2758 nomine;
554 2688 705 2758 quod
745 2694 801 2744 et
839 2687 1007 2745 fecit:
1041 2703 1172 2745 cum
1213 2704 1324 2761 quo
1353 2690 1524 2745 etiam
1552 2689 1705 2747 hunc
1730 2691 1898 2746 vilem

236 2776 592 2833 codicillum
639 2778 1067 2835 transmisimus
1109 2778 1412 2850 indignum
1456 2779 1816 2851 existentem,
1845 2786 1901 2835 et

238 2865 639 2935 imperatoriae
658 2866 996 2923 allocutioni
1023 2868 1544 2924 inconvenientem:
1580 2868 1685 2925 hoc
1711 2874 1899 2925 autem

234 2954 525 3025 volenter,
550 2953 809 3024 fecimus,
844 2956 1106 3027 quinimo
1135 2956 1485 3013 confidenter
1526 2958 1903 3028 praesumpsi—

2011 474 2162 530 nalia
2236 486 2692 547 cognoscantur:
2772 481 2982 536 etenim
3039 482 3270 551 quidam
3330 483 3651 551 sapientum

2012 562 2199 619 iambo
2266 563 2619 634 loquentium
2692 568 2994 636 przedixit:
3064 569 3208 638 Quis
3263 571 3415 625 enim
3478 572 3653 640 judex

2012 652 2347 724 peregrinus
2426 668 2767 726 quemquam
2836 657 3021 713 solum
3101 672 3341 728 usquam
3407 660 3653 715 audivit.

2013 740 2249 796 minime
2311 750 2577 799 accusato
2634 751 2927 816 praesente,
2983 746 3066 801 vel
3122 747 3406 815 judicavit
3467 749 3659 818 proti—

2012 842 2140 897 nus,
2184 830 2288 885 hoc
2325 832 2526 887 audito
2566 832 2594 886 ?
2631 833 2688 887 Si
2720 834 2873 888 enim
2917 848 2985 889 ex
3014 848 3127 889 uno
3174 834 3288 890 sibi
3343 837 3659 892 adversan—

2011 917 2159 973 tium
2205 919 2426 987 audire,
2481 934 2712 989 pravum
2745 927 2800 977 et
2846 921 3002 977 nefas
3028 924 3239 979 veritas
3285 925 3550 996 aestimat,
3595 931 3651 981 et

2013 1004 2118 1061 hoc
2144 1011 2209 1061 ut
2231 1006 2615 1064 abomiv'abile
2637 1023 2748 1065 non
2790 1010 3067 1082 admittit,
3102 1017 3317 1082 quanto
3363 1013 3545 1084 magis
3583 1012 3654 1067 ab

2012 1093 2216 1150 horum
2256 1096 2530 1151 nemine?
2576 1097 2676 1167 qui
2706 1098 2859 1153 enim
2902 1099 3321 1169 judicantquae
3366 1100 3652 1171 nesciunt,

2012 1187 2262 1251 paratam
2313 1183 2772 1256 redargutionem
2820 1187 2877 1241 in
2928 1188 3288 1244 carminibus
3330 1188 3653 1245 beatissimi

2007 1270 2269 1341 Gregorii
2299 1272 2611 1343 reperiunt,
2638 1278 2695 1329 et
2733 1279 2925 1344 aperte
2965 1275 3187 1332 dicitur
3210 1277 3317 1343 eis,
3373 1279 3523 1347 quod
3552 1291 3660 1333 ca-

2012 1356 2127 1429 ligo
2153 1358 2231 1414 sit
2255 1374 2381 1430 quae
2412 1360 2743 1431 loquuntur.
2792 1364 2936 1419 Bene
2956 1369 3138 1420 autem
3189 1366 3473 1431 novimus,
3502 1366 3650 1437 quod

2008 1448 2157 1516 apud
2184 1462 2285 1503 vos
2306 1449 2445 1518 sint,
2475 1449 2725 1506 dictator
2743 1457 2845 1506 eta
2883 1453 2995 1509 Deo
3020 1453 3288 1509 salvande
3318 1454 3651 1525 imperator,

2010 1536 2217 1590 summi
2258 1542 2529 1608 pastores,
2578 1539 2867 1611 praesules,
2896 1554 2961 1595 ac
2991 1541 3241 1613 abbates,
3271 1542 3468 1598 clerici
3502 1556 3654 1613 quo-

2009 1639 2140 1695 que,
2166 1632 2223 1681 et
2246 1639 2446 1699 azyges
2467 1625 2495 1668 ι)
2520 1669 2534 1699 ,
2561 1629 2659 1699 qui
2692 1630 2847 1685 omni
2880 1630 3164 1699 sapientia
3189 1644 3255 1685 ac
3281 1631 3542 1700 scientia,
3575 1632 3658 1687 in-

2013 1713 2241 1771 tellectu
2262 1715 2432 1770 etiam
2449 1721 2504 1770 et
2523 1716 2869 1773 discretione
2891 1722 3061 1787 atque
3081 1718 3383 1788 prudentia
3399 1720 3654 1775 decorati

2005 1803 2348 1872 consistunt,
2382 1819 2626 1874 quorum
2656 1806 2922 1875 princeps
2950 1819 3017 1861 ac
3066 1822 3274 1876 praeses
3302 1814 3357 1863 et
3397 1822 3657 1864 summus

2004 1891 2202 1947 doctor
2226 1897 2288 1947 tu
2314 1894 2666 1949 constitutus
2691 1908 2772 1965 es,
2808 1900 3001 1951 sancte
3023 1909 3090 1951 ac
3128 1897 3442 1953 orthodoxe
3471 1898 3660 1967 impe—

2008 1986 2180 2040 rator.
2214 1980 2313 2049 qui
2346 1995 2542 2036 omnes
2573 1982 2810 2051 propius
2838 1984 3167 2054 existentes,
3194 1986 3344 2054 quod
3373 1990 3658 2055 opportu-

2009 2081 2143 2125 num
2180 2073 2283 2133 est,
2313 2069 2498 2138 scitis,
2527 2075 2584 2124 et
2619 2071 2767 2139 quod
2798 2073 2908 2125 Deo
2930 2072 3008 2126 sit
3032 2079 3348 2142 acceptum,
3378 2073 3520 2128 bene
3554 2087 3660 2128 co—

2008 2156 2303 2227 gnoscitis.
2338 2158 2443 2213 Vos
2462 2158 2616 2212 enim
2637 2158 2779 2213 estis
2810 2159 2993 2227 radix,
3020 2173 3089 2214 ex
3108 2174 3217 2229 qua
3251 2156 3417 2233 [fort
3447 2158 3645 2234 rami.]

2003 2245 2118 2313 jam
2141 2251 2196 2299 et
2218 2245 2671 2300 immortalitatis
2702 2246 3098 2317 iutelligibilis
3123 2260 3388 2317 oceanus,
3430 2261 3499 2303 ex
3544 2263 3658 2317 quo

2007 2333 2201 2388 cuncti
2253 2332 2456 2402 fontes,
2510 2348 2789 2404 omneque
2842 2346 3015 2397 mare,
3068 2336 3321 2391 universi
3372 2335 3549 2407 lacus,
3604 2341 3663 2392 et

2010 2423 2221 2477 fluenta
2255 2422 2451 2491 procul
2483 2427 2767 2492 emanant,
2796 2427 2862 2478 ut
2889 2423 3140 2478 exterior
3172 2428 3333 2493 poeta
3380 2426 3660 2482 Homerus

2009 2508 2234 2565 affatur.
2269 2512 2372 2581 ιω,
2399 2510 2633 2566 domine
2666 2511 2975 2581 imperator
3008 2512 3353 2581 justissime,
3394 2513 3663 2569 invenie-

2011 2613 2139 2654 mus
2171 2598 2229 2653 in
2257 2599 2600 2669 quibusdam
2626 2604 2878 2654 veterum
2909 2600 3193 2671 historiis,
3224 2602 3373 2671 quod
3406 2603 3522 2657 duo
3555 2615 3663 2671 pa—

2010 2687 2277 2743 triarchae
2309 2687 2592 2756 quondam
2628 2687 2687 2742 in
2716 2687 2933 2743 Christi
2962 2688 3060 2743 Dei
3086 2690 3269 2744 nostri
3298 2694 3494 2745 sancta
3524 2689 3663 2745 civi-

2013 2780 2127 2831 tate
2143 2774 2279 2830 facti
2311 2773 2563 2845 fuerunt,
2585 2776 2678 2831 sed
2702 2775 2806 2831 hoc
2825 2776 3010 2843 modo,
3037 2777 3391 2848 Dicitigitur
3408 2776 3665 2833 Alexan—

2011 2865 2114 2920 der
2135 2864 2447 2920 monachus
2471 2864 2526 2918 in
2558 2864 2825 2921 historiis
2855 2865 3001 2934 suis,
3036 2866 3173 2935 quia
3196 2866 3533 2937 trigesimus
3557 2878 3666 2935 pa—

2012 2952 2266 3007 triarcha
2283 2952 2696 3023 Hierosolymis
2713 2958 2840 3023 post
2858 2953 3167 3025 gloriosam
3193 2958 3249 3010 et
3265 2954 3662 3011 celedrandam

236 3058 404 3114 mus,
460 3057 574 3100 non
625 3049 896 3116 tanquam
950 3045 1215 3115 nosipsos
1268 3045 1547 3115 odientes,
1598 3046 1771 3117 absit,
1803 3047 1900 3104 sed
1933 3040 1983 3104 C
2012 3041 2242 3097 Domini
2285 3042 2466 3097 nostri
2515 3043 2647 3098 Jesu
2675 3042 2893 3098 Christi
2936 3044 3006 3098 ad
3039 3043 3215 3099 ccelos
3244 3043 3661 3114 ascensionem,

236 3138 479 3188 nosmet
495 3132 851 3203 dejicieutes,
878 3134 1250 3205 exiguitatem
1278 3139 1530 3191 nostram
1556 3136 1625 3191 ad
1658 3135 1906 3191 eminen-

236 3226 367 3276 tem
394 3225 450 3275 et
476 3220 912 3290 principantem,
930 3235 996 3276 ac
1020 3222 1289 3278 omnibus
1310 3222 1697 3294 dignitatibus
1714 3223 1907 3280 subli—

240 3309 499 3364 miorem
545 3309 882 3380 dignitatem
922 3310 1200 3365 veraciter
1250 3318 1659 3381 comparantes.
1712 3314 1906 3383 Neque

234 3398 413 3454 enim
463 3396 567 3454 hoc
609 3397 802 3454 animo
842 3408 1008 3471 agere
1052 3404 1396 3470 poteramus,
1452 3401 1567 3457 nisi
1610 3399 1905 3456 manifeste

235 3486 725 3557 cognovissemus
750 3487 809 3542 in
836 3491 911 3557 te,
939 3488 1051 3543 Deo
1076 3488 1405 3560 gratissime
1438 3489 1766 3559 imperator,
1798 3488 1908 3544 ha-

237 3575 447 3632 bitare
478 3574 821 3630 imitatorem
842 3574 1059 3631 Christi
1090 3581 1147 3631 et
1169 3576 1724 3633 condescendibilem
1764 3575 1907 3632 affe-

235 3668 438 3732 ctum,
479 3662 581 3734 qui
609 3663 894 3734 quondam
933 3664 1120 3719 viduae
1165 3664 1282 3719 duo
1322 3665 1543 3722 minuta
1572 3666 1805 3736 recepit,
1851 3670 1907 3722 et

238 3751 381 3807 hac
409 3749 674 3819 pluribus
692 3750 1026 3808 muneribus
1047 3752 1319 3820 praetulit.
1343 3753 1560 3808 Etenim
1577 3755 1904 3825 aitquidam

238 3842 583 3909 poetarum:
625 3838 926 3895 Abest-ille
952 3850 982 3880 ι
1021 3840 1122 3910 qui
1148 3840 1521 3910 compedibus
1561 3843 1910 3899 constrictus

2014 3130 2316 3186 Narcissus
2340 3130 2670 3201 vocabatur,
2704 3131 3030 3201 apostolica
3053 3133 3237 3203 gratia
3259 3132 3588 3202 splendens,
3608 3137 3665 3187 et

2014 3219 2199 3289 quieti
2236 3220 2494 3288 studens,
2551 3233 2843 3275 sacrorum
2896 3221 3209 3290 praesulatu
3257 3220 3477 3290 relicto,
3514 3233 3666 3275 anno

2013 3306 2353 3362 duodecimo
2384 3308 2475 3363 sui
2503 3307 2928 3377 patriarchatus
2946 3309 3015 3364 ad
3050 3308 3171 3364 loca
3198 3307 3465 3380 confugit
3497 3308 3668 3363 inco-

2016 3394 2208 3466 gnita:
2244 3394 2340 3449 sed
2377 3395 2618 3464 quaesito
2647 3408 2678 3448 a
2703 3395 2933 3464 p0pulo,
2952 3401 3008 3449 et
3039 3401 3334 3465 potestate,
3362 3409 3428 3451 ac
3453 3396 3669 3465 episco-

2018 3482 2107 3551 pis
2130 3482 2459 3551 provinciae,
2495 3496 2596 3537 nec
2636 3487 2823 3536 tamen
2875 3482 3126 3549 invento,
3162 3497 3262 3551 pro
3316 3484 3442 3551 ipso
3478 3496 3670 3552 prove-

2018 3570 2179 3627 hitur
2199 3570 2354 3627 alius
2374 3570 2719 3640 patriarcha,
2748 3570 2847 3641 qui
2870 3570 3180 3625 vocabatur
3213 3570 3378 3637 Dius,
3407 3571 3510 3641 qui
3539 3575 3668 3626 octo

2014 3659 2185 3714 annis
2233 3659 2446 3719 vivens.
2499 3658 2560 3713 in
2596 3658 2827 3713 Christo
2850 3657 3159 3715 defunctus
3201 3664 3305 3714 est.
3341 3659 3474 3714 Post
3513 3659 3669 3714 hunc

2017 3748 2335 3805 Germanus
2354 3747 2524 3803 annis
2554 3747 2744 3804 tribus
2768 3766 2784 3814 ς
2821 3748 2956 3803 huic
2982 3762 3112 3803 vero
3135 3748 3389 3804 Gordius
3412 3747 3670 3804 succedit

2020 3843 2268 3909 quatuor
2295 3838 2485 3906 annis,
2518 3842 2638 3892 tum
2660 3851 2787 3893 ecce
2817 3842 3087 3907 tanquam
3108 3852 3177 3893 ex
3202 3836 3420 3893 abditis
3447 3836 3672 3893 Narcis-

236 3927 403 3984 salit
427 3914 497 3981 ad
553 3927 848 3997 terminos,
881 3927 1099 3999 equitis
1126 3942 1299 3999 more,
1328 3944 1729 4001 summumque
1761 3932 1913 3988 dili-
2020 3942 2121 3983 sus
2165 3942 2367 3984 rursus
2395 3930 2648 3996 apparet,
2684 3930 2742 3981 et
2769 3932 2891 3981 erat
2920 3939 3048 3981 cum
3090 3931 3422 3982 consecrato
3450 3925 3669 3982 Gordio

237 4029 421 4088 gens.
465 4015 562 4071 vix
610 4016 817 4086 rejicit.
872 4016 1143 4073 audacter
1197 4017 1490 4073 exsiliens.
1548 4020 1624 4075 De
1683 4020 1911 4078 duobus

236 4111 454 4162 autem
503 4104 866 4174 patriarchis,
894 4104 1125 4162 domine
1152 4106 1437 4177 princeps,
1458 4112 1513 4162 et
1541 4107 1849 4178 imperator
1877 4122 1910 4164 a

238 4194 371 4249 Deo
456 4191 777 4265 dirigende,
868 4193 928 4249 in
1005 4207 1119 4250 una
1199 4194 1349 4265 sede,
1434 4209 1548 4252 uno
1636 4203 1906 4268 tempore,

240 4282 409 4337 bene
455 4281 611 4337 novit
650 4294 684 4337 a
725 4283 837 4337 Deo
905 4288 1165 4351 provecta
1214 4283 1396 4353 pietas
1444 4289 1563 4354 tua,
1606 4286 1753 4356 quod
1794 4286 1912 4341 im—

2022 4016 2081 4071 in
2115 4030 2229 4073 uno
2248 4029 2419 4071 sensu
2449 4019 2505 4070 et
2532 4013 2923 4070 consonantia.
2976 4013 3192 4070 Gordio
3224 4027 3374 4083 vero,
3412 4014 3512 4084 qui
3536 4026 3665 4069 cum

2019 4118 2086 4160 eo
2132 4109 2272 4171 erat,
2303 4102 2593 4172 defuncto,
2644 4106 2701 4157 et
2730 4102 2997 4157 Narcisso
3023 4115 3195 4171 supra
3247 4101 3476 4157 modum
3518 4115 3675 4157 sene-

2021 4200 2209 4251 scente
2262 4191 2567 4262 (siquidem
2610 4195 2735 4249 erat
2775 4190 2941 4260 quasi
2993 4190 3280 4245 sexdecim
3335 4196 3392 4245 et
3441 4195 3670 4246 centum

1990 4302 1996 4309 ·
2020 4282 2321 4354 annorum)
2340 4279 2724 4336 Alexandrum
2749 4280 3048 4349 quemdam
3071 4280 3427 4349 episcopum,
3457 4278 3532 4335 ab
3556 4279 3674 4333 alia

242 4368 544 4440 possibile
615 4370 695 4426 sit
758 4371 1003 4441 mittere,
1068 4376 1124 4427 et
1187 4372 1585 4443 corporalibus
1644 4375 1909 4432 terminis
1936 4402 1996 4466 D
2028 4372 2255 4443 regione
2278 4368 2634 4425 adorationis
2658 4368 2844 4466 gratia
2878 4364 3196 4436 profectum
3218 4366 3289 4466 ad
3322 4356 3672 4466 venerabilia

241 4464 568 4528 remotum,
640 4459 964 4516 discernere
1018 4464 1239 4516 tantum
1296 4473 1362 4517 ac
1422 4463 1533 4519 tale
1595 4465 1906 4537 negotium,

236 4561 395 4604 cum
466 4548 714 4603 invisum
770 4548 850 4605 sit
905 4553 962 4604 et
1012 4552 1283 4620 tanquam
1341 4550 1607 4608 clanculo
1666 4560 1907 4625 gestum,

242 4634 448 4706 idque
492 4648 845 4707 nequaquam
900 4635 1119 4693 sciatur
1157 4650 1189 4692 a
1235 4637 1421 4710 nobis,
1477 4640 1571 4696 sed
1628 4654 1730 4698 nec
1782 4643 1914 4712 pri-

236 4754 274 4783 ι
306 4743 517 4820 Abest,
559 4743 670 4797 ille.
705 4743 787 4820 _lli
831 4748 1191 4820 versus-sunt
1218 4746 1367 4820 apud
1390 4747 1621 4820 Crzecos
1667 4764 1910 4820 quorum

242 4818 547 4892 quantum
572 4827 639 4869 ex
666 4814 1100 4870 circumstantia
1120 4814 1403 4885 superiori
1434 4818 1608 4892 datur
1639 4814 1908 4892 intelligi,

246 4888 371 4942 iste
400 4889 491 4957 est
508 4897 710 4957 sensus
733 4898 951 4955 eorum,
970 4899 1037 4941 ex
1057 4900 1291 4956 persona
1320 4890 1657 4957 patriarcha:
1680 4888 1914 4948 Alexin-'-

241 4954 435 5033 drini
451 4954 618 5033 inter
645 4956 953 5033 Saracenos
974 4954 1275 5033 constituti
1311 4954 1585 5033 prolatus,
1614 4962 1779 5033 dicit,
1827 4968 1907 5032 ut,

245 5025 494 5106 inquit,
530 5026 645 5094 ille,
683 5027 783 5096 qui
811 5028 1183 5106 compedibus
1208 5025 1909 5106 constrictu‘s'utcun'que,

244 5101 337 5186 vel
375 5113 418 5153 ιι
446 5098 766 5186 ‘decunque
774 5098 931 5168 salit,
958 5104 1016 5186 et
1040 5112 1210 5186 supra
1236 5100 1389 5186 vires
1406 5103 1582 5186 repit,
1605 5098 1914 5186 equesetli;

246 5171 443 5233 citur,
473 5168 554 5223 ita
577 5175 634 5223 et
659 5175 720 5223 tu
753 5168 1082 5237 imperator,
1126 5168 1911 5233 humilitatis'ac'scientiolaa

251 5238 739 5315 nostrze__scripta
762 5245 833 5315 _ut
867 5240 983 5294 duo
1004 5240 1190 5315 viduae
1234 5241 1452 5315 minuta
1480 5246 1726 5315 suscipe,
1779 5248 1911 5304 licet

251 5309 639 5389 compedibus
652 5310 978 5389 nationum,
1006 5311 1154 5389 inter
1179 5325 1324 5389 quas
1354 5309 1697 5389 habitamus,
1717 5309 1912 5389 ἴωμε-

254 5383 369 5460 diti
394 5382 492 5460 vix
513 5382 632 5460 haec
650 5380 772 5460 ipsa
788 5380 1211 5460 scripserimusl
1237 5384 1326 5460 Vel
1352 5385 1460 5440 ita:
1496 5380 1908 5460 Sicut,'inquit,

260 5455 361 5534 qui
388 5452 617 5534 vincala
648 5452 707 5506 in
741 5452 988 5534 pedibus
1006 5452 1190 5534 habet,
1214 5459 1270 5509 et
1311 5463 1570 5534 servatur
1593 5474 1623 5513 a
1664 5452 1908 5530 potente,

261 5525 311 5580 si
336 5539 467 5582 cum
490 5531 691 5596 aptum
720 5525 996 5593 repererit
1020 5528 1263 5595 tempus,
1287 5532 1471 5595 potest
1489 5525 1720 5601 quoquo
1747 5525 1912 5589 modo

2023 4464 2165 4530 loca,
2194 4473 2291 4530 per
2314 4458 2569 4514 divinam
2601 4454 3004 4511 revelationem
3024 4454 3323 4523 praesulem
3354 4454 3676 4525 Hierosoly-

2022 4563 2241 4606 morum
2272 4547 2654 4614 constituunt,
2687 4557 2821 4601 sene
2844 4543 3113 4599 Narcisso
3146 4543 3388 4598 multum
3433 4555 3564 4598 eum
3589 4558 3673 4599 ro-

2021 4643 2207 4712 gante,
2254 4636 2354 4707 qui
2407 4641 2464 4691 et
2507 4633 2779 4703 martyrio
2830 4637 3020 4703 postea
3068 4637 3523 4688 consummatur.
3559 4633 3675 4688 Hoc

2021 4738 2742 4822 equojmpositusifugere,
2764 4739 3074 4822 secundum
3102 4742 3280 4822 poetae
3316 4737 3670 4822 paradigma,

2021 4811 2224 4874 Evadit
2254 4811 2387 4869 irati
2440 4811 2722 4881 principis
2770 4814 3159 4879 potentatum;
3196 4811 3274 4881 ita
3306 4815 3363 4863 et
3404 4822 3508 4881 nos
3539 4811 3675 4865 licet

2023 4888 2185 4959 ligati
2210 4886 2264 4940 vi
2306 4879 2560 4959 gentium
2587 4882 2789 4959 simus,
2820 4887 3067 4959 attamen
3098 4880 3332 4935 verbum
3362 4879 3672 4959 Dei,_quod

2024 4950 2135 5015 non
2165 4963 2251 5012 est
2271 4950 2591 5025 alligatulu,
2617 4952 2815 5025 saltem
2845 4952 2938 5005 vix
2964 4965 3141 5025 super
3167 4964 3376 5025 equum
3414 4950 3675 5025 epistolae

2023 5034 2230 5087 nostrae
2258 5021 2969 5095 imponeutesdireximus,
2996 5022 3143 5095 quod
3169 5021 3247 5075 ita
3276 5022 3527 5095 suscipe,
3556 5028 3676 5095 tan-

2022 5114 2192 5172 quam
2224 5099 2274 5154 si
2307 5092 2481 5172 soluti
2532 5107 2808 5172 essemus,
2857 5106 2923 5147 ac
2956 5105 3060 5172 per
3102 5092 3467 5172 hoc_majora
3513 5093 3676 5172 vobis

2021 5163 2222 5229 offerre
2242 5168 2627 5239 potuissemus
2645 5179 2770 5234 quae
2797 5170 2981 5219 tamen
3008 5164 3158 5239 ideo,
3177 5163 3239 5239 ΔιιΙ
3260 5170 3519 5239 autumo,
3538 5165 3679 5239 scri-

2020 5245 2108 5300 bit
2137 5234 2395 5308 obscure,
2450 5250 2535 5305 ne,
2561 5238 2611 5293 si
2664 5242 2954 5307 utcunque
2997 5234 3343 5308 deperirent,
3389 5235 3557 5291 facile
3605 5235 3675 5291 ab

2022 5314 2287 5372 hostibus
2314 5309 2791 5380 intelligerentur.
2836 5309 2985 5362 Enn.
3024 5307 3160 5380 lion.

2098 5386 2123 5427 ι)
2146 5385 2202 5441 ld
2234 5389 2338 5450 est,
2368 5376 2668 5451 sinejugo,
2697 5378 3224 5451 uxorumscilicet:
3262 5376 3674 5451 intelliguntur

2021 5462 2207 5513 autem
2242 5448 2525 5523 monachi,
2554 5448 2692 5521 quia
2711 5450 2964 5520 expediti
2991 5463 3023 5503 a
3053 5448 3416 5519 conjugibus.
