4024 6170
449 241 551 300 435

1671 239 2028 299 ANASTASII
2074 241 2562 303 BIBLIOTHECAR
2569 251 2615 304 II

3752 264 3848 323 436

444 382 575 424 vero
600 367 784 425 solum
809 368 1083 424 historice
1116 368 1400 439 novimus,
1436 372 1492 424 et
1521 367 1592 424 de
1630 368 1724 423 his
1767 366 1932 422 nobis
1971 367 2088 421 hu—
2112 362 2170 422 A
2198 366 2383 424 nioris
2416 371 2603 428 Roma
2636 387 2701 430 ac
2735 377 3104 436 orientalium
3141 383 3412 439 sedium‘!
3443 387 3648 458 Joseph
3692 403 3852 444 reve—

447 457 686 514 milibus
719 455 840 512 tuis
873 454 1108 512 famulis
1139 455 1401 512 sufﬁciat.
1441 457 1841 526 Supplicamus
1875 460 2084 522 autem,

448 551 512 602 ut
553 543 789 600 inutiles
829 545 998 614 servi,
1053 550 1109 600 et
1147 544 1507 602 obsecramus
1551 551 1624 616 te,
1679 543 2088 616 benignissime

448 634 776 704 imperator,
833 638 896 688 ut
943 647 1057 703 eos,
1097 635 1196 704 qui
1233 635 1300 690 ad
1328 634 1621 690 divinitus
1665 631 2087 705 gubernandam

447 721 860 778 sublimitatem
907 727 1060 779 tuam
1105 735 1172 778 ex
1214 722 1568 778 nostratibus
1608 720 1879 778 destinati
1931 723 2084 787 sunt,

447 810 742 867 beneﬁciis
777 811 1053 879 cumules,
1100 825 1209 868 non
1251 811 1435 866 solum
1475 815 1662 866 autem
1705 810 1859 881 illos,
1900 808 1994 864 sed
2034 811 2090 860 et

448 912 642 954 omnes
666 899 899 956 omnino
925 900 1022 969 qui
1040 899 1254 955 Christi
1281 899 1509 955 nomine
1538 905 1862 969 censentur,
1884 903 1940 950 ct
1960 907 2089 950 cum

446 988 530 1042 eis
553 1001 654 1057 pro
691 987 883 1043 eadem
912 987 1297 1056 redemptione
1332 988 1612 1058 legatione
1647 986 1984 1058 funguntur,
2020 982 2088 1037 ad

447 1076 805 1147 eripiendum
827 1076 1095 1132 videlicet
1109 1091 1140 1132 a
1157 1077 1485 1146 suspicione
1503 1078 1606 1132 hos
1624 1077 1723 1146 qui
1748 1075 1908 1130 missi
1933 1079 2088 1140 sunt,

448 1170 505 1219 et
525 1178 628 1220 nos
649 1165 748 1234 qui
778 1165 1062 1233 misimus,
1096 1170 1160 1222 ut
1192 1165 1382 1221 cuncti
1409 1179 1576 1235 penes
1601 1178 1794 1220 omnes
1817 1163 1916 1232 qui
1939 1161 2089 1231 apud

451 1266 555 1310 nos
592 1257 728 1308 sunt
770 1253 972 1308 bonam
1012 1252 1234 1325 faciem,
1276 1258 1332 1309 et
1371 1254 1643 1322 temporis
1684 1249 2093 1320 redemptionis

449 1338 700 1397 fructum
723 1354 1012 1411 capessere
1033 1343 1348 1399 valeamus:
1386 1347 1667 1412 quatenus
1695 1341 1906 1396 divina
1937 1338 2094 1394 boni-

448 1429 585 1484 tatis
605 1434 659 1484 et
686 1429 900 1486 Christi
935 1435 1154 1487 amator
1189 1431 1386 1487 mundi
1426 1431 1783 1500 principatus
1818 1433 1955 1484 tuus
1990 1440 2092 1496 pro

452 1531 556 1573 suo
585 1522 714 1574 voto
747 1532 812 1573 ac
850 1519 1017 1574 libito
1047 1519 1243 1588 jubeat
1276 1525 1332 1575 et
1364 1525 1513 1591 agat,
1550 1517 1960 1575 omnitenentis
1993 1515 2092 1570 Dei

451 1608 671 1664 auxilio
700 1608 930 1676 ductus,
956 1620 1021 1662 ac
1041 1608 1333 1664 continuis
1353 1613 1409 1663 et
1438 1604 1902 1663 indelicientibus
1929 1604 2096 1660 bonis

2198 457 2576 517 rendissimus
2615 464 3059 526 archidiaconus
3103 477 3158 526 et
3195 472 3449 530 vicarius
3490 457 3852 533 Alexandria

2197 543 2378 602 dixit:
2404 549 2724 620 Complacet
2748 555 2889 611 mihi
2921 559 2980 613 in
3006 560 3160 616 omni
3203 562 3593 620 ecclesiastica
3627 566 3853 622 actione

2197 639 2253 688 et
2285 634 2666 705 dispositione
2704 644 3198 704 sanctissimorum
3231 649 3337 706 loci
3375 657 3731 709 servatorum
3757 667 3854 708 se-

2203 722 2384 780 nioris
2399 726 2607 799 Roma,
2635 744 2700 786 ac
2727 733 3096 791 orientalium
3125 737 3370 809 sedium,
3403 744 3458 794 et
3480 742 3631 811 quod
3656 749 3854 799 sancte

2198 824 2262 867 ac
2277 813 2431 881 juste
2463 817 2886 888 disposuerint:
2925 830 2981 880 et
3001 839 3126 880 ecce
3163 840 3277 895 pra
3309 827 3575 884 manibus
3605 830 3664 886 in
3701 833 3854 887 scri—

2201 900 2316 968 ptis
2341 916 2568 960 sensum
2603 922 2808 980 meum,
2837 916 2891 966 et
2927 913 2975 967 si
3006 912 3226 982 jubetis
3258 914 3481 986 legatur
3516 931 3709 973 coram
3753 919 3856 975 hac

2203 1001 2361 1044 sacra
2385 996 2632 1063 synodo;
2669 998 2726 1053 in
2750 999 3002 1056 residuis
3024 1016 3176 1071 vero,
3217 1008 3389 1072 prout
3416 1019 3730 1076 cognovero
3760 1022 3857 1077 per

2203 1079 2442 1150 gratiam
2483 1083 2720 1151 Christi,
2750 1085 2897 1156 quod
2929 1089 3150 1157 justum
3187 1096 3241 1146 et
3267 1099 3528 1149 sanctum
3565 1093 3762 1165 fuerit,
3801 1103 3857 1151 et

2200 1175 2386 1230 dicam
2421 1179 2476 1227 et
2507 1187 2686 1246 agam.
2732 1177 3090 1234 Sanctissimi
3131 1180 3332 1235 vicarii
3381 1183 3628 1238 senioris
3663 1184 3857 1240 Roma

2200 1263 2502 1319 dixerunt:
2525 1264 2662 1319 Ecce
2689 1265 3019 1322 audivimus
3044 1281 3107 1322 ea
3135 1283 3260 1338 qua
3287 1269 3514 1340 dixisti,
3546 1277 3602 1326 et
3629 1272 3858 1342 placent

2203 1351 2368 1406 nobis
2407 1351 2619 1419 omnia,
2656 1358 2710 1408 et
2755 1354 2880 1410 ideo
2929 1355 3190 1412 volumus
3235 1361 3296 1412 ut
3343 1358 3400 1412 in
3449 1359 3634 1416 medio
3677 1361 3855 1416 istius

2203 1444 2410 1496 sancta
2446 1441 2788 1498 universalis
2827 1445 3026 1513 synodi
3066 1443 3287 1516 legatur
3311 1447 3510 1516 Opinio
3535 1463 3707 1519 quam
3747 1450 3858 1504 ha—

2205 1527 2320 1583 bes.
2367 1530 2434 1584 Et
2477 1534 2601 1598 post
2656 1530 2760 1585 hoc
2813 1547 3052 1604 surgens
3088 1534 3290 1604 Joseph
3343 1537 3863 1596 reverendissimus

2206 1617 2648 1674 archidiaconus
2689 1625 2744 1675 et
2785 1621 2894 1678 loci
2938 1627 3189 1679 servator
3235 1623 3612 1696 Alexandria,
3667 1629 3866 1696 posuit

450 1695 920 1768 accumulandus,
957 1701 1160 1786 etpost
1193 1697 1364 1786 vitam
1401 1696 1810 1786 ριᾳνὶῐῐιὲὶῐῐι-θῐΔ
1830 1693 2099 1786 CQPiOSO-
2130 1679 2182 1740 Β
2211 1721 2438 1763 sensum
2460 1723 2626 1763 suum
2655 1710 2931 1778 scriptum
2964 1711 3114 1767 inter
3137 1713 3385 1781 pretiosa
3421 1679 3685 1786 ligna,'et
3708 1716 3869 1772 inte—

454 1799 577 1840 rum
591 1798 868 1840 annorum
893 1783 1509 1840 curriculaimmortali
1531 1783 1771 1853 imperio
1785 1780 2093 1848 fruiturus,

452 1871 951 1942 deprecationibus
991 1873 1366 1929 immaculata
1405 1874 1503 1928 Dei
1550 1871 1850 1944 genitricis
1883 1869 2094 1938 Maria,

452 1961 741 2032 Marcique
776 1960 1063 2017 mirabilis
1096 1962 1364 2032 apostoli,
1401 1960 1761 2033 evangelista:
1783 1972 1848 2014 ac
1885 1962 2104 2026 marty-

455 2052 557 2122 ris,
582 2053 754 2109 simul
795 2056 850 2109 et
877 2053 1240 2122 praceptoris
1265 2051 1468 2119 nostri,
1501 2055 1558 2106 et
1591 2049 1850 2106 omnium
1888 2052 2105 2104 sancto-

459 2155 584 2196 rum
621 2141 883 2197 mandata
915 2142 1016 2197 Dei
1054 2141 1490 2211 perﬁcientium.
1538 2139 1712 2195 Amen

521 2228 994 2285 Commendatitia
1031 2243 1165 2302 ergo
1203 2228 1442 2299 epistola
1488 2228 1650 2297 lecta,
1694 2229 1947 2282 Donatus
1988 2225 2100 2279 Deo

455 2318 846 2375 amicissimus
872 2319 1174 2388 episcopus
1194 2317 1388 2389 Ostia,
1411 2322 1467 2372 et
1489 2317 1810 2386 Stephanus
1835 2317 1946 2370 Deo
1968 2312 2106 2368 ami-

455 2406 726 2463 cissimus
750 2407 1052 2475 episcopus
1082 2407 1268 2475 Nepae,
1292 2418 1356 2461 ac
1396 2405 1651 2460 Marinus
1692 2400 2106 2460 reverendissi—

459 2508 585 2548 mus
608 2493 888 2552 diaconus
921 2497 1128 2549 sancta
1168 2495 1432 2548 Romana
1471 2491 1757 2562 Ecclesia,
1793 2491 2093 2546 dixerunt:

462 2583 598 2638 Ecce
619 2580 801 2638 defert
822 2582 918 2638 hic
939 2582 1479 2640 honorabilissimus
1500 2582 1590 2635 vir
1610 2578 2104 2636 commendatitias

462 2672 702 2742 litteras,
750 2683 891 2742 quas
933 2685 965 2726 a
1012 2671 1335 2740 patriarcha
1377 2684 1482 2726 suo
1531 2668 1803 2725 Michaele
1851 2669 2100 2748 accepit:

459 2759 775 2816 didicimus
811 2759 942 2829 quis
976 2759 1073 2827 sit,
1106 2764 1162 2814 et
1203 2760 1349 2815 unde
1382 2757 1619 2826 venerit,
1658 2762 1714 2812 et
1752 2755 2106 2824 suscipimus

461 2862 589 2904 eum
614 2853 677 2903 ut
705 2848 981 2903 veraciter
1003 2847 1111 2903 loci
1136 2853 1476 2903 servatorem
1509 2845 1908 2902 Alexandrina
1929 2844 2102 2900 sedis.

463 2937 666 2992 Dicant
706 2950 839 3007 ergo
879 2938 948 2992 ad
1001 2936 1106 2992 hoc
1143 2943 1198 2991 et
1238 2936 1588 2991 sanctissimi
1634 2935 1742 2990 loci
1793 2939 2107 2989 servatores

464 3024 830 3082 orientalium
867 3024 1109 3094 sedium,
1137 3029 1192 3080 et
1225 3037 1384 3079 sacra
1419 3025 1687 3093 synodus,
1721 3029 1778 3078 et
1801 3024 1913 3078 Deo
1945 3035 2110 3076 ama-

467 3113 615 3170 biles
637 3112 912 3183 episcopi,
941 3114 1080 3183 quid
1104 3113 1218 3168 sibi
1249 3113 1510 3168 videatur
1540 3126 1708 3181 super
1731 3112 1857 3180 hoc,
1882 3117 1938 3167 et
1959 3125 2110 3182 quo—

471 3201 633 3258 modo
657 3201 1045 3258 certiiicentur
1067 3202 1126 3257 in
1159 3201 1420 3270 epistola.
1457 3202 1658 3257 Sancta
1679 3208 1734 3256 et
1766 3200 2109 3257 universalis

469 3290 718 3360 synodus
736 3289 920 3346 dixit:
957 3289 1205 3347 Perfecte
1229 3290 1449 3351 creduli
1483 3289 1615 3345 facti
1644 3305 1862 3358 sumus,
1891 3295 1945 3344 et
1979 3304 2110 3344 cer—

469 3377 668 3435 tiﬁcati
691 3392 891 3435 sumus
912 3392 1106 3435 omnes
1129 3393 1197 3435 ex
1217 3378 1456 3448 epistola
1482 3393 1605 3449 qua
1646 3379 1810 3436 modo
1847 3379 1987 3434 lecta
2023 3385 2111 3434 est

465 3478 651 3521 coram
679 3465 861 3535 nobis,
888 3466 1023 3537 quia
1041 3480 1151 3523 non
1173 3466 1360 3533 ﬁctus,
1383 3466 1478 3522 sed
1502 3467 1839 3522 verissimus
1857 3467 2109 3523 vicarius

461 3560 548 3612 est
579 3554 772 3612 throni
814 3556 1204 3623 Alexandria;
1245 3561 1473 3624 propter
1514 3555 1662 3624 quod
1708 3562 1764 3610 et
1799 3556 2109 3624 recipimus

463 3658 612 3714 eum,
635 3649 692 3699 et
729 3643 1116 3715 gloriﬁcamus
1149 3645 1324 3697 Deum
1364 3643 1781 3712 universorum,
1819 3644 1919 3713 qui
1958 3645 2105 3714 quod

462 3734 656 3789 deerat
702 3731 1012 3787 universali
1058 3731 1273 3801 synodo
1330 3729 1635 3799 supplevit,
1693 3736 1749 3784 et
1791 3744 1911 3785 eam
1959 3746 2108 3788 nunc

464 3819 933 3892 perfectissimam
981 3819 1408 3876 demonstravit.
1454 3818 2004 3888 Magniﬁcentissimi
2054 3825 2110 3875 et

463 3907 868 3980 gloriosissimi
904 3907 1192 3978 principes
1211 3908 1572 3964 dixeruntad
1609 3908 1809 3977 Joseph
1842 3922 2109 3964 reveren—

459 3995 763 4051 dissimum
796 3996 1102 4052 diaconum
1130 4000 1185 4051 et
1220 3996 1330 4051 loci
1355 4001 1695 4052 servatorem
1719 3997 2100 4053 Alexandria:

459 4083 760 4153 Habemus,
781 4085 963 4153 Pater,
989 4098 1301 4140 sermonem
1338 4085 1405 4139 ad
1433 4086 1789 4141 sanctitatem
1829 4091 1981 4142 tuam
2015 4086 2107 4142 lo-

460 4172 693 4242 quendi.
741 4173 1080 4244 Priusquam
1141 4172 1251 4229 huc
1301 4173 1620 4244 perveniret
1657 4175 1932 4230 sanctitas
1986 4181 2101 4246 tua,

460 4259 620 4316 facta
639 4263 1039 4318 suntactiones
1065 4267 1223 4332 octo;
1249 4267 1361 4318 tam
1380 4262 1449 4318 de
1467 4262 1830 4318 sanctissimo
1853 4264 2105 4333 patriar-

2193 1801 2423 1850 -merata
2468 1797 2804 1868 Evangelia:
2854 1799 3052 1868 sicque
3097 1801 3325 1857 demum
3370 1804 3569 1872 jussus
3617 1804 3870 1863 Thomas

2212 1885 2721 1942 reverendissimus
2771 1887 3050 1944 diaconus
3095 1895 3150 1945 et
3196 1890 3434 1947 devotus
3475 1894 3762 1965 notarius,
3809 1893 3867 1948 in

2214 1973 2399 2028 medio
2430 1974 2630 2043 synodi
2656 1981 2832 2046 stans,
2863 1976 3003 2048 legit
3029 1996 3040 2030 :

2211 2117 2403 2184 Joseph
2422 2117 2712 2171 monachus
2737 2121 2787 2171 et
2815 2119 3230 2176 archidiaconus
3259 2137 3323 2175 ac
3351 2123 3592 2176 uicarius
3615 2124 3874 2178 Michae-

2286 2188 2351 2239 lis
2377 2189 2705 2242 sanctissimi
2721 2191 3054 2257 patriarcha
3091 2193 3448 2247 Alexandria:
3474 2194 3585 2248 haec
3619 2193 3756 2249 dicit
3797 2195 3874 2248 ad

2283 2262 2526 2312 sanctam
2556 2262 2606 2312 et
2636 2261 2996 2314 uniuersalem
3033 2263 3334 2328 synodum:

2284 2401 2444 2455 Nunc
2486 2399 2727 2472 dignum
2771 2407 2857 2457 est
2904 2402 3098 2459 dicere
3144 2417 3272 2460 cum
3329 2405 3601 2476 prOpheta
3647 2408 3870 2465 David:

2220 2489 2562 2542 Voluntatem
2605 2492 2906 2545 timentium
2946 2508 3000 2545 se
3032 2495 3200 2559 faciet
3238 2495 3516 2558 Dominus,
3569 2500 3618 2550 et
3659 2500 3879 2552 oratio-

2215 2592 2334 2629 nem
2363 2592 2536 2630 eorom
2558 2579 2833 2641 emaudiet,
2863 2586 2913 2634 et
2938 2581 3116 2635 salvos
3148 2583 3314 2648 faciet
3339 2599 3423 2636 eos
3453 2581 3618 2652 (Psal.
3664 2587 3873 2658 cxuv).

2215 2667 2352 2719 Nam
2389 2666 2524 2735 quia
2563 2680 2658 2734 per
2695 2669 2884 2724 omnia
2927 2671 3428 2727 mansuetissimus
3467 2681 3522 2728 et
3563 2673 3880 2742 piissimus

2217 2753 2526 2822 imperator
2549 2761 2738 2812 noster
2767 2757 3015 2814 Basilius
3052 2756 3482 2815 fundamentum
3517 2766 3572 2816 et
3607 2764 3882 2832 crepidi-

2219 2856 2343 2896 nem
2399 2844 2458 2897 in
2530 2845 2719 2899 anima
2764 2859 2866 2900 sua
2914 2847 3175 2903 timorem
3228 2848 3328 2902 Dei
3388 2850 3601 2919 posuit,
3665 2857 3881 2906 cuncta

2217 2945 2347 2987 vero
2365 2933 2556 2988 studia
2575 2947 2676 2989 sua
2695 2935 3008 2991 secundum
3031 2936 3182 2991 hunc
3210 2937 3437 2992 modum
3460 2939 3774 3007 produxit;
3799 2941 3886 2995 id-

2138 3037 2186 3099 C
2217 3021 2372 3075 circo
2401 3021 2553 3076 oculi
2593 3022 2821 3077 Domini
2862 3029 3276 3093 consequenter
3301 3039 3471 3094 super
3505 3041 3633 3081 eum
3681 3030 3882 3098 respi—

2218 3109 2399 3180 ciunt,
2433 3110 2744 3166 secundum
2774 3111 2938 3167 illum
2961 3113 3059 3182 qui
3087 3112 3272 3167 dixit:
3307 3115 3440 3168 Ecce
3477 3116 3621 3168 oculi
3652 3119 3886 3171 Domini

2216 3213 2376 3266 super
2403 3200 2644 3252 timentes
2681 3215 2820 3262 eum,
2862 3205 2910 3254 et
2949 3203 3006 3254 in
3042 3217 3126 3255 eos
3152 3204 3249 3271 qui
3285 3208 3509 3271 sperant
3546 3205 3608 3257 in
3648 3207 3886 3260 miseri—

2219 3287 2404 3340 cordia
2449 3288 2567 3356 ejus
2621 3285 2784 3358 (Psal,
2835 3288 3054 3360 xxxu):
3103 3289 3238 3346 hinc
3291 3291 3462 3346 etiam
3515 3292 3883 3349 voluntatem

2220 3388 2378 3429 suam
2411 3376 2731 3444 piissimam
2760 3381 2816 3432 et
2840 3377 3224 3446 justissimam
3255 3378 3323 3433 ad
3348 3378 3724 3436 stabilitatem
3756 3396 3884 3437 sua

2220 3462 2372 3534 fidei,
2400 3471 2455 3519 et
2475 3464 2770 3520 catholica
2791 3465 3054 3522 Ecclesia
3083 3474 3477 3522 ornamentum
3504 3468 3763 3539 dirigere
3784 3471 3887 3526 de»

2219 3549 2502 3622 liberavit,
2562 3559 2617 3608 et
2661 3552 2902 3622 perfecte
2953 3556 3009 3610 in
3048 3555 3482 3626 completionem
3539 3570 3882 3626 prosperam

2217 3641 2556 3697 destinavit:
2592 3655 2655 3698 ea
2674 3640 2830 3698 enim
2850 3658 2974 3715 qua
3008 3643 3350 3701 videbantur
3375 3645 3713 3701 hominibus
3746 3661 3885 3704 esse

2220 3730 2602 3798 impossibilia
2622 3736 2676 3787 et
2702 3730 2894 3788 facilia
2917 3733 3011 3788 hic
3045 3735 3356 3789 constituta
3381 3738 3535 3802 sunt,
3567 3735 3884 3804 Scriptura

2216 3820 2469 3876 dicente:
2535 3822 2623 3873 Ea:
2671 3836 2760 3874 ore
2810 3821 3041 3876 duorum
3091 3823 3174 3876 vel
3213 3825 3378 3877 trium
3431 3826 3659 3906 testium.
3701 3825 3884 3879 stabit

2216 3924 2366 3963 omne
2385 3909 2603 3964 verbum
2638 3907 2684 3979 (Ι
2708 3911 2839 3964 Tim.
2880 3909 2950 3981 v).
2988 3912 3092 3966 Per
3127 3917 3372 3981 quatuor
3407 3917 3578 3968 testes
3612 3914 3890 3983 irrepre—

2217 3997 2528 4053 hensibiles
2561 4005 2616 4053 et
2655 3998 2781 4054 sine
2821 3999 3115 4055 mendacio
3157 4000 3417 4056 exhiberi
3457 4001 3544 4056 illi
3585 4002 3888 4059 Dominus

2215 4086 2397 4142 voluit
2437 4101 2623 4143 veram
2680 4087 3018 4143 instantium
3069 4090 3428 4160 negotiorum
3478 4091 3893 4147 examinatio—

2216 4189 2374 4244 nem,
2415 4176 2492 4230 it.1
2530 4181 2593 4231 ut
2613 4189 2833 4246 semper
2863 4175 3180 4232 satisfactio
3218 4176 3462 4247 perfecta
3499 4179 3576 4234 iis
3613 4178 3714 4248 qui
3767 4194 3891 4236 vo-

2214 4265 2342 4319 lunt
2374 4264 2692 4336 intelligere
2730 4264 3074 4334 prabeatur:
3120 4266 3256 4335 quia
3294 4279 3392 4336 per
3425 4267 3601 4322 Deum
3627 4272 3685 4321 et
3713 4269 3886 4336 apud

459 4349 586 4421 cha,
619 4365 786 4420 quam
823 4351 893 4406 de
931 4352 1134 4408 Photio
1175 4352 1606 4422 pravaricatore
1630 4357 1801 4422 atque
1839 4358 2098 4424 tyranno,
2129 4352 2185 4415 D
2213 4354 2388 4409 Deum
2425 4359 2792 4423 prosperatur
2836 4367 2868 4408 a
2901 4355 3014 4409 Deo
3050 4355 3358 4410 redimitus
3400 4356 3713 4424 imperator
3757 4370 3891 4412 no—

458 4451 559 4494 seu
596 4439 666 4494 de
694 4439 1060 4510 impositione
1095 4455 1297 4497 manus
1321 4441 1464 4510 ejus,
1504 4445 1560 4495 et
1583 4439 1720 4496 aliis
1757 4441 2101 4511 quibusdam

457 4527 750 4596 capitulis.
774 4529 1002 4586 Audisti
1039 4544 1104 4585 ex
1125 4530 1210 4585 eis
1247 4530 1584 4601 quidquam,
1623 4531 1906 4600 quomodo
1937 4531 2106 4598 judi-

456 4627 581 4676 cata
628 4617 768 4688 sint,
817 4619 901 4674 vel
957 4619 1206 4690 qualiter
1238 4619 1497 4688 deposita
1537 4618 1794 4674 fuerint?
1831 4619 2101 4676 Didicisti

455 4711 606 4766 enim
641 4711 711 4766 de
745 4707 974 4765 duobus
1009 4708 1101 4763 his
1133 4707 1473 4762 necessariis
1506 4707 1798 4778 capitulis,
1836 4708 1905 4762 de
1943 4722 2104 4763 rece-

458 4798 650 4867 ptione
684 4797 910 4853 scilicet
933 4795 1285 4851 sanctissimi
1316 4795 1651 4864 patriarcha
1688 4796 1913 4868 Ignatii,
1953 4810 2104 4866 quo—

458 4887 622 4942 modo
654 4885 950 4942 stabilitus
982 4891 1038 4941 et
1071 4884 1439 4940 confirmatus
1479 4885 1575 4954 sit,
1604 4889 1660 4939 et
1691 4885 1760 4941 de
1785 4885 2103 4954 objectione

454 4975 664 5045 Photii,
710 4975 958 5045 qualiter
993 4974 1248 5043 dejectus
1279 4981 1333 5029 et
1375 4975 1660 5044 projectus
1695 4975 1924 5044 existat,
1970 4988 2099 5030 cum

454 5070 572 5119 tota
599 5063 972 5134 promotione,
1000 5077 1065 5118 ac
1097 5076 1298 5119 manus
1332 5063 1698 5133 impositione
1734 5079 1855 5120 sua.
1894 5062 2098 5132 Joseph

453 5151 962 5208 reverendissimus
1025 5152 1469 5208 archidiaconus
1541 5159 1597 5208 et
1662 5153 1772 5207 loci
1849 5158 2101 5208 servator

451 5240 806 5297 Alexandria
825 5241 1011 5296 dixit:
1037 5241 1267 5310 Audivi,
1298 5246 1355 5296 et
1373 5241 1552 5297 didici
1581 5255 1710 5296 cum
1744 5240 1923 5296 multo
1945 5255 2100 5297 scru-

451 5329 600 5386 tinio
619 5334 675 5386 et
693 5329 996 5402 diligentia
1018 5336 1222 5386 cuncta
1246 5344 1369 5400 qua
1391 5335 1514 5385 acta
1540 5336 1694 5385 sunt.
1724 5329 2100 5402 Magniﬁcen-

451 5418 662 5474 tissimi
698 5423 755 5474 et
784 5417 1188 5490 gloriosissimi
1227 5418 1516 5488 principes
1548 5418 1851 5474 dixerunt:
1883 5420 2101 5492 Ergone

450 5509 674 5581 placent
697 5522 761 5566 ea
785 5523 911 5580 qua
940 5507 1345 5578 iudicaverunt
1380 5507 1732 5565 sanctissimi
1767 5508 1971 5566 vicarii
2003 5525 2100 5567 se-

2213 4448 2359 4499 ster:
2390 4449 2446 4497 et
2481 4444 2550 4498 de
2583 4443 2870 4512 Hesperiis
2905 4442 3135 4512 quidem
3170 4442 3431 4513 partibus
3459 4443 3710 4498 vicarios
3744 4458 3896 4500 san-

2213 4537 2316 4587 cta
2345 4532 2726 4587 Romanorum
2763 4531 3026 4586 Ecclesia
3063 4531 3335 4602 abduxit;
3382 4533 3451 4588 de
3495 4533 3640 4588 locis
3675 4540 3889 4588 autem

2214 4633 2338 4690 qua
2367 4621 2633 4674 tenentur
2669 4631 2698 4672 a
2725 4617 3038 4675 contrariis
3068 4619 3422 4691 nationibus,
3462 4634 3588 4690 qua
3624 4621 3894 4676 inimico

2212 4710 2404 4766 animo
2431 4707 2773 4763 Christiana
2811 4707 2989 4764 tribui
3037 4710 3429 4779 adversantur,
3463 4714 3893 4777 cooperatores

2211 4805 2267 4853 et
2300 4796 2699 4868 suifragatores
2741 4797 3004 4853 veritatis
3037 4799 3334 4854 ostendere
3376 4797 3582 4855 diebus
3629 4799 3890 4868 imperii

2213 4887 2326 4960 sui,
2369 4893 2424 4942 et
2470 4886 2785 4941 coexcitare
2828 4887 3100 4957 dignatus
3151 4893 3255 4941 est.
3294 4887 3458 4942 Almo
3496 4886 3649 4943 enim
3689 4886 3899 4944 fratre

2213 4982 2426 5044 nostro,
2470 4975 2682 5031 Thoma
2731 4975 2957 5030 scilicet
3005 4976 3371 5030 sanctissimo
3429 4975 3671 5045 prasule
3728 4976 3890 5046 Tyri

2212 5064 2408 5133 prima.
2433 5064 2803 5133 metropoleos
2823 5063 3297 5120 Antiochensium
3323 5066 3541 5133 throni,
3561 5065 3662 5135 qui
3689 5065 3896 5122 etiam

2209 5153 2624 5210 ecclesiasticas
2657 5168 2744 5208 res
2779 5154 2923 5223 ejus,
2950 5167 3015 5208 eo
3049 5156 3198 5224 quod
3243 5169 3352 5210 non
3394 5154 3472 5209 sit
3510 5153 3727 5209 ibidem
3760 5169 3904 5224 pa—

2209 5243 2459 5299 triarcha
2510 5243 2788 5313 disponit,
2839 5243 2948 5300 huc
2989 5244 3306 5314 accedente,
3357 5258 3468 5299 una
3515 5257 3646 5300 cum
3697 5244 3894 5302 Helia

2211 5332 2572 5388 sanctissimo
2601 5331 2921 5402 presbytero
2951 5337 3006 5388 et
3026 5331 3274 5402 syncello
3309 5331 3612 5401 apostolici
3651 5331 3901 5389 Hiero—

2211 5421 2554 5490 solymorum
2598 5419 2811 5491 throni,
2866 5422 3104 5490 putavit,
3147 5433 3216 5475 ne
3259 5419 3404 5476 forte
3442 5420 3692 5491 perfecta
3749 5436 3900 5480 non

2209 5514 2356 5567 esset
2381 5509 2723 5567 universalis
2753 5511 3022 5582 synodus,
3054 5525 3179 5581 qua
3216 5510 3311 5566 hic
3340 5516 3684 5583 congregata
3715 5519 3899 5583 erat,
