4052 6168
226 275 303 336 437
907 267 1458 325 INTERPRETATIO
1490 262 1741 319 SYNODI
1773 259 1896 317 VIII
1929 257 2421 319 GENERALIS.—
2455 265 2655 323 ACTIO
2694 269 2788 323 1x.
3449 272 3550 330 ωδ

223 402 340 456 Hanc
375 411 490 469 ergo
522 406 910 450 consummare
951 407 1017 449 ac
1059 406 1226 463 Opere
1271 391 1438 462 pleno
1481 386 1781 460 perfectam
1813 383 1871 441 A
1913 389 2317 446 bemusomnes
2335 404 2484 460 eum,
2509 392 2682 447 veluti
2712 393 2760 447 si
2787 406 2817 448 a
2843 394 3024 463 prima
3044 397 3268 453 actione
3290 415 3469 472 usque
3490 403 3548 458 in

224 488 433 545 exhibere
462 484 642 540 volens
670 485 836 552 Deus,
872 483 989 553 quis
1010 496 1183 552 super
1219 481 1410 538 omnia
1444 484 1501 534 et
1522 491 1637 547 pra:
1664 488 1795 531 om-
1910 477 2240 534 hodiernam
2266 479 2416 535 diem
2464 479 2629 535 nobis
2652 488 2985 551 c00perator
3017 485 3323 558 exstiterit,
3349 490 3554 547 nobis-

225 578 357 634 nibus
389 578 462 631 est
492 571 786 643 perfectus,
818 571 990 627 etiam
1038 585 1141 627 nos
1168 585 1235 626 ex
1280 566 1620 624 meridianis
1655 563 1798 620 locis
1907 582 2152 638 cumque
2189 569 2620 624 consonaverit:
2666 575 2897 640 prOpter
2941 574 3088 642 quod
3145 582 3202 630 et
3240 577 3551 647 recipimus

222 665 423 733 attraxit,
459 662 626 717 vicem
657 660 988 731 supplentes
1015 658 1319 730 apostolici
1353 656 1547 713 throni
1585 666 1800 724 magna:
1909 670 2059 727 eum,
2091 662 2153 713 ut
2174 671 2366 713 verum
2389 663 2445 713 et
2463 659 2854 727 justissimum
2878 661 2987 717 loci
3028 670 3369 721 servatorem
3398 668 3555 724 sedis

222 752 667 812 Alexandrinorum
690 751 975 819 Ecclesiae,
1004 751 1105 821 qui
1134 748 1332 804 divina
1364 746 1546 819 gratia
1569 750 1626 799 et
1646 741 1825 813 regia,
1908 743 2324 800 Alexandrinae.
2343 746 2893 818 Magniﬁcentissimi
2911 751 3384 821 etgloriosissimi
3408 757 3562 825 prin-

224 843 515 914 iuperatioue
544 840 795 911 piissimi
828 838 1216 909 imspiratoris
1256 836 1368 893 huc
1392 833 1801 906 pervenientes,
1912 833 2068 902 cipes
2104 833 2377 889 dixerunt
2412 834 2480 889 ad
2522 836 2918 893 sanctissimos
2962 838 3072 895 loci
3118 848 3432 900 servatores
3475 861 3557 902 se-

224 932 371 990 omnia
391 930 682 1002 diligenter
713 928 1183 1000 investigavimus
1214 926 1335 996 gita
1366 928 1432 982 ut
1456 921 1605 979 nihil
1635 921 1807 975 lateat
1914 921 2098 977 nioris
2123 921 2328 986 Romae,
2359 936 2425 978 ac
2448 922 2829 982 Orientalium
2855 927 3114 983 sedium:
3159 930 3322 987 Modo
3367 933 3560 1005 itaque

223 1036 301 1077 nos
321 1033 491 1075 eorum
528 1032 651 1089 quae
694 1022 849 1091 gesta
892 1021 1029 1074 sunt
1055 1029 1087 1073 a
1115 1014 1396 1071 fratribus
1426 1010 1641 1069 nostris
1674 1012 1807 1065 ante
1915 1008 2020 1065 hoc
2057 1010 2374 1080 capitulum
2412 1013 2719 1071 terminum
2757 1015 2996 1086 accepit,
3036 1022 3093 1072 et
3116 1033 3223 1075 non
3249 1024 3335 1077 est
3375 1036 3559 1081 sermo

224 1107 580 1179 perventionem
609 1110 859 1163 nostram
893 1106 1170 1175 :insuper
1187 1107 1245 1159 et
1262 1115 1468 1158 causas
1486 1114 1613 1171 qua:
1643 1097 1808 1168 prius
1913 1099 1984 1154 de
2013 1098 2119 1154 hoc
2160 1099 2334 1168 alius,
2380 1100 2475 1156 sed
2521 1101 2814 1159 intuemur
2845 1118 2975 1160 eum
3012 1111 3075 1161 ut
3101 1120 3203 1163 nos
3235 1109 3407 1179 ipsos.
3433 1113 3560 1169 Ter-

223 1203 350 1254 motaa
388 1199 509 1252 sunt
557 1194 651 1250 hic
722 1194 871 1250 inter
932 1193 1364 1250 sanctissimum
1424 1186 1804 1260 patriarcham
1918 1186 2135 1242 minato
2171 1201 2304 1260 ergo
2343 1188 2449 1245 hoc
2491 1191 2766 1261 capitulo,
2819 1193 2957 1263 quid
3005 1196 3422 1267 consiliamini,
3466 1202 3551 1257 vel

223 1286 453 1359 Ignatium
475 1289 528 1338 et
556 1283 846 1351 Photium,
874 1283 975 1354 qui
1017 1296 1173 1339 more
1217 1279 1461 1337 latronis
1498 1281 1556 1333 et
1601 1273 1806 1331 moechi
1919 1274 2056 1344 quid
2099 1275 2274 1332 vultis
2301 1282 2365 1332 ut
2406 1278 2706 1336 ordinetur
2733 1281 2902 1338 hodie
2927 1282 3559 1346 ?Sanctissimivicarii

222 1376 267 1431 in
291 1375 528 1430 thronum
562 1372 778 1428 insiliit
812 1370 1423 1441 Constantinopoleos;
1456 1367 1599 1439 quin
1635 1363 1808 1420 etiam
1919 1363 2168 1419 senioris
2209 1365 2396 1421 Romae
2433 1367 2742 1424 dixerunt:
2774 1372 2876 1426 Per
2907 1372 3142 1430 nuntios
3184 1379 3559 1445 quorumdam

220 1463 331 1518 etde
355 1460 749 1518 venerabilium
778 1465 835 1516 et
863 1465 1187 1516 sanctarum
1211 1457 1527 1530 imaginum
1553 1467 1725 1510 sensu
1745 1463 1811 1505 ac
1921 1451 2202 1508 nobilium
2242 1454 2516 1521 virorum,
2555 1462 2610 1512 et
2641 1472 2738 1527 per
2777 1461 3032 1529 quredam
3066 1462 3355 1520 dilfamata
3397 1467 3565 1525 verba

218 1550 461 1622 Opinione,
510 1564 624 1605 non
662 1548 1051 1619 perfunctorie
1097 1561 1278 1618 neque
1325 1543 1660 1602 trausitorie
1710 1540 1815 1595 has
1922 1541 2310 1613 cognovimus,
2344 1544 2480 1614 quia
2512 1546 2740 1616 quidem
2772 1549 2881 1604 viri
2919 1550 3263 1607 mendaciter
3292 1553 3469 1611 locuti
3510 1564 3567 1611 et

219 1639 578 1709 examinantes,
604 1638 700 1693 sed
723 1637 934 1708 oppido
954 1636 1319 1693 suﬁicienter.
1353 1638 1419 1691 ut
1444 1632 1660 1700 decuit,
1687 1629 1820 1684 dis—
1849 1711 1891 1715 _
1926 1631 2214 1689 testiﬁcati
2262 1638 2396 1689 sunt
2436 1638 2634 1691 contra
2676 1637 2959 1707 Ignatium
3005 1640 3432 1699 sanctissimum
3479 1659 3569 1715 pa-

218 1732 482 1797 currentes,
513 1726 784 1783 admirati
816 1740 1035 1794 sumus,
1064 1726 1280 1781 certius
1312 1721 1726 1792 comperientes
1748 1716 1819 1773 de
1849 1711 1902 1773 Β
1928 1720 2236 1777 triarcham
2274 1723 2861 1794 Constantinopoleos,
2903 1728 3033 1782 etsi
3060 1733 3197 1785 sunt
3219 1730 3403 1801 aliqui
3433 1711 3570 1802 prae.

220 1816 502 1885 huiusmodi
552 1815 743 1885 rebus,
781 1829 950 1886 quam
984 1813 1283 1870 manifesta
1325 1813 1404 1869 sit
1422 1825 1530 1867 vox
1558 1808 1822 1864 Salvato—
1927 1814 2114 1865 sentes
2140 1809 2235 1865 hic
2270 1811 2342 1866 de
2374 1811 2517 1868 viris
2543 1813 2853 1887 praedictis,
2876 1815 3146 1884 jubemus
3185 1823 3248 1874 ut
3288 1819 3574 1878 introeant

222 1904 304 1973 ris,
331 1918 441 1974 quae
469 1903 653 1959 dicit:
686 1904 841 1959 Nihil
872 1903 1251 1957 absconditum
1287 1901 1435 1971 quod
1457 1914 1565 1953 non
1591 1898 1816 1964 sciatur,
1926 1898 1995 1953 ad
2037 1898 2181 1954 hanc
2218 1904 2469 1956 sanctam
2514 1902 2813 1971 synodum,
2873 1907 2929 1958 et
2978 1919 3385 1977 cognoscamus
3428 1910 3566 1980 quid

218 1995 329 2047 etin
359 1994 844 2060 manifestationcm
887 1993 1071 2046 veniat
1104 1988 1252 2062 (Luc.
1295 1988 1417 2063 xu).
1460 1989 1530 2043 Et
1572 1998 1815 2042 rursus:
1928 1987 2202 2056 dixerint,
2248 1992 2304 2042 et
2344 1989 2483 2058 quid
2528 1990 2717 2045 testati
2764 1991 2900 2046 sint.
2944 1994 3576 2065 Magniﬁcentissimiet

220 2080 438 2150 Spiritus.
470 2082 569 2139 ubi
598 2087 714 2144 out,
755 2083 930 2151 spirat
968 2077 1141 2150 (Joan.
1173 2079 1276 2151 ιιι).
1304 2077 1523 2134 Etenim
1547 2073 1824 2131 veraciter
1933 2076 2338 2148 gloriosissimi
2362 2076 2652 2147 principes
2670 2079 2968 2135 dixerunt:
2990 2083 3105 2137 Hoc
3122 2084 3419 2141 audistis?
3442 2087 3579 2142 San-

217 2176 261 2224 et
286 2169 748 2225 inextricabiliter
784 2182 816 2224 a
858 2170 971 2224 Deo
1009 2168 1299 2238 inspirati,
1331 2171 1390 2222 et
1416 2165 1612 2221 divina
1641 2159 1826 2233 gratia
1934 2164 2183 2222 ctissimi
2228 2164 2430 2220 vicarii
2475 2165 2724 2221 senioris
2762 2167 2949 2223 Romae
2989 2169 3295 2227 dixerunt:
3332 2176 3394 2229 Et
3417 2176 3580 2232 audi.

218 2257 332 2326 ejus,
352 2258 441 2313 isti
460 2272 558 2329 per
583 2259 762 2314 Deum
781 2257 841 2313 in
855 2256 1208 2313 haccollecta
1228 2257 1443 2327 synodo
1474 2247 1827 2311 sanctissimi
1936 2254 2145 2323 vimus,
2172 2258 2229 2309 et
2253 2253 2468 2323 scripto
2493 2254 2745 2310 vidimus
2784 2258 2971 2312 Roma:
2998 2272 3095 2327 per
3122 2259 3333 2317 librum
3361 2264 3461 2334 qui
3483 2264 3578 2320 de-

218 2346 387 2401 vicarii
407 2346 660 2403 senioris
680 2348 868 2402 Romae
896 2351 954 2402 et
979 2345 1360 2402 Orientalium
1384 2344 1608 2401 sedium
1640 2338 1832 2397 omnia
1941 2341 2164 2398 scendit
2206 2355 2303 2411 per
2341 2341 2734 2398 Rhadoaldum
2778 2348 2834 2399 et
2875 2346 3202 2403 Zachariam
3264 2351 3365 2421 qui
3410 2351 3575 2407 missi

218 2435 315 2505 lege
344 2435 587 2505 justitiae
622 2440 678 2491 et
713 2435 939 2504 judicio
968 2435 1233 2490 veritatis
1274 2434 1708 2504 disposuerunt,
1746 2444 1839 2485 ne-
1946 2436 2082 2488 sunt
2123 2431 2236 2487 huc
2278 2431 2380 2487 illo
2424 2436 2674 2501 tempore
2725 2432 3018 2504 episcopi:
3060 2440 3118 2491 et
3160 2443 3457 2509 postquam
3500 2443 3587 2498 in-

224 2537 471 2595 quaquam
502 2529 828 2580 reverentes
849 2523 987 2595 quid
1021 2523 1410 2595 legitimorum
1438 2521 1840 2578 ecclesiasticae
1949 2520 2128 2593 gressi
2169 2535 2369 2577 sumus
2412 2520 2543 2590 huc,
2584 2521 2834 2591 amplius
2876 2523 3176 2580 certificati
3216 2541 3434 2584 sumus.
3477 2532 3589 2588 Ma-

224 2610 1845 2684 consequentiaanegotiorumloqui,quemadmodumdecet
1952 2609 2412 2680 gniﬁcentissimi
2447 2614 2503 2665 et
2541 2610 2947 2682 gloriosissimi
2986 2612 3275 2685 principes
3317 2617 3590 2677 dixerunt

222 2706 415 2757 sanctos
441 2707 497 2757 et
517 2700 844 2757 sacerdotio
861 2701 1178 2761 decoratos,
1201 2699 1435 2756 verbum
1456 2698 1719 2754 veritatis
1733 2712 1845 2753 am-
1951 2698 2021 2752 ad
2049 2698 2442 2755 sanctissimos
2478 2699 2725 2754 vicarios
2748 2699 3129 2756 Orientalium
3173 2704 3395 2760 sedium
3423 2724 3436 2760 :
3482 2708 3591 2765 Vos

226 2788 405 2856 plexos.
424 2788 796 2846 Nonenimin
814 2768 1469 2857 vacuumcucurrerunt,
1490 2786 1848 2857 nequeinva-
1955 2786 2136 2842 sancti
2180 2788 2372 2843 Patres
2411 2787 2591 2843 nostri
2636 2787 2886 2843 audistis
2940 2789 3011 2844 de
3053 2790 3309 2860 capitulo
3347 2793 3472 2865 hoc,
3521 2797 3594 2851 de

224 2877 770 2946 num-laboraverunt,
787 2890 967 2948 neque
986 2876 1360 2947 praatulerunt
1374 2875 1668 2946 quippiam
1686 2874 1843 2931 aliud
1956 2889 2070 2945 quo
2109 2874 2286 2931 locuti
2330 2880 2465 2931 sunt
2495 2876 2845 2932 sanctissimi
2876 2876 2985 2933 loci
3014 2884 3327 2937 servatores
3346 2883 3597 2941 senioris

224 2967 564 3038 congruentis
582 2966 701 3022 sibi
720 2966 1232 3036 reverentiaaatque
1252 2964 1586 3033 clementiae,
1612 2977 1725 3035 quo
1748 2962 1851 3018 mi-
1888 3037 1926 3044 Δ
1955 2963 2184 3019 Romae:
2230 2964 2410 3020 vultis
2452 2969 2508 3020 et
2551 2964 2663 3034 ipsi
2712 2980 2964 3036 quaerere
3000 2968 3319 3037 capitulum
3360 2972 3485 3044 hoc,
3525 2988 3599 3030 an

227 3037 779 3128 nusinvestigatores
816 3061 1005 3112 essent
1029 3054 1175 3124 justi
1204 3054 1305 3110 Dei
1342 3052 1576 3123 judicii.
1609 3052 1767 3107 Unde
1794 3056 1852 3107 et
1880 3037 1929 3100 C
1961 3064 2070 3105 non
2092 3051 2121 3105 ?
2141 3052 2346 3121 Joseph
2362 3050 2687 3124 Deifcultor,
2713 3053 2992 3110 diaconus
3012 3062 3067 3110 et
3091 3056 3343 3114 vicarius
3367 3037 3604 3117 Alexan-

227 3154 328 3211 nos,
356 3143 455 3198 hoc
491 3144 729 3215 liquido
767 3157 832 3200 ac
868 3143 1167 3200 manifeste
1206 3141 1423 3214 agnito,
1457 3140 1850 3197 consentimus
1958 3138 2120 3211 drize,
2166 3139 2218 3195 ei
2240 3140 2485 3197 Thomas
2517 3142 2630 3198 Deo
2663 3142 2932 3198 amabilis
2976 3146 3336 3215 metropolita
3368 3148 3521 3221 Tyri,
3549 3154 3608 3205 et

226 3234 272 3284 et
292 3233 655 3289 convenimus
689 3233 748 3289 in
785 3233 861 3289 iis
900 3247 1025 3303 qua;
1058 3231 1129 3287 ab
1175 3230 1320 3302 ipsis
1343 3229 1599 3300 judicata
1634 3233 1690 3284 et
1723 3229 1853 3297 jure
1954 3229 2168 3297 primas
2194 3229 2385 3285 throni
2412 3229 2752 3300 Antiochiae,
2780 3236 2836 3286 et
2860 3231 3608 3296 Heliashonorabilissimus

225 3319 525 3392 deprompta
546 3328 709 3392 sunt,
741 3322 988 3378 scientes
1015 3320 1325 3392 diligenter
1353 3331 1689 3375 conservare
1719 3331 1869 3377 sen—.

227 3408 434 3464 tentiam
481 3409 723 3467 Domini
780 3409 964 3466 nostri
1011 3410 1143 3465 Jesu
1189 3407 1440 3471 Christi,
1497 3421 1622 3478 qua:
1673 3406 1849 3461 dicit:

232 3498 315 3551 Ubi
341 3505 465 3554 sunt
500 3501 619 3554 duo
644 3499 729 3552 uel
757 3504 865 3553 tres
889 3500 1199 3566 congregati
1229 3501 1288 3551 in
1325 3498 1539 3551 nomine
1571 3511 1704 3557 meo,
1737 3510 1857 3549 sum

225 3587 274 3639 in
303 3588 465 3642 medio
499 3604 690 3643 eorum
721 3584 934 3659 (Matth.
984 3586 1165 3659 xvm).
1213 3588 1407 3658 Neque
1449 3584 1603 3640 enim
1647 3584 1709 3638 in
1746 3597 1858 3638 no—

226 3675 356 3731 mine
381 3676 632 3733 alterius
667 3676 1031 3746 cujusquam,
1055 3689 1236 3746 neque
1277 3679 1507 3744 propter
1531 3673 1690 3729 aliud
1715 3672 1854 3743 quid

225 3775 396 3819 eorum
437 3780 565 3836 qua:
607 3771 744 3821 sunt
776 3768 1162 3820 convenerunt
1192 3764 1306 3819 Deo
1326 3761 1597 3818 amabilia
1621 3760 1860 3831 patriar-

224 3848 336 3908 chia
379 3854 509 3924 tria,
550 3854 654 3911 sed
693 3857 921 3923 propter
959 3851 1189 3907 nomine
1224 3850 1454 3907 Domini
1497 3855 1682 3907 nostrt
1724 3851 1857 3905 Jesu

222 3937 435 4011 Christi,
471 3957 505 3999 a
541 3956 663 4014 quo
695 3940 962 3997 videlicet
995 3940 1305 3996 mercedem
1328 3944 1383 3995 et
1417 3939 1856 3996 retributionem

226 4029 540 4099 percipient.
610 4031 744 4085 Vivo
795 4033 957 4092 enim,
1012 4030 1145 4084 dicit
1180 4032 1464 4092 Dominus,
1510 4030 1607 4083 sed
1643 4030 1860 4098 gloriﬁ—

226 4122 383 4173 cantes
421 4137 526 4183 me,
571 4119 903 4189 gloriﬁcabo.
952 4121 1021 4173 Et
1063 4122 1160 4189 qui
1201 4119 1392 4188 abjicit
1418 4134 1522 4182 me,
1553 4119 1861 4172 inhonora—

229 4201 355 4260 ὀίων
384 4206 560 4281 (Prom
590 4209 896 4283 vm).Cum
934 4208 1147 4280 quibus
1179 4207 1493 4264 efficiamur
1528 4212 1584 4263 et
1619 4221 1722 4264 nos
1756 4220 1861 4263 co-

226 4303 533 4362 operatores
551 4298 883 4354 eorumdem
906 4297 1188 4369 laborum,
1214 4295 1525 4368 participes
1559 4309 1590 4361 τι
1611 4297 1726 4353 Deo
1746 4295 1864 4351 tri-

1961 3317 2252 3388 presbyter
2294 3326 2348 3372 et
2373 3319 2661 3388 syncellus
2695 3320 2887 3376 throni
2917 3321 3433 3393 Hierosolymorum
3454 3327 3612 3384 dixe-

1963 3411 2136 3460 runt:
2164 3406 2372 3461 Radice
2400 3406 2739 3462 instantium
2776 3422 3073 3477 pravarum
3108 3425 3317 3482 rerum,
3349 3427 3460 3470 una
3479 3430 3609 3472 cum

1965 3493 2187 3549 malitia
2210 3494 2514 3564 quae’inest
2539 3494 2628 3550 illi
2660 3501 2975 3565 Opportune
3005 3502 3263 3568 purgata,
3292 3514 3610 3573 congruum

1965 3588 2050 3639 est
2090 3583 2323 3653 iniquas
2359 3584 2532 3640 etiam
2574 3585 2912 3657 propagines
2952 3600 3076 3655 qua:
3112 3585 3206 3642 hic
3250 3589 3614 3658 pullularunt

1967 3673 2288 3742 emundari,
2312 3678 2370 3729 et
2408 3674 2467 3728 in
2505 3673 2931 3729 convenientem
2966 3674 3285 3746 bonamque
3323 3678 3609 3738 culturam

1967 3762 2219 3821 restitui.
2250 3762 2528 3833 Cupimus
2557 3762 2739 3833 igitur
2771 3776 2868 3819 eos
2902 3764 3011 3820 hoc
3042 3764 3323 3822 intimari.
3366 3769 3435 3823 Et
3473 3770 3618 3826 hor—

1967 3859 2120 3911 tatus
2151 3852 2471 3922 Stephanus
2507 3852 3015 3909 reverendissimus
3054 3854 3334 3913 diaconus
3362 3861 3417 3912 et
3446 3863 3620 3914 nota-

1966 3945 2093 4001 rius
2124 3957 2156 3997 a
2186 3940 2552 3997 sanctissimo
2591 3941 2913 4010 patriarcha
2950 3942 3189 4013 Ignatio,
3223 3949 3381 4000 stans
3419 3945 3478 4001 in
3510 3961 3618 4003 me-

1964 4034 2085 4105 dio,
2115 4032 2184 4090 ad
2211 4036 2462 4087 sanctam
2493 4030 2770 4101 synodum
2799 4030 2990 4085 dixit:
3021 4031 3209 4087 Placet
3237 4034 3505 4091 omnibus
3530 4050 3621 4092 vo-

1966 4123 2059 4179 bis
2085 4128 2149 4179 ut
2177 4120 2533 4176 examinetur
2555 4118 2873 4189 capitulum
2904 4119 3009 4174 hoc
3031 4119 3058 4173 ‘?
3075 4121 3210 4175 Tota
3240 4127 3433 4179 sancta
3459 4139 3621 4194 syno-

1966 4212 2077 4269 dus
2131 4208 2510 4266 exclamavit:
2541 4207 2730 4262 Placet
2776 4207 3063 4263 omnibus.
3107 4209 3176 4263 Et
3206 4215 3334 4279 post
3359 4212 3463 4268 hoc
3516 4228 3616 4284 per

1963 4300 2280 4372 jussionem
2310 4302 2517 4353 sanctae
2546 4295 2746 4366 synodi
2780 4295 3099 4352 intromissi
3128 4303 3264 4354 sunt
3288 4304 3478 4373 testes,
3513 4303 3614 4373 qui

228 4379 442 4441 buendze
483 4387 812 4443 mercedum
843 4385 1389 4457 recompensationis
1426 4385 1484 4441 in
1506 4385 1700 4441 eodem
1721 4387 1856 4458 Deo,
1886 4378 1942 4439 D
1969 4388 2252 4446 fallaciter
2282 4388 2621 4457 juraverunt
2647 4390 2846 4440 contra
2883 4385 3167 4456 Ignatium
3207 4388 3611 4456 patriarcham,

227 4472 314 4540 qui
348 4475 730 4533 dat‘salutem
780 4475 1223 4546 imperatoribus
1258 4475 1495 4545 nostris,
1533 4474 1767 4544 Basilio,
1806 4480 1863 4531 et
1971 4492 2159 4535 coram
2198 4474 2528 4532 Rhadoaldo
2556 4478 2612 4529 et
2648 4473 2918 4529 Zacharia
2961 4474 3246 4544 quondam
3285 4476 3611 4547 episcopis:

227 4558 607 4636 Constantino,
650 4569 706 4619 et
743 4564 937 4634 Leoni,
981 4570 1037 4621 et
1076 4579 1174 4635 per
1208 4578 1306 4620 eos
1350 4564 1635 4620 instaurat
1668 4564 1865 4636 regio-
1971 4576 2027 4628 et
2057 4566 2342 4626 stantibus
2368 4563 2454 4621 eis
2484 4563 2544 4618 in
2576 4562 2782 4632 medio,
2816 4562 3369 4634 magniﬁcentissrmi
3400 4569 3456 4620 et
3486 4566 3618 4639 glo—

227 4662 338 4704 nem
383 4658 439 4707 et
485 4653 736 4724 patriam
776 4654 1060 4724 parochiae
1090 4653 1474 4727 nostraefquze
1516 4653 1734 4724 pridem
1766 4667 1867 4723 per
1974 4658 2227 4716 riossimi
2276 4653 2566 4726 principes
2597 4652 2665 4707 ad
2712 4650 3105 4707 sanctissimos
3148 4651 3258 4708 loci
3304 4658 3620 4711 servatores

228 4736 493 4797 desidiam
520 4757 718 4800 eorum
740 4742 839 4814 qui
864 4742 1681 4813 priusimperaveruntablatm
1706 4748 1863 4814 sunt,
1971 4749 2246 4806 dixerunt
2274 4763 2287 4798 :
2320 4740 2611 4813 Quomodo
2648 4740 2812 4796 vobis
2848 4740 3073 4796 videtur
3109 4741 3179 4796 de
3220 4740 3342 4798 illis
3368 4743 3397 4797 ‘2
3426 4757 3621 4800 omnes

226 4828 583 4888 orationibus
610 4836 666 4886 et
703 4831 1216 4888 intercessionibus
1251 4832 1497 4888 domina:
1528 4834 1737 4887 nostra;
1763 4832 1864 4887 Dei
1974 4835 2199 4894 habetis
2225 4834 2573 4905 interrogare
2593 4830 2992 4900 communiter,
3014 4844 3085 4885 an
3108 4845 3572 4904 unumquemque
3591 4834 3621 4889 εἰ

229 4918 537 4991 genitricis,
563 4926 621 4977 et
643 4922 898 4977 omnium
924 4926 1270 4978 sanctorum.
1293 4920 1489 4976 Amen.

289 5005 354 5061 Et
404 5015 536 5077 post
598 5010 895 5067 lectionem
955 5014 1149 5067 sancta
1216 5010 1561 5067 universalis
1617 5011 1869 5082 synodus

229 5091 403 5149 dixit:
446 5097 683 5168 Littera,
720 5112 847 5169 quae
883 5098 1025 5153 lecta
1064 5102 1168 5168 est,
1211 5098 1548 5155 certiticavit
1574 5114 1678 5155 nos
1698 5113 1872 5169 super

229 5182 427 5253 omnia,
471 5185 627 5255 quod
666 5192 939 5243 consonet
971 5186 1197 5256 judicio
1237 5192 1449 5243 sancta:
1487 5190 1871 5245 Romanorum

230 5269 505 5341 Ecclesiae,
526 5287 598 5329 ac
615 5274 993 5331 Orientalium
1016 5276 1257 5332 sedium.
1282 5276 1643 5334 Sanctissimi
1667 5278 1872 5334 vicarii

234 5360 468 5419 senioris
512 5362 704 5418 Romae
739 5364 1047 5420 dixerunt:
1083 5366 1241 5420 Juste
1283 5364 1433 5421 abiit
1473 5366 1564 5423 vir
1611 5367 1719 5422 iste
1761 5369 1874 5422 Deo

1974 4921 2335 4982 Sanctissimi
2376 4921 2577 4977 vicarii
2620 4920 2939 4977 dixerunt:
2974 4919 3380 4990 Unusquisque
3422 4936 3619 4979 eorum

1980 5014 2380 5083 interrogetur.
2461 5011 2530 5064 Et
2598 5016 2727 5065 ante
2796 5021 2991 5065 omnes
3070 5007 3457 5080 interrogatus
3531 5017 3617 5067 est

1978 5101 2309 5159 Theodorus
2340 5113 2373 5154 a
2412 5097 2791 5154 sanctissimis
2824 5097 3063 5155 vicariis
3105 5097 3353 5154 senioris
3392 5100 3616 5156 Romae:

1982 5191 2092 5261 Qui
2112 5188 2335 5245 vocaris
2354 5187 2382 5241 ‘2
2407 5186 2514 5257 Qui
2544 5185 2732 5241 dixit:
2769 5187 3116 5246 Theodorus.
3150 5187 3513 5243 Sanctissimi
3541 5189 3623 5244 vi-

1982 5278 2124 5335 carii
2144 5278 2445 5333 dixerunt:
2470 5274 2536 5329 Et
2555 5288 2723 5345 quam
2745 5274 3101 5348 dignitatem,
3130 5275 3303 5332 habes
3318 5276 3625 5333 iThcodo-

1984 5384 2084 5424 rus
2116 5367 2267 5423 dixit
2297 5384 2310 5420 :
2338 5363 2840 5437 Protospatharius
2874 5378 3001 5420 sum
3042 5365 3098 5420 in
3139 5366 3257 5423 vita
3305 5366 3622 5435 imperato—

233 5451 511 5519 amabijis,
543 5466 646 5521 pro
678 5466 743 5508 eo
768 5453 916 5524 quod
957 5457 1190 5510 secutus
1221 5454 1321 5525 sit,
1359 5461 1415 5511 et
1448 5455 1878 5512 concordaverit
1985 5472 2133 5515 rum.
2177 5454 2535 5511 Sanctissimi
2566 5453 2769 5509 vicarii
2799 5452 3110 5508 dixerunt:
3143 5453 3483 5510 Voluntarie
3521 5466 3623 5506 ve—

239 5539 367 5593 actis
391 5555 525 5612 quae
552 5541 715 5611 prius
758 5556 789 5597 a
813 5542 980 5601 nobis
1001 5544 1287 5615 disposita
1310 5550 1449 5601 sunt
1478 5563 1490 5598 :
1521 5549 1577 5601 et
1599 5546 1764 5604 modo
1790 5547 1885 5605 ha-
1977 5546 2119 5605 nisti
2163 5545 2232 5600 ad
2277 5544 2422 5600 hanc
2464 5543 2763 5614 synodum,
2810 5554 2881 5597 an
2918 5540 2971 5595 vi
2995 5539 3024 5594 ‘?
3051 5540 3378 5597 Theodorus
3421 5540 3575 5596 dixit
3608 5558 3620 5595 τ

627 5640 856 5696 ΡΑτιιοιι.
898 5642 1149 5699 CXXIX.

3314 5636 3350 5693 5
