4024 6170
327 632 332 637 ι
434 608 572 664 dum
605 606 756 677 quod
776 605 1100 676 juravimus
1127 605 1186 660 in
1211 605 1429 660 sanctis
1456 603 1752 673 apostolis.
1786 602 2087 658 Sanctissi-

445 297 546 354 ,39
1691 292 2044 349 ANASTASII
2084 293 2624 356 BIBLIOTHECARII
3747 307 3844 389 ηρ

439 427 774 484 Voluntarie
815 426 962 481 veni.
1011 425 1372 480 Sanctissimi
1417 424 1620 480 vicarii
1664 425 1936 480 dixerunt
1975 425 2070 478 :EI

2193 411 2334 466 Non.
2389 413 2748 472 Sanctissimi
2796 417 3000 474 vicarii
3051 419 3367 477 dixerunt:
3401 422 3610 493 Sponte
3654 423 3840 483 fecisti

441 532 617 588 quare
646 516 904 572 venisti?
925 517 1255 572 Theodorus
1285 515 1438 571 dixit
1469 535 1484 568 :
1513 515 1748 584 Propter
1777 514 2086 583 jusjuran—
2188 500 2597 569 iuramenlum.
2629 519 2702 560 an
2732 506 3011 563 Violenter
3031 507 3060 562 ?
3084 510 3192 566 Leo
3223 511 3408 567 dixit:
3435 513 3554 568 Hoc
3585 513 3844 572 interro—

2195 597 2488 662 gaverunt,
2523 592 2668 662 Quia
2705 593 2946 652 fortasse
2977 611 3086 653 non
3118 612 3245 654 eras
3275 604 3411 656 tunc
3441 601 3501 656 in
3541 603 3646 657 hac
3678 604 3840 678 urbe,

436 696 514 751 mi
537 694 744 751 vicarii
771 694 1044 750 dixerunt
1067 711 1079 747 :
1105 695 1173 748 Et
1189 693 1260 749 de
1282 707 1394 764 quo
1420 691 1607 748 fecisti
1633 691 2070 762 jusjurandum?

2197 681 2424 750 quando
2457 681 2675 739 electus
2703 689 2790 739 est
2819 686 3164 756 patriarcha,
3201 692 3260 744 et
3297 688 3467 757 intra,
3508 695 3564 745 et
3591 691 3842 764 jura;et

432 785 766 840 Theodorus
804 783 1100 838 dixitzDe
1130 783 1349 854 lgnatio
1385 779 1726 852 patriarcha.
1768 780 2089 836 Sanctissi-
2196 767 2429 841 ίηῐῐτὶνίι
2471 777 2528 826 et
2559 771 2770 841 illl‘aVi-
2833 773 3194 832 SaﬂCliSSimi
3253 777 3457 833 Vical‘ii
3520 778 3836 836 dixerunt:

437 873 517 928 mi
558 873 765 929 vicarii
803 873 1116 928 dixerunt:
1143 872 1352 942 Sponte
1385 869 1618 940 jurasti,
1650 883 1722 925 an
1761 868 2087 926 violenter?
2193 856 2342 926 Ουοῐ
2379 859 2515 914 anni
2565 867 2702 918 sum
2737 877 2806 918 ex
2827 877 2942 934 quo
2983 869 3350 922 consecratus
3378 871 3466 923 est
3515 869 3839 938 patriarcha

430 962 765 1018 Theodorus
811 961 964 1017 dixit
995 979 1007 1016 :
1038 961 1258 1017 Invitus
1305 959 1493 1030 juravi
1522 979 1537 1026 ;
1572 959 1882 1028 imperator
1931 958 2082 1014 enim
2193 947 2452 1018 Ignatius
2473 947 2503 1002 ?
2523 951 2629 1005 Leo
2657 952 2857 1008 consul
2889 952 3076 1008 dixit:
3101 954 3258 1022 Dico,
3294 959 3431 1012 sunt
3458 957 3596 1012 anni
3627 957 3836 1030 viginti

431 1051 584 1108 dixit
612 1051 756 1106 mihi
782 1069 794 1104 :
823 1050 970 1120 Quia
997 1055 1116 1106 tum
1148 1048 1487 1120 obsequium
1512 1062 1638 1104 eras
1661 1047 1762 1104 illa
1786 1047 1882 1103 die
1911 1061 2084 1118 quan-

428 1142 504 1198 do
527 1139 716 1197 factus
730 1145 818 1196 est
835 1139 1160 1210 patriarcha
1181 1139 1472 1209 dominus,
1491 1142 1548 1194 et
1561 1137 1893 1194 electionem
1918 1136 2082 1192 illius

428 1243 540 1286 non
583 1229 806 1299 vidisti,
858 1229 1028 1298 intra,
1075 1231 1130 1283 et
1163 1228 1316 1297 jura.
1357 1228 1426 1282 Et
1463 1226 1696 1292 intravi,
1739 1230 1795 1280 et
1835 1224 2026 1295 juravi
2061 1241 2074 1278 :

428 1321 551 1375 Non
585 1319 737 1374 enim
773 1317 892 1374 vidi
925 1317 1258 1372 electionem
1290 1316 1433 1386 ejus.
1471 1313 1831 1371 Sanctissimi
1872 1312 2076 1369 vicarii

428 1409 742 1464 dixerunt:
774 1408 842 1462 Et
877 1406 1078 1477 utique
1115 1405 1376 1461 didicisti
1420 1405 1558 1476 quia
1599 1403 1922 1474 patriarcha
1954 1406 2077 1458 erat

426 1495 729 1552 duodecim
760 1495 950 1565 annis,
981 1499 1038 1549 et
1064 1507 1132 1548 ex
1165 1493 1266 1550 illo
1295 1490 1804 1548 communicabas?
1826 1490 2078 1546 Theodo-

429 1601 529 1642 rus
581 1583 1078 1654 protospatharius
1128 1583 1320 1638 dixit:
1365 1581 1625 1638 Sciebam
1670 1580 1922 1651 quidem,
1975 1578 2070 1634 sed

420 1675 577 1731 dixit
598 1674 741 1730 mihi
770 1675 1114 1744 imperator:
1138 1671 1284 1741 Quia
1311 1670 1671 1740 metropolita
1702 1683 1812 1726 non
1835 1682 1914 1738 es,
1942 1667 2076 1738 epi—

2194 1039 2460 1106 quatuor.
2506 1038 2868 1096 Sanctissimi
2919 1041 3122 1098 vicarii
3165 1043 3483 1100 dixerunt:
3517 1043 3836 1116 Antequam

2185 1125 2424 1196 juraris,
2453 1128 2916 1186 communicabas
2936 1144 3065 1187 cum
3091 1131 3414 1201 patriarcha
3441 1133 3662 1206 Ignatio
3679 1133 3710 1188 ?
3730 1137 3840 1192 Leo

2187 1213 2383 1270 dixit:
2423 1215 2628 1271 Etiam.
2683 1217 3042 1275 Sanctissimi
3093 1220 3295 1276 vicarii
3349 1223 3596 1278 senioris
3646 1223 3838 1281 Roma:

2186 1302 2495 1359 dixerunt:
2539 1305 2608 1360 Et
2628 1319 2822 1378 quare,
2848 1305 3042 1376 frater,
3073 1309 3381 1366 novissime
3400 1309 3586 1368 factus
3609 1325 3670 1369 es
3707 1327 3841 1370 con-

2186 1395 2273 1446 tra
2294 1405 2424 1447 eum
2445 1390 2473 1445 ?
2494 1393 2554 1449 in
2581 1394 2687 1450 hoc
2713 1400 2948 1466 apparet
2977 1397 3114 1468 quia
3139 1403 3202 1454 tu
3231 1400 3542 1456 cucurristi
3577 1407 3642 1456 ut
3670 1403 3842 1458 occi-

2183 1479 2348 1536 deres
2401 1486 2613 1552 patrem
2669 1489 2832 1540 tuum
2871 1490 2927 1540 et
2965 1491 3245 1556 pastorem
3297 1493 3480 1544 tuum.
3529 1489 3656 1546 Scis
3699 1491 3842 1562 quia

2187 1574 2475 1639 peccatum
2509 1569 2720 1644 fecisti,
2744 1576 2802 1628 et
2821 1575 3214 1644 pmnitentiam
3251 1576 3444 1650 egisti,
3474 1581 3533 1633 et
3560 1580 3838 1650 accepisti

2183 1659 2444 1728 epitimia
2465 1658 2494 1713 ?
2514 1662 2621 1717 Leo
2649 1662 2836 1718 dixit:
2870 1663 3142 1734 Epitimia
3177 1679 3288 1722 non
3322 1667 3534 1737 accepi.
3566 1667 3841 1725 Sanctis—

423 1777 634 1833 scopus
664 1777 774 1818 non
807 1776 868 1817 es
890 1779 903 1816 :
929 1767 985 1816 et
1007 1760 1239 1827 intravi,
1264 1765 1320 1815 et
1339 1759 1550 1828 juravi.
1583 1757 1944 1814 Sanctissimi
1976 1756 2074 1812 vi—
2096 1745 2150 1808 B
2183 1748 2316 1804 simi
2343 1749 2542 1804 vicarii
2570 1750 2877 1806 dixerunt:
2907 1753 3218 1824 Neglexisti
3244 1755 3503 1825 accipere
3525 1755 3841 1826 epitimia?

422 1852 568 1908 carii
623 1851 898 1907 dixerunt
935 1869 946 1904 :
981 1852 1050 1906 Et
1107 1849 1390 1920 quomodo
1443 1847 1652 1918 jurasti
1684 1847 1713 1902 ?
1739 1846 2070 1902 Theodorus

422 1941 610 1997 dixit:
635 1939 826 1995 Juravi
855 1939 992 2010 quia
1015 1953 1126 1995 non
1148 1938 1266 1994 vidi
1290 1939 1415 2016 ejus
1433 1937 1788 1994 electionem.
1809 1933 2072 1989 Sanctis-

419 2029 563 2084 simi
585 2028 789 2084 vicarii
817 2028 1120 2083 dixerunt:
1144 2029 1212 2082 Et
1237 2027 1387 2082 nosti
1412 2027 1548 2096 quia
1570 2029 1860 2096 peccatum
1887 2021 2072 2078 facie-

421 2116 524 2172 bas
559 2117 619 2171 in
649 2118 976 2186 juramento
1019 2116 1121 2172 illo
1153 2115 1531 2170 ?Theodorus
1568 2113 1754 2169 dixit:
1789 2111 2066 2182 Sciebam,

419 2206 516 2261 sed
541 2219 652 2262 non
688 2203 958 2260 habebam
993 2204 1142 2274 quod
1177 2203 1436 2259 facerem.
1475 2201 1835 2258 Sanctissimi
1863 2199 2066 2255 vicarii

421 2295 732 2350 dixerunt:
762 2293 969 2349 Fecisti
1005 2291 1443 2364 confessionem,
1477 2298 1534 2347 et
1561 2291 1833 2362 accepisti
1875 2304 2068 2361 pmnas

419 2383 491 2438 de
513 2388 740 2453 peccato
766 2383 868 2438 illo
894 2381 1238 2451 repmnitens
1257 2381 1286 2435 ?
1303 2381 1633 2437 Theodorus
1653 2381 1835 2437 dixit:
1859 2379 2063 2434 Etiam.

425 2471 786 2527 Sanctissimi
831 2470 1035 2526 vicarii
1070 2470 1343 2525 dixerunt
1378 2469 1519 2526 :Cui
1561 2468 1856 2524 confessus
1889 2482 1968 2537 es,
2011 2471 2069 2522 et

417 2573 450 2614 a
490 2575 605 2629 quo
642 2559 915 2629 accepisti
956 2557 1284 2627 epitimium
1312 2557 1695 2615 ?Theodorus
1736 2557 1888 2613 dixit
1915 2575 1927 2610 :
1953 2557 2062 2626 Qui

424 2648 586 2704 dedit
635 2648 778 2702 mihi
823 2647 1155 2717 epitimium
1199 2645 1505 2703 defunctus
1546 2653 1650 2702 est.
1703 2645 2064 2702 Sanctissimi

417 2737 624 2794 vicarii
678 2737 928 2792 senioris
964 2736 1154 2791 Romae
1196 2735 1505 2791 dixerunt:
1529 2735 1672 2804 Quis
1707 2734 2066 2790 vocabatur?

416 2827 748 2882 Theodorus
814 2825 966 2882 dixit
1005 2842 1018 2878 :
1053 2825 1302 2895 Nescio;
1338 2824 1394 2880 id
1458 2830 1680 2880 tantum
1738 2825 1860 2880 scio
1927 2824 2066 2894 quia

416 2915 810 2971 chartularius
861 2919 1004 2985 erat,
1053 2920 1110 2970 et
1148 2919 1349 2969 tonsus
1401 2918 1506 2975 est,
1565 2919 1623 2969 et
1667 2912 1802 2968 fecit
1851 2913 1910 2968 in
1961 2927 2067 2968 co-

419 3003 615 3060 lumna
641 3003 1021 3076 quadraginta
1047 3016 1247 3058 annos.
1275 3003 1636 3058 Sanctissimi
1663 3001 1864 3058 vicarii
1895 3001 2068 3057 dixe—

2179 1839 2620 1895 communicasti
2661 1845 2789 1910 post
2824 1840 2964 1912 haec,
3000 1855 3071 1897 an
3111 1857 3220 1898 non
3251 1842 3280 1896 ?
3308 1845 3416 1900 Leo
3449 1845 3604 1901 dixit
3633 1864 3647 1900 :
3681 1848 3830 1903 Non.

2177 1926 2536 1983 Sanctissimi
2564 1929 2766 1984 vicarii
2785 1931 3032 1987 senioris
3056 1933 3245 1988 Romae
3268 1933 3573 1990 dixerunt:
3600 1935 3838 2006 Recipis

2181 2016 2561 2084 patriarcham
2601 2019 2886 2089 lgnatium
2929 2020 3094 2076 modo
3116 2018 3145 2074 ?
3168 2022 3276 2078 Leo
3311 2022 3500 2078 dixit:
3529 2023 3833 2094 Quidquid

2180 2104 2386 2174 recipit
2427 2106 2674 2163 mundus
2707 2113 2764 2162 et
2797 2122 2914 2176 vos,
2960 2109 3176 2180 recipio
3209 2115 3266 2166 et
3297 2124 3418 2184 ego.
3460 2112 3832 2170 Sanctissimi

2177 2193 2378 2248 vicarii
2412 2195 2718 2252 dixerunt:
2747 2197 2843 2252 Vis
2878 2198 3134 2270 accipere
3169 2200 3429 2272 epitimia
3450 2201 3606 2256 ?Leo
3633 2203 3830 2258 dixit:

2176 2281 2234 2336 Si
2260 2283 2399 2338 mihi
2425 2283 2722 2355 dederitis,
2755 2287 2994 2357 accipio.
3029 2289 3390 2346 Sanctissimi
3417 2290 3620 2346 vicarii
3645 2291 3838 2348 senio-

2178 2371 2261 2427 ris
2281 2373 2469 2428 Romaa
2488 2373 2791 2431 dixerunt:
2813 2377 3042 2447 Recipis
3063 2383 3314 2434 sanctam
3339 2378 3482 2434 hanc
3503 2380 3790 2450 synodum
3807 2378 3840 2434 ?

2179 2460 2287 2515 Leo
2329 2461 2513 2518 dixit:
2540 2463 2775 2534 Recipio
2817 2479 2959 2521 eam.
3002 2466 3362 2523 Sanctissimi
3404 2467 3608 2524 vicarii
3653 2469 3838 2525 dixe—

2179 2555 2348 2605 runt:
2379 2551 2838 2609 Anathematizas
2868 2554 3132 2612 Photium
3165 2562 3221 2612 et
3249 2570 3445 2613 omnes
3474 2571 3619 2628 quos
3647 2572 3838 2629 syno-

2173 2639 2284 2695 dus
2317 2638 2994 2700 anathematizavit?Leo
3036 2645 3392 2715 dixit:Quis
3433 2661 3558 2703 sum
3595 2660 3723 2720 ego,
3765 2653 3839 2704 ut

2174 2729 2644 2786 anathematizem
2665 2729 3236 2790 ?Anathematismus
3267 2735 3325 2791 in
3357 2749 3527 2792 causa
3558 2735 3691 2792 fidei
3721 2736 3832 2806 tit;

2174 2821 2235 2872 at
2267 2830 2398 2873 vero
2431 2818 2672 2877 Photius
2711 2821 3066 2879 orthodoxus
3103 2827 3209 2894 est,
3245 2829 3303 2880 et
3334 2823 3540 2895 utquid
3575 2824 3838 2880 anathe-

2175 2906 2456 2964 matizabo
2480 2923 2609 2966 eum
2638 2907 2667 2962 ?
2685 2911 3045 2968 Sanctissimi
3077 2912 3282 2968 vicarii
3307 2911 3580 2969 dixerunt
3601 2931 3617 2968 :
3637 2913 3834 2985 Opera

2174 2997 2300 3066 ejus
2321 2998 2510 3068 pejora
2533 3005 2670 3056 sunt
2688 3002 2842 3058 omni
2869 3001 3095 3073 hatresi,
3117 3001 3255 3073 quia
3276 3001 3494 3060 diaboli
3519 3004 3834 3074 operarius

418 3099 555 3150 runt
603 3111 616 3148 :
659 3068 946 3148 Sacerdos
1027 3097 1149 3147 erat
1198 3091 1227 3145 ?
1272 3091 1602 3148 Theodorus
1685 3092 1839 3148 dixit
1879 3109 1891 3146 :
1950 3068 2143 3147 Ne—C
2175 3091 2278 3142 est.
2331 3089 2438 3142 Leo
2485 3089 2683 3144 consul
2737 3068 3092 3147 dixit:Cum’
3135 3068 3233 3148 vos
3278 3068 3574 3163 judicetis-
3601 3093 3728 3150 fieri
3768 3101 3835 3152 et

419 3181 543 3237 scio
584 3200 600 3252 ς
638 3181 814 3237 abbas
878 3185 1020 3249 erat,
1081 3186 1138 3236 et
1188 3178 1460 3236 habebam
1531 3180 1696 3236 iidem
1757 3181 1817 3236 in
1872 3181 2068 3237 homi-

418 3278 566 3340 nem,
609 3275 666 3326 et
705 3270 966 3326 nuntiavi
1003 3270 1076 3325 ei.
1115 3270 1475 3326 Sanctissimi
1509 3270 1712 3326 vicarii
1753 3270 2061 3327 dixerunt:

416 3359 489 3414 Et
537 3358 848 3415 custodisti
898 3358 1161 3428 epitimia
1191 3357 1220 3411 ?
1245 3359 1572 3416 Thcrdorus
1613 3359 1808 3415 dixit:
1843 3359 1900 3414 Si
1946 3360 2071 3417 vult

415 3449 586 3519 Deus,
619 3447 904 3504 custodivi
939 3461 1024 3518 ea,
1053 3447 1188 3518 quia
1224 3448 1590 3505 Christianus
1625 3464 1772 3505 sum.
1809 3449 2071 3505 Sanctis—

420 3537 556 3593 simi
583 3537 790 3593 vicarii
818 3528 1069 3592 senioris
1099 3537 1288 3592 Romae
1311 3537 1620 3592 dixerunt:
1643 3538 1949 3607 Complesti
1981 3552 2067 3607 ea,

417 3641 490 3682 an
513 3641 626 3682 non
647 3626 676 3679 ?
699 3626 1034 3681 Theodorus
1063 3624 1217 3680 dixit
1241 3643 1254 3679 :
1275 3627 1416 3680 Ecce
1442 3625 1630 3694 homo,
1662 3626 1917 3695 compleo
1946 3627 2063 3682 illa.

419 3714 782 3771 Sanctissimi
819 3713 1022 3768 vicarii
1065 3713 1312 3768 senioris
1343 3715 1532 3770 Roma:
1569 3714 1876 3769 dixerunt:
1911 3715 2070 3771 Juste

422 3807 720 3859 revocatus
762 3806 848 3856 est
888 3801 948 3856 in
1001 3801 1186 3856 sedem
1243 3815 1404 3856 suam
1450 3801 1720 3858 dominus
1768 3803 2070 3874 lgnatius?

417 3892 753 3947 Theodorus
793 3889 978 3945 dixit:
1007 3890 1204 3958 Juste;
1233 3890 1281 3946 si
1313 3890 1464 3945 enim
1507 3891 1790 3946 noluisset
1827 3892 1975 3948 Deus
2005 3897 2070 3948 ut

421 3982 734 4049 revocetur,
781 3991 893 4032 non
941 3977 1173 4034 haberet
1207 3979 1259 4034 ei
1299 3979 1471 4034 vitam
1511 3979 1664 4035 dare.
1706 3980 2068 4036 Sanctissimi

421 4066 625 4122 vicarii
663 4066 913 4121 senioris
951 4066 1140 4122 Romae
1174 4067 1480 4123 dixerunt:
1507 4069 1652 4140 Ergo
1687 4069 1898 4138 recipis
1932 4083 2072 4125 san-

421 4161 568 4211 ctam
599 4155 744 4210 hanc
771 4156 1072 4226 synodum,
1096 4160 1152 4211 et
1177 4157 1369 4212 omnia
1400 4171 1525 4228 quae
1550 4157 1808 4226 judicata
1839 4163 1974 4214 sunt
2003 4157 2074 4214 ab

422 4258 487 4299 ea
520 4243 548 4296 ?
587 4243 918 4299 Theodorus
973 4244 1472 4314 protospatharius
1532 4245 1685 4301 dixit
1715 4264 1731 4300 :
1768 4248 2076 4317 Imperator

426 4337 618 4389 noster
645 4338 878 4388 sanctus
911 4333 1115 4403 recipit
1147 4349 1289 4406 eam,
1327 4341 1384 4390 et
1417 4349 1612 4391 omnes
1647 4336 1982 4408 Christiani,
2015 4340 2072 4393 et

424 4437 528 4494 ego
565 4422 848 4494 quomodo
883 4435 993 4478 non
1030 4424 1288 4494 suscipio
1311 4425 1340 4477 ?
1363 4425 1555 4495 etiam,
1593 4425 1849 4495 suscipio
1885 4425 2065 4499 illam,

427 4511 562 4582 quia
589 4510 946 4566 orthodoxus
968 4525 1112 4566 sum.
1140 4512 1356 4568 Deinde
1376 4513 1762 4584 interrogatus
1780 4519 1866 4569 est
1885 4519 1940 4570 et
1963 4516 2070 4571 Leo

426 4599 648 4670 consul,
673 4599 771 4670 qui
799 4605 855 4654 et
888 4598 1072 4656 fictus
1095 4605 1182 4656 est
1209 4600 1418 4666 scriba,
1441 4615 1473 4656 a
1495 4602 1880 4658 sanctissimis
1907 4603 2074 4660 vica—

430 4687 576 4742 riis:
602 4689 894 4756 Quomodo
927 4687 1223 4760 ingressus
1254 4703 1314 4744 es
1344 4689 1404 4745 in
1438 4689 1581 4746 hanc
1611 4696 1862 4746 sanctam
1893 4706 2073 4762 syno-

427 4777 564 4832 dum
591 4775 620 4829 ?
643 4778 748 4832 Leo
781 4777 970 4832 dixit:
1011 4777 1430 4834 Nuntiaverunt
1467 4778 1652 4852 nobis,
1692 4783 1750 4836 et
1781 4780 2072 4837 venimus?

428 4863 788 4918 Sanctissimi
812 4865 1014 4920 vicarii
1036 4865 1338 4922 dixerunt:
1362 4867 1596 4937 Pr0pter
1615 4883 1782 4940 quam
1805 4882 2031 4926 causam
2053 4911 2066 4924 .

435 4954 542 5007 Leo
575 4952 761 5008 dixit:
789 4953 1069 5010 Dixerunt
1105 4955 1272 5011 nobis
1297 4970 1309 5008 :
1333 4957 1479 5026 Quia
1513 4957 1699 5013 venite
1727 4963 1783 5013 et
1813 4957 2074 5028 accipia-

433 5041 510 5095 tis
542 5041 981 5112 indulgentiam.
1024 5044 1385 5100 Sanctissimi
1423 5045 1626 5100 vicarii
1662 5047 2072 5104 dixerunt:De

433 5144 547 5200 quo
580 5135 806 5200 peccato
825 5131 974 5187 ?Leo
994 5133 1178 5187 dixit:
1204 5135 1281 5188 De
1313 5133 1418 5190 hoc
1444 5134 1592 5204 quod
1620 5135 1809 5204 juravi
1837 5136 1904 5190 ad
1933 5150 2074 5192 san—

433 5224 557 5272 ctos
581 5219 886 5288 apostolos.
912 5221 1274 5276 Sanctissimi
1297 5221 1501 5277 vicarii
1523 5221 1830 5278 dixerunt:
1855 5223 1998 5292 Quis
2019 5229 2072 5280 te

433 5306 604 5362 duxit
629 5305 768 5362 illuc
789 5307 817 5360 ?
839 5310 944 5364 Leo
967 5309 1154 5364 dixit:
1185 5311 1498 5378 Imperator
1527 5309 1692 5365 illius
1727 5312 1999 5382 temporis
2017 5318 2074 5368 et

433 5396 635 5450 Caesar.
667 5397 1026 5452 Sanctissimi
1060 5398 1260 5452 vicarii
1293 5397 1598 5453 dixerunt:
1629 5397 1737 5453 Per
1762 5402 2071 5468 potentiam

434 5489 493 5540 et
526 5484 660 5550 vim,
696 5498 768 5540 an
807 5485 1054 5556 sponte?
1078 5487 1186 5542 Leo
1213 5485 1398 5541 dixit:
1432 5488 1928 5558 Interrogaverunt
1963 5505 2068 5562 me,

433 5573 580 5643 Quia
598 5573 1156 5648 vidisti_electioncm
1183 5575 1520 5647 patriarchae
1543 5575 1746 5648 Ignatii
1769 5577 1798 5632 ?
1819 5579 1889 5636 Et
1905 5580 2030 5638 dixi
2051 5597 2065 5634 :

2175 3181 2406 3247 excepta
2452 3175 2653 3233 haeresi
2703 3179 3264 3253 anathematismum,
3313 3183 3734 3240 anathematizo
3775 3191 3842 3241 et

2177 3279 2279 3337 ego
2299 3271 2536 3323 cunctos
2557 3282 2702 3338 quos
2721 3267 3223 3326 anathematizavit
3252 3274 3444 3326 sancta
3467 3271 3586 3327 hasc
3604 3277 3662 3328 et
3682 3274 3842 3329 uni—

2177 3355 2417 3411 versalis
2451 3356 2720 3427 synodus.
2750 3357 2819 3412 Et
2851 3362 2976 3428 post
3007 3358 3208 3414 horum
3242 3355 3487 3416 duorum
3522 3362 3841 3418 examina—

2180 3443 2392 3499 tionem
2423 3443 2677 3502 virorum
2722 3445 3105 3517 interrogatus
3137 3453 3226 3503 est
3252 3447 3600 3506 Eustachius
3629 3451 3839 3523 regius

2179 3533 2510 3603 spatharius
2539 3535 2881 3591 candidatus
2925 3533 3632 3615 (spatham—candidatus),
3670 3539 3845 3598 Con-

2179 3621 2471 3676 stantinus
2501 3621 2696 3694 regius
2720 3623 3070 3696 spatharius,
3097 3625 3346 3682 Basilius
3367 3627 3561 3699 regius
3584 3629 3845 3686 manda—

2179 3713 2286 3778 tor,
2316 3709 2555 3766 Photius
2585 3711 2916 3780 spatharius
2943 3718 3002 3769 et
3025 3712 3210 3771 factus
3237 3715 3628 3773 chartularius
3661 3718 3846 3774 mili—

2179 3797 2324 3852 taris
2346 3797 2671 3870 logothesii,
2696 3800 2906 3857 Paulus
2927 3801 3121 3874 regius
3142 3801 3353 3875 scriba,
3373 3804 3844 3876 Christophorus

2179 3887 2374 3959 regius
2417 3887 2768 3960 spatharius,
2811 3894 2868 3945 et
2904 3891 3190 3948 secundus
3230 3892 3387 3966 vulgi
3431 3893 3842 3965 Prasinorum,

2177 3975 2518 4032 Anastasius
2536 3977 2755 4040 dudum
2775 3977 3072 4051 diaconus,
3092 3981 3349 4038 Marinus
3368 3977 3488 4056 [al.,
3511 3981 3844 4060 Marianus]

2181 4065 2420 4120 vestitor
2458 4071 2514 4121 et
2552 4064 2738 4123 factus
2779 4073 3030 4138 epoptes,
3069 4068 3480 4127 Constantinus
3525 4071 3854 4129 chartula-

2183 4153 2327 4223 rius,
2361 4153 2598 4210 Arsabir
2628 4155 2822 4228 regius
2849 4157 3194 4229 canditatus,
3217 4164 3274 4215 et
3289 4159 3702 4218 Constantinus
3731 4176 3854 4217 re—

2184 4243 2314 4316 gius
2333 4245 2845 4314 protospatharius.
2863 4247 2934 4302 Et
2951 4247 3286 4320 interrogati
3303 4249 3610 4305 admodum
3625 4253 3685 4304 et
3698 4250 3856 4306 dis—

2184 4333 2341 4388 cussi
2373 4347 2588 4406 omnes,
2625 4333 2972 4404 objiciebant
3004 4337 3334 4394 violentiam
3353 4342 3409 4393 et
3437 4339 3701 4394 timorem
3733 4354 3856 4396 re—

2186 4421 2364 4492 gium,
2405 4427 2460 4477 et
2499 4423 2871 4493 privationem
2917 4426 3310 4499 pecuniarum,
3345 4430 3401 4484 et
3437 4427 3734 4497 exsilium,
3780 4436 3856 4486 et.

2185 4524 2297 4565 una
2344 4524 2498 4581 voce,
2540 4507 2697 4582 'quod
2745 4527 2858 4569 non
2901 4519 3103 4584 sponte
3143 4516 3214 4571 ad
3258 4515 3588 4586 hujusmodi
3632 4521 3854 4574 actum

2177 4598 2458 4669 compulsi
2503 4597 2740 4668 fuerint,
2781 4608 3261 4660 asseveraverunt.
3309 4605 3552 4674 Quidam
3593 4605 3853 4676 quidem

2177 4702 2247 4745 ex
2274 4687 2361 4743 eis
2385 4702 2445 4744 se
2470 4686 2606 4744 fassi
2639 4695 2775 4746 sunt
2804 4691 2996 4747 statim
3025 4691 3204 4750 fuisse
3233 4691 3542 4766 confessos,
3575 4699 3632 4750 et
3659 4707 3864 4750 acce—

2181 4778 2335 4848 pisse
2357 4777 2752 4835 convenientia
2777 4780 3040 4851 epitimia
3063 4799 3076 4836 :
3103 4782 3338 4852 quidam
3363 4796 3494 4839 vero
3519 4781 3696 4838 etiam
3724 4797 3864 4839 us—

2180 4880 2292 4937 que
2317 4867 2378 4922 in
2424 4882 2671 4938 praesens
2701 4869 2826 4926 sine
2876 4871 3210 4941 poenitentia
3266 4871 3666 4942 permansisse,
3703 4873 3860 4942 -qui

2180 4963 2312 5028 apta
2335 4957 2598 5028 epitimia
2618 4971 2651 5013 a
2676 4964 2869 5016 sancta
2890 4966 2946 5016 et
2971 4960 3281 5016 universali
3310 4961 3524 5031 synodo
3553 4975 3870 5031 suscepe-

2184 5051 2336 5118 runt,
2377 5049 2852 5117 quemadmodum
2894 5049 3130 5119 posthac
3169 5048 3653 5122 manifestabitur,
3697 5065 3866 5110 cum

2182 5135 2450 5192 videlicet
2479 5151 2672 5194 omnes
2694 5137 2753 5192 hi
2781 5138 3139 5208 susceperint
3167 5143 3417 5194 sanctam
3443 5143 3500 5194 et
3524 5138 3875 5196 universa-

2183 5226 2290 5282 lem
2314 5226 2613 5296 synodum,
2635 5231 2692 5282 et
2711 5226 3314 5284 anathematizaverint
3333 5228 3527 5284 omnia
3547 5241 3882 5298 quaecun—

2186 5327 2295 5385 que
2336 5315 2452 5369 hmc
2490 5315 3011 5388 anathematizavit,
3053 5321 3108 5372 et
3147 5317 3505 5388 susceperint
3552 5316 3881 5376 similiter

2182 5403 2376 5458 animo
2401 5401 2604 5459 libenti
2629 5419 2982 5476 quaecunque
3002 5405 3273 5474 suscepit.
3299 5405 3574 5476 Bahanes,
3597 5407 3886 5478 magni—

2183 5490 2594 5548 ﬁcentissimus
2621 5495 2901 5562 patricius
2921 5500 2977 5551 et
2997 5495 3357 5568 praepositus,
3385 5495 3557 5565 dixit,
3586 5495 3743 5551 sicut
3775 5511 3884 5555 ex

2184 5596 2424 5654 persona
2467 5587 2698 5640 senatus
2735 5585 2805 5640 ad
2845 5584 3240 5643 sanctissimos
3283 5585 3531 5644 vicarios
3572 5585 3882 5647 senioris
