4024 6170
211 320 283 381 ΑΗ
874 310 1418 370 INTERPRETATIO
1453 309 1703 367 SYNODI
1739 311 1858 367 VIII
1893 310 2296 372 GENERALIS.
2324 346 2399 357 —
2432 317 2634 375 ACTIO
2672 320 2767 374 IX.

3429 326 3533 387 442

198 451 567 513 Romae:0mnes
592 448 700 504 viri
735 445 839 520 qui
872 446 1016 504 falso
1040 447 1381 517 iuraverunt
1404 445 1601 501 contra
1637 455 1765 497 san-
1788 436 1846 497 A
1875 446 1980 513 est,
2022 450 2220 500 contra
2264 446 2442 502 Deum
2490 459 2776 518 magnum,
2827 455 2882 506 et
2940 453 3188 521 primum
3240 459 3529 525 pastorum

194 543 448 603 ctissimum
490 538 889 609 patriarcham,
933 550 1043 593 non
1098 540 1233 592 sunt
1274 534 1368 589 hic
1414 535 1756 602 praesentes:

194 633 375 705 quidam
400 630 537 686 enim
559 632 612 684 et
640 627 858 684 mortui
882 631 1035 694 sunt,
1070 624 1176 680 alii
1205 626 1436 693 propter
1466 620 1764 676 infirmita-

194 731 275 779 tem
300 721 369 775 vel
406 719 540 775 alias
565 730 773 773 causas
804 716 941 772 huic
973 713 1289 784 praesentiae
1330 712 1568 767 desunt:
1604 708 1766 765 audi-

190 813 269 868 stis
297 809 574 864 veritatem.
611 804 979 862 Sanctissimi
1016 802 1221 859 vicarii
1247 801 1550 857 dixerunt:
1600 798 1765 854 Volu-

189 915 282 955 mus
297 897 473 953 audire
494 893 549 952 et
566 896 637 951 ab
659 893 1001 951 absentibus
1029 889 1511 963 quemadmodum
1533 902 1603 944 ex
1630 901 1764 958 prae-

189 988 406 1045 sentibus.
433 986 699 1055 Bahanes,
746 981 1354 1057 magniﬁcentissimus
1387 979 1669 1050 patricius
1710 982 1767 1032 et

191 1076 481 1147 praepositus,
505 1075 657 1130 dixit
681 1074 751 1129 ad
790 1076 1039 1128 sanctam
1084 1071 1394 1140 synodum:
1447 1067 1593 1138 Quid
1621 1066 1769 1121 desi-

184 1166 305 1222 derat
324 1168 496 1221 sancta
518 1163 637 1219 haec
662 1162 916 1233 synodus
931 1160 960 1214 ?
977 1159 1318 1230 iudicentur
1340 1158 1439 1214 isti
1463 1157 1588 1213 sine
1618 1156 1762 1223 illis,

186 1268 238 1309 an
259 1268 348 1309 non
363 1253 389 1306 ?
406 1252 761 1309 sanctissimi
794 1249 996 1306 vicarii
1023 1249 1332 1305 dixerunt:
1362 1247 1767 1316 Exspectemus

184 1357 268 1400 eos.
318 1340 849 1414 Magnificentissimi
902 1342 957 1394 et
1006 1335 1414 1409 gloriosissimi
1479 1334 1768 1405 principes

183 1432 427 1486 dixerunt:
473 1432 591 1486 Non
634 1434 819 1500 potest
838 1427 954 1484 alia
979 1427 1232 1497 synodus
1260 1425 1382 1481 ﬁeri
1427 1436 1599 1480 causa
1644 1423 1770 1479 illo-

184 1533 302 1574 rum:
326 1524 716 1589 verumtamen,
749 1518 886 1573 licet
909 1516 1013 1573 alii
1056 1520 1262 1585 praesto
1302 1528 1415 1570 non
1443 1513 1582 1584 sint,
1604 1511 1771 1582 epiti-

183 1609 318 1664 mium
340 1608 528 1664 audire
570 1607 786 1664 habent
823 1607 975 1678 quod
1004 1605 1229 1662 habetis
1264 1605 1439 1674 dare;
1466 1607 1523 1658 et
1564 1602 1615 1658 si
1644 1602 1769 1673 qui-

1874 530 2213 605 principem,
2246 538 2303 590 et
2329 549 2426 604 per
2451 536 2776 606 pontiﬁcem
2808 537 2907 607 qui
2942 544 3152 596 unctus
3175 548 3261 598 est
3277 544 3346 598 ab
3370 545 3525 613 ipso:

1872 623 1929 673 et
1956 621 2287 693 quicunque
2334 629 2488 691 sunt,
2533 626 2632 696 qui
2681 640 2792 682 non
2836 628 3039 683 verunt
3082 629 3252 686 hodie
3282 630 3340 687 in
3388 634 3534 690 hanc

1874 713 2126 766 sanctam
2170 718 2227 767 ct
2272 714 2648 771 universalem
2693 716 2991 788 synodum,
3026 724 3081 773 et
3124 732 3184 774 se
3222 721 3530 795 occultant,

1877 795 2132 854 nolentes
2150 802 2495 858 annuntiare
2527 809 2815 873 peccatum
2847 806 2996 875 quod
3021 813 3276 878 egerunt,
3319 814 3375 864 et
3402 808 3539 866 etfu-

1876 898 2005 955 gere
2051 887 2253 943 volunt
2306 892 2644 948 sententiam
2696 894 2969 964 epitimii,
3017 896 3134 952 sint
3191 898 3426 955 omnino
3463 901 3536 956 ab

1875 973 2158 1031 Ecclesias
2202 981 2501 1051 segregati,
2543 986 2599 1036 et
2636 984 3018 1040 anathematis
3063 984 3373 1058 ligamento
3408 1004 3539 1046 con-

1877 1062 2089 1135 stricti,
2122 1065 2301 1122 donec
2326 1069 2581 1125 conversi
2612 1085 2710 1140 per
2739 1073 3133 1141 paenitentiam
3165 1076 3308 1132 salvi
3344 1077 3482 1133 ﬁant
3516 1097 3529 1133 :

1878 1152 1977 1223 qui
2002 1167 2131 1208 vero
2147 1156 2441 1226 accipiunt
2461 1158 2722 1228 epitimia
2744 1161 2924 1232 prius,
2945 1168 3001 1217 et
3029 1166 3385 1237 custodiunt,
3411 1176 3539 1239 post

1877 1244 2219 1313 completum
2251 1245 2599 1321 epitimium,
2636 1250 2800 1322 digni
2834 1250 2972 1307 ﬁant
3000 1255 3216 1311 sanctis
3244 1237 3539 1315 etdivinis

1880 1334 2187 1404 mysteriis.

1950 1422 2018 1477 Et
2047 1428 2172 1492 post
2208 1424 2528 1498 lectionem,
2554 1431 3109 1502 magniﬁcentissimi
3142 1441 3200 1492 et
3227 1437 3539 1509 gloriosis-

1879 1511 2012 1567 simi
2058 1511 2345 1583 principes
2389 1516 2457 1571 ad
2506 1521 2904 1579 sanctissimos
2956 1524 3178 1581 vicaros
3224 1526 3535 1584 dixerunt:

1876 1604 2091 1657 Justam
2122 1609 2347 1661 constat
2373 1620 2496 1663 esse
2511 1609 2934 1667 damnationem
2962 1628 3135 1684 super
3165 1615 3241 1671 iis
3270 1616 3370 1686 qui
3406 1632 3541 1687 per-

180 1698 273 1753 dem
305 1702 671 1754 cucurrerunt
717 1697 786 1752 ad
826 1696 994 1767 pedes
1028 1700 1264 1765 vestros,
1305 1698 1361 1749 et
1412 1690 1766 1750 sanctissimi
1793 1756 1846 1776 n
1874 1688 2213 1757 iuraverunt
2248 1737 2263 1766 ,
2308 1698 2366 1751 et
2404 1694 2685 1755 fallaciter
2707 1700 3046 1769 juraverunt
3077 1745 3091 1771 ,
3138 1709 3195 1760 et
3251 1706 3541 1776 recipiunt

182 1786 458 1857 patriarcha:
481 1786 715 1858 lgnatii,
738 1756 1023 1855 accipient
1052 1756 1381 1854 epitimium
1406 1782 1709 1838 deﬁnitum
1734 1794 1767 1834 a
1793 1756 1847 1817 Β
1877 1756 2203 1851 epitimium
2244 1756 2393 1854 quod
2451 1786 2647 1843 datum
2691 1756 2778 1844 est
2825 1804 2856 1845 a

181 1876 423 1931 sanctitate
441 1881 663 1931 vestra:
713 1874 763 1931 si
788 1888 920 1930 vero
940 1888 1051 1930 non
1078 1873 1357 1942 vcnerint,
1382 1871 1478 1927 sed
1511 1883 1769 1941 perman-

180 1964 396 2020 serintin
433 1964 659 2020 malitia
698 1977 822 2034 sua,
866 1966 1080 2019 crescet
1115 1961 1444 2031 epitimium
1487 1960 1765 2029 ipsorum,

180 2054 293 2109 sicut
308 2054 584 2110 sanctitati
616 2056 818 2110 vestra:
844 2052 1144 2122 placuerit.
1181 2050 1438 2123 Ignatius
1477 2048 1771 2106 sanctissi-

180 2157 272 2198 mus
291 2143 598 2212 patriarcha
625 2142 812 2198 dixit:
856 2140 1217 2212 Impossibile
1241 2144 1328 2195 est
1353 2144 1416 2194 ut
1442 2153 1553 2219 non
1581 2138 1771 2194 discu-

182 2232 352 2288 tiantur
374 2232 633 2289 homines
654 2231 767 2301 illi,
788 2234 846 2287 et
867 2234 1175 2300 appareant
1197 2229 1395 2300 quales
1410 2233 1467 2284 et
1492 2228 1593 2299 qui
1620 2227 1765 2282 sint:

180 2322 306 2377 multi
329 2320 469 2379 enim
494 2336 563 2377 ex
591 2321 970 2388 eisactuarii,
990 2323 1047 2375 et
1062 2318 1369 2376 stabularii
1403 2331 1469 2373 ac
1493 2330 1770 2387 equorum

183 2411 343 2468 medici
380 2417 509 2468 sunt
544 2415 786 2482 propter
812 2410 960 2480 quod
996 2410 1216 2478 justum
1242 2413 1330 2464 est
1356 2412 1419 2463 ut
1461 2406 1691 2462 veniant
1713 2406 1770 2460 in

180 2507 484 2572 conspectum
534 2501 721 2570 hujus
745 2503 954 2555 sancta:
999 2497 1222 2569 synodi,
1246 2501 1303 2553 et
1344 2500 1680 2567 arguantur,
1720 2500 1776 2550 et

179 2590 498 2647 conﬁteantur
537 2590 868 2657 veritatem,
920 2586 1399 2659 quemadmodum
1437 2591 1493 2642 et
1518 2585 1638 2641 isti.
1668 2586 1779 2641 Ma-

179 2678 588 2749 gniﬁcentissimi
618 2677 909 2749 principes
945 2677 1255 2732 dixerunt:
1290 2674 1474 2731 Sicuti
1515 2673 1781 2746 praedixi-

179 2780 287 2837 mus,
328 2768 566 2839 domine,
628 2779 739 2823 non
780 2769 962 2836 potest
1012 2769 1244 2834 propter
1281 2777 1378 2821 eos
1430 2763 1531 2834 qui
1564 2764 1772 2832 reperti

178 2870 256 2912 non
286 2863 404 2914 sunt
428 2857 543 2913 alia
593 2855 859 2927 synodus
903 2854 1048 2923 ﬁeri,
1093 2853 1212 2917 sed,
1256 2853 1307 2909 si
1331 2852 1554 2924 jubeas,
1589 2865 1779 2908 coram

177 2945 417 3001 sanctitate
443 2952 542 3001 tua
573 2950 639 3001 et
687 2943 946 3000 omnium
995 2941 1489 3012 metropolitarum
1529 2940 1775 2995 venient.

1880 1870 2146 1940 petimus.
2193 1877 2249 1927 et
2306 1887 2573 1945 rogamus
2612 1891 2727 1949 vos,
2779 1885 2841 1936 ut
2871 1881 3093 1937 veniam
3140 1884 3456 1939 ostendatis
3485 1890 3542 1940 et

1876 1960 2324 2029 compassionem
2351 1962 2409 2018 in
2440 1978 2572 2035 eos;
2603 1968 2737 2037 quia
2779 1969 3023 2026 multum
3048 1975 3270 2041 tempus
3288 1973 3539 2042 positum

1878 2055 1965 2105 est
2006 2049 2278 2121 epitimii,
2312 2055 2368 2105 et
2396 2054 2532 2122 quia
2570 2061 2858 2123 peccatum
2892 2065 3122 2128 propter
3152 2062 3302 2131 quod
3338 2076 3542 2131 pecca—

1879 2142 2084 2193 verunt
2114 2138 2173 2193 in
2207 2144 2485 2208 pastorem
2516 2147 2572 2198 et
2605 2146 2925 2213 pontiﬁcem
2961 2154 3219 2205 nostrum
3254 2155 3537 2218 patratum

1881 2232 1967 2283 est
1999 2244 2013 2296 ;
2045 2227 2213 2285 detur
2241 2234 2297 2285 et
2344 2235 2590 2298 potestas
2633 2234 2928 2290 sanctitati
2967 2237 3113 2309 ejus,
3158 2242 3221 2293 ut
3271 2239 3541 2309 quisquis

1882 2316 2077 2372 eritad
2098 2316 2262 2373 illum
2294 2322 2542 2377 contrito
2574 2322 2762 2393 corde,
2784 2338 3043 2393 quaerens
3062 2326 3538 2398 misericordiam,

1884 2406 2040 2463 sicut
2065 2408 2215 2464 Deus
2243 2409 2547 2466 deduxerit
2574 2425 2725 2483 eum,
2758 2412 3086 2482 epitimium
3121 2416 3383 2474 minoret.
3419 2419 3542 2473 Ete-

1888 2495 2006 2550 nim
2042 2496 2300 2554 imitator
2325 2503 2410 2555 est
2456 2500 2620 2557 illius
2648 2503 2749 2572 qui
2784 2517 2884 2573 pro
2911 2505 2998 2560 eis
3028 2505 3128 2575 qui
3160 2520 3220 2562 se
3248 2507 3549 2563 cruciﬁxe-

1891 2589 2027 2639 runt
2055 2588 2270 2643 oravit:
2302 2587 2406 2644 hoc
2439 2589 2705 2661 petimus,
2740 2592 2844 2649 hoc
2884 2606 3150 2665 r0gamus
3184 2596 3543 2651 sanctitatem

1889 2678 2152 2742 vestram,
2201 2676 2306 2733 hoc
2347 2677 2718 2748 deprecamur
2766 2695 2882 2738 vos.
2934 2683 3295 2739 Sanctissimi
3339 2683 3541 2741 vicarii

1890 2762 2164 2821 dixerunt
2192 2783 2205 2819 :
2239 2767 2353 2824 Nos
2384 2781 2494 2824 non
2549 2769 2735 2826 solum
2768 2776 2997 2841 propter
3043 2779 3371 2842 praesentem
3405 2787 3542 2844 rem,

1889 2851 1975 2908 vel
2015 2866 2264 2926 causam,
2322 2856 2466 2913 hanc
2530 2859 2829 2927 posuimus
2888 2861 3302 2932 deﬁnitionem,
3357 2863 3453 2918 sed
3490 2868 3548 2918 et

1894 2946 2123 3011 propter
2152 2941 2405 3001 futuram
2452 2947 2767 3003 cautelam:
2820 2955 3206 3007 verumtamen
3258 2951 3319 3007 in
3350 2956 3549 3021 pasto—

179 3033 376 3103 Ignatius
408 3033 822 3090 sanctissimus
864 3031 1189 3102 patriarcha
1230 3028 1417 3085 dixit:
1465 3028 1651 3084 Placet
1714 3030 1781 3083 Et
1819 3093 1860 3104 Α
1892 3044 2010 3087 rem
2052 3032 2109 3087 in
2145 3047 2311 3104 quem
2359 3043 2731 3104 peccaverunt
2765 3040 3181 3096 committimus
3213 3040 3547 3096 hodiernam

177 3093 267 3188 post
293 3123 384 3178 hoc
412 3122 731 3179 ascendens
770 3093 1103 3189 Stephanus
1131 3121 1246 3175 Deo
1278 3116 1546 3174 amabilis
1574 3117 1783 3175 diaco-
1813 3093 1862 3156 α
1889 3093 2376 3191 dispensationem
2414 3137 2611 3181 eorum
2646 3127 2746 3197 qui
2879 3093 3549 3199 hac:

176 3221 256 3263 nus
284 3215 331 3265 et
362 3212 648 3281 notarius,
678 3209 817 3281 legit
860 3208 1188 3279 epitimium
1237 3207 1387 3278 quod
1431 3206 1784 3263 deﬁnierunt

174 3300 462 3356 sanctissimi
498 3299 737 3370 vicarii,
767 3302 824 3354 et
860 3303 975 3354 tota
1020 3302 1215 3354 sancta
1250 3296 1522 3369 synodus,
1563 3296 1781 3353 habens

181 3384 264 3440 ita:

218 3475 592 3535 Cousiderante
637 3477 851 3548 pariter
891 3478 994 3533 hac
1018 3480 1212 3533 sancta
1245 3480 1302 3532 et
1338 3475 1651 3533 universali
1686 3491 1746 3546 sy

175 3564 284 3621 nodo
318 3568 558 3625 virorum
602 3567 850 3624 istorum
891 3566 991 3637 qui
1039 3566 1193 3622 ultro
1235 3566 1480 3637 ingressi
1526 3568 1663 3620 sunt
1708 3564 1774 3619 ad

170 3665 278 3725 eam,
303 3656 505 3728 quique
531 3661 745 3713 contra
765 3655 1050 3729 Ignatium
1081 3654 1510 3711 sanctissimum
1543 3653 1782 3724 patriar-

172 3740 297 3798 cham
330 3747 676 3803 mendaciter
705 3745 1045 3815 juraverunt
1073 3743 1213 3801 olim
1235 3743 1343 3800 sub
1372 3743 1647 3800 Michaele
1679 3743 1780 3799 im-

173 3837 396 3904 peratore,
431 3840 488 3891 et
519 3834 709 3891 Barda
747 3834 1082 3904 domestico,
1124 3833 1408 3904 compulsi
1439 3832 1499 3888 in
1536 3832 1777 3888 ecclesia

170 3917 447 3978 Sanctorum
483 3922 897 3994 Apostolorum
931 3922 990 3978 in
1029 3927 1337 3992 conspectu
1372 3920 1603 3978 nefandi
1634 3935 1779 3977 con-

169 4005 281 4079 cilii,
307 4010 612 4068 deﬁnimus
642 4015 701 4067 et
729 4010 1161 4083 promulgamus
1189 4025 1287 4067 eos
1318 4011 1418 4081 qui
1446 4024 1558 4066 non
1587 4010 1779 4080 paeni—

171 4100 375 4172 tuerunt,
420 4114 613 4171 neque
661 4100 1171 4173 annuntiaverunt,
1221 4113 1403 4171 neque
1448 4099 1777 4170 epitimium

167 4193 473 4258 acceperunt,
500 4190 607 4247 sed
632 4193 1086 4261 permanserunt,
1113 4188 1172 4244 in
1198 4188 1421 4245 duritia
1441 4188 1637 4245 cordis
1661 4187 1777 4259 sui,

168 4278 209 4326 et
245 4288 338 4331 non
381 4284 776 4351 cognoverunt
816 4283 1106 4348 peccatum
1153 4278 1304 4348 quod
1343 4282 1626 4350 egerunt;
1668 4290 1780 4332 non

170 4361 314 4419 solum
351 4373 545 4424 contra
592 4367 1023 4423 sanctissimum
1062 4367 1446 4437 patriarcham
1472 4366 1778 4438 Ignatium,

1890 3211 2168 3267 existunt.
2201 3212 2271 3267 Et
2304 3214 2694 3282 praedixerunt
2730 3217 2798 3272 ad
2834 3217 3262 3273 sanctissimum
3296 3216 3551 3287 patriar—

1891 3299 2054 3354 cham
2086 3299 2368 3370 Ignatium
2402 3318 2414 3354 :
2450 3302 2653 3357 Sancta
2683 3304 2915 3373 quidem
2958 3306 3212 3374 synodus
3239 3318 3552 3362 consonan-

1894 3392 1979 3442 ter
2001 3387 2162 3442 dedit
2188 3388 2274 3443 eis
2312 3389 2639 3457 epitimium
2670 3404 2890 3462 eorum,
2925 3399 3151 3461 peccato
3205 3408 3310 3450 suo
3339 3396 3549 3450 condi—

1893 3488 2087 3547 gnum,
2137 3475 2252 3531 imo
2299 3490 2427 3532 vero
2478 3477 2672 3533 multa:
2709 3480 3093 3548 compassioni
3136 3481 3544 3553 propinquum,

1891 3570 2278 3620 verumtamen
2321 3570 2653 3635 potestatem
2700 3566 2870 3623 habet
2900 3568 3173 3624 sanctitas
3209 3573 3307 3625 tua
3337 3583 3551 3625 secun—

1890 3655 2028 3710 dum
2059 3654 2462 3710 contritionem
2485 3656 2678 3712 cordis
2701 3657 3179 3728 uniuscujusque,
3202 3662 3256 3714 et
3275 3656 3551 3714 fervorem

1890 3756 1955 3798 ac
1980 3743 2259 3815 studium,
2282 3744 2632 3813 paenitentia:
2648 3745 2974 3816 allevandae,
2997 3745 3084 3802 vel
3105 3747 3278 3802 etiam
3302 3749 3548 3819 augendi

1888 3832 2215 3902 epitimium
2249 3833 2399 3903 quod
2431 3833 2626 3889 datum
2658 3840 2778 3890 est:
2816 3836 3088 3905 quoniam
3121 3835 3181 3891 in
3214 3841 3267 3891 te
3276 3849 3553 3914 ,peccave-

1888 3926 2044 3993 runt,
2073 3926 2130 3977 et
2160 3936 2259 3992 per
2288 3927 2341 3978 te
2374 3923 2431 3977 in
2450 3923 2645 3979 Deum.
2667 3924 3221 3995 Magniﬁcentissimi
3244 3930 3300 3981 et
3324 3924 3550 3997 glorio—

1889 4010 2109 4067 sissimi
2144 4011 2433 4082 principes
2466 4013 2769 4068 dixerunt:
2804 4013 3144 4071 Benedictus
3185 4016 3335 4072 Deus
3365 4014 3465 4084 qui
3498 4023 3555 4071 et

1891 4099 1951 4154 in
1992 4101 2095 4156 hac
2135 4106 2292 4170 parte
2331 4101 2582 4157 ostendit
2620 4116 2719 4159 vos
2766 4103 3085 4160 imitatores
3132 4105 3366 4174 pietatis
3412 4120 3549 4162 suae.

1889 4190 2393 4247 Honorabilissimi
2424 4191 2678 4261 episcopi
2709 4192 3024 4248 dixerunt:
3058 4193 3247 4250 Placet
3284 4196 3555 4252 omnibus

1888 4277 2175 4346 judicium
2210 4280 2386 4336 istud.
2430 4280 2701 4351 Bahanes,
2749 4283 3351 4354 magniﬁcentissimus
3384 4287 3557 4355 patri-

1895 4369 2023 4425 cius
2051 4374 2109 4425 et
2148 4369 2487 4438 praepositus
2529 4369 2597 4425 ad
2631 4370 3026 4428 sanctissimos
3067 4373 3332 4443 vicarios,
3366 4374 3549 4430 dixit:

167 4452 239 4506 sed
270 4460 319 4509 et
346 4461 539 4512 contra
581 4456 1003 4512 sanctissimam
1046 4456 1146 4511 Dei
1188 4456 1520 4528 Ecclesiam,
1565 4470 1663 4527 per
1686 4469 1786 4511 se—
1813 4448 1869 4511 D
1894 4457 2221 4528 Capitulum
2254 4458 2358 4513 hoc
2374 4459 2489 4527 jam
2523 4456 2690 4512 ﬁnem
2716 4459 2952 4529 accepit.
2983 4460 3213 4516 Habetis
3233 4460 3391 4517 aliud
3412 4463 3552 4532 quid

170 4544 286 4607 ptem
305 4556 473 4602 annos
507 4545 845 4616 epitimium
891 4544 1129 4616 habere;
1165 4550 1393 4615 propter
1417 4544 1780 4603 manifestum

168 4636 409 4694 peccatum
447 4636 583 4706 tale,
622 4648 746 4690 esse
773 4634 908 4690 illos
943 4633 1002 4689 in
1025 4633 1254 4690 duobus
1275 4635 1446 4691 anuis
1475 4639 1634 4690 extra
1671 4636 1786 4690 Ec—

169 4714 376 4791 clesiam,
399 4728 456 4777 et
475 4723 536 4778 in
567 4722 709 4778 aliis
726 4722 952 4779 duobus
972 4722 1141 4778 annis
1168 4722 1319 4791 intra
1340 4723 1650 4779 Ecclesiam
1671 4737 1785 4779 au—

168 4802 266 4861 dire
280 4788 491 4867 divinas
519 4811 853 4881 Scripturas
879 4825 1059 4882 usque
1079 4811 1149 4867 ad
1166 4788 1639 4885 lcatechumenos,
1670 4826 1781 4867 non

170 4898 317 4951 tamen
336 4898 450 4956 ullo
471 4900 641 4957 modo
657 4900 1100 4969 communicare,
1120 4901 1216 4956 sed
1278 4900 1530 4956 bstinere
1548 4915 1579 4955 a
1600 4901 1777 4956 carni-

170 4978 253 5038 bus
269 4992 317 5040 et
336 4988 464 5044 vino
493 4994 745 5060 quatuor
772 4988 941 5045 annis
969 4994 1170 5059 praeter
1198 4990 1527 5045 Dominicos
1552 4988 1696 5060 dies,
1728 4994 1785 5043 et

172 5078 334 5135 praeter
348 5076 674 5134 Dominicas
689 5076 1048 5149 festivitates,
1069 5083 1124 5133 et
1147 5078 1205 5133 in
1228 5078 1366 5133 aliis
1392 5077 1580 5133 tribus
1615 5077 1785 5133 annis

172 5164 288 5217 stare
322 5178 444 5220 cum
485 5167 755 5224 ﬁdelibus
793 5172 851 5223 et
884 5168 1085 5223 mereri
1130 5168 1384 5224 divinam
1420 5168 1787 5224 communio—

177 5261 270 5304 nem
303 5252 356 5307 in
381 5256 521 5311 solis
544 5257 865 5312 Dominicis
888 5256 1352 5313 solemnitatibus
1381 5270 1510 5313 cum
1537 5257 1787 5312 eleemo—

179 5339 315 5410 synis,
350 5348 403 5399 et
435 5346 798 5403 orationibus
831 5350 1003 5416 atque
1040 5347 1282 5417 jejuniis
1313 5365 1329 5417 ;
1377 5346 1454 5402 ita
1492 5351 1555 5402 ut
1596 5347 1785 5403 tribus

182 5424 338 5485 diebus
392 5433 781 5507 hebdomadis,
841 5436 1089 5492 secunda
1146 5436 1431 5505 videlicet,
1480 5441 1680 5506 quarta
1730 5440 1786 5492 et

185 5520 301 5573 sexta
315 5517 470 5591 feria,
491 5522 817 5582 abstineant
840 5538 873 5580 a
910 5524 1185 5581 carnibus
1210 5530 1266 5580 et
1301 5526 1453 5581 vino.
1485 5527 1785 5583 Peccamen

190 5603 303 5661 enim
329 5608 577 5680 ipsorum
607 5628 712 5672 non
734 5612 853 5671 fuit
883 5614 1190 5687 modicum,
1211 5614 1331 5686 sed,
1353 5618 1419 5670 ut
1433 5614 1550 5684 jam
1565 5615 1785 5673 dictum

1895 4548 1964 4603 ad
1997 4547 2437 4617 disponendum,
2457 4562 2528 4604 an
2564 4561 2674 4603 non
2695 4548 2869 4604 ‘Inam
2899 4549 3037 4605 hora
3060 4551 3363 4619 praeteriit:
3400 4552 3549 4621 quod

1896 4636 1946 4692 si
1993 4648 2104 4692 non
2164 4634 2405 4707 habetis,
2456 4636 2653 4692 dicite.
2702 4638 2959 4692 Donatus
3005 4640 3118 4694 Deo
3160 4640 3555 4697 amicissimus

1893 4724 2197 4794 episcopus
2215 4724 2409 4797 Ostiae,
2440 4731 2498 4780 et
2525 4725 2846 4795 Stephanus
2872 4728 2985 4783 Deo
3018 4727 3411 4785 amicissimus
3439 4730 3555 4800 epi—

1895 4828 2101 4883 scopus
2140 4815 2325 4884 Nepze,
2356 4818 2412 4869 et
2441 4814 2698 4870 Marinus
2728 4816 3239 4873 reverendissimus
3274 4819 3554 4876 diaconus

1895 4906 2103 4959 sanctae
2154 4904 2418 4957 Romana:
2460 4903 2746 4975 Ecclesiae,
2810 4904 3116 4960 dixerunt:
3175 4906 3456 4965 Habemus
3498 4913 3556 4963 et

1894 4992 2051 5047 aliud
2086 4991 2224 5061 quid
2267 4992 2336 5046 ad
2383 4992 2792 5062 requirendum
2830 4994 3016 5050 hodie.
3062 4996 3367 5066 Postquam
3399 4994 3552 5049 enim

1897 5081 2140 5153 ingressi
2173 5095 2372 5137 sumus
2396 5081 2453 5136 in
2488 5082 2632 5137 hanc
2661 5084 2821 5138 aDeo
2851 5085 3296 5140 conservandam
3330 5083 3548 5144 urbem.

1894 5170 2155 5225 auditum
2202 5175 2289 5226 est
2325 5185 2356 5225 a
2411 5170 2578 5227 nobis
2607 5172 2743 5242 quia
2790 5172 2969 5228 malos
3009 5172 3269 5230 homines
3308 5178 3363 5230 et
3408 5187 3555 5229 con-

1896 5266 2207 5331 temptores
2248 5261 2543 5316 inveniens
2588 5261 2855 5318 diabolus
2894 5277 3106 5335 organa
3138 5265 3373 5320 malitiae
3412 5279 3554 5331 sum,

1895 5355 2163 5420 operatus
2186 5353 2272 5404 est
2300 5364 2495 5405 novam
2538 5365 2654 5406 rem
2697 5358 2752 5406 et
2782 5351 3002 5421 plenam
3036 5352 3354 5424 impietate;
3388 5354 3465 5408 ita
3489 5360 3554 5409 ut

1897 5439 2033 5494 laici
2072 5438 2348 5510 homines,
2380 5442 2436 5494 et
2467 5444 2755 5495 senatores
2788 5440 3135 5496 vestirentur
3170 5442 3552 5510 superhume—

1898 5527 2138 5599 ralibus,
2171 5532 2227 5583 et
2251 5526 2520 5599 facerent,
2552 5534 2828 5599 quantum
2870 5533 3123 5599 putatur,
3159 5542 3221 5583 ea
3261 5544 3387 5598 qua:
3415 5532 3550 5583 sunt

1898 5614 2274 5674 sacerdotum.
2309 5616 2863 5686 Magniﬁcentissimi
2888 5621 2946 5671 et
2962 5615 3370 5687 gloriosissrmi
3398 5615 3552 5687 prin-
