4052 6168
463 315 487 370 4
498 313 566 370 43

1696 307 2055 364 ANASTASII
2103 303 2644 362 BIBLIOTHECARII

3767 303 3859 362 444

457 443 616 512 cipes
654 442 963 498 dixerunt:
1012 441 1287 497 Voluntas
1327 445 1511 496 vestra
1552 439 1687 505 ﬁat;
1719 435 2108 505 conspicimus
2137 427 2190 486 A
2220 445 2318 486 vos
2348 431 2588 489 Photius
2615 431 2644 486 ?
2673 435 2930 490 Marinus
2968 440 3025 490 et
3065 434 3166 506 qui
3210 449 3340 491 cum
3391 435 3516 504 ipso
3553 435 3840 492 dixerunt:

457 534 609 589 enim
641 538 696 587 et
729 546 832 588 nos
861 533 968 586 hoc
993 533 1213 600 justum
1236 529 1375 587 fore.
1409 527 1768 584 Sanctissimi
1801 527 2006 581 vicarii
2029 539 2111 582 se-

395 611 404 620 ’
459 624 642 680 nioris
680 624 872 678 Roma:
900 622 1173 678 dixerunt
1205 637 1219 674 :
1261 620 1664 691 lngrediantur
1698 617 1854 672 tales.
1904 617 1973 671 Et
2011 616 2110 672 in—

458 714 636 785 gressi
669 716 822 782 sunt,
854 716 909 766 et
931 713 1212 766 steterunt
1243 709 1302 763 in
1337 709 1541 775 medio,
1573 707 1832 762 Marinus
1870 706 2111 774 spatha—

459 804 586 860 rius
612 802 972 869 candidatus,
999 805 1053 854 et
1075 798 1324 854 Basilius
1354 797 1704 867 spatharius,
1736 800 1792 852 et
1827 795 2112 867 Georgius

457 893 806 963 spatharius,
847 895 902 946 et
943 887 1275 959 interrogati
1325 891 1461 942 sunt
1497 899 1529 941 a
1570 885 1955 942 sanctissimis
1996 883 2108 940 loci

457 983 870 1040 servatoribus:
902 978 1276 1048 Quamobrem
1299 977 1588 1033 introistis
1609 977 1669 1032 in
1699 977 1842 1032 hanc
1858 980 2108 1031 sanctam

453 1073 753 1144 synodum,
786 1075 842 1126 et
873 1074 936 1126 ut
963 1081 1130 1139 quam
1161 1080 1389 1122 causam
1417 1065 1740 1122 nuntietis?
1769 1065 2025 1120 Marinus
2054 1068 2110 1119 et

455 1160 501 1219 ii
542 1161 640 1232 qui
685 1174 816 1216 cum
857 1159 982 1228 ipso
1025 1161 1205 1226 erant,
1255 1156 1564 1212 dixerunt:
1611 1154 1831 1211 Ludum
1864 1152 2110 1208 faciebat

454 1250 692 1305 Michael
727 1250 1057 1319 imperator,
1087 1247 1321 1302 mittens
1366 1244 1533 1301 nobis
1568 1244 1949 1315 pontificalem
1981 1247 2109 1299 sto-

459 1339 588 1410 lam,
620 1352 816 1394 verum
856 1352 968 1394 non
1013 1337 1199 1392 solum
1239 1335 1426 1404 nobis,
1461 1333 1556 1389 sed
1589 1340 1643 1389 et
1671 1333 1808 1388 aliis
1839 1331 2107 1402 pluribus

452 1428 784 1499 spathariis.
817 1425 1176 1482 Sanctissimi
1222 1423 1425 1480 vicarii
1465 1423 1771 1478 dixerunt:
1819 1419 2108 1476 Veraciter

453 1515 768 1572 mittebatis
806 1513 1210 1570 sacerdotalem
1249 1512 1452 1568 stolam
1478 1510 1507 1565 ?
1535 1510 1793 1566 Marinus
1820 1513 1876 1565 et
1913 1508 2102 1563 caeteri

449 1606 757 1662 dixerunt°
809 1603 1098 1658 Veraciter
1141 1601 1508 1656 mittebamus
1548 1613 1691 1654 eam.
1742 1595 2104 1653 Sanctissimi

450 1694 654 1751 vicarii
687 1694 998 1749 dixerunt:
1040 1693 1110 1747 Et
1147 1694 1462 1760 posuerunt
1499 1702 1670 1758 super
1705 1692 1890 1743 vestra
1919 1685 2107 1754 capita

449 1788 644 1839 sancta
682 1780 1036 1854 Evangelia?
1069 1780 1325 1836 Marinus
1369 1783 1425 1834 et
1476 1777 1737 1848 quicum
1782 1777 1906 1846 ipso
1947 1778 2109 1829 erant

448 1872 722 1928 dixerunt
754 1887 767 1924 :
809 1869 1098 1926 Veraciter
1138 1872 1452 1939 posuerunt
1487 1882 1569 1923 ea.
1609 1863 1970 1922 Sanctissimi
2012 1861 2110 1916 vi-

449 1961 593 2018 carii
622 1961 896 2016 dixerunt
927 1975 939 2012 :
966 1959 1036 2014 Et
1064 1957 1308 2014 faciebat
1337 1957 1470 2028 quis
1503 1956 1758 2027 aliquam
1791 1953 2106 2011 orationem

451 2050 509 2104 in
539 2065 639 2107 vos
663 2049 692 2104 ?
719 2051 974 2106 Marinus
1012 2053 1070 2105 et
1109 2049 1207 2119 qui
1248 2061 1376 2104 cum
1420 2047 1544 2116 ipso
1583 2051 1744 2102 erant
1785 2045 2100 2102 dixerunt:

449 2139 652 2194 Etiam.
685 2139 1044 2195 Sanctissimi
1075 2137 1279 2193 vicarii
1302 2136 1604 2192 dixerunt:
1639 2134 1826 2204 Quis?
1850 2133 2107 2188 Marinus

447 2233 504 2282 et
559 2227 769 2297 reliqui
801 2228 1109 2283 dixerunt:
1173 2225 1528 2295 Theophilus
1581 2221 2097 2294 protospatharius.

448 2316 810 2371 Sanctissimi
833 2315 1034 2370 vicarii
1065 2315 1361 2370 dixerunt-
1391 2313 1564 2382 Vivit,
1597 2325 1668 2367 an
1694 2315 1955 2367 mortuus
1974 2309 2104 2365 est?

445 2403 704 2459 Marinus
743 2409 800 2458 et
835 2401 1148 2474 Gregorius
1197 2402 1511 2457 dixerunt:
1549 2403 1808 2456 Mortuus
1846 2404 1952 2470 est,
1988 2400 2103 2454 Deo

446 2492 686 2547 volente.
731 2489 1093 2546 Sanctissimi
1133 2489 1338 2545 vicarii
1377 2489 1686 2544 dixerunt:
1727 2488 1937 2558 Utique
1975 2499 2104 2541 vere

448 2583 710 2635 mortuus
727 2583 832 2648 est,
855 2582 912 2634 et
930 2578 1078 2633 abiit
1095 2577 1154 2632 in
1183 2576 1490 2632 infernum.
1525 2577 1634 2631 Vos
1663 2573 1935 2630 sciebatis
1951 2574 2100 2644 quod

447 2667 658 2723 malum
693 2673 843 2723 esset
873 2684 885 2720 :
923 2671 987 2722 ut
1031 2665 1168 2736 quid
1211 2665 1318 2720 hoc
1349 2663 1614 2720 fecistis?
1635 2664 1892 2720 Marinus
1915 2667 1972 2718 et
1995 2662 2097 2732 qui

445 2770 574 2812 cum
611 2757 736 2826 ipso
774 2761 937 2812 erant
975 2755 1291 2810 dixerunt:
1337 2754 1406 2808 Et
1447 2752 1585 2823 quid
1625 2758 1949 2822 poteramus
1990 2751 2101 2806 ad-

444 2860 646 2902 versus
701 2846 1100 2915 imperatorem
1149 2843 1360 2913 dicere,
1425 2839 1667 2896 feminas
1704 2845 1760 2896 et
1798 2853 2004 2910 pueros
2045 2843 2102 2895 et

446 2934 718 2991 satculum
753 2932 1069 2988 habentes?
1095 2930 1457 2987 Sanctissimi
1480 2930 1683 2985 vicarii
1718 2929 1967 2984 senioris
1995 2930 2102 2984 Ro-

446 3038 550 3080 mae
571 3023 869 3078 dixerunt:
904 3023 973 3076 Et
992 3021 1042 3076 si
1061 3019 1368 3076 obtulisset
1395 3017 1557 3074 vobis
1589 3017 1829 3086 idolum,
1862 3017 2101 3072 adorare

449 3113 592 3169 illud
614 3109 1002 3167 habuissetis?
1023 3109 1280 3164 Marinus
1306 3112 1362 3163 et
1376 3107 1564 3163 caeteri
1588 3107 1890 3163 dixerunt:
1915 3105 2098 3162 Absit.
2135 3086 2186 3152 Ο

448 3201 809 3257 Sanctissimi
839 3198 1042 3254 vicarii
1072 3197 1320 3254 senioris
1348 3199 1537 3252 Romae
1565 3197 1841 3252 dixerunt
1872 3214 1884 3250 :
1919 3194 1965 3250 Α
1994 3210 2108 3251 cu-

449 3289 680 3346 nabulis
713 3295 770 3344 et
805 3288 876 3344 ab
914 3292 1078 3344 aetate
1115 3285 1375 3342 infantite
1413 3285 1612 3356 ecquis
1649 3301 1748 3342 vos
1788 3285 2018 3341 induxit
2045 3287 2106 3342 in

447 3378 756 3434 Ecclesiam
785 3377 886 3433 Dei
919 3394 932 3430 :
960 3375 1044 3432 vel
1071 3375 1171 3447 qui
1203 3389 1302 3431 vos
1328 3375 1682 3431 illuminavit
1711 3393 1726 3443 ς
1762 3375 2100 3443 sacerdotes,

450 3482 522 3524 an
553 3468 893 3524 saeculares?
921 3466 1178 3522 Marinus
1206 3470 1262 3520 et
1291 3464 1480 3521 czeteri
1512 3464 1812 3520 dixerunt:
1841 3463 2106 3518 Sacerdo-

452 3564 556 3614 tes.
584 3557 946 3614 Sanctissimi
977 3555 1180 3610 vicarii
1210 3554 1484 3609 dixerunt
1525 3570 1537 3606 :
1579 3557 1648 3608 Et
1675 3566 1800 3620 cur,
1833 3551 1881 3606 si
1910 3565 2110 3606 sacer-—

447 3647 610 3703 dotes
643 3647 996 3703 induxerunt
1024 3661 1122 3700 vos
1154 3645 1212 3698 in
1246 3643 1552 3699 Ecclesiam
1579 3647 1636 3696 et
1667 3642 1727 3696 in
1757 3639 2107 3696 communio-

453 3748 601 3804 nem,
640 3749 741 3790 vos
781 3730 1137 3805 depravastis
1172 3731 1367 3788 divina
1403 3735 1459 3786 et
1489 3728 1781 3785 terribilia
1811 3727 2102 3798 mysteria,

450 3822 726 3878 illusistis
743 3829 801 3877 et
824 3821 1044 3878 fecistis
1067 3820 1381 3876 ridiculum
1400 3817 1780 3875 sacerdotium
1794 3816 1822 3869 ?
1850 3817 2106 3873 Marinus

425 3919 516 3970 'et
543 3912 793 3968 Basilius
821 3917 878 3966 et
904 3909 1218 3982 Gregorius
1250 3909 1666 3978 responderunt
1697 3906 2017 3977 :Diximus,
2051 3912 2109 3962 et

457 4007 666 4061 iterum
700 4001 950 4056 dicimus
983 4017 996 4053 :
1041 4001 1143 4054 Per
1169 3999 1321 4054 diem
1359 3997 1513 4054 illam
1547 3997 1829 4068 quidquid
1863 3995 2107 4053 faciebat

458 4094 786 4163 imperator,
808 4094 864 4145 et
896 4087 1280 4158 praecipiebat,
1307 4101 1410 4143 nos
1439 4085 1789 4142 faciebamus
1822 4103 1837 4155 ;
1869 4085 1920 4141 si
1950 4083 2102 4139 enim

456 4184 819 4253 loqueremur
855 4183 912 4234 et
936 4177 1350 4247 resisteremus,
1390 4189 1738 4231 moreremur
1769 4193 1785 4245 ;
1826 4179 1882 4229 et
1916 4179 2102 4228 tamen

457 4272 688 4344 quidam
711 4284 778 4324 ex
811 4267 1026 4324 nostris
1043 4266 1372 4322 resistentes
1389 4265 1520 4320 caesi
1551 4271 1706 4321 sunt.
1740 4262 2100 4319 Sanctissimi

455 4360 658 4417 vicarii
689 4359 960 4416 dixerunt
991 4373 1004 4410 :
1035 4357 1248 4411 Bonum
1287 4359 1454 4416 esset,
1490 4355 1759 4424 quoniam
1787 4351 2104 4408 inchoastis

457 4451 687 4519 bonum,
719 4447 826 4504 etsi
851 4445 982 4502 επεὶ
1014 4428 1240 4510 essetis,‘
1268 4448 1324 4498 et
1352 4442 1809 4512 permansissetis
1833 4455 2014 4511 usque
2045 4439 2105 4495 in
2134 4427 2188 4488 D

458 4541 646 4611 ﬁnem,
677 4543 733 4594 et
761 4535 1092 4594 servassetis
1121 4533 1434 4588 veritatem.
1473 4531 1730 4586 Marinus
1759 4536 1815 4585 et
1844 4529 1944 4600 qui
1975 4544 2106 4586 cum

457 4644 523 4686 eo
555 4633 718 4685 erant
745 4627 1032 4684 dixerunt:
1079 4622 1346 4679 Homines
1367 4633 1567 4676 sumus
1615 4619 1853 4692 inﬁrmi,
1901 4623 1957 4674 et
1995 4632 2105 4675 non

460 4719 861 4775 tolerassemus
892 4717 1144 4768 mortem.
1180 4711 1560 4766 Verumtatem
1593 4708 1919 4779 epitimium
1948 4707 2110 4764 acci—

463 4809 673 4878 pimus,
709 4803 1044 4861 conﬁtentes
1072 4797 1438 4856 sanctissimo
1477 4797 1713 4854 domino
1745 4797 1967 4869 Iguatio
2003 4810 2110 4867 pa-

461 4896 766 4962 triarchae;
796 4897 852 4948 et
883 4891 1282 4959 interrogetur.
1317 4887 1678 4943 Sanctissimi
1710 4886 1914 4942 vicarii
1938 4887 2111 4942 dixe-

464 4989 600 5042 runt
640 5002 653 5038 :
705 4984 773 5036 Et
816 4977 1124 5037 custoditis
1168 4977 1430 5046 epitimia
1463 4977 1492 5031 ?
1536 4978 1792 5034 Marinus
1823 4980 1880 5031 et
1916 4975 2106 5032 cmteri

462 5077 772 5131 dixerunt:
815 5071 1020 5136 Etiam,
1061 5069 1211 5123 Deus
1247 5067 1360 5122 scit
1388 5067 1525 5138 quia
1567 5066 1986 5140 custodivimus
2022 5079 2104 5120 ea.

462 5162 822 5220 Sanctissimi
855 5158 1058 5216 vicarii
1095 5156 1370 5215 dixerunt
1399 5175 1411 5212 :
1445 5155 1588 5225 Quis
1616 5155 1778 5212 vobis
1805 5155 1965 5210 dedit
1991 5165 2056 5208 ea
2083 5152 2111 5205 ‘l

465 5253 722 5309 Marinus
745 5257 802 5306 et
823 5252 921 5322 qui
953 5266 1082 5308 cum
1111 5251 1236 5319 ipso
1263 5252 1425 5305 erant
1447 5247 1745 5302 dixerunt:
1766 5243 2112 5299 Patriarchze

466 5341 744 5408 diximus,
772 5345 828 5395 et
856 5341 1009 5396 dixit
1038 5339 1204 5396 nobis
1228 5355 1240 5392 ε
1270 5340 1350 5393 Ite
1374 5335 1614 5408 singuli,
1649 5333 1747 5388 ubi
1783 5331 2006 5387 habetis
2031 5344 2116 5387 sa-

468 5427 873 5499 tisfactionem,
899 5429 1228 5499 etaccipite.
1249 5423 1607 5483 Sanctissimi
1634 5421 1836 5478 vicarii
1869 5421 2116 5477 senioris

469 5521 658 5575 liomm
696 5519 1010 5575 dixerunt:
1053 5516 1289 5585 Quando
1337 5515 1484 5570 hanc
1528 5525 1810 5582 pompam,
1851 5515 1907 5566 et
1954 5510 2120 5580 inju-

475 5617 710 5684 riam,et
735 5607 1046 5667 ridiculum
1070 5604 1368 5662 faciebatis
1385 5603 1445 5659 in
1466 5599 1868 5672 sacerdotium,
1890 5601 2118 5660 videbat

2217 527 2514 586 Nescimus
2535 527 2583 582 si
2612 527 2856 596 videbat,
2885 540 2956 581 an
2979 525 3028 581 si
3054 540 3163 582 non
3196 525 3450 586 videbat:
3486 524 3650 580 testis
3671 532 3854 581 autem

2218 627 2304 676 est
2332 623 2502 686 Deus,
2536 618 2670 689 quia
2702 623 2857 673 totus
2887 617 3135 672 mundus
3165 615 3309 671 illud
3342 613 3575 670 sciebat.
3609 613 3862 669 Sanctis-

2219 711 2352 767 simi
2384 707 2587 764 vicarii
2619 707 2893 762 dixerunt
2923 723 2935 760 :
2965 705 3113 773 Quot
3134 704 3311 760 eratis
3337 704 3367 757 ?
3397 702 3654 758 Marinus
3677 707 3735 758 et
3753 717 3863 759 cae-

2219 800 2326 860 teri
2375 799 2691 854 dixerunt:
2735 795 2898 852 Multi
2939 807 3198 862 eramus,
3246 791 3605 848 Sanctissimi
3663 791 3859 846 vicarii

2218 890 2491 945 dixerunt
2537 903 2550 938 :
2600 887 2738 941 Vere
2787 884 2952 940 multi
2997 882 3197 938 fuistis
3227 881 3286 936 in
3315 879 3778 936 inhonorantiam
3811 883 3864 934 et

2219 977 2611 1034 confusionem
2647 973 2824 1031 unius
2857 973 3041 1029 solius
3082 971 3199 1028 veri
3247 971 3348 1026 Dei
3400 969 3579 1025 nostri
3612 986 3626 1022 :
3658 968 3786 1024 ideo
3813 973 3866 1024 et

2219 1082 2318 1124 vos
2373 1071 2694 1137 praesentes,
2747 1070 2802 1120 et
2847 1063 2936 1119 illi
2975 1061 3236 1118 absentes
3273 1059 3601 1130 epitimium
3645 1057 3864 1113 habetis

2217 1159 2473 1228 accipere
2505 1171 2538 1213 a
2577 1159 2771 1213 sancta
2807 1155 2912 1209 hac
2951 1156 3004 1208 et
3051 1149 3364 1207 universali
3407 1147 3622 1219 synodo
3649 1146 3718 1202 ad
3771 1147 3866 1202 in-

2216 1247 2570 1318 dulgentiam
2618 1242 2936 1314 impietatis
2977 1245 3194 1297 vestra).
3247 1241 3316 1294 Et
3349 1242 3474 1306 post
3516 1235 3633 1292 hmo
3662 1249 3867 1292 ascen-

2215 1336 2356 1393 dens
2375 1335 2618 1391 Thomas
2651 1330 3161 1390 reverendissimus
3193 1327 3580 1384 subdiaconus
3607 1330 3664 1381 et
3691 1325 3868 1380 devo-

2215 1431 2310 1482 tus
2341 1424 2620 1493 notarius,
2654 1425 2718 1478 ut
2745 1435 2811 1477 ex
2836 1432 3074 1490 persona
3104 1415 3598 1474 sanctissimorum
3629 1413 3866 1470 vicario-

2217 1529 2344 1572 rum
2365 1512 2614 1570 senioris
2638 1513 2827 1569 Romae
2859 1509 2998 1581 legit
3027 1509 3106 1564 ita
3140 1525 3154 1561 :

2287 1605 2348 1658 In
2380 1601 2713 1659 novissimis
2750 1598 3104 1668 temporibus
3143 1608 3285 1652 nova
3316 1594 3584 1665 pravitas,
3623 1597 3681 1648 et
3707 1591 3869 1649 valde

2218 1689 2693 1762 reprehensibilis
2724 1687 2991 1759 apparuit
3028 1684 3377 1742 adinventio.
3410 1681 3679 1739 Homines
3713 1680 3865 1736 enim

2218 1781 2353 1838 laici
2384 1781 2450 1837 ad
2479 1781 2726 1836 dedecus
2753 1783 2810 1834 et
2837 1776 3230 1834 confusionem
3259 1763 3476 1828 Chi-isti
3519 1770 3617 1826 Dei
3659 1769 3868 1832 nostri,

2217 1876 2274 1926 et
2292 1869 2558 1926 Ecclesiae
2582 1869 2691 1938 ipsi
2707 1883 2788 1935 rs,
2819 1881 2885 1922 ac
2914 1861 3284 1921 sacerdotalis
3311 1861 3637 1932 dignitatis,
3669 1858 3866 1914 amicti

2217 1959 2668 2016 sacerdotalibus
2689 1958 2874 2024 stolis,
2906 1961 2963 2012 et
2985 1950 3410 2024 episcopalibus
3439 1948 3874 2018 superhumera-

2220 2050 2393 2118 libus,
2436 2049 2782 2118 accipientes
2829 2045 3143 2102 orationem
3188 2038 3592 2098 sacerdotalem
3631 2036 3703 2092 ab
3749 2035 3873 2093 ali-

2217 2153 2330 2208 quo
2371 2137 2538 2206 iaico,
2605 2137 2772 2208 quasi
2833 2130 3272 2204 patriarchalem
3323 2125 3560 2184 formam
3604 2125 3869 2196 habente,

2215 2230 2700 2297 praesumpserunt
2734 2222 3051 2281 sacerdotio
3090 2217 3277 2289 fungi,
3310 2219 3369 2272 et
3390 2227 3557 2285 agere
3587 2213 3869 2284 putativa,

2212 2317 2387 2372 veluti
2407 2316 2569 2387 digni
2593 2313 2802 2370 summi
2817 2311 3158 2378 sacerdotes,
3183 2307 3396 2363 divinae
3415 2302 3875 2360 administratio-

2213 2406 2307 2461 nis
2336 2405 2602 2476 mysteria
2631 2405 2690 2460 in
2719 2402 3066 2458 derisionem
3093 2403 3150 2454 et
3181 2394 3660 2464 vituperationem
3686 2391 3813 2447 dati
3841 2405 3873 2446 a

2211 2493 2325 2550 Deo
2344 2493 2707 2564 principibus
2727 2491 3084 2548 sacerdotum
3102 2485 3360 2553 honoris,
3383 2485 3440 2538 et
3457 2481 3872 2538 detractionem

2215 2583 2594 2638 immaculata;
2615 2581 3074 2638 Christianorum
3093 2575 3251 2633 ﬁdei:
3289 2586 3430 2644 quos
3457 2583 3646 2627 coram
3672 2575 3876 2626 sancta

2213 2671 2426 2742 synodo
2481 2671 2926 2730 introducentes.
2985 2672 3042 2723 et
3094 2661 3492 2733 discutientes,
3550 2657 3878 2718 didicimus

2211 2757 2520 2830 perfectius
2560 2758 2748 2814 adhuc
2776 2757 2848 2814 de
2885 2757 3099 2812 eisdem
3146 2756 3292 2826 ipsis
3338 2754 3595 2811 auditam
3627 2750 3702 2807 ab
3733 2749 3877 2806 aliis

2211 2849 2558 2918 impietatem
2593 2865 2606 2901 :
2635 2852 2692 2903 et
2717 2845 2844 2902 ideo
2869 2846 3091 2914 justum
3119 2844 3394 2900 duximus
3422 2846 3478 2898 et
3505 2842 3609 2898 hos
3635 2839 3796 2910 aptis
3821 2842 3880 2894 et

2211 2935 2684 2992 convenientibus
2707 2934 2992 3004 epitimiis
3017 2933 3374 3002 submittere,
3407 2935 3472 2988 ut
3504 2940 3874 3000 nequaquam

2212 3027 2415 3084 amodo
2441 3025 2772 3096 hujusmodi
2805 3021 2965 3078 nefas
2993 3022 3054 3078 in
3077 3021 3331 3078 Ecclesia
3354 3021 3477 3091 Dei,
3509 3024 3566 3074 et
3591 3016 3884 3074 Christia-

2217 3116 2458 3173 nissimo
2489 3113 2718 3185 populo,
2746 3118 2802 3168 et
2833 3112 2892 3167 in
2917 3110 3276 3181 plenitudine
3295 3109 3411 3165 ﬁat.
3431 3107 3710 3164 Volumus
3735 3117 3878 3177 ergo

2215 3217 2549 3274 componere
2604 3201 2921 3272 capitulum
2978 3201 3049 3256 de
3102 3199 3311 3255 illicito
3370 3197 3476 3253 hoc
3529 3195 3879 3255 conamine,

2215 3297 2366 3366 quod
2402 3295 2458 3350 in
2491 3293 2609 3349 alio
2637 3295 2938 3361 conventu,
2961 3290 3076 3344 Deo
3096 3286 3335 3357 favente,
3369 3287 3606 3360 legetur.

2285 3386 2353 3440 Et
2388 3387 2513 3454 post
2548 3381 2849 3438 lectionem
2887 3378 3033 3433 hanc
3071 3377 3383 3433 ascendens
3404 3374 3730 3445 Stephanus
3759 3373 3884 3428 Deo

2214 3471 2483 3528 amabilis
2507 3469 2787 3525 diaconus
2801 3471 2858 3521 et
2879 3465 3159 3538 notarius,
3180 3469 3245 3521 ut
3262 3479 3330 3520 ex
3354 3476 3590 3534 persona
3614 3461 3888 3517 Orienta-

2216 3563 2359 3617 lium
2395 3557 2639 3625 sedium,
2675 3555 2753 3611 ita
2792 3553 2960 3626 legit:
2995 3554 3274 3624 Quoniam
3318 3552 3426 3608 sub
3469 3548 3762 3621 imperiali
3793 3548 3891 3603 ti—

2216 3661 2389 3716 more,
2430 3650 2487 3702 et
2531 3645 2786 3716 periculo
2830 3642 3255 3700 consistebant:
3307 3641 3456 3712 quod
3509 3638 3704 3710 potius
3753 3638 3888 3707 ipse

2218 3737 2526 3806 imperator
2573 3733 2790 3791 faciens
2829 3732 3156 3804 apparebat,
3201 3737 3257 3788 et
3292 3731 3708 3802 subsequenter
3739 3729 3890 3786 illos

2216 3840 2381 3899 agere
2409 3825 2663 3897 cegebat.
2687 3837 2798 3880 non
2820 3828 3008 3879 autem
3039 3823 3208 3878 talem
3230 3821 3486 3878 animum
3519 3818 3603 3874 vel
3636 3832 3888 3875 sensum

2219 3913 2504 3987 gerebant,
2531 3920 2596 3970 ut
2621 3912 2992 3983 persisterent
3010 3911 3078 3967 ad
3101 3910 3400 3980 capitalem
3427 3907 3897 3964 animadversio-

2220 4017 2345 4060 nem
2396 4001 2842 4071 suscipiendam,
2887 3999 3198 4056 secundum
3241 3997 3632 4054 inﬁrmitatem
3671 4011 3893 4054 eorum

2213 4093 2522 4150 deﬁnietur
2550 4090 2879 4161 epitimium
2911 4089 2972 4144 in
2993 4089 3109 4144 alio
3137 4091 3438 4145 conventu.

2285 4183 2355 4236 Et
2387 4185 2511 4249 post
2542 4178 2861 4248 lectionem,
2909 4175 3462 4248 magniﬁcentissimi
3493 4179 3550 4230 et
3577 4173 3901 4245 gloriosis-

2213 4269 2348 4324 simi
2380 4268 2668 4338 principes
2686 4266 2994 4322 dixerunt:
3027 4266 3168 4320 Ecce
3187 4263 3503 4334 capitulum
3532 4263 3639 4319 hoc
3659 4276 3901 4320 conve—

2213 4359 2462 4414 nientem
2495 4357 2707 4426 accipit
2728 4355 3071 4411 terminum:
3106 4353 3244 4425 quid
3275 4367 3410 4424 ergo
3437 4351 3561 4408 vult
3593 4352 3905 4408 sanctitas

2215 4446 2440 4503 vestra?
2467 4445 2829 4502 Sanctissimi
2851 4443 3053 4500 vicarii
3085 4443 3333 4499 senioris
3363 4443 3549 4497 Romae
3572 4440 3902 4511 dixerunt,

2218 4551 2283 4594 ac
2303 4537 2549 4592 duarum
2579 4533 2960 4590 Orientalium
2987 4532 3246 4588 sedium:
3282 4531 3556 4588 Volumus
3589 4528 3776 4585 falsos
3812 4531 3909 4586 vi-

2218 4627 2424 4694 carios,
2449 4638 2594 4694 quos
2614 4622 2855 4678 Photius
2881 4621 3124 4676 adduxit
3143 4625 3339 4676 contra
3355 4618 3762 4676 beatissimum
3797 4632 3916 4690 pa-

2221 4729 2346 4787 pam
2363 4712 2681 4782 Nicolaum,
2703 4711 2866 4782 quasi
2881 4709 2952 4765 ab
2967 4711 3104 4766 aliis
3117 4707 3910 4780 patriarchalibussedibus,

2222 4803 2444 4874 ingredi
2475 4802 2606 4873 huc,
2639 4805 2704 4857 ut
2723 4805 3026 4872 c0gnoscat
3044 4799 3234 4856 Photii
3263 4797 3544 4854 versutias
3561 4802 3619 4852 et
3640 4794 3916 4855 fraudes

2219 4893 2389 4948 etiam
2430 4889 2940 4946 reveremiissimus
2983 4887 3158 4944 frater
3179 4893 3370 4944 noster
3397 4893 3452 4943 et
3475 4887 3920 4946 comminister

2219 4981 2445 5052 Joseph,
2464 4980 2718 5035 vicarius
2743 4977 3079 5048 patriarchae
3106 4977 3482 5032 Alexandriae.
3515 4973 3922 5035 Introierunt

2222 5070 2512 5136 Leontius,
2555 5068 2887 5138 Gregorius,
2937 5071 2992 5122 et
3043 5067 3294 5137 Sergius.
3335 5065 3632 5122 Stantibus
3678 5071 3923 5125 autem

2222 5159 2346 5216 illis
2377 5159 2437 5214 in
2464 5157 2669 5226 medio,
2689 5157 2941 5212 Bahanes
2961 5156 3567 5228 magniﬁcentissimus
3589 5155 3930 5226 patricius

2222 5253 2280 5304 et
2310 5246 2647 5318 praepositus
2667 5245 2818 5301 dixit
2843 5262 2856 5299 :
2889 5245 3033 5315 Quis
3069 5259 3138 5300 ex
3158 5245 3320 5302 vobis
3347 5249 3434 5300 est
3463 5244 3562 5316 qui
3595 5257 3626 5300 a
3667 5244 3933 5306 Photio

2223 5335 2551 5393 diﬁ‘amatus
2568 5340 2655 5390 est
2673 5347 2795 5389 esse
2813 5333 3066 5390 vicarius
3087 5333 3338 5390 Alexand
3347 5333 3483 5389 ria?
3495 5335 3562 5390 Et
3586 5332 3796 5393 factus
3817 5346 3938 5395 est.

2228 5424 2466 5495 propius
2508 5424 2778 5479 Leontius
2821 5431 2878 5480 et
2918 5423 3069 5479 dixit
3103 5439 3116 5476 :
3160 5424 3273 5493 Ego
3316 5436 3462 5478 sum.
3505 5420 3714 5492 Joseph
3775 5425 3938 5485 Deo

2225 5512 2616 5569 amicissimus
2633 5512 3074 5570 archidiaconus
3087 5510 3405 5568 etvicarius
3424 5511 3813 5573 Alexandriae
3841 5519 3938 5575 ad

2229 5601 2525 5659 Leontium
2554 5601 2742 5658 dixit:
2773 5600 2950 5672 Unde,
2981 5605 3039 5656 et
3072 5599 3208 5671 quis
3234 5614 3296 5658 es
3318 5600 3348 5655 ?
3372 5601 3642 5658 Leontius
3666 5601 3874 5665 dixit
3915 5627 3936 5664 :
