4024 6170
201 282 285 343 445

900 283 1441 341 INTERPRETATIO
1476 281 1725 341 SYNODI
1760 279 1883 337 VIII
1918 282 2322 342 GENERALIS.
2344 316 2418 327 —
2453 286 2654 343 ACTIO
2692 288 2791 344 IX.

3440 284 3544 344 146

196 415 385 469 Gratius
421 408 500 464 fui
541 421 754 481 genere,
800 408 1061 480 captivus
1100 417 1230 465 vero
1266 409 1486 479 perrexi
1524 407 1786 463 Alexan—
1813 407 1867 468 A
1901 407 2025 478 ipso
2053 409 2542 465 erantdixernnt:
2576 410 2685 479 Qui
2717 424 2918 466 sumus
2943 424 3047 467 nos
3080 415 3143 467 ut
3170 410 3545 466 anathemati-

195 500 360 556 driam.
394 498 582 566 Joseph
623 497 880 554 vicarius
906 498 1265 554 Alexandria
1289 498 1476 554 dixit:
1510 498 1578 550 Et
1606 509 1639 551 a
1669 509 1784 565 quo

193 594 375 659 emptus
398 586 494 645 es?
531 587 798 642 Leontius
840 580 1025 643 dixit:
1066 586 1115 642 A
1146 586 1421 642 Michaele
1457 582 1781 655 patriarcha

190 680 352 749 Joseph
385 677 621 734 vicarius
655 676 1014 733 Alexandria
1050 676 1227 731 dixit:
1262 675 1368 731 Ubi
1419 679 1508 730 est
1551 673 1783 743 episco-

189 768 314 838 pium
334 766 647 836 patriarcha
663 765 692 819 ?
707 766 977 821 Leontius
997 765 1178 820 dixit:
1200 766 1360 820 Intus
1377 764 1446 818 ad
1472 760 1769 818 ecclesiam

188 861 353 911 sancta
375 855 465 910 Dei
485 853 817 925 Genitricis,
839 854 989 924 apud
1011 868 1074 909 ea
1098 868 1222 924 qua
1244 857 1380 910 sunt
1402 851 1650 923 Eulogii.
1673 851 1776 905 Jo—

185 944 290 1015 seph
307 944 540 1000 vicarius
552 943 910 1000 Alexandria
937 943 1119 999 dixit:
1145 944 1213 998 Et
1230 941 1512 1012 quomodo
1543 937 1773 994 intrasti

184 1036 267 1090 huc
280 1032 305 1086 ?
317 1033 568 1088 Leontius
581 1033 763 1088 dixit:
785 1034 960 1089 Homo
979 1046 1130 1088 eram
1152 1031 1434 1101 captivus,
1452 1033 1508 1084 et
1529 1028 1775 1083 liberum

183 1135 248 1177 me
270 1121 403 1192 fecit,
427 1125 482 1176 et
508 1123 636 1177 veni
666 1122 776 1177 huc
808 1126 1037 1193 prepter
1063 1120 1537 1177 benedictionem.
1569 1116 1776 1187 Joseph

182 1210 636 1267 reverendissimus
675 1211 1118 1267 archidiaconus
1150 1216 1208 1265 et
1244 1208 1500 1265 vicarius
1528 1207 1780 1262 Alexan—

178 1300 286 1355 dria:
308 1300 473 1356 dixit:
507 1301 669 1354 Misit
704 1306 756 1355 te
787 1300 1187 1355 sanctissimus
1225 1297 1465 1353 Michael
1497 1297 1651 1351 sicut
1684 1296 1781 1350 vi—

176 1389 394 1444 carinm‘?
422 1389 691 1445 Leontius
722 1389 904 1445 dixit:
929 1390 1083 1458 Sape
1117 1387 1242 1442 dixi
1284 1386 1420 1457 quia
1466 1398 1577 1439 non
1616 1384 1779 1439 misit

178 1492 257 1549 me,
282 1479 363 1533 sed
395 1484 623 1547 prapter
660 1478 1110 1534 benedictionem
1144 1490 1247 1547 ego
1283 1476 1404 1545 ipse
1429 1476 1555 1531 veni
1594 1486 1775 1543 usque

176 1567 272 1622 huc.
305 1568 527 1623 Photius
563 1575 755 1623 autem
789 1567 949 1622 misit
984 1580 1071 1621 me
1100 1566 1352 1635 Romam,
1390 1570 1454 1620 ut
1487 1562 1772 1633 quidquid

1895 510 2086 553 zemus
2111 498 2519 554 ?Sanctissimi
2565 499 2767 554 vicarii
2812 499 3120 555 dixerunt:
3164 500 3230 553 Et
3261 500 3543 569 quomodo

1891 585 2321 642 descendebatis
2354 588 2584 643 Romam
2629 600 2757 642 cum
2809 587 2958 643 libro
2999 586 3225 642 nefandi
3257 587 3544 643 concilii?

1888 671 2170 746 Georgius
2196 681 2253 731 et
2289 677 2387 747 qui
2419 690 2548 732 cum
2592 677 2716 746 ipso
2744 682 2907 732 erant
2938 676 3240 731 dixerunt:
3274 676 3465 731 Coacti
3492 681 3548 731 et

1890 761 2055 818 inviti
2081 782 2094 829 ;
2127 764 2280 820 dixit
2308 766 2461 821 enim
2491 766 2656 822 nobis
2678 767 2942 822 Photius:
2976 765 3125 834 Quia
3155 770 3547 834 apparuerunt

1885 853 2073 909 Roma
2102 856 2353 925 capitula
2383 860 2577 912 contra
2610 869 2807 925 papam
2834 855 3152 923 Nicolaum,
3190 855 3286 924 ite,
3321 861 3376 909 et
3405 867 3543 909 cer-

1886 942 2186 998 tiﬁcamini
2233 944 2283 999 si
2328 949 2464 1000 sunt
2507 945 2745 1000 veracia.
2806 947 2918 1000 Nos
2959 958 3091 1000 vero
3140 943 3398 999 diximus
3445 942 3543 999 ei:

1888 1031 2154 1087 Homines
2197 1032 2399 1088 rustici
2450 1047 2685 1103 sumus;
2718 1034 2768 1089 si
2816 1032 3241 1103 pervenerimus
3288 1032 3542 1104 Romam,

1888 1133 2055 1189 quam
2088 1120 2353 1177 dabimus
2384 1123 2660 1178 rationem
2679 1123 2707 1176 ?
2736 1124 2803 1177 Et
2847 1122 2945 1177 ille
2973 1121 3127 1177 dixit
3154 1120 3352 1176 nobis:
3397 1121 3540 1191 Quia

1887 1209 2093 1264 docent
2122 1224 2220 1265 vos
2244 1211 2498 1281 episcopi
2523 1227 2648 1282 qua
2671 1212 2928 1267 debeatis
2946 1212 3154 1266 dicere.
3176 1211 3541 1267 Sanctissimi

1889 1299 2090 1354 vicarii
2135 1300 2383 1355 senioris
2413 1300 2599 1355 Roma
2642 1301 2943 1356 dixerunt:
2995 1301 3102 1355 Vos
3149 1300 3410 1355 homines
3441 1314 3545 1369 pe-

1893 1388 2150 1458 regrinos
2169 1389 2502 1461 etadvenas,
2527 1390 2679 1445 sicut
2699 1390 2919 1460 dicitis,
2948 1390 3266 1446 litterarum
3292 1389 3540 1460 gerulos,

1887 1475 2182 1545 oportebat
2236 1477 2493 1547 accipere
2545 1477 2786 1549 litteras,
2846 1483 2903 1532 et
2959 1478 3164 1533 iterum
3221 1477 3424 1533 reverti
3472 1478 3539 1531 ad

1886 1565 2139 1636 propria,
2157 1571 2523 1621 verumtatem
2542 1566 3039 1622 anathematizatis
3058 1565 3370 1621 concilium
3390 1566 3538 1635 quod

172 1656 379 1710 dicerent
422 1657 799 1727 metropolita
855 1655 1113 1711 facerem.
1160 1656 1309 1709 Deus
1364 1658 1552 1709 autem
1616 1652 1775 1707 novit
1883 1652 2115 1708 Romam
2155 1652 2477 1709 ferebatis?
2506 1655 2787 1727 Georgius
2817 1661 2874 1710 et
2908 1656 3007 1725 qui
3049 1669 3179 1710 cum
3214 1654 3338 1724 ipso
3381 1661 3542 1710 erant

173 1745 273 1813 quia
290 1745 428 1801 sicut
448 1760 623 1815 pecus
641 1744 1066 1812 descendebam,
1096 1743 1245 1799 nihil
1273 1743 1479 1798 sciens.
1508 1741 1772 1796 Sanctis—
1798 1731 1850 1791 B
1880 1741 2152 1797 dixerunt
2180 1744 2208 1797 ?
2245 1745 2557 1800 Anathema
2587 1745 2639 1800 ei
2687 1746 2785 1815 qui
2814 1744 2970 1814 fecit,
3003 1750 3059 1800 et
3098 1744 3196 1815 qui
3224 1744 3536 1805 consensit,

171 1833 270 1887 simi
295 1834 502 1905 vicarii,
533 1839 593 1889 et
624 1838 741 1890 tota
772 1839 963 1889 saneta
992 1833 1243 1904 synodus
1271 1818 1455 1887 dixit:
1495 1829 1596 1884 Hic
1632 1842 1770 1898 pec-

168 1928 312 1977 catum
335 1936 492 1979 suum
530 1923 860 1992 conﬁtetur,
888 1928 945 1978 et
963 1923 1205 1991 nonjam
1231 1933 1460 1992 egemus
1495 1916 1758 1973 testibus.

167 2010 385 2067 Pluribus
406 2025 537 2083 ergo
567 2013 956 2084 interrogatus
982 2016 1040 2066 et
1062 2011 1382 2079 discussus,
1418 2006 1565 2062 nihil
1600 2004 1760 2060 aliud

166 2103 294 2171 dixit,
319 2102 423 2159 nisi
458 2118 586 2173 qua
616 2103 677 2158 in
711 2109 904 2158 octava
928 2100 1151 2157 actione
1187 2100 1247 2154 in
1280 2102 1588 2168 conspectu
1621 2108 1764 2150 san-

165 2195 240 2245 cta
263 2196 311 2245 et
332 2192 671 2248 universalis
694 2191 915 2262 synodi.
954 2187 1505 2262 Magniﬁcentissimi
1545 2190 1601 2241 et
1631 2184 1762 2256 glo—

167 2280 419 2336 riosissimi
463 2281 760 2351 principes
792 2280 1097 2336 dixerunt:
1136 2279 1249 2332 Nos
1298 2289 1429 2331 vero
1478 2275 1596 2330 hac
1636 2286 1761 2343 qua

167 2382 277 2423 nunc
304 2383 333 2423 a
360 2374 409 2424 te
436 2369 593 2425 dicta
632 2375 770 2426 sunt
801 2373 855 2424 et
879 2374 1043 2424 antea
1082 2366 1376 2422 multoties
1408 2362 1760 2431 audivimus,

166 2457 288 2513 modo
316 2471 434 2514 vero
465 2459 597 2515 ideo
630 2458 999 2514 intromissus
1022 2470 1083 2513 es
1114 2457 1245 2523 huc,
1279 2458 1343 2510 ut
1369 2453 1559 2509 videat
1586 2456 1640 2506 te
1662 2464 1764 2505 ve-

166 2561 235 2600 rus
264 2548 494 2603 vicarius
536 2546 884 2617 patriarcha
927 2544 1307 2607 Alexandria,
1340 2543 1476 2613 quia
1525 2542 1763 2596 mendax

164 2639 201 2686 et
230 2635 464 2691 seductor
499 2650 656 2706 eras,
698 2635 853 2690 sicut
879 2635 1050 2690 etiam
1083 2639 1145 2689 tu
1190 2633 1310 2702 ipse
1348 2628 1643 2687 confessus
1679 2643 1758 2684 es.

163 2721 459 2779 Sanctissimi
502 2725 715 2780 vicarii
761 2724 1008 2779 senioris
1047 2724 1236 2778 Roma
1277 2721 1586 2776 dixerunt:
1628 2719 1763 2788 Qua

165 2819 260 2865 sunt
288 2812 401 2868 dua
438 2826 697 2883 persona
734 2812 848 2867 illa
878 2825 1020 2882 quas
1052 2809 1355 2865 videmus?
1391 2807 1765 2879 Magnificen—

163 2898 323 2956 tissimi
361 2906 413 2957 et
461 2900 880 2973 gloriosissimi
928 2900 1217 2970 principes
1259 2898 1561 2952 dixerunt:
1610 2894 1761 2950 Falsi

163 2987 330 3044 vicarii.
351 2990 714 3047 Sanctissimi
738 2989 940 3045 vicarii
967 2988 1216 3043 senioris
1236 2987 1424 3041 Roma
1452 2984 1757 3040 dixerunt:

1876 1834 1932 1884 et
1960 1831 2059 1901 qui
2103 1831 2360 1888 defendit
2396 1833 2579 1889 illud!
2629 1834 2989 1889 Sanctissimi
3041 1832 3242 1888 vicarii
3294 1833 3541 1888 senioris

1876 1918 2064 1974 Roma
2092 1920 2366 1976 dixerunt
2391 1939 2403 1974 :
2451 1921 2730 1991 Recipitis
2757 1922 3155 1977 beaiissimum
3196 1935 3397 1991 papam
3424 1922 3535 1976 Ni-

1872 2007 2116 2079 colaum,
2167 2016 2222 2065 et
2280 2012 2708 2068 sanctissimum
2761 2012 3144 2083 patriarcham
3202 2010 3540 2082 Ignatium?

1869 2098 2151 2168 Georgius
2175 2102 2232 2153 et
2260 2100 2359 2169 qui
2390 2114 2517 2155 cum
2546 2101 2670 2170 ipso
2696 2107 2858 2156 erant
2881 2102 3191 2156 dixerunt:
3227 2102 3294 2156 Ut
3329 2102 3535 2171 recipit

1868 2191 1966 2243 eos
2014 2192 2207 2242 sancta
2257 2187 2374 2243 hac
2403 2189 2749 2245 universalis
2797 2190 3067 2260 synodus,
3120 2190 3433 2260 recipimus
3474 2198 3530 2246 et

1871 2290 2010 2332 nos:
2058 2277 2156 2347 qui
2189 2277 2341 2332 enim
2387 2292 2587 2333 sumus
2620 2292 2721 2334 nos
2762 2284 2826 2334 ut
2854 2279 3316 2335 contradicamus
3356 2284 3524 2335 tanta

1871 2365 2106 2436 synodo,
2156 2365 2214 2419 in
2247 2380 2358 2436 qua
2406 2380 2601 2422 omnes
2646 2368 2985 2436 patriarcha
3017 2372 3223 2438 prasto
3268 2374 3406 2424 sunt
3436 2382 3534 2438 per
3620 2414 3623 2415 ν

1874 2452 1984 2508 loci
2018 2460 2331 2511 servatores
2362 2454 2529 2511 suos!
2568 2456 2825 2512 Donatus
2852 2458 2965 2513 Deo
3013 2457 3535 2528 amabilisepisco-

1875 2556 1981 2611 pus
2026 2543 2219 2613 Ostia,
2269 2549 2327 2600 et
2383 2545 2705 2615 Stephanus
2750 2548 2864 2602 Deo
2911 2546 3182 2603 amabilis
3227 2547 3533 2618 episcopus

1874 2632 2058 2703 Nepa,
2095 2638 2152 2687 et
2178 2634 2437 2690 Marinus
2467 2636 2979 2692 reverendissimus
3006 2636 3287 2692 diaconus
3323 2642 3530 2692 sancta)

1874 2719 2256 2777 Romanorum
2287 2724 2554 2779 Ecclesia
2582 2726 2856 2781 dixerunt
2885 2726 2954 2781 ad
2994 2726 3199 2796 Joseph
3229 2726 3536 2782 archidia-

1873 2821 2078 2865 conum
2100 2814 2157 2865 et
2170 2811 2452 2868 vicarium
2478 2813 2672 2869 throni
2703 2814 3114 2870 Alexandrini:
3148 2816 3287 2870 Ecce
3312 2821 3367 2871 et
3387 2816 3526 2885 ipse,

1872 2896 2211 2953 charissime
2253 2898 2428 2955 frater
2475 2907 2686 2972 noster,
2729 2902 3047 2974 cognovisti
3099 2917 3197 2973 per
3250 2904 3367 2959 hac
3407 2918 3530 2975 qua

1874 2998 2025 3040 nunc
2061 2986 2278 3042 audisti
2326 2989 2514 3044 Photii
2547 2990 2796 3062 maligna
2835 3005 3005 3060 opera
3035 2996 3090 3046 et
3119 2993 3439 3049 versutias:
3473 2999 3528 3049 et

161 3075 240 3130 Nos
274 3078 441 3134 adhuc
467 3093 582 3135 non
619 3079 875 3135 vidimus
901 3091 1022 3133 eos:
1056 3080 1114 3132 et
1156 3074 1387 3131 veniant
1427 3073 1497 3128 ad
1541 3084 1662 3134 nos,
1697 3075 1761 3126 ut
1791 3067 1841 3133 C
1873 3072 2008 3143 quia
2051 3074 2287 3130 dolosus
2324 3082 2448 3132 erat
2489 3082 2546 3132 et
2589 3079 2848 3150 mendax,
2894 3083 2952 3134 et
2992 3080 3205 3135 veritas
3248 3095 3360 3136 non
3406 3089 3527 3137 erat

163 3160 512 3237 interrogemus
532 3166 696 3222 illos.
721 3168 791 3221 Et
824 3162 1442 3235 appropinquantibus,
1474 3161 1762 3230 interroga

162 3257 313 3307 venint
336 3255 687 3310 sanctissimi
719 3254 956 3310 vicarii:
1002 3253 1111 3322 Qui
1143 3250 1331 3307 estis?
1368 3254 1425 3305 et
1458 3247 1607 3304 unde
1660 3259 1763 3301 ve-

162 3336 303 3392 nitis?
327 3347 385 3396 ut
408 3342 619 3398 vicarii
649 3341 909 3410 venistis,
946 3354 1016 3396 an
1061 3345 1124 3395 ut
1171 3339 1494 3394 litterarum
1535 3334 1762 3390 delato-

161 3426 256 3480 res?
281 3442 369 3498 pro
403 3444 511 3501 qua
564 3431 871 3487 occasione
914 3428 1200 3485 venistis?
1242 3427 1438 3483 dicite.
1480 3421 1761 3493 Georgius

159 3510 301 3570 dixit:
331 3519 396 3575 Ut
423 3520 755 3577 litterarum
783 3518 1003 3576 delator
1030 3517 1159 3573 veni
1182 3515 1591 3572 tantummodo.
1626 3515 1762 3570 San-

157 3608 347 3665 ctissimi
385 3611 592 3666 vicarii
650 3609 899 3665 senioris
940 3609 1129 3663 Roma
1174 3606 1487 3661 dixerunt:
1543 3605 1590 3660 Α
1644 3618 1757 3675 quo

157 3697 319 3753 missus
338 3712 393 3754 es
412 3699 440 3752 ?
465 3698 759 3771 Georgius
777 3696 958 3752 dixit:
985 3695 1032 3749 A
1059 3694 1432 3750 Constantino
1461 3707 1753 3750 aconomo

154 3784 561 3843 Antiochensium
586 3786 894 3852 Ecclesia;
925 3784 996 3839 ab
1011 3797 1076 3839 eo
1105 3783 1258 3838 enim
1282 3783 1493 3839 missus
1518 3796 1644 3838 sum
1678 3782 1747 3837 ad

154 3877 360 3937 Pbotium
393 3887 449 3936 et
482 3877 823 3935 Michaelem
864 3877 1281 3946 imperatorem,
1308 3885 1478 3928 causa
1508 3871 1751 3928 benedi—

156 3965 707 4025 ctionis.Sanctissimi
730 3966 932 4022 vicarii
964 3964 1213 4019 senioris
1237 3964 1424 4018 Roma
1439 3963 1742 4018 dixerunt:

153 4051 525 4127 Snbscripsistis
556 4058 624 4113 in
657 4056 807 4111 libro
847 4059 1043 4110 contra
1074 4051 1501 4108 sanctissimum
1548 4064 1746 4121 papam

155 4139 408 4217 Nicolaum,
430 4147 529 4217 qui
562 4160 603 4201 a
624 4144 827 4200 Photio
867 4142 1051 4198 factus
1079 4140 1207 4196 est?
1240 4140 1522 4210 Georgius
1548 4139 1702 4194 dixit
1727 4157 1739 4193 :

154 4229 286 4287 Absit.
314 4235 669 4292 Sanctissimi
708 4233 907 4289 vicarii
949 4230 1196 4288 senioris
1220 4231 1407 4285 Roma
1435 4229 1742 4284 dixerunt:

156 4316 200 4370 Ει
233 4326 483 4390 quomodo
520 4322 958 4381 descendebatis
1006 4321 1075 4377 ad
1123 4319 1320 4376 urbem
1358 4320 1586 4374 Romam
1611 4318 1639 4372 ?
1675 4319 1744 4375 ad

1874 3161 1933 3216 in
1970 3175 2054 3217 eo.
2089 3164 2201 3219 llos
2242 3170 2431 3220 autem
2485 3166 2767 3239 homines,
2814 3181 2945 3223 cum
2995 3168 3115 3223 sint
3164 3182 3440 3239 pauperes
3471 3177 3523 3225 et

1872 3251 2177 3322 peregrini,
2218 3253 2549 3322 judicamus
2595 3256 2759 3311 venia
2798 3256 3005 3327 dignos
3046 3264 3275 3326 propter
3316 3258 3529 3314 violen-

1871 3338 2009 3392 tiam
2051 3354 2220 3409 quam
2269 3355 2328 3396 se
2361 3343 2666 3411 pertulisse
2696 3344 2941 3399 confessi
2992 3350 3163 3413 sunt;
3198 3345 3293 3399 sed
3341 3346 3521 3416 gloria

1867 3426 2097 3482 Christo
2135 3429 2247 3483 Deo
2282 3436 2511 3499 propter
2552 3432 2764 3503 omnia,
2798 3433 2896 3501 qui
2924 3431 3119 3485 dixit:
3154 3433 3299 3497 Quid
3336 3435 3526 3487 occul~

1869 3519 2001 3584 tum,
2038 3523 2185 3589 quod
2222 3536 2330 3574 non
2357 3520 2803 3587 manifestabitur
2820 3517 3033 3590 (Matth.
3059 3519 3160 3592 x)?
3205 3520 3314 3588 Qui
3345 3521 3516 3575 etiam

1866 3618 2119 3669 sanctam
2168 3612 2313 3667 hanc
2354 3616 2410 3666 et
2462 3608 2838 3666 universalem
2871 3608 3148 3678 synodum
3178 3622 3519 3680 congregare

1862 3702 2135 3774 dignatus
2158 3706 2245 3756 est
2275 3700 2335 3754 in
2366 3699 2607 3772 gloriam
2644 3697 3023 3770 benignitatis
3061 3710 3198 3765 sua,
3224 3702 3280 3751 et
3308 3705 3516 3753 sancta

1859 3791 2157 3847 catholica
2202 3794 2259 3845 et
2286 3788 2612 3858 apostolica
2653 3787 2920 3842 Ecclesia
2953 3785 3245 3856 paciﬁcam
3276 3786 3518 3842 ordina—

1858 3881 2094 3937 tionem.
2128 3879 2316 3934 Helias
2344 3878 2443 3933 Dei
2474 3876 2663 3933 cultor
2692 3876 2985 3946 presbyter
3013 3880 3069 3932 et
3101 3875 3389 3946 syncellus
3418 3890 3518 3931 se-

1857 3970 1952 4025 dis
1976 3967 2495 4038 Hierosolymorum
2525 3965 2679 4021 dixit
2706 3981 2718 4018 :
2767 3966 2965 4037 Magna
2996 3964 3267 4021 beneﬁcia
3305 3979 3513 4022 conse—

1857 4059 1978 4115 cuti
2013 4059 2072 4113 in
2102 4056 2481 4127 completione
2505 4060 2715 4111 sancta
2742 4055 2917 4123 hujus
2945 4059 3002 4109 et
3034 4054 3379 4110 universalis
3409 4070 3512 4125 sy—

1856 4148 1991 4204 nodi
2039 4160 2071 4201 a
2108 4159 2238 4201 vero
2284 4146 2397 4200 Deo
2427 4148 2482 4198 et
2508 4143 2795 4199 Salvatore
2847 4148 3042 4199 nostro
3081 4144 3214 4198 Jesu
3259 4143 3509 4214 Christo,

1860 4249 2091 4306 magnas
2144 4235 2233 4290 illi
2288 4246 2514 4304 quoque
2543 4232 2857 4304 gratiarum
2904 4232 3178 4302 actiones,
3212 4236 3269 4286 et
3312 4231 3508 4303 gloria

1858 4323 2056 4379 laudes
2086 4322 2295 4378 referre
2330 4321 2635 4390 debemus;
2668 4320 2805 4390 quia
2833 4320 3107 4392 dignatus
3153 4326 3240 4376 est
3272 4325 3397 4391 post
3426 4325 3511 4377 tot

153 4409 260 4474 quod
278 4425 406 4481 cpus
434 4409 1556 4484 faciendum?Georgiusdixit:Credite
1579 4409 1744 4477 mihi,
1775 4401 1829 4462 D
1858 4417 2110 4483 tempora
2154 4411 2561 4482 patriarchalia
2605 4409 2793 4480 capita
2844 4409 3086 4466 invicem
3130 4410 3384 4466 adunare
3435 4410 3504 4464 ad

153 4497 252 4561 quia
276 4503 457 4572 utquid
484 4502 895 4561 descendebam
945 4501 1087 4557 illuc
1127 4498 1337 4556 nescio.
1384 4499 1742 4555 Sanctissimi

151 4584 303 4644 vicarii
330 4594 569 4649 senioris
611 4594 799 4649 Roma
827 4592 1135 4647 dixerunt:
1169 4590 1461 4659 Quomodo
1494 4592 1743 4647 tenetis?

150 4672 371 4749 Georgius
419 4688 474 4738 et
525 4684 629 4755 qui
670 4696 799 4739 cum
854 4682 979 4751 ipso
1007 4681 1318 4736 dixerunt:
1380 4680 1542 4736 Sicut
1590 4686 1744 4737 tenet

151 4773 295 4824 sancta
318 4771 411 4827 Dei
446 4773 718 4843 Ecclesia,
760 4778 817 4827 et
838 4770 1175 4827 Christiani.
1205 4766 1567 4826 Sanctissimi
1594 4770 1741 4825 vica-

152 4852 203 4907 rii
219 4860 433 4917 senioris
450 4863 645 4918 Roma
668 4863 943 4918 dixerunt
968 4879 980 4913 :
1017 4861 1296 4930 Recipitis
1318 4861 1463 4915 hanc
1485 4865 1735 4915 sanctam

151 4946 365 5011 synodum
385 4950 413 5004 ?
436 4951 721 5023 Georgius
744 4956 802 5006 et
821 4952 921 5021 qui
943 4965 1073 5007 cum
1099 4951 1222 5019 ipso
1242 4954 1406 5005 erant
1422 4950 1729 5005 dixerunt:

150 5028 267 5088 Sicut
299 5050 407 5093 eam
449 5040 741 5109 recipiunt
790 5054 985 5096 omnes
1039 5040 1376 5109 Christiani,
1425 5038 1736 5110 recipimus

152 5115 265 5178 illam
295 5129 346 5180 et
397 5142 514 5184 nos.
575 5129 933 5185 Sanctissimi
992 5129 1194 5185 vicarii
1249 5129 1497 5185 senioris
1548 5129 1735 5185 Roma

153 5206 360 5269 dixerunt
387 5233 399 5268 :
430 5217 618 5274 Dicite
645 5223 868 5274 tantum
898 5232 1017 5289 vos,
1050 5219 1333 5289 quomodo
1363 5233 1484 5275 eam
1518 5220 1737 5289 recipi—

156 5294 241 5351 tis?
277 5302 539 5377 Georgius
586 5312 642 5363 et
691 5307 792 5377 qui
855 5320 983 5362 cum
1037 5308 1159 5377 ipso
1210 5312 1374 5363 erant
1416 5309 1727 5365 dixerunt:

157 5380 353 5446 Diximus
402 5397 537 5464 quia
580 5397 889 5467 recipimus
935 5410 1076 5452 eam.
1118 5397 1476 5454 Sanctissimi
1528 5399 1730 5454 vicarii

160 5475 337 5558 tutioris
356 5482 539 5541 Roma
567 5485 874 5556 dixerunt;
906 5485 1414 5543 Anathematizatis
1438 5502 1582 5558 quos
1604 5502 1738 5546 ana-

163 5557 470 5628 lbematizavit
507 5580 701 5630 sancta
731 5575 1025 5645 synodus?
1064 5576 1346 5647 Georgius
1373 5582 1430 5633 et
1456 5557 1567 5647 qui
1598 5592 1726 5635 cum

1857 4503 2096 4575 gloriam
2147 4500 2522 4573 benignitatis
2568 4514 2705 4571 sua,
2755 4504 2812 4554 et
2848 4498 3090 4555 salutem
3121 4499 3403 4554 Ecclesia.
3437 4501 3507 4554 Et

1855 4596 1980 4662 post
2008 4591 2110 4647 hoc
2153 4591 2463 4647 ascendens
2507 4589 2829 4658 Stephanus
2866 4588 3146 4644 diaconus
3183 4592 3239 4642 et
3266 4588 3505 4645 devotus

1852 4682 2132 4747 notarius,
2166 4680 2363 4737 laudes
2391 4679 2546 4734 dixit
2575 4678 2692 4733 ita:
2728 4679 2936 4735 Multos
2970 4692 3151 4735 annos
3190 4682 3505 4752 imperato-

1850 4786 1975 4828 rum
1999 4770 2224 4840 Basilii,
2244 4769 2605 4824 Constantini
2628 4773 2684 4823 et
2713 4768 2916 4824 Leonis
2943 4768 2955 4822 Ι
2991 4771 3322 4842 Magnorum
3348 4774 3506 4843 prin-

1846 4861 2038 4930 cipum
2071 4866 2127 4915 et
2148 4859 2553 4928 imperatorum
2586 4856 2797 4913 multos
2829 4858 3040 4913 annosl
3074 4860 3346 4918 Eudoxia
3369 4863 3506 4933 piis-

1846 4950 2005 5006 sima
2036 4947 2420 5018 imperatricis
2438 4946 2649 5002 multos
2678 4947 2893 5003 annos!
2928 4949 3149 5004 Nicolai
3180 4950 3498 5007 beatissimi

1846 5054 2002 5110 papa
2024 5037 2262 5093 Romani
2284 5042 2493 5092 aterna
2526 5036 2833 5091 memorial
2866 5038 3108 5094 Adriani
3141 5041 3495 5097 sanctissimi

1848 5142 2002 5199 papa
2051 5127 2288 5183 Romani
2340 5124 2551 5181 multos
2595 5125 2817 5181 annosl
2876 5128 3083 5197 Ignatii
3138 5130 3494 5187 sanctissimi.

1846 5218 2183 5289 patriarcha
2211 5214 2780 5285 Constantinopoleos
2826 5216 3037 5274 multos
3056 5232 3236 5276 annos
3269 5220 3281 5274 ι
3310 5220 3500 5276 ortho-

1842 5309 2120 5364 doxorum
2154 5305 2610 5376 patriarcharum
2639 5304 2895 5361 Orientis
2924 5307 3134 5363 multos
3162 5308 3377 5363 annos!
3413 5321 3498 5362 sa-

1842 5400 1926 5456 cri
1981 5403 2213 5452 senatus
2270 5394 2480 5449 multos
2530 5393 2757 5449 annos!
2817 5401 3025 5452 sancta
3054 5401 3111 5451 et
3151 5396 3494 5452 universalis

1842 5492 2040 5560 synodi
2063 5494 2274 5543 aterna
2295 5481 2566 5542 memoria
2591 5484 2603 5538 Ι
