4052 6168
437 276 535 336 147

1138 427 1365 469 VERSUS.

499 499 893 556 Scissionibus
922 502 1196 558 mundum
1229 504 1556 574 replentem,

499 589 653 644 Duas
672 603 802 644 vero
834 590 972 646 ﬁdes
993 590 1168 660 impie
1200 591 1515 662 habentem,

499 677 736 733 Animas
764 682 952 734 autem
996 679 1142 735 duas
1173 679 1501 736 mortalium
1531 679 1834 752 dicentem,

497 766 568 822 Et
598 767 901 838 imperium
934 768 1338 838 multipliciter
1368 767 1732 840 incidentem,

499 855 570 910 Et
599 856 980 926 patriarcham
1010 871 1232 912 omnem
1261 857 1655 930 deponentem,

499 945 879 1016 Alienumque
909 945 1176 1002 thronum
1209 947 1586 1020 invadentem,

498 1033 777 1090 Moechum
811 1048 1015 1089 rursus
1033 1034 1304 1091 omnibus
1333 1035 1761 1108 exprimentem,

499 1121 924 1193 Ignobilemque
957 1123 1228 1192 p0pulum
1258 1124 1644 1196 advocantem,

495 1209 866 1267 Subscribere
906 1211 1120 1269 invitos
1150 1213 1513 1270 minitantem

1661 285 2022 344 ANASTASII
2079 285 2624 344 BIBLIOTHECARII

2107 420 2163 480 A
2264 413 2741 484 Compatrial-chae
2771 411 2931 468 mimi
2962 411 3317 480 exlstentem,

3748 275 3844 335 “8

2266 505 2584 574 Pauperum
2627 503 2843 560 clerum
2891 501 3390 571 orphanorumque
3434 495 3691 550 insontes
3737 507 3848 563 pu-

3554 579 3842 656 [nientem,

2267 689 2668 757 Fideliumque
2715 681 2882 738 ﬁdem
2930 679 2990 734 in
3021 673 3478 734 maledictionem
3522 673 3838 742 ponentem,

2265 780 2334 834 Et
2361 774 2582 834 Nicolai
2615 773 2781 828 ﬁdem
2813 765 3229 840 proﬁcientem,

2264 870 2336 924 Et
2362 864 2659 922 Sacacium
2691 860 2752 916 in
2781 856 2930 914 vicis
2958 853 3358 922 invenientem,

2264 956 2450 1026 Hujus
2477 965 2608 1008 vero
2648 949 2838 1005 socios
2863 959 2932 1002 ex
2961 942 3186 1000 semitis
3214 940 3669 1011 congreganiem,

2263 1045 2335 1101 Et
2363 1039 2696 1099 scandalum
2727 1033 2999 1093 omnibus
3024 1030 3388 1099 excitantem,

2265 1129 2568 1189 Inimicum
2596 1125 2698 1181 Dei
2717 1121 3059 1192 dixerimus,
3091 1115 3268 1188 impie
3295 1117 3569 1188 agentem.

471 1377 3752 1406 _________________________________________

1776 1554 2026 1625 ACTIO
2110 1555 2467 1628 DECIMA.

493 1839 553 1894 In
615 1841 845 1900 nomine
891 1845 1118 1903 Domini
1151 1851 1208 1905 et
1235 1849 1618 1907 dominatoris
1663 1849 1920 1907 omnium
1949 1850 2083 1906 Jesu
2109 1843 2161 1905 Β
2192 1854 2350 1923 parte
2367 1850 2776 1924 gloriosissimi
2795 1848 3088 1921 principes
3105 1849 3164 1903 et
3180 1837 3547 1916 apocrisiarii
3563 1829 3858 1907 perspicui

420 1927 634 1984 Christi
673 1931 788 1986 veri
835 1933 932 1990 Dei
983 1941 1039 1990 et
1075 1937 1386 1995 Salvatoris
1433 1940 1638 2010 nostri,
1685 1939 2021 1996 consulatus
2049 1953 2082 1996 a

421 2016 533 2072 Deo
553 2025 952 2078 coronatorum
985 2029 1041 2079 et
1071 2027 1685 2098 tranquillissimorum
1715 2029 2080 2085 dominorum

423 2109 771 2178 nostrorum,
796 2110 995 2167 Basilii
1029 2118 1084 2168 et
1102 2115 1462 2172 Constantini
1487 2130 1636 2173 anno
1663 2117 1854 2189 tertio,
1879 2117 2082 2174 Leonis

424 2207 554 2249 vero
591 2208 740 2251 anno
785 2199 992 2270 primo,
1036 2208 1437 2272 perpetuorum
1467 2205 1882 2277 Augustorum,
1916 2205 2078 2260 indi-

426 2281 616 2338 ctione
661 2286 848 2355 tertia,
898 2289 1085 2358 pridie
1132 2292 1515 2349 Kalendarum
1549 2295 1903 2366 Martiarum,
1938 2293 2082 2351 feria

430 2371 628 2426 tertia:
666 2376 980 2444 propositis
1003 2381 1272 2448 pretiosis
1291 2386 1347 2437 et
1375 2382 1620 2438 viviﬁcis
1640 2383 1836 2455 lignis,
1860 2388 1916 2439 et
1947 2384 2088 2441 inte-

433 2461 666 2516 meratis
686 2463 893 2522 salutis
914 2472 1118 2524 nostra
1137 2470 1481 2543 Evangeliis,
1508 2471 1567 2527 in
1587 2471 1806 2529 dextris
1828 2473 2090 2542 partibus

432 2546 804 2608 famosissimi
823 2556 1018 2626 templi
1037 2562 1244 2614 sancta
1255 2573 1321 2616 ac
1343 2560 1530 2632 magni
1556 2561 1808 2618 nominis
1827 2561 2082 2632 Sophia:

427 2635 775 2711 insuperque
804 2645 1247 2712 prasidentibus
1265 2647 1472 2704 amicis
1491 2649 1707 2706 Christi
1733 2650 2087 2720 imperatori-

424 2723 532 2780 kus
558 2729 771 2784 nostris
791 2730 1004 2789 Basilio
1024 2738 1081 2790 et
1098 2735 1494 2808 Constantino,
1525 2742 1583 2792 et
1610 2738 2085 2796 convenientibus

421 2814 640 2872 Donato
667 2818 781 2873 Deo
810 2821 1045 2878 amabili
1076 2825 1342 2895 episCOpo
1372 2825 1546 2882 Ostia
1584 2831 1640 2882 et
1667 2826 1951 2896 Stephano
1969 2828 2084 2884 Deo

421 2903 656 2960 amabili
691 2907 958 2980 episcopo
987 2912 1174 2982 Nepa,
1207 2917 1264 2968 et
1290 2913 1513 2970 Marino
1542 2916 1654 2970 Deo
1686 2915 2086 2972 honorabilis-

425 2990 572 3047 simo
611 2993 855 3052 diacono
900 2997 1086 3055 locum
1119 3001 1504 3058 retinentibus
1533 3002 1886 3059 sanctissimi
1929 3016 2085 3073 papa

423 3078 662 3138 Adriani
705 3085 954 3142 senioris
989 3088 1177 3145 Roma
1225 3095 1280 3144 et
1322 3091 1544 3162 lgnatio
1591 3092 1958 3148 sanctissimo
1985 3105 2088 3147 ar—

2192 1942 2462 1998 Ludovici
2515 1941 2879 2012 imperatoris
2925 1938 3194 1994 Italorum
3252 1937 3424 2003 atque
3477 1927 3856 2012 Francorum,

2191 2033 2457 2089 videlicet
2497 2011 2838 2089 Anastasius
2897 2032 3013 2086 Deo
3060 2025 3332 2084 amabilis
3381 2011 3868 2110 bibliothecarius

2190 2124 2396 2192 Roma,
2430 2121 2840 2192 suppoprimus
2881 2114 3436 2178 concofanariorum,
3469 2110 3528 2163 et
3563 2098 3870 2199 consobri-

2193 2225 2302 2267 nus
2331 2209 2530 2266 uxoris
2555 2211 2699 2281 ejus,
2731 2213 2788 2265 et
2814 2208 3110 2264 Eurardus
3147 2199 3732 2290 prapositusmensa
3765 2201 3870 2256 1p—

2193 2300 2347 2371 sius;
2381 2299 2656 2354 similiter
2669 2279 2725 2354 et
2748 2294 3156 2370 gloriosissimi
3183 2290 3413 2362 iudices
3434 2279 3737 2371 Michaelis
3766 2289 3866 2331 su-

2195 2367 2532 2444 blimissimi
2557 2367 2839 2458 principis
2868 2383 3149 2456 Bulgaria
3168 2379 3513 2437 Stasiszerco
3541 2367 3736 2458 borlas
3765 2377 3866 2419 ne-

2197 2478 2342 2536 sund
2353 2479 2478 2534 icus
2493 2457 2774 2548 vagantur
2798 2474 2841 2530 il
2857 2469 3355 2530 vestrannatabare
3377 2461 3600 2536 prastit
3615 2457 3858 2514 zisunas

2195 2565 2462 2637 campsis,
2495 2569 2552 2620 et
2579 2562 2816 2620 Alexius
2843 2559 3065 2630 Sampsi
3096 2559 3300 2614 Hunno
3332 2571 3346 2610 :
3379 2563 3599 2610 necnon
3625 2551 3683 2603 et
3709 2555 3866 2637 con-

2196 2633 2482 2711 sidetibus
2511 2654 2624 2708 Deo
2645 2648 3090 2709 amabilissimis
3112 2640 3517 2715 metrOpolitis,
3550 2637 3608 2694 id
3639 2639 3728 2690 est
3755 2633 3860 2688 Ba-

2195 2743 2332 2801 silio
2372 2745 2485 2799 Deo
2535 2743 2771 2801 amabili
2811 2739 3242 2810 archiepiscopo
3284 2729 3515 2804 Ephesi,
3557 2720 3860 2781 Theodulo

2193 2837 2306 2891 Deo
2335 2833 2570 2890 amabili
2605 2831 2968 2902 metropolita
2994 2829 3250 2899 Ancyra,
3272 2818 3527 2878 Barnaba
3703 2823 3864 2912 aina-

2195 2923 2302 2979 bili
2327 2921 2686 2992 metropolita
2705 2920 2916 2992 Cyzici,
2946 2917 3266 2988 Nicephoro
3293 2915 3408 2969 Deo
3435 2903 3863 2964 amabilissimo

2197 3010 2558 3082 metropolita
2588 3009 2854 3082 Amasia,
2897 3007 3112 3064 Basilio
3139 3007 3253 3061 Deo
3292 2997 3528 3089 amabili
3563 2997 3868 3089 metropo-

2197 3101 2304 3157 lita
2323 3078 2723 3169 Chalcedonis,
2738 3078 3058 3167 Nicephoro
3088 3097 3200 3150 Deo
3222 3088 3458 3146 amabili
3492 3078 3867 3150 metropolita

425 3169 792 3244 chiepiscopo
837 3177 1026 3248 magni
1051 3178 1304 3234 nominis
1331 3179 1902 3250 Constantinopoleos
1932 3193 2090 3238 nova
2114 3167 2165 3230 ο
2195 3189 2460 3260 Amasia,
2503 3167 2719 3245 Basilio
2745 3189 2860 3244 Deo
2889 3183 3128 3241 amabili
3160 3177 3522 3248 metropolita
3553 3174 3872 3260 Gangren—

426 3261 652 3316 Roma:
685 3268 741 3320 et
788 3267 1189 3323 sanctissimus
1227 3268 1337 3324 loci
1381 3269 1770 3326 servatoribus
1809 3269 2087 3330 Orientis.

426 3349 697 3418 videlicet
722 3353 926 3424 Joseph
956 3357 1070 3413 Deo
1098 3356 1334 3412 amabili
1374 3357 1786 3415 archidiacono
1834 3358 2090 3414 Alexan-

426 3437 729 3497 drinorum
762 3456 976 3516 magna
996 3445 1273 3518 civitatis,
1302 3446 1488 3504 locum
1521 3449 1802 3504 retinente
1830 3448 2090 3506 Michae—

429 3527 507 3585 lis
555 3531 906 3588 sanctissimi
959 3535 1296 3604 patriarcha
1341 3535 1720 3607 Alexandria,
1774 3541 1832 3591 et
1876 3537 2090 3593 Thoma

430 3622 796 3680 sanctissimo
819 3625 1181 3693 metropolita
1208 3625 1362 3695 Tyri,
1395 3630 1452 3680 et
1481 3625 1590 3680 loci
1621 3629 1908 3682 servatore
1937 3627 2090 3684 sedis

430 3710 771 3781 Antiochia,
803 3718 860 3768 et
903 3715 1062 3770 llelia
1091 3715 1191 3770 Dei
1240 3714 1461 3770 cultore
1501 3715 1826 3786 presbytero
1855 3721 1912 3771 et
1949 3731 2094 3787 syn-

433 3798 598 3870 cello,
627 3799 812 3855 locum
839 3801 1116 3857 retinente
1135 3802 1440 3858 Theodosii
1474 3803 1813 3872 patriarcha
1833 3803 2091 3861 Hieroso-

435 3889 488 3959 ly
498 3901 714 3944 morum
737 3906 750 3942 :
788 3889 1167 3958 praesentibus
1188 3905 1416 3962 quoque
1435 3906 1598 3947 sacro
1618 3896 1842 3964 senatu,
1865 3893 2092 3949 scilicet

434 3977 728 4033 Theodoro
785 3978 1354 4049 magniﬁcentissimo
1399 3981 1644 4050 patricio
1691 3987 1747 4037 et
1795 3981 2088 4054 magistro.

436 4065 847 4135 ChristOphoro
870 4067 1436 4138 magniﬁcentissimo
1460 4069 1702 4139 patricio
1723 4074 1776 4125 et
1797 4070 2092 4143 magistro,

439 4155 663 4210 Bahane
720 4155 1288 4226 magniﬁcentissimo
1361 4158 1604 4227 patricio
1669 4172 1734 4213 ac
1792 4159 2097 4229 praposito

439 4246 652 4300 Joanne
671 4243 1239 4314 magniﬁcentissimo
1263 4245 1508 4316 patricio
1537 4251 1592 4302 et
1615 4247 2096 4317 protospathario,

441 4333 726 4404 Stephano
771 4333 1342 4404 magniﬁcentissimo
1387 4334 1632 4404 patricio
1675 4339 1732 4390 et
1778 4335 2100 4406 sacellario,

444 4421 666 4478 Marino
682 4421 1251 4492 magniﬁcentissimo
1281 4423 1525 4493 patricio
1544 4427 1602 4481 et
1621 4422 1906 4496 logotheta
1938 4425 2107 4480 mili—
2155 4425 2171 4439 ‘

2197 3280 2374 3352 sium,
2402 3259 2687 3350 Cypriano
2716 3278 2830 3332 Deo
2857 3272 3096 3330 amabili
3129 3266 3493 3339 metropolita
3518 3259 3874 3329 Claudiopo-

2198 3369 2336 3438 leos,
2367 3367 2624 3438 Styliano
2662 3367 2775 3422 Deo
2804 3363 3039 3420 amabili
3072 3357 3433 3429 metropolita
3464 3357 3870 3438 Neocasarea,

2198 3437 2394 3512 Niceta
2435 3437 2554 3512 Deo
2598 3453 2835 3510 amabili
2868 3448 3229 3522 metropolita
3269 3445 3640 3508 Athenarum,
3669 3437 3878 3493 Theo—

2197 3547 2340 3602 doro
2367 3547 2480 3600 Deo
2509 3542 2746 3600 amabili
2781 3541 3214 3610 archiepiscopo
3241 3527 3874 3597 Thessalonicensium,

2197 3633 2616 3705 Theophylacto
2637 3633 2751 3686 Deo
2766 3630 3002 3686 amabili
3027 3625 3392 3698 metrOpolita
3408 3619 3608 3690 Iconii,
3624 3615 3880 3673 Nicolao

2197 3723 2312 3778 Deo
2355 3721 2591 3778 amabili
2625 3719 2991 3792 metropolita
3032 3716 3448 3788 Synnadorum.
3481 3707 3723 3766 Nicolao
3751 3707 3882 3760 Deo

2198 3810 2434 3866 amabili
2468 3809 2829 3881 metropolita
2859 3811 3168 3880 Myrorum,
3195 3801 3454 3861 Sisinnio
3483 3799 3596 3854 Deo
3623 3792 3882 3851 amabili

2202 3900 2563 3971 metrOpolita
2585 3898 2894 3969 Laodicea,
2912 3895 3278 3965 Metrophane
3289 3894 3402 3947 Deo
3412 3886 3650 3945 amabili
3663 3893 3900 3943 metm"

2203 3987 2381 4058 polita
2393 3989 2663 4058 Smyrna,
2679 3983 2984 4056 Euthymio
3001 3986 3113 4040 Deo
3124 3980 3360 4038 amabili
3375 3975 3741 4048 metropolita
3759 3976 3891 4032 Ca-

2205 4085 2372 4150 tana,
2395 4077 2670 4134 Michaele
2688 4079 2802 4132 Deo
2821 4073 3058 4131 amabili
3087 4071 3449 4141 metropolita
3471 4066 3679 4138 Rhodi,
3703 4065 3895 4121 Hila-

2208 4169 2369 4224 rione
2397 4168 2511 4223 Deo
2539 4165 2774 4222 amabili
2808 4162 3167 4234 metropolita
3196 4158 3482 4230 Corinthi,
3514 4155 3732 4212 Basilio
3760 4156 3897 4211 Deo

2208 4247 2442 4304 amabili
2477 4245 2840 4316 metropolita
2864 4242 3206 4313 Antiochia,
3229 4239 3449 4313 lgnatio
3487 4239 3600 4294 Deo
3630 4234 3894 4291 amabili

2214 4337 2574 4408 metropolita
2585 4337 2752 4390 Hiera
2759 4333 2971 4403 poleos,
2985 4330 3259 4387 Michaele
3269 4331 3382 4384 Deo
3398 4323 3634 4383 amabili
3655 4328 3902 4380 metro-

2217 4425 2394 4498 polita
2444 4424 2632 4495 Bisia,
2693 4423 2906 4479 Joanne
2963 4422 3077 4478 Deo
3131 4417 3368 4475 amabili
3435 4410 3901 4482 archiepiscopo

448 4511 581 4579 tari,
630 4509 891 4566 Hemerio
928 4509 1499 4582 magniﬁcentissimo
1532 4505 1870 4580 proconsule
1902 4526 1969 4569 ac
1999 4527 2108 4584 pa—
2137 4537 2192 4598 D
2217 4513 2702 4584 Pompeiopoleos,
2723 4511 3010 4581 Stephano
3035 4510 3150 4564 Deo
3169 4505 3406 4598 amabili
3437 4500 3906 4598 archiepiscopo

449 4599 642 4670 tricio,
689 4597 1004 4667 Theophilo
1054 4598 1623 4670 magniﬁcentissimo
1668 4601 2006 4670 proconsule
2041 4616 2108 4658 ac
2140 4590 2184 4598 —
2217 4601 2596 4658 Amestriadis
2646 4600 2932 4670 Stephano
2961 4599 3076 4653 Deo
3099 4595 3336 4653 amabili
3370 4591 3735 4664 metropolita
3766 4590 3907 4662 Cy-

336 4718 342 4727 -
457 4688 722 4758 patricio,
769 4686 1044 4743 Michaele
1075 4686 1646 4759 magniﬁcentissimo
1676 4679 2027 4759 proconsule
2042 4703 2110 4747 ac

459 4777 724 4846 patricio,
775 4777 956 4832 Leone
1023 4775 1595 4847 magniﬁcentissimo
1664 4779 2003 4848 proconsule
2045 4793 2112 4836 ac

458 4865 723 4936 patricio,
757 4864 1014 4920 Palatino
1046 4864 1612 4938 magniﬁcentissimo
1645 4868 1889 4938 patricio
1919 4873 1977 4924 et
2001 4869 2120 4926 do—

461 4955 698 5010 mestico
717 4952 1135 5025 excubitorum,
1161 4953 1334 5010 Paulo
1362 4955 1928 5027 magniﬁcentissimo
1947 4958 2120 5028 patri-

460 5043 551 5099 cio
575 5048 631 5098 et
679 5039 962 5114 prafecto,
992 5042 1365 5113 Constantino
1401 5044 1972 5116 magniﬁcentissimo
2013 5061 2123 5116 pa—

458 5131 960 5204 tricio,Theodoro
979 5131 1546 5203 magniﬁcentissimo
1567 5134 1831 5204 patricio,
1855 5135 2121 5193 Brabatio

463 5220 1028 5292 magniﬁcentissimo
1073 5221 1336 5292 patricio,
1369 5221 1626 5278 Manuele
1669 5223 2127 5295 magniﬁcentis-

463 5310 610 5365 simo
642 5309 906 5380 patricio,
943 5309 1215 5365 Michaele
1251 5309 1824 5382 magniﬁcentissimo
1856 5311 2120 5382 patricio,

463 5398 884 5469 ’l‘heophylacto
936 5398 1506 5469 magniﬁcentissimo
1555 5399 1820 5471 patricio,
1869 5400 2128 5457 Manuele

467 5487 1038 5560 magniﬁcentissimo
1070 5487 1334 5559 patricio,
1357 5491 1413 5542 et
1441 5487 1740 5543 Fetronate
1763 5488 2131 5559 magniﬁcen-

470 5578 697 5634 tissimo
748 5576 1008 5646 patricio.
1056 5576 1340 5631 Similiter
1386 5575 1765 5631 consederunt
1803 5576 1861 5632 in
1898 5577 2128 5634 dextera

2222 4692 2554 4764 psallorum,
2588 4690 2793 4746 Photio
2806 4690 2922 4744 Deo
2951 4685 3190 4742 amabili
3220 4684 3655 4754 archiepiscOpo
3684 4683 3914 4739 Naco—

2224 4781 2336 4851 lia,
2365 4781 2577 4835 Joanne
2620 4780 2733 4834 Deo
2771 4775 3008 4833 amabili
3047 4773 3482 4844 archiepiscopo
3518 4770 3630 4843 Cii,
3668 4771 3915 4830 Jacobo

2223 4871 2336 4925 Deo
2365 4867 2601 4924 amabili
2631 4865 3062 4936 archiepiscopo
3107 4862 3465 4933 Methymna,
3496 4859 3740 4931 Hypatio
3773 4861 3920 4919 Deo

2224 4957 2461 5014 amabili
2497 4955 2932 5026 archiepiscopo
2970 4952 3228 5022 Garihel,
3286 4953 3468 5008 Leone
3497 4951 3610 5005 Deo
3637 4948 3921 5008 amabili

2227 5045 2664 5115 archiepiscopo
2683 5043 3012 5113 Neapoleos,
3045 5041 3352 5112 Euthymio
3381 5036 3752 5096 Deoamabili
3793 5052 3928 5095 ar—

2230 5135 2596 5204 chiepiscopo
2626 5132 3059 5202 Euchaitorum,
3094 5131 3308 5186 Basilio
3353 5130 3467 5185 Deo
3511 5125 3754 5183 amabili
3795 5141 3933 5186 ar—

2231 5223 2598 5293 chiepiscopo
2628 5221 2856 5291 Mistia,
2878 5220 3220 5291 Theophane
3257 5221 3370 5274 Deo
3399 5216 3637 5274 amabili
3665 5221 3935 5275 metro—

2237 5312 2416 5383 polita
2451 5311 2648 5383 Selga,
2693 5309 2981 5366 Marciano
3015 5311 3130 5366 Deo
3158 5305 3394 5364 amabili
3447 5304 3936 5379 archiepiscolio

2234 5400 2575 5471 Thebarum,
2606 5399 2780 5456 Paulo
2809 5401 2922 5455 Deo
2949 5397 3184 5454 amabili
3217 5395 3578 5469 metrOpolita
3607 5393 3935 5469 Apamia,

2235 5489 2510 5561 Gregorio
2553 5490 2666 5544 Deo
2717 5487 2951 5544 amabili
2985 5485 3418 5555 archiepiscopo
3448 5482 3624 5552 Parii,
3671 5483 3945 5543 Joanne

2237 5579 2350 5634 Deo
2395 5577 2632 5633 amabili
2661 5575 3092 5645 archiepiscopo
3121 5573 3294 5644 Nisa,
3321 5573 3534 5628 Joanne
3580 5572 3693 5626 Deo
3718 5581 3949 5630 ama-
