4024 6170
371 241 474 298 455

1547 239 1902 297 ANASTASII
1973 235 2514 296 BIBLIOTHECARII

3663 202 3806 294 456’

363 370 422 422 et
453 366 908 440 consecrationes
937 365 1350 440 episcOporum
1369 368 1426 440 et
1458 366 1710 440 potentia
1754 363 1874 440 [al.,
1894 380 2009 440 Apo-
2035 365 2092 428 A
2122 371 2311 423 natam
2333 363 2846 440 consuetudinem,
2895 367 3268 440 praeterquae
3309 375 3462 420 nunc
3502 361 3760 438 deﬁnita,

367 435 613 510 tentata]
659 435 1147 510 etprmceptione
1169 435 1521 510 principium
1561 437 1738 494 factas
1755 435 2009 507 'penitus

370 507 868 578 interdicentibus,
900 509 1311 579 concordantes
1337 507 1664 579 definimus,
1697 515 1754 564 et
1791 513 2010 565 senten-

369 581 506 635 tiam
541 592 642 634 nos
683 577 910 650 quoque
939 577 1302 650 proferimus,
1343 585 1406 635 ut
1443 581 1492 635 si
1535 577 1668 650 quis
1705 581 2008 650 episcopus

367 664 466 721 per
488 649 798 721 versutiam
823 649 908 704 vel
931 650 1290 720 tyrannidem
1323 649 1648 720 principum
1677 649 2006 720 hujusmodi

363 720 672 792 dignitatis
731 721 1216 792 consecrationem
1283 721 1622 791 susceperit,
1689 721 2008 790 deponatur

364 791 730 861 omnimodis,
774 797 970 860 utpote
990 791 1089 861 qui
1114 805 1225 847 non
1246 805 1314 846 ex
1335 792 1626 848 voluntate
1653 791 1774 858 Dei,
1797 797 1855 846 et
1887 792 2006 848 ritu

363 875 428 917 ac
469 862 696 917 decreto
739 863 1148 932 ecclesiastico,
1187 864 1281 919 sed
1322 877 1390 918 ex
1429 863 1720 918 voluntate
1756 863 2008 918 carnalis

366 947 568 1003 sensus
611 947 680 988 ex
718 933 1054 1003 hominibus
1095 939 1152 989 et
1190 947 1288 1003 per
1327 934 1588 989 homines
1631 934 1730 989 Dei
1774 935 2006 990 domum

368 1000 488 1076 [al.,
530 1001 764 1078 donum]
801 1003 1092 1074 possidere
1130 1000 1336 1076 voluit,
1365 1005 1451 1060 vel
1481 1006 1791 1062 consensit.

363 1110 511 1165 XIII.
563 1109 718 1176 Quod
766 1116 1007 1180 oporteat
1048 1113 1109 1165 in
1154 1127 1356 1179 magna
1402 1111 1644 1174 ecclesia,
1701 1113 1762 1165 in
1808 1111 2012 1165 minori

433 1181 614 1247 gradu
655 1184 982 1253 constitutos
1035 1183 1110 1237 ad
1157 1183 1391 1252 majores
1439 1183 1664 1236 honores
1711 1187 2012 1253 opportune

436 1252 754 1306 contendere
775 1255 799 1324 ,ἵ
832 1253 928 1306 sed
954 1268 1064 1306 non
1105 1269 1192 1308 eos
1239 1255 1337 1324 qui
1371 1255 1510 1322 foris
1547 1259 1678 1308 sunt
1713 1256 1854 1308 inter
1889 1253 2011 1307 illos

434 1324 672 1385 admitti,
705 1323 803 1377 sed
829 1340 926 1378 nec
948 1339 1035 1378 eos
1065 1325 1125 1378 in
1153 1325 1339 1379 eadem
1363 1325 1584 1378 ecclesia
1608 1326 2009 1386 connumcrari,

433 1399 533 1466 aut
561 1396 836 1458 constitui,
883 1397 980 1464 qui
1001 1401 1323 1466 procurant,
1360 1411 1456 1450 seu
1485 1399 1708 1450 tuentur
1739 1397 2010 1466 proastio,

434 1465 520 1519 vel
561 1467 908 1520 sweularium
937 1465 1138 1522 domos.

433 1562 714 1632 Quoniam
731 1563 959 1634 quidem
988 1564 1136 1620 dicit
1159 1563 1377 1620 alicubi
1402 1563 1664 1635 divinum
1678 1563 1970 1635 eloquium
1994 1580 2008 1618 :

365 1636 575 1702 Dignus
621 1640 701 1706 est
746 1633 1030 1704 ope-rarius
1070 1636 1310 1690 mercede
1352 1652 1455 1691 sua
1493 1633 1641 1706 (Luc.
1685 1635 1785 1706 x1),

367 1705 449 1762 rei
489 1705 672 1776 gratia
717 1711 772 1778 et
809 1719 914 1778 nos
949 1707 1326 1778 dicernimus,
1366 1713 1422 1762 et
1461 1705 1916 1778 promulgamus,
1949 1711 2013 1762 ut

365 1789 582 1848 magna:
619 1776 873 1833 ecciesiaa
915 1777 1137 1846 clerici,
1173 1778 1272 1848 qui
1307 1777 1364 1833 in
1396 1776 1674 1847 subjectis
1703 1776 2012 1834 ordinibus

366 1847 571 1920 morati
596 1852 800 1920 sunt,
833 1847 902 1904 ad
953 1847 1207 1918 majores
1239 1849 1452 1920 gradus
1489 1849 1816 1918 ascendant,
1859 1854 1927 1920 et
1959 1848 2009 1903 si

363 1918 528 1990 digni
561 1917 896 1983 claruerint,
939 1917 1280 1976 melioribus
1310 1919 1528 1990 perfrui
1562 1917 1886 1975 mereantur
1917 1918 2013 1975 ho-

367 1988 644 2064 noribus;
676 2003 805 2044 cum
835 1991 1021 2064 aliqui
1050 2005 1268 2064 eorum,
1303 1988 1402 2062 qui
1452 1991 1688 2064 inipsis
1721 1994 1876 2064 sunt,
1909 1993 2012 2064 aut

365 2073 466 2184 per
506 2059 916 2116 incrementum
940 2059 1026 2118 ‘ad
1061 2059 1355 2131 superiOra
1398 2059 1720 2117 ministeria
1749 2059 2008 2116 advecati

393 2131 606 2184 uerint.
637 2135 739 2184 aut
770 2146 870 2184 uer
897 2146 1252 2184 communem
1303 2137 1521 2184 naturai
1552 2133 1858 2184 terminum
1885 2133 2008 2184 dor-

393 2131 606 2201 uerint,
637 2135 739 2202 aut
770 2146 870 2202 per
897 2146 1252 2188 communem
1303 2137 1521 2188 natura:
1552 2133 1858 2188 terminum
1885 2133 2012 2187 dor-

367 2203 608 2274 mientes
636 2201 965 2274 defuerint;
997 2205 1091 2260 sed
1127 2217 1236 2259 non
1269 2218 1336 2259 ex
1371 2204 1512 2274 illis,
1547 2204 1646 2273 qui
1679 2203 1822 2260 foris
1851 2207 2006 2273 sunt,

364 2273 548 2346 aliqui
578 2287 637 2346 se
659 2272 752 2328 his
773 2272 1144 2346 innectentes,
1167 2274 1390 2330 debitas
1415 2272 1519 2343 eis,
1544 2272 1644 2344 qui
1673 2274 1863 2346 multo
1879 2272 2012 2328 tem;

367 2357 502 2414 pore
527 2343 946 2417 laboraverunt,
973 2343 1286 2417 dignitates
1311 2346 1396 2400 vel
1423 2343 1666 2417 honores
1691 2345 2008 2417 recipiant;

365 2428 432 2470 ac
459 2413 687 2484 per,hoc
726 2413 1094 2472 inveniantdr
1133 2416 1388 2472 ecclesiae
1417 2416 1612 2471 clerici
1642 2413 2010 2472 nullo’modo

368 2485 1046 2556 proﬁcere.iNullatenus
1101 2493 1291 2543 autem
1359 2487 1602 2542 habeant
1655 2491 2006 2556 potestatem,

367 2555 470 2625 qui
503 2555 1176 2630 principum‘domorum,
1204 2572 1304 2630 seu
1330 2555 1790 2614 suburbanarum
1819 2570 2008 2630 rerum

367 2639 563 2700 curam
633 2627 955 2700 gesserint,
995 2627 1171 2700 inter
1213 2629 1428 2685 clerum
1487 2641 1702 2700 magnae
1757 2627 2011 2700 ecclesiae

367 2696 588 2769 colligi,
643 2696 728 2754 vel
775 2696 1092 2755 constitui:
1128 2711 1158 2740 τι
1179 2701 1344 2756 Nemo
1387 2696 1607 2769 quippe'
1627 2703 1736 2754 Deo
1764 2699 2009 2753 militans

367 2769 553 2822 saeculi
588 2770 817 2842 negotiis
854 2771 1169 2839 implicatur
1199 2769 1272 2840 (ΙΙ
1313 2773 1448 2825 Tim.
1491 2771 1570 2842 ιι).
1614 2771 1673 2826 Si
1711 2783 1842 2825 vero
1877 2769 2010 2840 quis

370 2844 574 2928 Βῗῖίῖξίίτ
587 2839 983 2928 ξίέθέἶῗῖίρῖῗβφ
999 2854 1166 2928 ΨΨΨ
1183 2839 1334 2928 ηΨΨ
1350 2839 2010 2928 Ρφῖῑινῖίωιέδᾷδτοηῖῥψδ

367 2909 649 2993 fuerit-in
681 2909 1033 2993 quocunque
1055 2926 1270 2993 magna:
1299 2909 1554 2993 ee'clesiae
1585 2909 1790 2993 gradu,
1824 2925 2012 2993 repro-

369 2979 539 3036 betur
565 2979 1012 3055 omnimodis'ab
1041 2979 1196 3039 omﬁi
1239 2979 1628 3040 ecclesiastico
1659 2979 1859 3055 gradu,
1889 2979 2013 3038 tan-

371 3065 556 3126 quam
585 3051 685 3122 qui
725 3059 922 3109 contra
963 3067 1220 3126 magnam
1259 3055 1536 3126 synodum
1583 3041 1880 3124 provectus
1922 3067 2013 3108 ex-
2039 3041 2089 3104 C

371 3122 606 3178 stiterit.

369 3229 516 3302 XIV,
563 3228 718 3302 Quod
763 3235 1005 3300 Oporteat
1050 3247 1156 3295 eos,
1202 3234 1300 3302 qui
1339 3248 1440 3302 per
1487 3232 1732 3286 diuinam
1776 3233 2013 3298 gratiam

442 3300 518 3354 ad
550 3301 859 3384 lepiscOpate
905 3304 1145 3372 ofﬁcium
1190 3300 1571 3384 convoeantur,
1607 3318 1828 3384 omnem
1870 3317 2014 3355 reuc-

439 3373 676 3426 rentiam
712 3377 764 3426 et
797 3373 1052 3428 honorem
1085 3377 1280 3430 mereri
1311 3375 1382 3428 ab
1421 3377 1490 3428 iis
1521 3376 1618 3444 qui
1639 3389 1742 3444 per
1772 3378 2013 3442 tempora

443 3447 541 3496 aut
576 3447 907 3511 strategatus
947 3447 1308 3502 ministerium
1345 3447 1672 3508 sortiuntur,
1715 3449 1814 3499 aut
1853 3445 2015 3498 aliter

435 3514 748 3584 principari
774 3515 1045 3571 videntur.

443 3601 554 3686 "Eos
583 3602 746 3686 quia
775 3603 974 3658 divina
1003 3604 1190 3686 gratia
1216 3605 1285 3660 ad
1317 3603 1638 3686 episcopale
1666 3603 2017 3686 advecantur

373 3669 672 3757 officium,
703 3677 974 3757 tanquam
1007 3669 1432 3757 imaginemet
1484 3669 1725 3757 ﬁguram
1746 3673 2016 3757 terentes

375 3749 703 3798 sanctorum
733 3743 1052 3815 ctelestium
1097 3743 1548 3815 hierarcharum,
1582 3745 1638 3800 id
1679 3749 1767 3800 est
1793 3743 2018 3814 angelo-

375 3826 525 3882 rum,
558 3813 871 3888 secundum
903 3814 1327 3888 hierarchicum
1361 3813 1793 3888 plane‘gradum
1819 3813 2018 3888 etimo-

376 3883 712 3966 rem,_otrini
747 3882 959 3966 honore
987 3885 1194 3966 dignes
1235 3887 1307 3966 ab
1323 3882 1616 3966 _o_mnibus
1652 3885 2018 3966 principibus

377 3957 436 4035 et
462 3953 1036 4035 subditis__sane_imus
1057 3953 1283 4035 haberi,
1323 3960 1394 4035 Et
1432 3953 1789 4035 nequaquam
1819 3953 2018 4035 strate:

379 4024 490 4100 gis,
521 4024 996 4100 vel_qu_ibuslidet
1029 4027 1168 4084 aliis
1197 4024 1562 4100 principibus
1585 4024 1784 4086 obvios
1818 4027 2015 4098 procul

379 4093 451 4148 ab
481 4093 770 4172 ecclesiis
829 4098 956 4172 suis
1013 4093 1331 4172 occurrere,
1381 4093 1476 4158 sed
1537 4114 1720 4172 neque
1767 4093 1943 4156 semet
1983 4112 2016 4154 a

380 4164 562 4248 multo
601 4167 788 4248 spatio
825 4169 894 4224 de
931 4170 1098 4240 equis
1139 4172 1225 4248 vel
1272 4164 1447 4228 mulis
1483 4164 1708 4248 ejicere,
1748 4176 2016 4248 aut_cum

380 4241 588 4291 timore
627 4250 693 4292 ac
713 4244 978 4312 tremore
1017 4242 1310 4312 procidere
1351 4257 1418 4300 ac
1457 4241 1732 4312 adorare;
1778 4241 1872 4297 sed
1916 4255 2017 4296 nec

379 4320 508 4385 eum
559 4309 1340 4385 smcuia‘ribusiprincipibus
1384 4315 1453 4370 ad
1502 4309 1748 4369 mensam
1801 4313 2016 4385 intrare

382 4377 520 4460 hera
551 4377 1051 4460 prandii,_eosdém
1074 4377 1224 4460 quos
1249 4385 1339 4441 illi
1367 4385 1611 4460 honores
1635 4383 1903 4460 strategis
1925 4397 2018 4460 eit-

380 4447 662 4534 hiben:tes,
721 4447 839 4534 sed
879 4447 1192 4534 secundum
1244 4455 1677 4534 congruentiam
1729 4447 2017 4534 spiritalis

379 4519 705 4646 digjnitatis,
733 4537 798 4580 ac
826 4525 1062 4582 honoris
1086 4528 1200 4596 sui,
1233 4519 1468 4582 reddere
1493 4525 1722 4596 quidem
1750 4519 2019 4581 omnibus

379 4589 450 4646 de
493 4591 593 4646 ita.
633 4594 728 4646 cui
769 4598 1029 4646 vectigal-
1077 4599 1337 4646 νρλειίρειι-
1383 4597 1478 4646 cui
1522 4595 1810 4646 honorem-
1847 4597 2019 4646 hono-

379 4589 594 4664 debita,
633 4594 728 4669 cui
769 4598 1030 4669 vectigal,
1077 4589 1338 4668 vectigal,
1383 4597 1479 4652 cui
1510 4589 1811 4669 honorem,
1847 4597 2022 4669 houo-

381 4675 534 4717 rem:
571 4664 825 4738 praaferri
856 4664 1043 4725 autem
1075 4674 1132 4724 et
1162 4664 1398 4724 multam
1429 4681 1461 4722 a
1489 4664 1854 4738 principibus
1883 4667 2022 4722 ami-

378 4745 574 4818 eorum
605 4737 821 4794 Christi
869 4739 1274 4818 imperatorum
1310 4737 1750 4818 venerationem,
1783 4745 1839 4818 et
1875 4750 2023 4818 reve-

381 4808 622 4887 rentiam
669 4808 1383 4887 promereritconse‘ssores
1423 4823 1641 4887 eorum,
1689 4817 1744 4887 et
1784 4808 2022 4887 honoris

379 4877 916 4936 similisex’istentes
943 4900 957 4950 ;
980 4881 1058 4936 ita
1084 4886 1148 4937 ut
1181 4881 1448 4936 ﬁduciam
1485 4877 1728 4937 habeant
1767 4879 2021 4950 episcopi

378 4960 616 5018 arguere
645 4956 924 5022 strategos
959 4952 1270 5021 multoties,
1307 4957 1363 5007 et
1391 4952 1538 5008 alios
1582 4953 1891 5022 principes,
1927 4955 2024 5006 at—

381 5031 488 5095 que
517 5034 736 5095 omnem
776 5022 971 5078 saeculi
997 5023 1358 5095 dignitatem,
1388 5038 1516 5080 cum
1552 5023 1831 5093 injustum
1859 5026 1930 5095 et
1952 5023 2022 5078 ir-

379 5089 916 5172 ratienabile‘agere
955 5089 1095 5164 quid
1141 5095 1276 5172 iilos
1311 5089 1564 5172 inyeneri
1580 5089 1674 5172 nt,
1686 5099 1748 5172 et
1793 5107 1892 5172 per
1916 5093 2023 5172 hoc

377 5163 664 5231 corrigere
700 5167 755 5216 et
785 5163 1016 5220 reddere
1054 5166 1337 5222 meliores.
1364 5167 1423 5222 Si
1455 5180 1585 5220 vero
1623 5165 1841 5235 aliquis
1891 5165 2024 5234 epi-

378 5242 605 5315 seopus,
639 5238 765 5315 post
793 5235 1182 5315 deﬁnitionem
1209 5241 1458 5315 sanctam
1499 5236 1722 5315 synodi,
1763 5235 2020 5315 debitum

377 5304 435 5354 et
462 5304 731 5382 eanonice
753 5305 1029 5382 collatum
1057 5307 1169 5365 sibi
1196 5304 1600 5382 contempserit
1638 5307 2022 5382 honorem,“et

379 5372 519 5440 quid
561 5375 870 5431 secundum
901 5383 1140 5433 veterem
1191 5383 1247 5434 et
1285 5372 1654 5434 inhumanam
1693 5391 1758 5432 ac
1791 5372 2018 5434 inordit-

449 5493 472 5520 ι
497 5481 576 5536 Ita
605 5481 1348 5558 inexemplaribusGrtecis
1375 5484 1696 5540 invenitur:
1724 5484 1794 5558 Et
1823 5497 2014 5558 revera

383 5566 544 5609 nemo
567 5554 825 5611 militans
848 5558 960 5612 Deo
983 5557 1133 5626 apud
1163 5554 1298 5613 illos
1316 5557 1546 5626 impune
1569 5556 1792 5611 caeteris
1819 5555 2016 5612 mundi

380 5629 629 5698 negotiis
653 5627 1004 5698 implicatur.

2091 5045 2099 5048 ·
2131 5021 2605 5080 consecrationes.

2122 443 2275 510 sunt,
2322 435 2846 510 ﬁeriﬁpermiserit,
2901 438 3292 510 sequestretur
3333 447 3484 490 anno
3530 447 3666 510 uno,
3709 435 3766 491 et

2120 506 2385 580 princeps
2417 506 2516 564 ille
2547 507 2776 563 duobus
2803 507 3122 580 annisnon
3162 511 3446 571 mereatur
3473 506 3766 580 percipere

2118 576 2520 651 mysteriorum
2544 591 2645 634 nec
2661 577 3178 634 sanctiﬁcationum
3209 576 3688 633 communionem.

2115 687 2242 743 XV.
2273 685 2427 752 Quod
2458 700 2568 739 non
2594 688 2837 754 aportcat
2864 684 3108 738 alienare
3144 683 3376 746 cimelia,
3405 683 3492 737 uel
3512 699 3616 753 per
3645 699 3768 738 em—

2323 757 2636 827 phyteusim
2673 756 2884 809 salaria
2909 755 3254 809 ecclesiarum
3293 754 3551 809 tribuere.

2186 862 2546 933 Apostolicos
2569 865 2626 916 et
2660 864 2922 933 paternos
2973 874 3219 933 canones
3266 873 3544 916 renovans
3573 864 3772 916 sancta

2118 931 2618 991 haac‘universalis
2648 932 2917 1004 synodus,
2937 931 3199 988 deﬁnivit
3231 933 3511 1004 neminem
3531 945 3772 1004 prorsus

2117 1007 2448 1076 episcopum
2495 1005 2733 1060 vendere
2770 1003 2857 1058 vel
2895 1007 3185 1072 utcunque
3228 1003 3486 1076 alienare
3535 1003 3769 1076 cimelia

2118 1072 2174 1134 et
2219 1072 2350 1131 vasa
2397 1080 2636 1143 sacrata,
2687 1079 2920 1146 excepta
2975 1087 3147 1130 causa
3189 1073 3351 1146 olim,
3386 1072 3459 1129 ab
3503 1073 3771 1146 antiquis

2119 1147 2436 1204 canonibus
2466 1151 2686 1215 ornata,
2719 1145 2988 1200 videlicet
3016 1159 3142 1214 qua:
3173 1145 3544 1215 accipiuntur
3579 1145 3640 1200 in
3672 1158 3772 1200 re—

2119 1219 2502 1288 demptionem
2545 1217 2953 1288 captivorum;
2987 1215 3081 1272 sed
3133 1229 3234 1272 nec
3277 1216 3501 1288 tradere
3555 1215 3771 1288 salaria

2120 1285 2496 1346 ecclesiarum
2527 1289 2588 1344 in
2609 1285 3028 1358 emphyteutica
3055 1292 3236 1357 pacta,
3275 1300 3378 1343 nec
3401 1285 3553 1358 alias.
3581 1287 3776 1358 rusti-

2122 1375 2218 1416 cas
2259 1359 2650 1430 possessiones
2675 1357 3019 1430 venundare,
3051 1371 3118 1414 ac
3153 1371 3251 1430 per
3282 1358 3388 1414 hoc
3411 1357 3778 1430 ecclesiasti—

2121 1446 2220 1512 cos
2246 1427 2507 1488 redditus
2532 1429 2754 1500 laedere,
2771 1443 2916 1512 quos
2939 1428 3006 1484 ad
3041 1427 3330 1512 propriam
3363 1427 3698 1512 utilitatem,
3715 1434 3776 1483 et

2123 1502 2196 1558 ob
2211 1516 2395 1558 escam
2421 1499 2814 1572 pauperumet
2839 1499 3266 1572 peregrinorum
3295 1499 3774 1572 sustentationem

2123 1587 2246 1629 esse
2305 1570 2716 1630 decernimus:
2775 1570 2997 1627 omnem
3063 1584 3195 1628 vero
3249 1570 3776 1626 ecclesiasticarum

1839 1635 2014 1736 ξῑὲιιὶξξξ
2043 1673 2097 1736 Β
2125 1658 2316 1736 ςφειξῐη
2363 1647 2738 1736 postestatem‘
2776 1641 3071 1736 habentem
3112 1646 3172 1726 et
3197 1641 3675 1736 ‘has‘meli-orare,
3707 1653 3778 1696 ac

2119 1712 2558 1785 dilatare—prout
2576 1713 2898 1784 oportuerit
2926 1713 3313 1769 ecclesiastica
3334 1712 3476 1782 ioca,
3515 1725 3616 1785 per
3646 1725 3779 1785 quae

2123 1782 2544 1842 redditus'ﬁunt
2565 1803 2582 1854 ;
2600 1782 2658 1840 et
2674 1785 2910 1854 insuper
2925 1785 3287 1854 prepriarum
3307 1796 3498 1838 rerum
3525 1782 3782 1854 disposi-

2121 1858 2332 1913 tionem
2401 1856 2770 1924 distribuere,
2836 1869 2902 1911 ac
2947 1855 3304 1910 committere
3357 1867 3459 1910 seu
3511 1855 3780 1910 conferre

2122 1928 2564 1998 quibuscunque
2596 1926 2843 1984 voluerit
2857 1932 2914 1982 et
2931 1925 3280 1998 iudicaverit
3289 1926 3455 1995 juxta
3482 1925 3778 1996 pr0priam

2121 1996 2450 2069 potestatem
2475 1996 2560 2054 ac
2603 1998 2980 2069 dominatum.
3037 1996 3317 2067 Quisquis
3355 2001 3545 2053 autem
3590 2008 3782 2069 appa—

2121 2067 2304 2125 ruerit
2345 2073 2472 2139 post
2507 2069 2650 2124 hanc
2685 2068 3077 2124 deﬁnitionem
3122 2073 3372 2123 nostram
3417 2067 3781 2122 contrarium

2119 2141 2260 2211 quid
2294 2141 2430 2196 huic
2461 2145 2668 2196 sanctae
2697 2145 2753 2195 et
2788 2139 3100 2211 universali
3134 2139 3348 2211 synodo
3380 2151 3564 2208 agere,
3611 2139 3787 2207 depo-

2122 2209 2292 2268 natur
2313 2217 2376 2266 ut
2406 2211 2806 2281 prmvaricator
2831 2209 3159 2265 divinarum
3191 2209 3376 2281 legum
3401 2215 3458 2265 et
3479 2213 3788 2281 praecepto-

2123 2297 2270 2353 rum,
2307 2278 2523 2338 cassata
2547 2281 2814 2337 videlicet
2837 2281 3081 2353 omnino
3109 2295 3236 2350 qua-
3255 2278 3518 2353 ’factarest
3549 2281 3611 2336 in
3639 2278 3790 2353 scri-

2093 2349 2367 2424 -ptis'vel
2418 2353 2544 2408 sine
2599 2353 2834 2424 scriptis
2871 2351 2943 2407 ab
2989 2349 3254 2424 episcopo
3293 2351 3641 2424 venditione,
3693 2349 3784 2406 vel

2119 2421 2540 2494 emphyteutica
2571 2421 3011 2494 traditione,vei
3041 2422 3157 2477 alia
3187 2421 3390 2494 quavis
3409 2421 3784 2494 alienatione,

2119 2493 2479 2551 cimeliorum
2503 2494 2725 2550 scilicet
2762 2499 2818 2550 et
2838 2493 3178 2549 salariorum
3211 2493 3486 2549 locorum.
3514 2493 3626 2562 Qui
3649 2506 3788 2548 vero

2119 2567 2321 2622 emerit
2353 2571 2454 2624 aut
2485 2565 2799 2634 perceperit
2822 2563 3042 2634 aliquid
3085 2577 3152 2619 ex
3193 2563 3484 2632 praedictis
3529 2563 3788 2620 cimeliis

2118 2637 2203 2692 vel
2235 2633 2562 2704 salariis,’et
2592 2633 2702 2692 no’n
2744 2633 3064 2691 restituerit
3079 2634 3365 2706 ecclesiae,
3390 2635 3620 2706 iterum,
3653 2648 3788 2706 qum

2118 2707 2371 2763 ecclesiae
2431 2710 2568 2763 sunt
2630 2707 2716 2762 vel
2771 2720 2882 2762 non
2931 2705 3247 2762 reddiderit
3305 2705 3374 2761 ad
3419 2705 3789 2762 incidendam

2119 2779 2372 2834 chartam
2400 2778 2754 2848 venditionis
2782 2776 2866 2833 vel
2905 2776 3358 2848 emphyteuseos,
3381 2775 3460 2832 sit
3479 2777 3789 2848 anathema

2121 2851 2439 2919 usquedum
2480 2847 2678 2904 fecerit
2718 2849 2866 2920 quod
2905 2847 2978 2920 ab
3004 2845 3121 2902 hac
3141 2845 3428 2920 sanctast
3465 2845 3787 2920 universali

2119 2917 2332 2990 synodo
2362 2917 2756 2976 conﬁrmatum
2777 2924 2882 2975 est.
2914 2919 2972 2974 Si
3008 2917 3543 2990 autemepiscopus
3577 2917 3792 2990 convi—

2119 2988 2248 3047 ctus
2287 2989 2462 3046 fuerit
2494 2991 2886 3047 construxisse
2917 2989 3326 3045 monasterium
3355 2989 3426 3044 de
3457 2988 3792 3045 redditibus

2117 3061 2545 3132 ecclesiasticis,
2579 3061 2764 3117 tradat
2811 3059 3230 3132 ipsumeidem
3277 3059 3547 3132 ecclesia}
3576 3073 3792 3132 mona—

2119 3133 2404 3202 sterium;
2459 3130 2690 3188 si'vero
2735 3133 2805 3187 de
2841 3130 3097 3202 propriis
3135 3131 3324 3202 rebus,
3366 3135 3466 3202 aut
3519 3131 3590 3187 de
3643 3131 3790 3186 aliis

2121 3201 2466 3275 quibusdam
2521 3201 3018 3275 conventionibus,
3080 3201 3284 3257 habeat
3315 3201 3319 3202 ⁷
3347 3201 3426 3275 id_
3464 3202 3788 3275 secundum

2122 3272 2409 3346 prOpriam
2456 3279 2789 3346 potestatem
2814 3279 2873 3346 et
2888 3274 3254 3346 voluntatem‘
3275 3273 3430 3346 omni
3484 3272 3601 3328 vita
3632 3285 3786 3346 sua;

2121 3341 2328 3416 etpost
2364 3341 2528 3402 tinem
2569 3346 2700 3401 vitae
2736 3345 2996 3401 dimittat
3035 3348 3092 3400 et
3119 3341 3371 3416 conterat
3414 3343 3518 3416 hoc
3547 3342 3792 3416 quibus-

2122 3413 2349 3544 eiuiique
2397 3417 2662 3488 voluerit,
2695 3430 2809 3472 non
2850 3420 3035 3472 tamen
3082 3414 3355 3470 szeculare
3399 3413 3793 3471 diversorium

2163 3501 2240 3544 a.

2124 3586 2265 3640 XVI.
2311 3586 2387 3638 De
2419 3599 2526 3637 non
2553 3583 2769 3638 utendis
2797 3584 3017 3653 penitus
3057 3582 3538 3637 adinventionibus
3577 3581 3655 3636 ad
3683 3597 3798 3636 ea)-

2195 3656 2572 3709 honorantiam
2618 3656 2796 3709 sancti
2835 3653 3140 3709 sacerdotii.
3191 3655 3495 3724 Imperator
3537 3668 3662 3707 vero
3703 3654 3798 3708 uel

2189 3727 2466 3796 princeps,
2513 3727 2562 3780 si
2602 3727 2740 3779 talia
2787 3727 2995 3792 fecerit,
3039 3725 3432 3793 redarguatur,
3482 3729 3535 3778 et
3579 3739 3799 3794 separe-

2196 3802 2289 3850 tur
2305 3815 2322 3850 :
2363 3795 2413 3850 si
2461 3801 2642 3850 autem
2693 3811 2805 3852 non
2834 3798 3173 3867 paenituerit,
3231 3798 3395 3851 etiam
3430 3795 3802 3850 anathemati-

2194 3873 2364 3922 zetur.

2195 3955 2416 4027 Magnis
2461 3954 2786 4038 eiuletibus
2839 3957 2896 4010 et
2929 3954 3160 4038 ‘muitis
3217 3953 3484 4038 lacrymis
3543 3953 3796 4038 dignum

2123 4025 2328 4110 opus‘a
2360 4025 2561 4110 multis
2581 4026 2860 4109 ﬁdelibus
2878 4025 2947 4110 ad
2977 4030 3202 4110 uestros
3229 4025 3484 4110 pervenit
3502 4025 3791 4110 auditus:

2125 4096 2292 4153 aiunt
2319 4097 2470 4152 enim
2512 4096 2692 4153 fuisse
2727 4097 3000 4167 quosdam
3029 4097 3208 4154 laicos
3237 4097 3344 4153 sub
3373 4110 3439 4153 eo
3478 4097 3579 4167 qui
3608 4109 3800 4166 nuper

2128 4169 2430 4240 imperavit
2469 4169 2530 4223 in
2559 4169 2762 4224 ordine
2786 4169 3106 4240 senatorio,
3139 4169 3240 4240 qui
3273 4167 3586 4240 secundum
3607 4167 3801 4240 diver-

2127 4237 2246 4295 sam
2297 4239 2721 4310 imperatoriam
2765 4239 3105 4310 dignitatem
3158 4237 3508 4295 videbantur
3541 4237 3801 4308 capillo—

2127 4324 2252 4366 rum
2286 4323 2519 4380 comam
2576 4311 3018 4380 circumplexam
3079 4311 3364 4366 involvere
3419 4313 3592 4380 atque
3633 4321 3800 4379 repo-

2129 4395 2261 4437 nere
2282 4379 2413 4452 b,et
2456 4383 2694 4452 gradum
2739 4379 2902 4451 quasi
2949 4381 3354 4437 sacerdotalem
3399 4379 3796 4450 per’quaedam

2128 4451 2362 4510 inducta
2409 4451 2478 4508 et’
2511 4453 2848 4508 vestimenta
2895 4451 3271 4508 sacerdotalia
3309 4464 3552 4521 sumere,
3596 4456 3671 4520 et,
3727 4457 3800 4506 ut

2129 4525 2456 4596 putabatur,
2483 4524 2782 4596 episcOpos
2801 4523 3173 4596 constituere,
3196 4521 3797 4596 superhumeralibus,

2129 4592 2186 4652 id
2259 4601 2346 4652 est
2393 4592 2641 4666 palliis,
2675 4592 3167 4666 circumamictos,
3202 4599 3280 4666 iet
3330 4606 3568 4666 omnem
3615 4592 3799 4666 aliam

2129 4663 2512 4738 pontiﬁcalem
2553 4665 2786 4738 indutos
2830 4665 3074 4734 stolam;
3116 4663 3215 4736 qui
3266 4664 3439 4738 etiam
3491 4663 3801 4738 proprium

2129 4734 2512 4809 patriarcbam
2592 4735 2955 4809 ascribente_s_
3027 4734 3157 4792 eum
3221 4735 3334 4809 qui
3405 4734 3467 4790 in
3526 4735 3808 4809 adiuven-

2129 4805 2390 4866 tionibus
2439 4809 2622 4864 risum
2693 4805 3050 4863 moventibus
3104 4805 3374 4877 praelatus
3427 4809 3484 4877 et
3527 4805 3727 4876 prince

2130 4885 2272 4950 erat,
2315 4886 2373 4936 et
2421 4878 2795 4950 insultabant,
2852 4883 2931 4950 et,
2969 4876 3288 4950 illudebant
3336 4876 3666 4950 quibusque
3711 4876 3809 4932 di-

2131 4948 2304 5021 vinis,
2376 4953 2542 5006 modo
2606 4949 2838 5021 quidem
2886 4949 3212 5018 electiones,
3291 4948 3698 5021 promotiones
3737 4951 3810 5004 et

2695 5019 2860 5074 modo
2945 5025 3134 5076 autem
3209 5023 3374 5076 acute
3447 5018 3801 5075 calumnias.

2129 5091 2524 5150 damnationes
2580 5094 2637 5146 et
2700 5089 3088 5160 depositiones
3161 5090 3558 5160 episcoporum
3625 5083 3807 5159 quasi

2130 5165 2202 5221 ab
2255 5163 2518 5233 invicem,
2567 5165 2622 5217 et
2668 5175 2766 5231 per
2806 5161 3048 5216 invicem
3093 5161 3502 5233 miserabiliter
3547 5164 3605 5216 et
3643 5173 3809 5233 pra}-

2131 5234 2471 5291 varicatorie
2507 5231 2748 5304 agentes
2775 5237 2830 5288 et
2875 5233 3170 5304 patientes.
3216 5231 3372 5288 Talis
3409 5237 3598 5304 autem
3643 5231 3807 5304 actio

2131 5321 2232 5363 nec
2263 5305 2410 5374 apud
2462 5309 2662 5376 gentes
2701 5317 2733 5360 a
2777 5303 2987 5376 saeculo
3027 5303 3519 5376 unquamuaudita
3559 5303 3807 5376 est,_ita

2129 5385 2194 5434 ut
2232 5371 2452 5448 pejores
2467 5371 2545 5430 'et
2591 5374 3042 5432 miserabiliores
3083 5371 3418 5429 inﬁdelibus
3455 5371 3810 5431 nationibus

2194 5484 2224 5527 ι)
2249 5485 2332 5540 Ita
2379 5496 2624 5554 namque
2671 5496 2704 5539 a
2741 5483 2960 5539 cervice
3007 5493 3190 5554 usque
3229 5479 3312 5554 ad
3339 5479 3529 5550 capita
3571 5483 3806 5554 conter-

2129 5555 2398 5683 queiiant,
2445 5559 2510 5610 ut
2531 5549 2794 5611 "clericali
2827 5566 2982 5610 more
3013 5553 3069 5608 in
3100 5549 3424 5608 rotundum
3448 5551 3602 5608 tonsi
3646 5549 3808 5606 vide-

2133 5641 2231 5683 ren
2265 5643 2352 5684 ur.
