4052 6168
264 310 362 369 461

1041 303 1586 364 INTERPRETATIO
1622 301 1872 358 SYNODI
1907 299 1926 344 Ἰ

2062 302 2463 361 GENERALIS.
2491 335 2565 345 —
2582 305 2784 362 ACTIO
2820 308 2893 361 X.

3576 310 3681 369 462

261 404 1910 508 quifacitopusDomininegligenter(1er.invni),quidam
1939 432 1997 491 A
2026 427 2303 508 pliore‘m]
2352 432 2745 508 synodumuet
2789 433 3100 508 multorum
3153 437 3435 492 sententia
3481 439 3678 495 clerici

262 502 838 577 metmpolitanorum
873 505 929 560 in
965 510 1273 577 extremam
1306 502 1711 577 negligentiam
1742 503 1914 577 etde-

263 573 476 635 sidiam
507 577 749 645 delassi,
776 575 1260 646 praeceptionibus
1294 573 1420 629 suis
1441 573 1728 646 subjectos
1758 573 1824 628 ad
1854 586 1913 627 se

258 650 559 706 adducunt
588 644 906 718 episcopos,
930 654 985 701 et
1012 646 1381 718 committunt
1402 645 1488 700 eis
1508 644 1760 699 ecclesia:
1795 656 1914 718 pro-

262 722 403 791 prius
463 714 661 775 divina
700 714 906 791 ofﬁcia,
952 723 1008 791 et
1050 717 1391 791 litanias,_et
1433 720 1637 791 cuncia
1680 714 1914 769 omnino

262 786 421 847 sacra
474 805 601 860 qua:
645 790 715 844 ad
760 803 821 845 se
861 788 1145 858 pertinent
1194 787 1548 860 ministeria;
1585 786 1663 860 ita
1704 792 1764 839 ut
1818 798 1915 854 per

262 863 397 918 illos
425 857 717 917 celebrent
754 857 946 917 omnia
968 874 1092 929 quzn
1122 872 1219 928 per
1245 863 1420 913 semet
1448 857 1730 929 alacriter
1748 870 1914 926 agere

258 933 591 1001 debuerint,
618 945 684 987 ac
711 945 810 1000 per
836 930 891 986 id
913 926 1026 993 eos,
1053 926 1154 1000 qui
1175 926 1913 1001 episcopalem‘digni‘tatem

262 998 625 1065 meruerunt;
682 998 1110 1072 quodammodo
1150 998 1392 1055 clericos
1457 998 1914 1072 sibi‘subjectos

257 1075 588 1130 exhibeant.
626 1068 838 1127 Vacant
861 1078 1048 1127 autem
1074 1071 1244 1126 iidem
1272 1076 1474 1139 praeter
1492 1068 1914 1124 ecclesiasticas

260 1146 418 1217 leges
432 1143 814 1200 sascularibus
832 1143 990 1217 curis
1008 1140 1703 1217 atquedispositionibus,
1722 1139 1916 1217 dimit-

263 1209 451 1272 tentes
482 1227 838 1285 perseverare
868 1214 927 1268 in
950 1209 1311 1285 orationibus
1331 1217 1395 1285 et
1420 1209 1915 1285 obsecrationibus

264 1302 367 1357 pro
380 1282 824 1342 suisdelictisac
841 1283 1034 1357 pepuli
1058 1282 1434 1357 ignorantiis;
1467 1282 1615 1357 quod
1634 1292 1913 1357 nusquam

263 1350 415 1428 apud
462 1357 694 1427 aliquos
748 1350 979 1428 penitus
1011 1350 1320 1428 invenitur,
1351 1350 1591 1428 cum—sit
1617 1350 1915 1428 canonicis

265 1422 955 1483 nimirum'contnarium
1003 1426 1239 1481 omnino
1297 1422 1624 1495 praeceptis:
1661 1428 1718 1478 et
1762 1422 1912 1491 quod

260 1499 474 1555 saevius
498 1503 606 1565 est,
640 1498 777 1568 quia
816 1498 941 1552 suis
972 1496 1281 1566 stipendiis
1306 1494 1411 1568 per
1429 1494 1737 1568 distinetas
1770 1506 1919 1568 men-

258 1571 418 1627 sium
450 1563 606 1625 vices
632 1563 867 1638 praecipi
892 1563 1169 1623 dicuntur
1202 1563 1471 1636 praedicta
1504 1565 1769 1638 perﬁcere
1800 1563 1919 1617 mi-

263 1641 507 1717 nisteria
535 1683 549 1717 .
582 1635 731 1717 quad
759 1635 1174 1717 ab_apostolie_o
1202 1635 1519 1717 munimine
1562 1635 1747 1717 modis
1789 1647 1919 1717 orn—

263 1712 446 1768 nibus
462 1707 789 1766 ostenditur
811 1707 1083 1764 alienum.
1114 1710 1239 1763 llaec
1257 1714 1445 1765 autem
1472 1707 1665 1762 omnia
1697 1707 1919 1777 magnis

262 1791 321 1839 et
354 1783 563 1838 multis
586 1796 651 1836 ac
682 1780 1204 1836 vehementissimis
1227 1778 1699 1834 damnationibus
1715 1777 1921 1847 dignos

264 1853 607 1923 hujusmodi
641 1856 942 1922 statuunt;
982 1851 1296 1923 probantur
1321 1850 1473 1923 enim
1508 1850 1652 1904 tales
1684 1861 1780 1917 per
1806 1847 1923 1923 hmo

262 1918 397 1996 quae
440 1923 687 1996 faciunt,
728 1924 903 1996 etiam
933 1918 1199 1978 'satanica
1240 1920 1515 1996 iactantia
1554 1925 1611 1975 et
1655 1918 1925 1996 superbia

264 1990 560 2076 languere.
583 1990 862 2076 Quisquis
878 2007 1010 2076 ergo
1034 1991 1597 2076 metropolitanorum
1633 1995 1759 2060 post
1781 1990 1923 2076 hanc

266 2061 482 2123 sanctae
530 2061 983 2120 ac'uni'versali‘s
1030 2061 1232 2135 synodi
1287 2062 1676 2135 deﬁnitionem
1732 2061 1924 2116 eadem

264 2138 515 2193 audacia
559 2136 644 2191 vel
676 2136 943 2205 superbia
974 2140 1030 2189 et
1061 2132 1395 2205 contemptu
1421 2132 1657 2205 abusus,
1677 2144 1802 2205 _no_n
1830 2143 1929 2199 per

263 2223 327 2264 se
361 2223 495 2264 cum
537 2202 766 2263 timore'
788 2212 844 2262 et
879 2206 1192 2273 alacritate,
1234 2202 1334 2260 seu
1364 2203 1727 2259 conscientia
1758 2202 1924 2273 bona,

262 2279 463 2336 debita
495 2278 820 2334 ministeria
840 2278 898 2332 in
926 2277 1156 2347 propria
1179 2272 1431 2333 Civitate.
1463 2276 1556 2330 sed
1592 2288 1691 2344 per
1728 2272 1929 2328 suifra-

265 2364 485 2422 ganeos
512 2350 813 2418 episcopos
843 2362 979 2422 suos
1008 2346 1578 2422 eiﬁeeretentaverit,
1615 2357 1807 2422 prunas
1836 2357 1930 2422 ex-

265 2416 457 2477 solvat
484 2416 674 2476 coram
707 2416 939 2490 proprio
981 2418 1322 2489 patriarcha,
1360 2421 1416 2472 et
1461 2423 1563 2473 aut
1599 2416 1924 2487 corrigatur

275 2498 381 2547 aut
403 2492 744 2561 deponatur.

264 2580 449 2635 XXV.
491 2580 637 2645 Quid
674 2594 881 2648 semper
920 2578 1150 2648 depositi
1186 2582 1471 2632 teneantur
1508 2578 1604 2646 qui
1636 2590 1925 2648 consecraf

340 2654 544 2704 tionem
590 2652 649 2703 in
706 2646 1023 2719 quocunque
1082 2650 1262 2717 gradu
1304 2648 1564 2703 Methodii
1609 2651 1660 2700 et
1720 2646 1925 2719 Ignatii

338 2716 810 2775 sunctissimorum
832 2716 1278 2790 patriarcharum
1305 2720 1631 2779 habuerunt,
1652 2721 1702 2790 et
1736 2716 1923 2790 Photio

340 2794 591 2847 invasuri
626 2794 788 2845 etiam
811 2788 937 2861 post
976 2792 1298 2845 sententiam
1340 2806 1460 2858 qua
1493 2788 1746 2857 synodice
1773 2789 1925 2854 facta

342 2869 423 2918 est
444 2862 934 2933 Constantinopoli,
954 2865 1360 2923 consenserunt,

340 2952 411 3007 Et
444 2951 552 3007 hoc
581 2950 771 3007 debite
801 2955 994 3006 sancta
1034 2949 1284 3020 synodus
1328 2948 1611 3020 deﬁnivit,
1638 2949 1924 3020 quatenus

270 3022 560 3104 episcopi,
594 3021 929 3104 presbyteri,
967 3018 1197 3104 diaconi
1230 3018 1652 3104 et_subdia.eoni
1709 3030 1925 3104 magna?

2022 502 2463 575 depositiOnem,
2491 503 2773 558 Similiter
2803 505 2971 559 etiam
3006 505 3306 575 episcopos
3339 522 3682 566 concurrere

2023 572 2496 647 adpatriarchale
2520 582 2695 647 caput
2718 572 3100 647 decernimus,
3123 572 3222 646 qui
3245 591 3277 631 a
3298 580 3680 647 metropoll’tis

2023 643 2148 698 suis
2174 644 2313 698 talia
2338 658 2396 717 se
2412 643 2728 717 pertulisse
2746 644 3016 717 fatentur,
3039 653 3103 702 ut
3119 643 3268 716 apud
3295 643 3678 717 patriarcham

2022 718 2079 768 et
2126 715 2519 789 metropolitas
2557 716 2657 789 qui
2705 716 2812 771 sub
2859 717 2983 784 ipso
3019 715 3172 789 sunt,
3211 715 3424 788 justam
3470 724 3526 775 et
3557 721 3684 776 sine

2024 784 2354 861 suspicione
2380 784 2720 861 sententiam
2748 789 2896 861 quod
2938 784 3196 861 movetur
3213 784 3514 861 negotium
3538 792 3685 846 acci-

2026 855 2165 980 piat.
2198 858 2434 925 Insuper
2458 856 2630 923 etiam
2679 855 2841 913 nullo
2882 860 3047 914 modo
3075 855 3352 929 quiquam
3390 869 3684 931 metropo-

2050 932 2336 980 ltanorum
2361 927 2446 980 vel
2473 928 2872 980 euiscouorum
2896 943 2924 980 a
2950 929 3163 980 vicinis
3186 933 3574 980 metrnnnlitis
3597 933 3678 980 vel

2050 925 2336 1001 itanorum
2361 927 2446 981 vel
2473 928 2873 1001 episcoporum
2896 943 2925 984 a
2950 925 3163 1001 vicinis
3186 925 3681 1001 metropolitis'vel

2022 997 2308 1072 episcopis
2362 999 2673 1072 provinciae
2723 1014 2841 1072 sine
2878 1000 3196 1072 judicetur,
3254 997 3389 1058 licet
3422 1005 3682 1072 quaedam

2025 1067 2340 1144 incurrisse
2360 1068 2605 1144 erimina
2622 1067 3007 1144 perhibeatur,
3034 1072 3129 1127 sed
3153 1067 3331 1128 a'solo
3356 1067 3680 1144 patriarcha

2025 1138 2258 1221 proprio
2275 1140 2597 1221 judicatur:
2623 1138 2791 1221 cujus
2813 1138 3603 1221 senteniiamratienabilem,
3626 1150 3684 1201 et

2019 1208 2637 1284 judiciumjusium,ae
2665 1208 2790 1267 sine
2813 1213 3145 1284 suspicione
3159 1208 3677 1284 foredecernimus,

2023 1294 2088 1367 ea
2102 1280 2431 1367 quod'apud
2442 1280 2583 1367 eum
2600 1280 3296 1367 ihonnorabilioresquique
3309 1280 3681 1367 colligantur,

2025 1363 2089 1427 ac
2122 1350 2355 1427 per‘hec
2376 1358 2561 1407 ratum
2588 1353 2893 1427 e_t_tirm_um
2924 1350 3153 1423 penitus
3182 1350 3260 1411 sit
3287 1358 3435 1426 quod
3455 1350 3531 1413 ab
3556 1350 3683 1427 ipso

2026 1421 2203 1476 fuerit
2222 1422 2563 1497 jndieatum.
2600 1424 2658 1478 Si
2696 1425 2826 1495 quis
2848 1421 3036 1480 autem
3072 1439 3181 1481 non
3212 1421 3678 1497 acquieverit'iis

2027 1506 2152 1561 qua:
2177 1506 2209 1546 a
2237 1492 2574 1549 nobisedita
2602 1492 2757 1553 sunt.
2786 1492 3317 1553 excommunicatus
3340 1499 3571 1554 existat.

2027 1581 2251 1660 XXYiI.
2286 1584 2436 1660 Deee
2459 1584 2605 1660 quod
2625 1591 2993 1660 nonoporteat
3009 1587 3201 1655 palliis
3215 1593 3418 1660 praeter
3442 1595 3683 1660 tempora

2099 1656 2151 1705 et
2179 1652 2294 1705 loca
2323 1652 2811 1731 _deﬁnita__vestiri,
2856 1662 2914 1731 et
2940 1652 3102 1731 (ie—eo
3142 1652 3289 1727 quod
3336 1652 3683 1731 nequaquam

1953 1753 2000 1813 Β
2102 1726 2433 1813 ςφξὶςχιςξλρφ
2456 1726 2665 1813 ordine
2702 1729 3010 1813 monaeliico
3048 1726 3185 1795 facti
3228 1736 3377 1813 sunt,
3403 1726 3687 1813 eone—eniat

2103 1794 2365 1848 schemate
2403 1812 2467 1849 ac
2505 1798 2644 1850 stola
2665 1800 2987 1853 monachicae
3025 1794 3447 1856 Conversationis
3472 1819 3683 1858 caruere.

2074 1881 2426 1963 .Secundurn
2461 1884 2704 1963 traditas
2747 1884 2960 1963 formas
3010 1902 3125 1963 per_
3159 1888 3420 1963 singulas
3447 1892 3692 1961 provin—

2036 1954 2277 2035 eias,._ac
2308 1954 2571 2035 regiones
2599 1962 2656 2010 et
2680 1956 2851 2035 urbes
2921 1954 3426 2035 in__ecclesiasticis
3447 1954 3690 2035 promo—

2042 2023 2932 2104 tionibusei’consecrationibus
2950 2029 3048 2104 illa
3067 2044 3194 2098 quae
3214 2030 3434 2104 indicia
3452 2023 3688 2104 etsigna

2037 2099 2174 2172 sunt
2197 2095 2423 2172 ondinis
2456 2097 2558 2172 qui
2603 2097 2923 2172 unicuique
2956 2095 3143 2172 inesse
3173 2100 3421 2172 videtur,
3450 2095 3686 2158 retineri

2037 2165 2418 2239 decernimus,
2454 2167 2537 2239 ita
2571 2172 2635 2222 ut
2658 2165 2934 2239 episcopi,
2978 2170 3192 2238 quibus
3222 2165 3554 2228 concessum
3603 2178 3691 2229 est

2040 2236 2236 2313 palliis
2263 2237 2371 2313 uti,
2403 2238 2579 2313 eertis
2608 2236 2982 2308 temporibus,
2998 2236 3069 2294 in
3099 2240 3312 2313 eisdem
3334 2244 3690 2313 temporibus

2035 2312 2091 2360 et
2116 2306 2277 2378 locis,
2313 2307 2389 2362 iis
2413 2306 2747 2378 induantur,
2771 2315 2828 2363 et
2856 2314 3014 2365 tanto
3033 2316 3089 2365 et
3110 2312 3213 2366 tali
3243 2327 3352 2368 non
3377 2306 3691 2369 abutantur

2033 2377 2249 2432 amictu
2291 2384 2521 2453 propter
2548 2377 2807 2450 typhum,
2840 2386 2897 2453 et
2927 2381 3149 2436 inanem
3197 2383 3459 2453 gloriam,
3487 2392 3545 2440 et
3573 2385 3693 2440 hu—

2036 2462 2265 2504 manum
2288 2449 2591 2522 piacorem,
2619 2457 2791 2520 atque
2812 2452 2904 2507 sui
2926 2465 3174 2507 amorem
3199 2449 3221 2522 ξ
3237 2454 3393 2510 omni
3422 2449 3693 2511 videlicet

2032 2524 2285 2593 tempore
2304 2520 2489 2593 divini
2523 2522 2817 2593 sacriﬁcii,
2840 2529 2895 2577 et
2923 2523 3111 2578 omnis
3135 2520 3289 2580 alius
3313 2526 3689 2581 ecclesiastici

2035 2590 2313 2662 mysterii,
2339 2591 2491 2647 hunc
2524 2592 2712 2667 inepte
2744 2590 3071 2667 portantes:
3114 2594 3248 2667 illos
3271 2602 3462 2652 autem
3487 2598 3586 2667 qui
3612 2611 3695 2653 re-

2032 2668 2289 2737 verenter
2336 2664 2705 2737 monasticam
2750 2664 2923 2719 vitam
2957 2666 3155 2721 sectati
3190 2671 3343 2737 sunt,
3371 2672 3427 2722 et
3461 2664 3695 2737 episco—

2035 2732 2216 2808 palem
2260 2740 2615 2808 meruerunt
2638 2735 2955 2808 honoremp
2980 2750 3317 2793 conservare
3333 2732 3340 2737 ’
3357 2732 3603 2808 schema,
3637 2744 3694 2794 et

2033 2802 2821 2879 amictum_monachicorum
2862 2802 3351 2879 indumentorum,
3400 2814 3456 2863 et
3510 2802 3691 2879 ipsam

2033 2872 2252 2928 beatam
2285 2874 2459 2929 vitam
2491 2877 2889 2932 decernimus:
2925 2883 2980 2931 et
3001 2878 3201 2934 nullus
3225 2872 3459 2935 omnino
3488 2872 3701 2936 habeat

2036 2949 2371 3022 potestatem
2414 2947 2696 3016 deponere
2736 2948 2854 3022 j‘rn
2903 2947 3123 3009 dictum
3158 2950 3409 3022 schema,
3461 2955 3696 3021 propter

2034 3016 2273 3091 typhum
2293 3022 2349 3070 et
2378 3016 2747 3091 arrogantem
2768 3018 3147 3091 voluntatem,
3181 3035 3250 3075 ne
3282 3035 3381 3091 per
3398 3016 3519 3078 hoc
3545 3016 3698 3077 inve-

270 3068 560 3170 ;zeizga;
596 3068 721 3163 ’ξίιιῑ
751 3068 1658 3170 assuetaminmania
1687 3068 1921 3170 mare
1955 3068 2003 3160 ε
2034 3068 3517 3170 ίιίίξειιῑςῖρέοῐίςὲδῖῑιῑῖιςςλξιέξιιέξέδῑτβέξέδῑὶιίιξῖ
3539 3068 3695 3151 asa

268 3161 777 3221 sanctissimorum
802 3163 1255 3227 patriarcharum
1285 3161 1628 3227 habuerunt,
1649 3164 1706 3214 et
1728 3172 1926 3214 secun-

269 3237 414 3291 dum
450 3235 706 3290 insolens
756 3230 899 3289 illud
954 3240 1011 3289 et
1054 3232 1438 3289 durissimum
1478 3245 1576 3286 cor
1617 3230 1925 3287 Pharaonis

271 3305 552 3382 obduijati
570 3312 725 3382 sunt,
746 3310 801 3360 et
817 3319 998 3382 usque
1018 3318 1169 3360 nunc
1202 3303 1440 3382 minime
1456 3316 1586 3382 cum
1606 3302 1710 3355 hac
1732 3305 1926 3382 saneta

265 3384 335 3433 et
368 3376 684 3433 universali
718 3370 949 3446 'synod'o
1000 3380 1406 3446 convenerunt,
1466 3374 1561 3428 sed
1611 3385 1714 3426 nec
1751 3370 1928 3446 nobis

268 3442 911 3524 eonsonare_in_\ferbo
965 3446 1224 3524 veritatis
1280 3445 1609 3524 voluerunt,
1666 3442 1928 3524 quinime

270 3519 536 3575 invasori
568 3518 768 3574 Photio
793 3518 1159 3577 concorditer
1207 3519 1637 3583 consenserunt,
1679 3514 1925 3582 depositi

266 3591 421 3657 sint,
449 3594 507 3644 et
527 3590 760 3645 omnino
778 3588 1115 3644 sacerdotali
1139 3587 1469 3657 operatione
1488 3584 1715 3655 privati.
1741 3596 1931 3657 quem-

263 3655 586 3716 admodum
620 3674 721 3715 nec
752 3660 990 3715 multum
1024 3664 1156 3713 ante
1179 3655 1557 3713 beatissimus
1588 3668 1729 3726 papa
1751 3655 1933 3726 Nico:—

265 3732 410 3787 laus
453 3730 737 3800 judicavit
789 3736 847 3785 et
902 3742 1258 3800 nequaquam
1315 3728 1460 3783 tales
1507 3728 1567 3782 in
1593 3725 1926 3800 "sacerdotii

262 3796 540 3872 catalng
562 3802 934 3871 recipiantur,
962 3796 1189 3856 etiamsi
1215 3813 1285 3872 es
1326 3800 1433 3872 hoc
1462 3797 1713 3872 converti
1740 3796 1929 3853 volue-

268 3874 435 3941 rint;
456 3865 575 3942 nisi
600 3873 656 3927 in
678 3865 1036 3942 perceptione
1060 3870 1578 3942 sanctiﬁcationum
1599 3865 1704 3942 [αι.
1730 3872 1930 3942 myste-

266 3940 567 4017 riorum],
586 3940 695 4017 qua
716 3940 921 4017 dignos
939 3942 1269 3999 nullatenus
1289 3955 1411 4017 eos,
1438 3940 1549 3995 nisi
1572 3940 1926 4017 per_muliam

270 4008 769 4083 misericordiam,
785 4008 1123 4084 iudicamus
1145 4031 1160 4071 :
1186 4026 1302 4084 non
1322 4008 1475 4067 enim
1507 4008 1643 4066 sunt
1661 4009 1823 4084 digni
1857 4008 1927 4063 ad

264 4088 536 4158 priorem
572 4086 680 4158 hon
706 4081 837 4140 mem
870 4083 1259 4158 restitutionis
1294 4083 1480 4158 locum
1514 4081 1931 4158 per_pueniiem

266 4151 424 4213 'tiam
462 4156 738 4223 invenire,
779 4156 1089 4211 secundum
1132 4168 1368 4210 exosum
1399 4153 1565 4209 illum
1594 4154 1764 4222 Esau,
1798 4151 1933 4206 licet

264 4243 414 4284 cum
443 4227 715 4297 lacrymis
740 4227 1049 4297 expetisset
1076 4239 1217 4281 eam.

265 4317 493 4373 XXVI.
540 4316 691 4380 Quod
729 4316 952 4370 clericus
995 4315 1290 4384 depositus,
1329 4314 1415 4367 vel
1448 4313 1711 4382 injuriam
1734 4327 1934 4384 passus

358 4388 434 4441 ab
487 4389 726 4457 ιῬὶδοῳο
774 4403 891 4449 suo,
936 4383 1255 4455 potestatem
1298 4384 1494 4438 habeat
1540 4400 1814 4457 recurrere
1860 4383 1935 4457 ad

2032 3157 2184 3212 enim
2209 3157 2290 3235 ibi
2315 3158 2628 3235 continuus
2651 3157 2955 3235 paliiornm
2978 3157 3226 3235 amictus
3251 3161 3614 3235 fastigiosum
3636 3168 3694 3219 et

2032 3241 2149 3303 suae
2176 3227 2400 3303 _glorij.e_
2434 3227 2691 3303 deditum
2735 3230 3086 3303 demonstrat
3126 3227 3476 3303 episcopum,
3520 3234 3599 3289 ita
3637 3240 3695 3290 et

2035 3299 2129 3353 hic
2157 3300 2443 3369 depositio
2464 3314 2528 3356 ac
2548 3301 2859 3357 denudatio
2886 3299 3207 3359 monachici
3228 3299 3695 3361 haliitus'nihilo-

2035 3369 2235 3458 93935.
2274 3371 2487 3458 esse}?
2537 3371 2831 3458 suam
2876 3373 3223 3458 criminibus
3267 3389 3397 3430 eum
3444 3377 3543 3458 qui
3587 3376 3693 3431 hoc

2036 3437 2241 3495 fecisse
2275 3446 2477 3516 captus
2528 3443 2832 3516 exstiterit.
2885 3442 3164 3513 Quisquis
3212 3458 3345 3516 ergo
3385 3437 3694 3515 episcopus

2038 3517 2241 3585 praeter
2268 3511 2503 3567 deﬁnita
2529 3512 2643 3585 sibi
2680 3514 2896 3582 scripto
2926 3511 3178 3585 tempora
3205 3529 3265 3570 se
3280 3511 3471 3585 'palli'o
3499 3511 3694 3573 indue-

2038 3581 2134 3652 rit,
2168 3588 2270 3638 aut
2294 3583 2743 3658 monasticarum
2794 3581 3312 3658 vestium'schema'
3336 3586 3687 3658 deposuerit,

2036 3658 2137 3708 aut
2157 3654 2504 3724 corrigatur,
2538 3659 2637 3709 aut
2666 3668 2696 3709 a
2736 3655 3062 3724 patriarcha
3093 3656 3327 3726 proprio
3348 3654 3688 3727 deponatur;

2108 3742 2175 3795 Et
2205 3747 2331 3811 post
2353 3741 2648 3797 lectionem
2673 3756 2976 3811 canonum,
3003 3743 3209 3799 iterum
3232 3750 3391 3801 stans
3412 3745 3472 3800 in
3506 3746 3692 3801 medio

2037 3830 2290 3885 Bahanes
2322 3830 2926 3902 magniﬁcentissimus
2950 3832 3229 3901 patricius
3258 3838 3313 3888 et
3352 3834 3695 3903 praepositus

2040 3932 2138 3988 per
2152 3918 2471 3988 jussionem
2501 3919 2719 3975 Christi
2745 3919 3062 3975 amicorum
3104 3921 3510 3991 imperatorum
3540 3922 3695 3978 dixit

2038 4006 2106 4061 ad
2170 4007 2565 4063 sanctissimos
2615 4007 2724 4062 loci
2778 4013 3137 4064 servatores:
3197 4011 3327 4065 Post
3392 4011 3691 4067 lectionem

2040 4095 2371 4151 divinorum
2427 4101 2484 4150 et
2538 4109 2829 4152 sacrorum
2885 4110 3167 4153 canonum
3224 4099 3360 4169 quid
3414 4099 3695 4155 deliberat

2042 4184 2317 4240 sanctitas
2368 4189 2552 4239 vestra
2603 4184 2790 4240 adhuc
2853 4185 3435 4253 ﬁeri?pSanctissimi
3487 4188 3692 4244 vicarii

2045 4273 2291 4328 senioris
2353 4273 2542 4328 Romae
2598 4286 2663 4327 ac
2697 4273 3066 4329 orientalium
3115 4275 3336 4331 sedium
3384 4276 3687 4333 dixerunt:

2044 4361 2438 4432 Subsequatur
2487 4362 2785 4432 expositus
2831 4363 3133 4437 terminus,
3203 4365 3261 4420 in
3316 4380 3429 4436 quo
3475 4366 3692 4422 cursim

352 4432 891 4527 ghjoiéé‘iic'czieié
930 4432 1550 4526 atiiaiiéé"'piliﬂc'i§esg
1574 4432 1821 4526 "id-esti,
1862 4432 1936 4507 iiii
1968 4432 2019 4493 Ῑ)
2047 4451 2237 4507 omnia
2284 4451 2653 4507 continentur
2699 4465 2826 4522 quae
2867 4456 2991 4508 acta
3034 4432 3168 4509 sunt
3231 4453 3292 4509 in
3333 4432 3453 4510 hac
3496 4461 3692 4512 sancta

358 4545 601 4583 summos
627 4532 926 4600 pontiﬁces.

362 4618 597 4673 Placuit
614 4624 668 4673 et
688 4619 795 4674 hoc
815 4621 1021 4674 sanctae
1042 4618 1276 4689 synodo,
1293 4622 1356 4674 ut
1373 4616 1702 4689 quicunque
1716 4613 1942 4689 presby-

272 4699 375 4747 ter
398 4696 509 4771 aut
522 4689 799 4771 diaconus
818 4703 850 4744 a
870 4684 1104 4771 proprio
1121 4684 1712 4771 episcopo—depositus
1737 4684 1933 4771 fuerit,

276 4767 535 4834 propter
550 4760 783 4834 aliquod
808 4756 1047 4825 crimen,
1082 4756 1235 4834 velsi
1260 4756 1583 4834 quamlibet
1606 4758 1664 4834 iu
1679 4756 1934 4834 justitiin

272 4827 349 4890 se
382 4827 508 4901 pati
551 4827 784 4901 dixerit,
816 4836 872 4886 et
903 4845 1014 4886 non
1066 4827 1418 4900 acquieverit
1459 4828 1684 4901 judicio
1716 4827 1934 4901 proprii

272 4898 817 4974 episcopi,dicens
848 4915 987 4974 eum
1033 4898 1359 4972 suspectum
1394 4898 1473 4957 se
1502 4900 1742 4974 habere,_
1770 4904 1825 4953 et
1848 4898 1935 4974 vei

275 4969 532 5047 p'mpter
568 4969 955 5047 ’inimicitiam
1003 4969 1473 5047 quamuergause
1524 4970 1795 5047 ienuerit,
1828 4969 1935 5047 vel

276 5042 532 5119 propter
576 5045 815 5119 gratiam
868 5042 1042 5119 quam
1071 5043 1246 5119 ‘aliis
1298 5042 1640 5119 quibusdam
1673 5045 1939 5119 praestare

274 5113 826 5180 volueritfidcirco
866 5114 926 5169 in
974 5129 1033 5171 se
1063 5113 1242 5170 fuisse
1273 5114 1385 5169 tale
1428 5114 1565 5184 quid
1620 5117 1935 5184 operatum,

276 5192 630 5262 potestatem
656 5185 940 5241 habeatad
970 5183 1603 5262 metropolitamipsius
1634 5183 1940 5262 provinciae

276 5253 662 5329 concurrere,
708 5262 769 5329 et
815 5270 936 5313 eam
975 5253 1169 5329 quam‘
1210 5260 1373 5327 putat
1404 5253 1675 5329 injustam
1705 5253 1944 5329 deposi—

276 5332 536 5397 tionem,
563 5325 840 5384 vel'aliam
868 5325 1156 5383 laesidnem
1178 5325 1548 5383 denuntiare:
1578 5325 1940 5394 metropolita

280 5416 427 5458 vero
461 5396 562 5456 ille
592 5400 840 5455 libenter
862 5399 1144 5469 suscipiat
1174 5397 1591 5468 hujuscemodi,
1624 5402 1681 5452 et
1704 5396 1944 5469 advocet

285 5473 628 5543 episcopum
680 5471 783 5540 qui
827 5467 1113 5540 deposuit,
1168 5467 1262 5524 vel
1285 5469 1404 5525 alio
1445 5469 1611 5523 modo
1667 5467 1941 5522 clericum

290 5545 472 5600 laesit.
500 5547 555 5597 et
586 5543 737 5600 apud
776 5554 835 5597 se
877 5556 1007 5597 cum
1047 5541 1184 5597 aliis
1211 5541 1382 5596 etiam
1414 5539 1698 5600 episcopis
1728 5538 1941 5600 negotii

290 5553 472 5615 laesit,
500 5553 555 5597 et
586 5553 737 5612 apud
776 5554 835 5597 se
877 5556 1007 5597 cum
1047 5553 1184 5597 alus
1211 5553 1382 5612 etiam
1414 5553 1698 5623 episcopis
1728 5553 1941 5621 negoui

290 5614 479 5671 faciat
502 5626 757 5681 examen,
790 5612 858 5667 ad
900 5612 1351 5668 conﬁrmandum
1383 5610 1607 5681 scilicet
1634 5622 1759 5681 suae
1787 5623 1943 5665 omni

295 5685 654 5757 suspicione,
682 5676 773 5741 vel
800 5683 1208 5740 destruendum
1230 5696 1330 5753 per
1345 5680 1659 5755 generalem
1687 5676 1789 5754 [αι.
1803 5722 1817 5751 ,
1833 5693 1950 5735 am-

2048 4540 2281 4611 synodo,
2329 4544 2384 4594 et
2432 4540 2652 4611 legatur
2673 4539 2732 4595 in
2772 4540 3122 4596 audientiam
3163 4542 3440 4614 omnium,
3468 4543 3518 4598 si
3565 4543 3696 4613 pla—

2045 4634 2133 4685 cet
2186 4629 2289 4684 hoc
2324 4635 2530 4684 sancta:
2572 4629 2805 4700 synodo.
2838 4630 3039 4684 Sancta
3065 4631 3315 4700 synodus
3336 4631 3519 4687 dixit:
3558 4632 3695 4688 Pla—

2047 4724 2154 4789 cet,
2193 4718 2413 4787 justum
2453 4717 2607 4772 enim
2654 4725 2710 4797 et
2731 4717 2941 4773 bonum
2973 4723 3076 4774 est.
3107 4720 3173 4773 Et
3198 4723 3323 4788 post
3355 4720 3459 4776 hoc
3489 4735 3695 4778 ascen—

2046 4809 2187 4863 dens
2249 4806 2643 4875 Metrophanes
2702 4808 2815 4861 Deo
2876 4807 3268 4864 amicissimus
3329 4811 3695 4881 metropolita

2045 4896 2294 4966 Smyrme
2322 4895 2381 4949 in
2412 4894 2697 4964 superiori
2733 4900 2890 4964 parte
2915 4897 3139 4967 synodi,
3183 4897 3321 4968 legit
3361 4900 3689 4956 terminum.

2045 4984 2328 5041 Similiter
2367 4990 2423 5039 et
2459 4983 2777 5054 Cyprianus
2827 4986 2941 5041 Deo
2981 4986 3371 5045 amicissimus
3407 4994 3699 5059 metropo—

2051 5074 2157 5129 lita’
2180 5072 2617 5143 Claudiopoleos
2642 5072 2701 5127 in
2730 5071 2993 5129 inferiori
3028 5080 3183 5145 parte
3208 5077 3408 5147 synodi
3435 5079 3693 5134 eumdem
3788 5078 3810 5093 ‘

2049 5162 2357 5218 terminum
2379 5161 2518 5233 legit
2539 5161 2600 5217 in
2625 5161 2978 5218 audientiam
3003 5164 3279 5220 omnium.

2054 5254 2332 5306 Terminus
2368 5255 2566 5327 sancta:
2606 5267 2670 5305 ac
2704 5253 3030 5327 universalis
3064 5258 3264 5309 octavae
3301 5256 3516 5325 synodi,
3576 5272 3698 5327 qua

2485 5326 2635 5390 facta
2662 5328 2740 5377 est
2763 5323 3247 5396 Constantinopoli.

2121 5413 2342 5480 Sancta,
2374 5426 2595 5483 magna,
2627 5417 2683 5467 et
2713 5413 3057 5469 universalis
3111 5416 3379 5486 synodus,
3427 5431 3557 5486 quae,
3600 5428 3698 5484 per

2051 5500 2305 5555 divinam
2340 5500 2685 5556 voluntatem
2731 5506 2787 5555 et
2825 5503 3066 5575 gratiam
3093 5508 3150 5558 et
3185 5504 3533 5560 sanctionem
3558 5503 3700 5558 ami-

2055 5602 2249 5645 corum
2291 5588 2507 5645 Christi
2547 5602 2613 5645 ac
2652 5590 2767 5645 Deo
2791 5591 3253 5646 conﬁrmatorum
3290 5592 3696 5659 imperatorum

2056 5681 2380 5735 nostrorum
2421 5676 2624 5734 Basilii
2670 5681 2727 5733 et
2758 5677 3118 5733 Constantini
3165 5682 3501 5749 congregata
3524 5683 3613 5736 est
3637 5682 3699 5738 in
