4024 6170
349 275 484 363 463’

1579 299 1935 357 ANASTASII
1975 299 2518 359 BIBLIOTHECARII

3647 297 3754 359 464

338 433 444 488 hac
466 445 498 487 a
521 433 636 488 Deo
673 430 1057 487 conservanda
1089 431 1244 502 regia
1294 429 1456 499 urbe,
1505 430 1564 485 in
1595 428 1987 486 famosissimo
2016 427 2076 488 A
2097 430 2234 486 dum
2263 431 2540 488 rationem
2558 430 2914 504 substantia,
2939 431 3157 488 trinum
3177 435 3388 502 autem,
3415 428 3503 486 vel
3533 429 3666 499 tria,
3695 429 3752 486 si

338 520 550 590 templo
575 526 783 576 sancta
817 533 882 575 ac
913 519 1102 590 magni
1147 519 1402 575 nominis
1429 519 1674 590 Sophia,
1725 519 1988 575 deﬁnivit

341 609 539 666 subter
561 622 811 664 annexa:

409 696 789 754 Connaturale
821 696 1235 766 omnipotentis
1275 697 1375 752 Dei
1405 701 1462 752 et
1511 697 1696 752 Patris
1718 695 1984 768 Verbum,

343 785 490 856 quod
535 784 784 839 ﬁrmavit
819 783 1024 839 calum
1056 783 1208 839 sicut
1249 797 1550 852 cameram,
1586 789 1641 839 et
1664 785 1990 840 construxit

342 873 482 928 ﬁnes
527 877 692 927 terra
719 885 785 926 ac
825 877 1157 926 caterorum
1189 873 1586 928 universorum
1647 877 1878 941 statum,
1926 875 1989 926 ut

342 959 864 1016 insubstantialiter
903 965 1073 1031 esset,
1098 959 1302 1020 effecit.
1331 966 1387 1016 et
1419 961 1584 1033 regit,
1629 966 1686 1017 et
1709 961 1984 1033 continet,

341 1053 398 1104 et
426 1049 624 1118 salvat,
653 1048 754 1118 qui
787 1048 934 1104 dicit
966 1063 1065 1118 per
1100 1049 1263 1105 Isaia
1303 1050 1589 1120 propheta
1612 1063 1840 1105 vocem:
1868 1049 1990 1104 As-

335 1140 456 1208 pice
483 1139 543 1192 in
567 1138 776 1200 calum,
808 1140 940 1206 quia
976 1139 1182 1208 caelum,
1215 1144 1277 1193 ut
1311 1141 1518 1207 fumus,
1559 1139 1852 1193 solidatam
1872 1144 1986 1204 est;

341 1232 489 1281 terra
530 1231 730 1289 autem,
771 1232 831 1281 ut
875 1229 1268 1289 vestimentum,
1299 1233 1589 1283 vetcrascet
1620 1246 1636 1282 :
1676 1230 1774 1298 qui
1808 1232 1990 1282 autem

341 1317 593 1371 habitant
625 1331 761 1379 eam,
801 1318 940 1371 sicut
967 1317 1096 1380 hac,
1134 1319 1433 1373 morientur
1466 1337 1483 1384 ;
1523 1319 1767 1373 salutare
1809 1323 1989 1372 autem

339 1421 516 1460 meum
551 1407 614 1458 in
652 1409 912 1459 aeternum
953 1407 1075 1468 erit,
1116 1410 1168 1460 et
1197 1405 1425 1474 justitia
1465 1421 1585 1460 mea
1629 1421 1739 1460 non
1782 1406 1990 1475 deﬁciet

339 1491 618 1568 (Isa.L1):
649 1493 748 1565 qui
781 1497 1010 1564 propter
1061 1507 1166 1550 nos
1189 1495 1503 1550 secundum
1535 1509 1638 1551 nos
1671 1493 1856 1551 factus
1879 1499 1985 1564 est,

341 1587 400 1639 et
425 1582 708 1639 calestem
739 1581 1030 1652 justitiam
1065 1596 1238 1652 super
1273 1589 1480 1639 terram
1513 1583 1810 1656 plantavit,
1839 1588 1896 1640 et
1925 1583 1987 1640 di

342 1671 460 1728 xit:
491 1671 691 1726 Catum
709 1675 760 1725 et
779 1676 926 1725 terra
955 1672 1288 1735 transibunt,
1318 1672 1482 1726 verba
1515 1677 1696 1726 autem
1725 1689 1845 1728 mea
1881 1688 1990 1727 non

341 1757 842 1832 transibunt(Luc.
869 1774 928 1815 xi
951 1758 1006 1833 ):
1033 1760 1134 1832 qui
1159 1761 1312 1816 dixit
1331 1761 1399 1817 ad
1426 1775 1624 1818 omnes
1646 1761 1748 1833 qui
1772 1761 1832 1817 in
1860 1774 1991 1817 eum

341 1849 711 1906 crediderunt
758 1867 771 1903 :
827 1849 888 1904 Si
913 1864 1006 1903 vos
1038 1852 1348 1905 manseritis
1384 1851 1445 1904 in
1480 1851 1640 1904 verbo
1677 1866 1810 1913 meo,
1858 1852 1997 1904 veri-

344 1939 602 2008 discipuli
630 1940 735 1992 mei
761 1941 932 2000 eritis,
973 1944 1023 1992 et
1059 1941 1381 2006 cognoscetis
1404 1941 1703 2010 veritatem,
1724 1945 1776 1994 ct
1792 1941 1992 1994 veritas

276 2089 286 2094 _
343 2027 595 2081 liberabit
613 2043 705 2081 vos
729 2024 918 2096 (Joan.
946 2041 1048 2082 Vlll
1071 2027 1106 2101 ).
1143 2030 1252 2084 Iste
1277 2028 1436 2084 solus
1465 2029 1706 2084 inﬁnita
1727 2029 1992 2098 potentia

340 2115 620 2172 Dominus
633 2121 690 2171 et
713 2117 862 2172 Deus
880 2121 1071 2171 noster
1089 2116 1300 2173 multos
1317 2116 1548 2187 quidem
1570 2117 1718 2173 alios
1733 2117 1803 2172 ab
1828 2117 1989 2178 olim,

341 2208 398 2259 et
455 2203 619 2275 longe
658 2210 808 2272 ante,
857 2204 1116 2260 homines
1161 2205 1516 2276 mancipatos
1563 2205 1881 2269 mendacio,
1937 2209 1994 2261 et

341 2292 604 2348 veritatis
648 2292 938 2362 inimicos,
977 2293 1035 2347 in
1066 2307 1202 2363 agro
1231 2309 1354 2361 suo,
1405 2294 1460 2349 id
1505 2299 1590 2349 est
1629 2294 1688 2349 in
1719 2294 1990 2363 Ecclesia,

342 2379 490 2435 mala
515 2380 734 2436 zizania
760 2381 1071 2436 secundum
1103 2382 1483 2454 evangelicum
1512 2382 1992 2454 signiﬁcationem

341 2469 688 2523 seminantes
722 2466 950 2538 (Matth.
994 2470 1166 2542 xm),
1216 2475 1272 2524 et
1319 2471 1594 2526 mundum
1645 2469 1992 2528 frumentum

339 2557 551 2612 divina
569 2557 816 2627 justitia
839 2558 1064 2628 operire
1096 2562 1398 2630 tentantes,
1431 2559 1609 2615 veluti
1637 2560 1866 2630 quidem
1894 2574 1996 2616 sa-

343 2645 744 2716 pientissimus
763 2651 818 2700 et
848 2645 1449 2715 omnipotentissimus
1475 2648 1748 2720 agricola,
1780 2647 1993 2705 evulsit

340 2739 513 2805 atque
539 2733 909 2804 disperdidit,
929 2740 986 2789 et
1000 2734 1068 2790 ad
1105 2735 1160 2790 id
1182 2736 1332 2806 quod
1360 2736 1595 2791 omnino
1625 2750 1737 2793 non
1765 2741 1852 2793 est
1862 2725 1992 2806 jure

342 2823 654 2878 convertit:
690 2823 942 2879 salutare
979 2828 1169 2878 autem
1200 2838 1369 2880 suum
1401 2839 1621 2894 semper
1647 2826 1717 2881 ad
1751 2839 1994 2881 monen—

341 2911 478 2968 dum
511 2911 866 2983 praparavit,
899 2917 956 2967 et
978 2911 1267 2981 justitiam
1295 2926 1455 2968 suam
1492 2913 1758 2985 ﬁrmavit,
1785 2919 1842 2970 et
1867 2927 1998 2969 ma-

344 2997 699 3056 nifestiorem
715 2999 1002 3056 exhibuit.
1034 3000 1138 3056 Sed
1160 3000 1310 3055 nihil
1334 3001 1546 3073 minus,
1565 3006 1621 3057 et
1643 3001 1703 3058 in
1731 3002 1994 3058 instanti-

2097 532 2226 575 eum
2257 520 2571 576 secundum
2608 519 2888 575 rationem
2922 533 3294 590 personarum
3325 518 3746 589 pradicamus:

2096 612 2152 663 et
2178 621 2359 679 neque
2383 622 2415 664 a
2440 622 2521 680 se,
2550 613 2613 664 ut
2637 614 2785 665 esset
2813 606 3018 670 factus.
3051 621 3234 679 neque
3263 607 3334 662 ab
3367 607 3486 662 alio
3517 620 3756 678 quomo-

2095 695 2312 752 dolibet
2365 697 2471 753 hoc
2513 697 2799 766 accepisse
2846 695 3130 752 fatemur:
3173 695 3270 752 sed
3319 695 3448 752 sine
3487 695 3662 751 initio
3693 697 3758 750 et

2096 791 2369 842 aternum
2395 789 2451 840 et
2481 785 2666 841 solum
2695 798 2918 854 semper
2945 785 3305 854 existentem,
3340 789 3397 839 et
3428 783 3750 840 secundum

2095 874 2310 941 eadem,
2342 878 2398 929 et
2426 873 2700 929 similiter
2730 873 3046 942 habentem,
3088 877 3145 928 et
3175 872 3393 928 nullam
3423 875 3757 927 commuta—

2097 962 2309 1018 tionem
2339 961 2423 1017 vel
2466 961 2892 1018 conversionem
2917 961 3330 1032 admittentem,
3377 958 3650 1016 factorem
3693 963 3756 1013 et

2096 1051 2448 1106 conditorem
2487 1049 2742 1105 omnium
2785 1048 3247 1121 intelligibilium
3277 1053 3335 1104 et
3368 1047 3744 1104 sensibilium

2095 1139 2466 1194 existentem:
2501 1137 2585 1193 sic
2623 1137 2776 1192 enim
2823 1142 2880 1192 et
2931 1142 3126 1193 sancta
3175 1141 3233 1192 et
3263 1148 3466 1208 magna
3514 1135 3751 1190 Nicana

2097 1227 2350 1297 synodus
2394 1240 2681 1296 exponens
2730 1225 2862 1281 ﬁdei
2907 1224 3226 1296 symbolum
3265 1225 3390 1280 ait:
3425 1226 3639 1280 Lumen
3680 1223 3756 1279 de

2098 1315 2336 1385 lumine,
2367 1316 2543 1372 Deum
2570 1329 2763 1370 verum
2792 1313 3004 1371 Filium
3038 1315 3109 1370 de
3138 1315 3250 1370 Deo
3280 1327 3412 1370 vero
3449 1315 3611 1369 Patre
3643 1324 3760 1367 ma-

2098 1404 2303 1462 nifeste
2333 1405 2668 1476 pradicans,
2699 1408 2756 1460 et
2781 1403 3022 1474 reliqua,
3057 1409 3122 1460 ut
3159 1403 3447 1460 catholica
3493 1401 3758 1458 Ecclesia

2095 1495 2334 1566 accepit,
2353 1507 2522 1566 quam
2537 1498 2708 1549 etnos
2725 1492 3106 1562 suscipientes
3126 1506 3243 1549 uno
3275 1506 3469 1564 sensu,
3481 1502 3758 1547 vesanum

2097 1590 2154 1642 et
2165 1584 2426 1641 veritatis
2447 1583 2749 1638 inimicum
2764 1581 2966 1638 Arium
2981 1582 3550 1647 anathematizamus,
3567 1583 3626 1635 et
3641 1592 3760 1636 om-

2101 1687 2201 1730 nes
2225 1672 2326 1744 qui
2355 1685 2485 1728 cum
2509 1671 2632 1740 ipso
2658 1671 2740 1728 vel
2760 1670 3072 1727 secundum
3105 1670 3294 1740 ipsum
3320 1671 3390 1727 de
3417 1668 3758 1726 thearchica

2017 1744 2071 1806 Β
2100 1766 2156 1818 et
2188 1761 2348 1818 beata
2385 1760 2666 1815 Trinitate
2699 1749 2764 1810 τὸ
2803 1747 3146 1832 ἑτεροούσιον,
3183 1759 3238 1814 id
3278 1763 3367 1814 est
3403 1758 3757 1814 alteritatem

2102 1849 2457 1919 substantia,
2480 1855 2538 1904 et
2556 1847 3098 1904 dissimilitudinem
3130 1846 3581 1904 lasis-sensibus
3609 1846 3752 1916 opi-

2103 1944 2346 2010 nantur;
2371 1937 2758 1994 nihilominus
2787 1941 2974 1993 autem
2996 1941 3052 1992 et
3081 1936 3386 1994 secundam
3414 1938 3668 1992 sanctam
3699 1939 3758 1990 et

2103 2027 2482 2084 universalem
2523 2027 2799 2097 synodum
2840 2025 3222 2096 suscipientes
3254 2024 3531 2081 similiter
3566 2037 3758 2094 pneu—

2102 2115 2518 2172 matomachum
2553 2109 2647 2188 [id
2669 2119 2767 2185 est,
2794 2113 3074 2183 Spiritum
3107 2108 3555 2186 impugnatem],
3591 2111 3761 2183 quin-

2103 2205 2218 2262 imo
2269 2203 2669 2260 theomachum
2713 2199 2732 2276 [
2772 2203 2833 2256 id
2888 2207 2985 2272 est,
3036 2205 3212 2259 Deum
3272 2196 3754 2274 impugnantem]

2101 2293 2649 2350 anathematizamus
2665 2292 3080 2358 Macedonium,
3101 2305 3284 2362 neque
3303 2291 3360 2346 in
3380 2302 3757 2361 personarum

2100 2382 2450 2438 discretione
2472 2380 2857 2437 differentiam
2880 2379 3215 2436 substantia
3255 2379 3415 2435 Patri
3497 2383 3554 2435 et
3590 2377 3752 2448 Filii,

2101 2477 2158 2527 et
2180 2470 2367 2526 divini
2393 2475 2451 2526 et
2475 2469 2817 2540 principalis
2844 2469 3100 2538 Spiritus
3119 2469 3284 2538 juxta
3304 2468 3608 2539 pradictos
3631 2467 3760 2523 ha-

2103 2558 2425 2616 resiarchas
2449 2557 2810 2629 recipientes,
2840 2571 3024 2628 neque
3047 2557 3106 2612 in
3139 2570 3251 2614 una
3281 2558 3593 2628 eademque
3622 2553 3760 2614 sub-

2102 2647 2315 2706 stantia
2343 2659 2610 2718 personas
2628 2646 2942 2702 secundum
2957 2645 3418 2703 amentissimum
3437 2646 3755 2706 Sabellium

2101 2735 2528 2794 confundentes.
2582 2738 2822 2806 Insuper
2865 2739 2922 2790 et
2971 2734 3310 2791 confitemur
3359 2735 3594 2792 unicum
3650 2739 3752 2794 Dei

2099 2826 2345 2883 Verbum
2390 2825 2769 2896 incarnatum,
2797 2827 2853 2879 et
2895 2821 3108 2880 factum
3141 2821 3322 2880 fuisse
3365 2829 3595 2895 propter
3624 2840 3750 2896 nos,

2101 2915 2414 2972 secundum
2448 2927 2568 2970 nos.
2597 2915 2718 2968 Non
2745 2911 2899 2968 enim
2937 2912 3195 2984 angelus,
3230 2926 3341 2970 non
3369 2912 3610 2985 legatus,
3649 2915 3750 2971 sed

2103 3006 2226 3076 ipse
2265 3002 2546 3058 Dominus
2586 3001 2760 3071 venit,
2805 3007 2862 3058 et
2908 3001 3148 3057 salvavit
3181 3015 3303 3072 nos,
3350 3007 3407 3056 et
3450 3002 3752 3060 nobiscum

343 3087 454 3144 bus
505 3087 860 3158 temporibus
914 3088 1264 3144 zizaniorum
1310 3071 1540 3158 satore,‘
1568 3104 1666 3160 per
1717 3092 1990 3162 quosdem
2019 3071 2070 3142 C
2102 3071 2288 3150 factus
2315 3097 2400 3148 est
2427 3091 2790 3147 Emmanuel:
2823 3096 2881 3146 et
2913 3090 3020 3146 iste
3047 3093 3168 3146 erat
3195 3071 3346 3146 Deus
3374 3105 3560 3161 verus,
3598 3093 3755 3149 Deus

343 3177 713 3248 pravissimos
741 3181 796 3231 et
817 3176 1196 3247 impiissimos
1227 3177 1506 3249 homines,
1538 3178 1990 3236 ecclesiasticum

343 3279 542 3338 agrum
569 3264 836 3321 inutilem
868 3265 1101 3322 reddere
1133 3270 1405 3337 tentante,
1446 3267 1653 3337 aquali
1684 3269 1992 3340 eademque

342 3353 700 3426 providentia
730 3359 786 3409 et
816 3353 968 3410 hunc
1007 3354 1404 3411 sollicitudine
1431 3355 1672 3427 dignum
1703 3356 1988 3426 exhibuit,

341 3448 399 3499 et
425 3456 458 3498 a
474 3441 744 3498 sordibus
775 3442 1109 3514 iniquitatis
1137 3442 1374 3514 eripuit,
1401 3447 1573 3514 atque
1595 3445 1664 3500 ad
1685 3445 1992 3514 puritatem

343 3531 625 3588 revocavit
641 3530 971 3602 antiquam;
1009 3531 1338 3602 piissimum
1361 3531 1514 3587 enim
1531 3536 1588 3586 et
1617 3533 1994 3603 tranquillis-

341 3619 552 3676 simum
593 3619 990 3690 imperatorem
1032 3625 1309 3690 nostrum,
1354 3619 1454 3689 qui
1493 3621 1706 3675 divina
1747 3621 1994 3689 justitia

339 3713 577 3778 amator,
595 3713 652 3761 et
678 3707 982 3777 injustitia
1013 3707 1216 3778 hostis,
1248 3706 1378 3761 etin
1409 3707 1692 3763 mandatis
1709 3709 1836 3777 ejus
1866 3722 1996 3764 ma-

342 3801 567 3852 nentem
613 3795 966 3865 discipulum
1011 3795 1199 3865 ipsius
1239 3795 1690 3852 demonstratum
1723 3797 1996 3854 incorru-

344 3890 503 3955 ptum
529 3888 585 3938 et
617 3883 910 3949 scientem,
941 3889 997 3938 et
1039 3889 1461 3939 eonservantem
1492 3885 1787 3940 veritatem
1829 3885 1994 3942 exci—

343 3972 489 4028 tavit
515 3971 584 4027 ad
619 3971 925 4040 injustitia
949 3972 1470 4027 conﬁrmationem:
1506 3975 1607 4044 qui
1654 3988 1753 4044 per
1783 3989 1992 4044 super—

345 4073 480 4116 num
511 4058 818 4129 auxilium,
841 4064 898 4115 et
927 4060 1169 4131 gratiam
1199 4060 1578 4118 eeclesiastici
1609 4062 1986 4134 tabernaculi,

341 4147 685 4204 architectos
711 4162 756 4204 a.
784 4147 998 4204 ﬁnibus
1027 4148 1186 4205 orbis
1229 4155 1509 4206 terrarum
1537 4151 1596 4207 in
1633 4151 1778 4208 hanc
1810 4166 1844 4208 a
1875 4154 1988 4208 Deo

341 4235 779 4293 construendam
849 4242 906 4293 et
970 4237 1184 4309 regiam
1255 4238 1451 4294 urbem
1517 4241 1864 4312 convocavit,
1932 4246 1990 4298 et

343 4323 721 4380 universalem
789 4327 1068 4396 synodum
1128 4329 1514 4398 congregavit,
1561 4343 1686 4400 qua
1742 4345 1991 4404 evange—

2099 3181 2293 3245 Israel,
2338 3186 2394 3238 et
2449 3180 2704 3237 omnium
2751 3179 3016 3249 salvator,
3063 3180 3376 3236 secundum
3418 3180 3648 3237 divinas
3696 3187 3758 3237 et

2102 3270 2464 3342 propheticas
2488 3283 2670 3326 voces.
2704 3268 2862 3324 Unde
2889 3273 2945 3324 et
2974 3269 3396 3326 sanctissimam
3425 3273 3482 3325 et
3511 3271 3758 3342 nuptia—

2102 3374 2230 3417 rum
2267 3359 2524 3432 ignaram
2565 3359 2820 3428 Mariam,
2863 3372 2990 3429 qua
3035 3358 3200 3414 illum
3232 3359 3470 3429 peperit,
3521 3361 3755 3430 proprie

2101 3463 2167 3504 ac
2191 3449 2469 3505 veraciter
2495 3447 2592 3502 Dei
2621 3447 2956 3518 genitricem
2980 3445 3244 3519 fatemur,
3275 3449 3755 3518 quemadmodum

2103 3536 2450 3594 universalis
2471 3535 2640 3591 tertia
2665 3536 2917 3606 synodus
2942 3550 3068 3606 qua
3095 3535 3258 3606 prius
3283 3537 3432 3606 apud
3471 3538 3758 3607 Ephesum

2101 3630 2437 3697 congregata
2463 3629 2546 3680 est
2589 3623 2954 3695 pradicavit;
2977 3638 3105 3681 cum
3130 3639 3240 3696 qua
3271 3631 3328 3680 et
3359 3640 3462 3682 nos
3502 3626 3761 3683 hominis

2101 3713 2378 3770 cultorem
2411 3718 2468 3769 et
2491 3711 2978 3782 jactantissimum
3000 3717 3172 3784 atque
3194 3714 3496 3772 Iudaicum
3524 3728 3757 3771 sensum

2103 3801 2400 3858 habentem
2456 3800 2782 3858 Nestorium
2838 3801 3407 3871 anathematizamus,
3462 3803 3756 3873 duplicem

2099 3893 2367 3947 docentes
2397 3903 2572 3946 unum
2593 3890 2967 3960 eumdemque
3004 3890 3297 3946 Christum
3323 3897 3380 3947 et
3422 3891 3755 3963 Dominum,

2099 3981 2276 4036 Deum
2306 3979 2529 4035 scilicet
2569 3978 2877 4048 perfectum
2907 3984 2965 4034 et
2999 3979 3286 4036 hominem
3335 3979 3647 4050 perfectum
3693 3981 3758 4037 in

2100 4082 2212 4126 una
2239 4081 2497 4140 persona,
2532 4067 2838 4139 utriusque
2855 4073 3074 4124 natura
3103 4067 3431 4124 differentia
3458 4087 3474 4139 ;
3503 4070 3598 4125 sed
3633 4083 3763 4140 pro-

2099 4158 2368 4229 prietates
2433 4155 2899 4212 inconvertibiles
2964 4161 3020 4212 et
3069 4157 3402 4214 inconfusas
3480 4164 3758 4228 perpetuo

2097 4251 2542 4318 eonservantem,
2575 4245 3048 4317 quemadmodum
3079 4250 3137 4302 et
3174 4251 3370 4303 sancta
3403 4247 3756 4303 universalis

2099 4340 2298 4407 quarta
2329 4335 2578 4405 synodus
2619 4333 3069 4406 dogmatizavit:
3114 4349 3284 4405 quam
3325 4349 3455 4391 cum
3482 4336 3601 4406 jam
3647 4349 3760 4392 nu-

341 4413 583 4470 licarum
637 4415 1018 4485 sanctionum,
1064 4420 1120 4471 et
1174 4416 1572 4490 Mosaicarum,
1624 4423 1680 4474 et
1738 4412 2065 4490 prophe—D
2100 4423 2331 4480 meratis
2362 4423 2550 4479 tribus
2578 4422 2865 4495 conciliis,
2919 4428 3188 4494 tanquam
3221 4429 3550 4481 sanctorum
3587 4437 3758 4481 evan-

341 4503 584 4558 ticarum
643 4503 852 4575 legum,
901 4508 1072 4575 atque
1127 4505 1572 4574 apostolicorum
1613 4521 1680 4563 ac
1720 4513 1990 4578 paterno-
2100 4513 2378 4585 geliorum
2409 4511 2848 4583 quaternitatem
2889 4511 3290 4582 suscipientes,
3313 4513 3756 4570 anathematiza-

347 4606 496 4660 rum,
517 4605 733 4648 necnon
753 4597 808 4648 et
825 4592 1226 4663 synodicorum
1249 4594 1644 4651 mandatorum
1670 4597 1989 4654 munimina
2099 4617 2228 4660 mus
2261 4601 2510 4658 delirum
2548 4600 2932 4672 Eutychetem,
2961 4605 3015 4656 et
3055 4600 3345 4657 vecordem
3372 4603 3749 4659 Dioscorum:

345 4679 695 4750 custodiens,
738 4680 970 4750 pietatis
1013 4681 1288 4737 terminos
1335 4685 1642 4754 renovavit,
1674 4690 1732 4740 et
1770 4687 1990 4743 verita-

345 4772 456 4822 tem
481 4773 538 4822 et
566 4769 856 4838 justitiam
888 4769 947 4824 in
979 4769 1390 4827 ecclesiasticis
1417 4773 1590 4829 atriis
1634 4773 1980 4844 praedicavit.

342 4858 488 4912 Hinc
520 4871 654 4930 ergo
703 4864 760 4914 et
787 4859 1253 4917 Christianorum
1284 4862 1566 4920 sinceram
1615 4870 1670 4920 et
1721 4865 1988 4923 immacu-

345 4945 516 5001 latam
557 4946 742 5018 ﬁdem,
793 4953 849 5003 et
889 4948 1092 5022 dogma
1131 4951 1458 5008 orthodoxa
1505 4954 1806 5026 religionis
1855 4970 1986 5012 om—

345 5047 482 5104 nes;
513 5035 614 5106 qui
645 5036 793 5105 apud
821 5051 941 5093 eam
975 5039 1346 5097 convenimus
1375 5043 1606 5114 sacrati,
1631 5043 1982 5114 roborantes,

343 5123 632 5181 credimus
646 5125 704 5179 in
720 5139 896 5180 unum
911 5128 1085 5184 Deum
1109 5129 1170 5184 in
1191 5129 1380 5186 tribus
1391 5131 1986 5189 consubstantialibus

343 5217 401 5267 et
418 5213 638 5268 divinis
655 5226 720 5269 ac
743 5214 1159 5285 principalibus
1177 5219 1455 5288 personis,
1486 5225 1686 5288 utputa
1705 5222 1986 5290 quemad-

344 5301 572 5356 modum
607 5303 664 5357 in
693 5303 881 5359 tribus
908 5305 1129 5362 solibus
1157 5317 1185 5348 α
1217 5307 1459 5362 invicem
1507 5308 1979 5380 indissimilibus,

344 5390 428 5447 vel
453 5390 513 5445 in
535 5391 769 5446 totidem
791 5393 1213 5462 splendoribus,
1234 5409 1404 5450 unam
1427 5395 1666 5450 luminis
1693 5396 1985 5454 intuemur

344 5485 606 5536 naturam
633 5498 646 5535 :
685 5494 861 5538 unum
883 5483 1114 5554 quidem
1132 5489 1188 5538 et
1205 5482 1555 5554 singularem
1574 5485 1750 5540 Deum
1773 5499 1986 5542 secun-

2097 4691 2240 4763 quin
2270 4696 2327 4746 et
2353 4691 2498 4746 duas
2527 4694 2762 4746 naturas
2782 4689 2841 4744 in
2874 4703 2988 4746 uno
3015 4689 3246 4746 Christo
3271 4689 3585 4746 secundum
3619 4705 3755 4748 ma~

2097 4779 2449 4836 nifestiorem
2469 4778 2883 4849 expositionem
2903 4782 3110 4834 sancta
3144 4777 3362 4850 quinta
3378 4783 3434 4834 et
3459 4779 3757 4836 universa-

2095 4869 2170 4924 lis
2208 4867 2408 4938 synodi
2442 4867 2834 4938 pradicantes,
2869 4865 3416 4923 anathematizamus
3459 4867 3754 4940 Severum,

2091 4961 2150 5012 et
2173 4958 2418 5024 Petrum,
2451 4960 2507 5012 et
2548 4957 2777 5011 Zoaram
2811 4956 3044 5026 Syrum;
3086 4953 3388 5027 Origenem
3428 4955 3604 5011 etiam
3647 4958 3752 5028 qui

2091 5059 2234 5102 vana
2264 5045 2474 5116 sapuit,
2511 5050 2568 5099 et
2605 5043 2964 5100 Theodorum
3009 5045 3409 5115 Mopsuestia;
3441 5045 3753 5115 Didymum

2093 5148 2318 5205 quoque
2355 5133 2588 5204 pariter,
2629 5138 2685 5187 et
2730 5131 3056 5204 Evagrium,
3085 5133 3185 5204 qui
3226 5133 3399 5188 etiam
3432 5135 3751 5190 secundum

2091 5223 2315 5278 easdem
2372 5226 2427 5277 et
2481 5221 2738 5277 diversas
2779 5221 3081 5292 opiniones
3131 5221 3326 5278 eodem
3399 5222 3755 5292 perditionis

2095 5311 2306 5367 irretiti
2333 5310 2778 5381 suntbarathro,
2801 5316 2857 5366 et
2881 5325 3011 5366 cum
3043 5310 3334 5380 pradictis
3374 5311 3616 5382 synodis
3640 5327 3753 5368 con

2093 5405 2384 5456 sonantem
2406 5403 2462 5454 et
2487 5400 2679 5455 eadem
2725 5399 3058 5456 sentientem
3091 5404 3342 5455 sanctam
3395 5406 3451 5456 et
3507 5401 3755 5456 univer-

2093 5488 2267 5544 salem
2299 5492 2512 5544 sextam
2539 5489 2820 5560 synodum
2871 5488 3277 5558 suscipientes.
3311 5503 3436 5560 qua
3467 5489 3526 5545 in
3570 5489 3753 5546 unius

411 5677 436 5705 -
456 5665 615 5722 Soles
635 5664 784 5737 dixi,
810 5664 946 5736 quia
968 5665 1029 5722 in
1056 5666 1252 5722 Graco
1271 5663 1357 5722 sic
1378 5664 1584 5738 reperi,
1606 5678 1778 5724 causa
1812 5666 2190 5726 necessitatis.
