4018 6166
212 291 287 349 ιῶ

896 290 1440 348 INTERPRETATIO
1477 291 1726 347 SYNODI
1763 289 1882 345 VIII
1916 289 2317 351 GENERALIS.
2358 326 2433 337 —
2467 297 2668 354 ACTIO
2706 299 2778 353 X.

3443 294 3544 357 466

205 415 369 473 Christi
413 411 633 470 duabus
680 415 907 471 naturis
963 420 1375 486 consequenter
1418 416 1590 471 etiam
1646 417 1791 472 duas
1816 410 1878 472 A
1905 417 2261 487 phantasiam
2290 426 2345 477 et
2368 423 2619 491 putative
2631 422 2817 480 factus
2836 424 3140 493 exstiterit,
3167 440 3265 495 per
3282 427 3545 483 abolitio-

207 502 492 575 operationes
507 515 573 557 ac
595 503 832 559 totidem
854 503 1175 561 voluntates
1191 505 1479 575 sapienter
1497 518 1793 561 assevera—

203 594 274 648 vit.
322 591 852 649 Anathematizamus
879 598 1066 650 autem
1096 595 1475 665 Theodorum,
1520 595 1618 665 qui
1678 593 1793 649 fuit

204 682 438 753 episcopus
462 680 795 749 Pharan,’et
812 683 1095 756 Sergium,
1127 689 1183 740 et
1211 684 1511 756 Pyrrhum,
1545 689 1601 765 et
1637 684 1793 739 Pan-

202 770 306 840 lum,
323 783 375 825 ac
402 770 637 839 Petrum,
664 771 876 841 impios
907 773 1175 843 priesules
1196 770 1795 842 Constantinopolita—

203 872 355 914 norum
380 857 654 930 Ecclesiae,
694 865 866 931 atque
894 876 1023 918 cum
1050 863 1136 919 eis
1173 863 1486 919 Honorium
1518 873 1541 900 ι
1578 864 1785 929 Romae,

202 960 279 1002 una
317 960 426 1002 cum
466 946 609 1017 Cyro
655 948 1032 1021 Alexandriae,
1082 965 1296 1008 necnon
1358 957 1415 1008 et
1478 951 1788 1008 Macarium

196 1034 468 1105 Antiochiae,
496 1048 562 1091 ac
585 1036 939 1107 discipulum
965 1041 1089 1110 ejus
1112 1041 1484 1111 Stephanum,
1516 1041 1615 1112 qui
1646 1039 1790 1095 male

196 1124 427 1193 opinionis
450 1125 818 1200 Apollinarii,
850 1135 907 1185 et
944 1132 1292 1203 Eutychetis,
1340 1147 1404 1189 ac
1445 1132 1655 1203 Severi,
1689 1132 1791 1186 im-

194 1212 367 1282 piorum
416 1213 921 1274 haeresiarcharum
973 1219 1237 1292 dogmata
1303 1227 1601 1293 sectantes,
1663 1220 1789 1275 sine

194 1301 457 1373 operatione
485 1315 552 1357 ac
582 1303 708 1360 sine
736 1306 1027 1363 voluntate
1054 1308 1362 1364 animatam
1394 1310 1586 1365 anima
1617 1309 1790 1365 ratio-

193 1388 330 1444 nabili
351 1393 400 1445 et
428 1390 868 1450 intellectuabili
899 1397 999 1451 Dei
1029 1410 1276 1469 carnem,
1310 1399 1579 1455 sensibus
1610 1398 1783 1468 lmsis,

190 1480 230 1529 et
252 1489 406 1533 revera
433 1479 559 1535 sine
591 1482 830 1553 ratione,
863 1486 1329 1553 praedicaverunt.
1362 1488 1420 1543 Si
1452 1488 1604 1543 enim
1636 1489 1788 1545 Deus

189 1563 413 1632 perfectus
443 1573 503 1623 et
533 1569 700 1626 homo
731 1571 1018 1642 perfectus
1048 1589 1199 1631 unus
1230 1575 1378 1631 idem
1421 1577 1688 1632 Christus
1730 1580 1787 1632 et

185 1651 297 1708 Deus
319 1656 546 1728 exstitit,
566 1660 955 1718 certissimum
976 1667 1081 1735 est,
1107 1665 1256 1734 quod
1281 1664 1441 1720 nulla
1471 1666 1783 1721 secundum

187 1746 352 1808 partem
380 1750 730 1820 naturarum,
766 1764 891 1820 quae
929 1730 1078 1807 sunt
1094 1730 1168 1824 ei,
1221 1753 1347 1808 sine
1375 1754 1669 1809 voluntate
1700 1753 1783 1809 vel
1815 1730 1870 1791 Β

186 1829 278 1883 sine
304 1834 614 1900 operatione
651 1838 947 1908 consistat,
989 1841 1083 1897 sed
1131 1841 1444 1901 secundum
1488 1847 1787 1912 utramque

184 1914 508 1977 substantiam
556 1924 752 1981 volens
781 1931 836 1981 et
869 1941 1113 1998 operans
1152 1930 1634 1986 consummaverit
1661 1943 1787 1985 ma-

186 2018 320 2075 gnum
344 2008 792 2080 dispensationis
828 2018 1183 2090 mysterium,
1225 2019 1701 2088 quemadmodum
1732 2032 1790 2091 et

183 2095 385 2151 omnium
413 2099 818 2172 deiloquorum
841 2106 1073 2176 chorus,
1099 2107 1169 2162 ab
1200 2108 1478 2177 apostolis
1505 2122 1687 2178 usque
1715 2109 1783 2164 ad

180 2193 271 2249 nos,
298 2183 388 2240 hoc
414 2188 737 2247 certissime
767 2194 973 2263 sciens,
996 2196 1168 2250 etiam
1197 2196 1501 2268 imaginem
1526 2196 1789 2253 humana:

182 2268 306 2327 illius
327 2271 504 2331 formae
542 2277 875 2353 depingens,
915 2283 1138 2354 erexit;
1182 2284 1517 2354 impendens
1556 2283 1789 2353 utrique

178 2361 288 2425 parti
310 2364 469 2420 unius
489 2366 715 2425 Christi
736 2371 1043 2429 distinctas
1073 2373 1315 2429 invicem
1348 2374 1640 2430 naturales
1663 2386 1786 2443 pro-

181 2448 426 2514 Pl'iemes:
475 2470 582 2525 per
609 2472 753 2527 quas
783 2461 978 2531 procul
1015 2462 1193 2519 dubio
1224 2464 1697 2535 significationes,
1732 2467 1789 2519 et

180 2536 390 2597 notiones
414 2543 632 2600 divinae
663 2548 850 2617 ipsius
878 2557 934 2607 ct
965 2552 1226 2608 humanae
1247 2558 1465 2609 natura:
1489 2551 1788 2609 inconfuse

182 2636 449 2690 permanere
471 2634 823 2706 creduntur;
848 2640 1001 2696 sicut
1018 2642 1190 2697 etiam
1208 2642 1506 2711 septimam
1530 2647 1784 2698 sanctam

178 2716 217 2801 et
238 2716 613 2795 universalem,
649 2725 709 2781 in
742 2728 928 2784 Nicaea
953 2731 1201 2786 secundo
1231 2730 1591 2799 celebratam,
1630 2744 1791 2801 syno-

180 2799 280 2856 dum
326 2809 637 2869 orthodoxe
694 2816 1081 2887 dogmatzasse
1156 2820 1439 2892 novimus,
1505 2799 1683 2875 unum
1732 2824 1790 2875 et

179 2892 385 2988 ςξξωάθω
415 2899 715 2988 Chrtstum
749 2909 804 2960 et
829 2907 1133 2964 Dominum
1168 2908 1519 2964 invisibilcm
1563 2914 1620 2964 et
1655 2907 1789 2965 visi-

180 2974 309 3067 bilem
337 2985 644 3054 professam
688 2998 745 3048 et
774 2994 1407 3065 incomprehensibilem
1446 3002 1502 3052 et
1526 3011 1792 3067 compre—

182 3060 485 3162 hensibilem,
504 3082 572 3134 et
589 3060 1151 3154 incircumscriptum
1177 3090 1233 3141 et
1262 3060 1786 3158 circumscriptum,

183 3161 541 3245 impassibilem
576 3169 748 3226 etiam
773 3178 830 3227 et
854 3173 1207 3242 passibilem,
1244 3179 1414 3245 atque
1438 3175 1792 3244 inscriptibi-

183 3237 262 3297 Iem
289 3244 379 3305 δεῖ
405 3256 812 3327 scriptibilem.
840 3237 944 3318 Cui
981 3237 1340 3320 concordans
1357 3268 1414 3319 et
1450 3237 1642 3319 sancta
1671 3263 1788 3318 hac

178 3340 222 3389 et
252 3340 582 3403 universalis
629 3350 880 3418 synodus
923 3363 1125 3422 magna
1167 3365 1299 3406 voce
1347 3352 1789 3407 anathematizat

180 3428 520 3507 Anastasium,
568 3436 1031 3509 Constantinum,
1066 3444 1124 3495 et
1164 3440 1441 3512 Nicetam,
1488 3440 1789 3497 irrationa-

182 3521 262 3576 lem
284 3525 606 3581 stercoralis
625 3536 650 3565 ο
682 3525 934 3582 nominis
960 3528 1374 3600 praesultatum,
1402 3528 1487 3584 vel
1520 3529 1669 3600 quod
1702 3533 1789 3584 est

183 3612 326 3682 magis
346 3613 656 3670 dicendum
681 3615 1061 3687 putredinem,
1087 3631 1305 3673 necnon
1331 3622 1388 3672 et
1405 3618 1786 3674 Theodosium

178 3699 462 3768 Ephesium.
496 3710 557 3759 et
591 3703 910 3760 Sisinuium
952 3706 1245 3776 Pastilam,
1278 3711 1334 3761 et
1365 3706 1639 3762 Basiliam
1669 3706 1791 3761 Tri-

178 3788 422 3861 cacabum,
448 3793 599 3863 quin
626 3792 821 3861 potius
840 3798 897 3848 et
915 3794 1351 3866 Theodoretum,
1376 3799 1432 3850 et
1449 3794 1787 3866 Antonium,

178 3881 315 3947 atque
337 3880 612 3937 Joannem
653 3882 938 3951 quondam
981 3883 1253 3953 praesules
1282 3898 1438 3939 novm
1468 3884 1675 3954 Romae,
1710 3897 1792 3939 re-

182 3964 261 4033 gia:
274 3966 514 4026 civitatis
526 3968 1019 4043 Christianorum,
1042 3971 1156 4028 imo
1176 3972 1393 4028 Christi
1417 3972 1790 4029 calumniato-

181 4065 279 4108 res:
317 4071 476 4127 quem
515 4057 794 4114 videlicet
823 4072 1182 4131 nequaquam
1221 4060 1471 4117 valuisse
1504 4061 1790 4117 idolorum

181 4145 517 4202 exterminare
548 4151 798 4217 statuas,
832 4153 897 4204 ut
924 4148 993 4203 de
1030 4162 1096 4205 eo
1128 4149 1526 4219 pronuntiavit
1558 4149 1793 4220 prophe-

182 4232 333 4287 tarum
354 4235 672 4308 cataIOgus,
704 4236 977 4307 operibus
1004 4242 1062 4293 et
1084 4237 1276 4293 verbis
1304 4238 1793 4308 praedicaverunt:

182 4317 333 4375 adhuc
354 4323 525 4379 etiam
544 4329 606 4380 et
624 4325 1007 4395 Theodorum,
1033 4326 1133 4397 qui
1156 4326 1350 4382 dictus
1372 4331 1458 4382 est
1474 4326 1794 4396 Crithinus,

1830 4373 1887 4436 D

1902 519 2027 561 nem
2066 508 2290 564 scilicet
2330 510 2603 581 imaginis
2644 512 2860 568 Christi
2898 516 2954 568 et
2988 512 3298 569 Salvatoris
3337 516 3539 584 nostri,

1900 594 2075 651 simul
2101 596 2271 652 etiam
2296 598 2533 653 sublatae
2560 598 2753 656 forma:
2778 615 2905 657 cum
2930 615 3012 669 ea,
3043 602 3354 657 verissima:
3381 602 3546 658 illius

1900 688 1958 738 et
1991 683 2220 741 deifera:
2257 688 2480 744 carnis:
2516 687 2725 744 bifarie
2750 690 2961 760 quippe
3001 690 3352 762 intelligitur
3380 704 3545 746 omne

1900 773 2050 842 quod
2111 788 2467 846 nequaquam
2537 777 2785 849 imagine
2840 779 3375 848 comprehenditur,
3444 784 3546 834 aut

1898 859 2055 915 velut
2106 875 2209 917 nos
2275 864 2547 934 existens,
2609 871 2709 920 aut
2767 866 2921 921 velut
2976 867 3229 922 existens
3291 866 3543 937 quidem,

1899 948 1994 1003 sed
2050 949 2287 1006 minime
2338 952 2871 1025 comprehensibile,
2904 958 2969 1009 ut
2995 959 3121 1024 pote
3150 954 3446 1009 invisibile
3493 960 3549 1009 et

1899 1035 2251 1094 obstrusum.
2310 1040 2367 1095 Si
2428 1042 2561 1112 quis
2621 1039 2802 1113 igitur
2858 1042 3061 1099 horum
3118 1043 3341 1113 aliquid
3401 1041 3547 1098 forte

1899 1140 2073 1195 super
2113 1127 2341 1183 Christo
2386 1130 2643 1185 omnium
2692 1136 2951 1187 nostrum
2999 1133 3111 1186 Deo
3158 1137 3214 1186 et
3259 1132 3546 1187 Salvatore

1900 1213 2278 1285 perhibuerit,
2342 1216 2557 1286 impius
2624 1218 2851 1290 liquido
2906 1219 3313 1291 declarabitur,
3373 1233 3549 1290 quan-

1896 1301 2205 1373 doquidem
2254 1319 2430 1361 unum
2474 1306 2677 1362 horum
2719 1321 2829 1363 non
2878 1306 3057 1363 fuisse
3097 1306 3307 1364 factum
3352 1323 3548 1365 secun-

1895 1391 2034 1446 dum
2119 1393 2413 1449 veritatem
2502 1396 2789 1451 hominem
2865 1396 3197 1453 Emmanuel
3273 1396 3543 1465 ostendit,

1895 1478 2137 1536 alterum
2188 1496 2319 1539 vero
2367 1482 2577 1540 factum
2628 1485 2859 1555 quidem
2909 1484 3089 1541 fuisse
3136 1486 3230 1541 sed
3277 1485 3547 1541 humanis

1898 1569 2349 1639 proprietatibus
2387 1573 2662 1645 caruisse,
2704 1578 2762 1629 et
2797 1580 3147 1644 assumptam
3187 1587 3414 1629 carnem
3456 1574 3550 1630 de-

1899 1662 2180 1728 posuisse,
2211 1660 2279 1715 ad
2311 1661 2566 1718 divinam
2597 1669 2768 1733 atque
2799 1663 3545 1733 incomprehensibilitatem

1900 1761 1997 1818 per
2026 1749 2217 1805 omnia
2251 1764 2545 1808 recursum
2578 1751 2780 1807 fecisse
2808 1753 3194 1808 demonstrat:
3231 1752 3381 1823 quod
3414 1752 3551 1807 alie-

1898 1851 2034 1892 num
2060 1843 2146 1893 est
2165 1836 2235 1893 ab
2261 1839 2529 1896 omnibus
2552 1841 2839 1897 divinitus
2863 1841 3164 1911 inspiratis
3188 1840 3544 1911 Scripturis:

1899 1940 2024 1995 qua:
2054 1927 2225 1982 etiam
2259 1928 2465 1984 iterum
2498 1944 2626 1985 eum
2669 1935 2969 1986 venturum
2996 1931 3251 1999 judicem
3289 1929 3546 1986 omnium

1900 2029 2136 2084 prorsus
2164 2015 2473 2089 affirmant,
2506 2019 2892 2090 similiterque
2920 2020 3251 2089 videndum,
3282 2016 3552 2089 quemad-

1899 2103 2129 2159 modum
2155 2105 2315 2161 visus
2333 2113 2419 2161 est
2438 2107 2749 2176 discipulis
2764 2113 2820 2162 et
2840 2109 3117 2177 apostolis
3133 2108 3259 2163 suis
3282 2108 3350 2162 ad
3373 2107 3547 2163 caelos

1897 2197 2250 2261 assumptus.
2281 2194 2426 2249 Illud
2455 2201 2645 2250 autem
2672 2196 3037 2250 Manichaaica
3063 2195 3335 2264 opinione
3356 2208 3420 2249 ac
3448 2195 3547 2248 im-

1900 2279 2109 2349 pietate
2143 2281 2373 2351 plenum
2401 2288 2507 2352 est,
2540 2296 2653 2353 quo
2686 2284 2970 2339 insensate
2998 2283 3237 2353 dicitur,
3268 2284 3338 2338 de
3368 2297 3433 2338 eo
3464 2282 3550 2337 di-

1897 2369 2018 2423 vini
2047 2371 2220 2426 David
2261 2372 2556 2442 eloquium
2601 2372 3033 2442 pronuntiatum
3066 2370 3265 2441 fuisse,
3298 2377 3355 2427 et
3395 2371 3545 2441 quod

1899 2458 2197 2526 perhibet:
2242 2462 2307 2513 In
2354 2462 2463 2514 sole
2500 2463 2685 2530 posuit
2729 2462 3138 2514 tabernaculum
3180 2477 3337 2515 suum
3378 2460 3544 2528 (Psal.

1897 2547 2102 2619 xvm);
2133 2562 2262 2603 cum
2304 2548 2570 2603 videlicet
2616 2549 2730 2604 haec
2777 2549 3041 2617 impietas
3078 2548 3453 2619 abjectionem
3484 2561 3551 2602 ac

1898 2635 2314 2705 depositionem
2353 2637 2669 2709 signiﬁcari
2712 2652 2810 2707 per
2839 2638 2896 2692 id
2937 2637 3224 2693 Dominici
3256 2651 3321 2692 ac
3348 2636 3549 2691 Deifici

1901 2725 2161 2794 corporis
2191 2726 2496 2795 opinetur:
2532 2728 2627 2783 sed
2659 2726 2905 2783 Verbum
2936 2726 3198 2782 veritatis
3237 2732 3293 2782 et
3321 2727 3391 2781 de
3421 2727 3556 2796 phe-

1901 2826 2138 2882 ronymo
2164 2814 2382 2869 Manete
2409 2815 2433 2853 ά
2467 2819 2524 2869 et
2547 2816 2617 2871 de
2648 2816 2899 2888 singulis
2926 2815 3024 2886 qui
3051 2829 3179 2870 cum
3205 2828 3272 2871 eo
3292 2815 3548 2884 sapiunt,

1898 2905 1955 2954 et
1993 2901 2437 2958 Iconomachicaa
2474 2908 2611 2959 sunt
2648 2909 2910 2960 auctores
2956 2903 3251 2973 haereseos,
3283 2906 3454 2973 atque
3482 2901 3553 2957 de

1899 2987 2036 3042 aliis
2073 2989 2342 3046 omnibus
2394 2990 2794 3047 haeresiarchis
2839 3005 2904 3047 ac
2954 2991 3154 3061 impiis
3203 2989 3553 3046 ﬁducialiter

1899 3076 2019 3133 ait:
2052 3080 2174 3133 Non
2218 3084 2606 3150 cognoverunt
2646 3094 2828 3151 neque
2876 3079 3301 3148 intellexerunt,
3346 3078 3440 3133 sed
3490 3077 3552 3132 in

1900 3166 2153 3222 tenebris
2180 3166 2635 3225 ambulaverunt.
2669 3169 2912 3240 Etenim,
2946 3182 2980 3223 ο
3012 3168 3111 3239 qui
3140 3166 3552 3236 derelinquitis

1899 3254 2021 3309 vias
2053 3261 2253 3325 rectas,
2287 3261 2343 3311 et
2372 3256 2682 3313 ambulatis
2713 3258 2772 3312 in
2804 3258 2918 3313 viis
2948 3257 3309 3312 tenebrarum
3336 3273 3350 3309 :
3388 3269 3421 3310 o
3452 3253 3553 3324 qui

1901 3341 2175 3398 laetamini
2212 3344 2271 3399 in
2302 3345 2491 3415 malis,
2524 3351 2580 3400 et
2616 3345 2891 3401 exultatis
2933 3345 2993 3400 in
3033 3345 3323 3400 eversione
3365 3343 3548 3398 mala:

1898 3444 2143 3500 quorum
2170 3432 2387 3487 semita:
2413 3446 2595 3501 pravae
2621 3438 2777 3502 sunt,
2804 3438 2859 3487 et
2884 3433 3045 3488 curvi
3074 3446 3304 3503 gressus
3330 3445 3550 3499 eorum,

1899 3523 1965 3574 ut
2004 3519 2167 3591 longe
2206 3519 2420 3575 faciant
2448 3535 2479 3575 a
2510 3521 2600 3575 via
2642 3525 2814 3593 recta,
2857 3527 2912 3576 et
2940 3520 3160 3575 alienos
3189 3534 3221 3574 a
3245 3521 3402 3588 justa
3433 3532 3556 3574 sen-

1899 3608 2097 3663 tentia.
2141 3610 2209 3664 Et
2250 3624 2487 3665 rursus:
2532 3609 2640 3679 Qui
2681 3624 2714 3666 a
2744 3615 2907 3665 vento
2937 3612 3205 3678 corrupta
3247 3607 3556 3663 seminave-

1899 3703 2055 3765 runt,
2083 3702 2139 3752 et
2165 3698 2386 3754 eversio
2415 3712 2611 3754 eorum
2642 3699 2865 3768 excepit
2893 3712 3014 3753 eam
3046 3695 3181 3768 (Ose.
3200 3694 3344 3769 vm).
3371 3698 3437 3751 Et
3460 3695 3559 3750 ite—

1901 3800 2066 3841 rum:
2113 3786 2222 3855 Qui
2270 3787 2547 3843 innititur
2589 3787 2923 3859 mendaciis,
2974 3787 3068 3842 hic
3122 3790 3312 3857 pascet
3357 3788 3558 3840 ventos

1900 3870 2074 3945 (Prov.
2109 3875 2184 3947 x).
2225 3876 2374 3930 Idem
2410 3881 2598 3931 autem
2635 3876 2757 3945 ipse
2794 3880 3165 3946 persequetur
3203 3888 3334 3930 aves
3366 3873 3556 3928 volan-

1901 3963 2385 4035 tes;derelinquit
2413 3964 2565 4019 enim
2591 3965 2714 4021 vias
2741 3964 2916 4020 vinea:
2946 3979 3081 4035 sum,
3106 3964 3163 4020 in
3189 3964 3341 4019 axiis
3369 3967 3559 4020 autem

1902 4052 2025 4124 agri
2062 4053 2153 4109 sui
2190 4059 2372 4109 errat:
2412 4053 2740 4109 deambulat
2772 4054 2923 4109 enim
2962 4067 3060 4123 per
3099 4054 3442 4124 inaquosum
3467 4052 3561 4108 de-

1907 4148 2143 4212 sertum,
2170 4147 2226 4198 et
2252 4148 2457 4198 terram
2483 4148 2771 4199 extensam
2800 4143 2860 4198 in
2886 4144 3009 4213 siti,
3037 4148 3341 4215 congregat
3365 4146 3555 4199 autem

1910 4235 1970 4290 in
1997 4232 2263 4288 manibus
2288 4232 2411 4288 suis
2437 4231 2798 4287 sterilitatem
2823 4250 2835 4286 :
2875 4238 3103 4302 propter
3129 4232 3277 4302 quod
3317 4232 3422 4288 hos
3445 4246 3559 4287 om-

1910 4337 2011 4378 nes
2059 4321 2400 4378 transmittit
2447 4321 2816 4393 anathemati,
2859 4327 2916 4376 et
2959 4321 3353 4377 dinumeratas
3393 4321 3559 4379 nobis

184 4418 316 4474 qnem
336 4414 387 4465 et
409 4412 525 4468 haec
547 4418 747 4468 sancta
776 4419 832 4469 et
865 4427 1063 4486 magna
1087 4415 1339 4486 synodus
1371 4429 1706 4487 convocans,
1748 4422 1804 4472 et
1831 4411 1886 4436 ν
1912 4417 2139 4468 sanctas
2172 4417 2226 4467 et
2253 4411 2604 4467 universales
2636 4416 2847 4480 septem
2883 4412 3129 4481 synodos
3161 4412 3465 4481 recipiens,
3503 4418 3560 4467 et

182 4495 508 4571 redarguens,
556 4515 763 4572 magna
800 4516 934 4558 voce
978 4503 1278 4559 anathema
1327 4504 1515 4574 ipsius
1558 4504 1801 4561 auribus

186 4578 386 4640 intulit:
432 4588 619 4644 simili
668 4603 896 4660 quoque
942 4591 1111 4647 modo
1153 4591 1706 4648 anathematizamus
1748 4597 1803 4648 et

184 4682 347 4729 omnes
383 4684 797 4735 consentaneos
838 4683 896 4735 et
934 4678 1185 4736 fautores
1234 4693 1453 4751 eorum,
1505 4695 1538 4737 a
1592 4681 1804 4752 quibus

183 4755 447 4820 dicebatur
497 4767 654 4838 quod
715 4781 901 4823 sermo
959 4768 1172 4824 divina:
1231 4769 1651 4825 incarnationis
1705 4784 1803 4840 per

218 4880 277 4946 οι.
294 4868 574 4946 Maximus
614 4873 840 4946 egregie
867 4875 1181 4946 Honorium
1214 4889 1414 4946 papam
1446 4875 1701 4932 defendit
1742 4877 1802 4933 in

186 4933 379 5066 ξέῗὶῖξο
398 4956 529 4998 cum
552 4933 792 5016 Pyrvrho',
812 4951 876 5001 ut
898 4945 1118 5002 dictum
1139 4933 1231 5003 est
1247 4933 1373 5018 sup.
1398 4948 1455 5003 in
1483 4962 1539 5003 v1
1562 4949 1798 5019 synodo,

239 5074 732 5166 ξ’-Ᾰζιίῗςνίρίξὺίιςιη,
782 5087 960 5166 Omne
988 5089 1548 5166 _incircumspectum
1591 5094 1647 5166 et
1692 5090 1805 5146 ins-

188 5152 562 5231 triptibile'est
584 5174 602 5229 ;
628 5158 779 5214 Deus
806 5160 955 5214 enim
988 5152 1525 5231 incircumscriptus
1549 5162 1803 5217 existens

190 5225 569 5316 {lgscriliitur
587 5225 625 5316 Ξ.
642 5242 753 5285 non
782 5238 969 5286 autem
995 5246 1171 5316 omne
1202 5225 1590 5316 inscriptibile
1618 5234 1801 5316 etiam

193 5299 758 5373 lngircumscriptum;
776 5314 903 5356 nam
916 5302 1106 5357 anima
1122 5303 1373 5359 hominis
1389 5299 1803 5373 inscriptibilis

194 5368 577 5451 f§l§tens,-no_n
619 5376 705 5426 est
728 5368 1269 5451 _incircum_scripta:
1304 5380 1361 5429 et
1388 5368 1803 5451 contratom‘ne

196 5438 479 5516 geriptibilc
493 5438 1189 5516 etiamcircumscriptuin
1208 5451 1293 5501 est
1311 5463 1322 5499 :
1348 5446 1483 5516 quid
1495 5438 1629 5516 quid
1649 5446 1801 5500 enim

202 5510 273 5584 iter
300 5508 517 5584 colores
547 5513 847 5580 scribitur,
879 5522 936 5571 et
974 5508 1097 5572 loco
1130 5508 1381 5571 multum
1405 5508 1534 5572 ante
1562 5518 1805 5573 circum-

200 5582 406 5645 ‘clplum
462 5589 590 5640 est:
654 5598 763 5642 non
811 5599 944 5658 ergo
994 5586 1496 5659 circumscriptum
1556 5588 1663 5645 hoc
1718 5593 1804 5644 est

1915 4501 2059 4557 hanc
2084 4504 2335 4556 octavam
2363 4500 2739 4556 universalem
2767 4500 3043 4575 synodum
3070 4500 3435 4571 congregavit
3462 4515 3561 4569 per

1914 4591 2155 4664 gratiam
2194 4590 2606 4659 omnipotentis
2640 4588 2855 4643 Christi
2891 4592 2947 4643 et
2979 4589 3077 4643 Dei
3116 4588 3319 4660 nostri,
3356 4593 3413 4643 et
3447 4589 3564 4658 pie-

1913 4685 2084 4735 tatem
2102 4693 2167 4734 ac
2177 4678 2435 4735 studium
2450 4677 2924 4749 tranquillissimi
2938 4682 2993 4733 et
3008 4678 3293 4733 divinitus
3307 4677 3558 4734 roborati

1915 4768 2280 4839 imperatoris
2305 4767 2508 4838 nostri,
2537 4766 2605 4822 ad
2633 4766 3009 4822 excidendum
3035 4772 3091 4822 et
3113 4767 3561 4838 disperdendum

1912 4877 2061 4949 quod
2083 4874 2599 4949 scriptibile,§icut
2612 4876 2682 4949 de
2704 4874 2895 4930 anima
2922 4874 3177 4931 hominis
3191 4880 3248 4930 et
3264 4874 3563 4933 similibus

1912 4946 2272 5003 sentiendum
2298 4950 2401 5001 est.
2434 4948 2582 5001 Eun.
2612 4947 2750 5000 Rom.

1979 5032 2003 5059 ο
2027 5019 2366 5073 Stercoralis.
2395 5017 2731 5073 Stercoralis
2757 5017 3011 5073 nominis
3038 5018 3404 5086 praesulatum
3434 5018 3563 5075 ideo

1910 5091 2161 5161 appellat
2186 5089 2291 5145 hos
2316 5103 2459 5159 quos
2500 5088 3009 5161 nominavit,_quia
3038 5103 3167 5161 cum
3200 5094 3393 5161 essent
3424 5090 3565 5145 Con-

1912 5158 2154 5218 stantini
2184 5158 2568 5231 imperatoris,
2597 5159 2695 5229 qui
2723 5158 3022 5215 dicebatur
3045 5160 3402 5231 Caballinus,
3430 5166 3565 5231 tem-

1914 5247 2049 5303 pore
2081 5230 2652 5303 Constantinopoleos
2692 5230 2984 5302 prazsules,
3015 5231 3213 5287 haeresi
3251 5230 3564 5302 ejus’favo—

1915 5301 2031 5359 rem
2060 5303 2303 5373 pessime
2328 5301 2779 5357 commodabant.
2812 5301 2979 5357 Eutr.
3003 5303 3142 5357 Rom.

1984 5377 2008 5414 ά
2034 5376 2223 5430 Manes
2259 5373 2430 5444 furia,
2472 5387 2584 5445 quo
2617 5373 2916 5429 Manichmi
2956 5374 3227 5444 appellati
3265 5378 3421 5443 sunt,
3461 5373 3559 5445 qui

1914 5451 2064 5502 recte
2104 5443 2505 5516 pheronymus
2527 5446 2719 5500 Grmce
2756 5443 3006 5514 dicitur,
3040 5445 3197 5516 quia,
3221 5457 3430 5516 secum
3455 5443 3561 5496 fert

1914 5513 2121 5575 nomen
2154 5516 2423 5573 insaniae:
2473 5529 2666 5572 manes
2704 5516 2857 5571 enim
2903 5513 3142 5572 inSanus
3186 5513 3557 5585 intelligitur,
3604 5564 3617 5573 ,
