4024 6170
444 263 544 326 167

1665 260 2026 320 ANASTASII
2070 261 2610 352 BlBLIOTHECARII

3717 263 3802 323 468

443 405 542 463 per
563 405 659 448 eas
683 395 908 450 exortas
933 391 1272 464 propagines
1297 391 1622 462 iniustitiae,
1647 403 1714 446 ac
1741 389 1974 459 iniquos
1995 387 2080 444 ni-
2105 384 2166 444 A
2195 388 2338 458 loco,
2371 390 2666 448 Nicolaum
2695 389 3089 448 beatissimum
3123 397 3180 447 et
3223 390 3627 462 pheronymum
3661 407 3686 450 b
3717 403 3806 461 pa-

444 497 544 536 sus
579 495 678 538 seu
713 481 1118 552 promotiones,
1154 481 1223 536 ad
1259 479 1622 536 efﬁciendum
1659 477 1958 549 pacificum
1989 479 2085 532 Ec-

443 570 632 626 clesiae
658 569 914 626 ordinem
939 575 996 625 et
1025 569 1184 626 orbis
1208 570 1600 625 stabilitatem.
1632 571 1755 624 Non
1781 567 1933 622 enim
1965 565 2086 622 sola

443 671 704 715 verorum
730 657 1058 730 dogmatum
1086 656 1330 727 privatio
1357 657 1514 712 novit
1539 656 1770 726 perdere
1795 654 1940 710 male
1969 653 2088 722 opi-

447 751 664 818 nantes,
695 750 754 802 et
791 744 1133 802 tumultuari
1177 758 1243 800 ac
1267 743 1500 800 turbare
1537 743 1870 800 Ecclesiam.
1908 741 2004 798 sed
2033 746 2088 798 et

443 835 771 892 divinorum
812 836 1207 891 mandatorum
1249 833 1743 904 praevaricationes
1798 830 2089 888 nihilomi-

448 937 557 980 nus
580 923 828 978 eamdem
858 923 1234 992 perditionem
1261 937 1372 978 non
1408 921 1789 994 vigilantibus
1812 921 2083 991 excitant,

445 1017 501 1069 et
537 1017 680 1069 testu
712 1026 778 1068 ac
803 1011 1076 1068 ﬂuctibus
1110 1012 1349 1082 implent
1381 1011 1573 1068 orbem
1610 1011 1710 1082 qui
1745 1009 1959 1066 Christi
1996 1023 2090 1080 ap-

446 1101 753 1171 pellatione
793 1103 1128 1158 censentur:
1173 1099 1322 1171 quod
1357 1099 1528 1156 etiam
1554 1105 1609 1155 et
1644 1113 1743 1170 per
1765 1098 1955 1154 Photii
1989 1097 2092 1152 mi-

447 1189 561 1244 seri
589 1187 984 1258 insipientiam
1007 1193 1064 1244 et
1093 1189 1362 1246 astutiam
1390 1194 1446 1244 et
1475 1188 1783 1260 malignam
1814 1186 2092 1257 operatio-

447 1291 573 1334 nem
592 1291 690 1348 per
707 1278 982 1334 instantia
1003 1283 1259 1348 tempora
1276 1277 1487 1334 factum
1507 1282 1619 1348 est,
1641 1277 1742 1348 qui
1762 1289 1872 1332 non
1893 1289 1992 1345 per
2005 1289 2092 1331 os-

449 1367 616 1437 tium,
645 1368 740 1424 sed
769 1381 868 1438 per
891 1367 1192 1423 fenestram
1223 1367 1283 1422 in
1307 1367 1530 1422 caulam
1555 1367 1848 1438 ingressus
1871 1365 2086 1435 ovium,

450 1457 617 1530 quasi
643 1455 737 1513 fur
765 1461 820 1513 et
850 1457 1016 1522 latro,
1043 1457 1366 1512 animarum
1395 1460 1702 1528 grassator,
1731 1453 2092 1526 quemadmo-

449 1547 584 1602 dum
625 1545 961 1602 Dominicus
997 1557 1182 1600 sermo
1223 1543 1506 1616 designat,
1543 1543 1697 1600 omni
1739 1548 1989 1612 tempore
2024 1553 2090 1596 ac

451 1633 604 1690 omni
632 1631 974 1690 fortitudine
999 1630 1181 1688 furari
1214 1637 1270 1688 et
1304 1636 1550 1688 mactare
1572 1645 1638 1688 ac
1664 1633 1896 1703 perdere
1924 1629 2093 1686 ratio-

2197 492 2322 548 pam
2349 479 2597 535 senioris
2621 480 2809 536 Roma:
2827 480 3130 537 desursum
3157 480 3338 548 misit,
3362 479 3462 550 qui
3489 479 3690 550 jaculis
3711 479 3807 550 epi-

2195 567 2470 624 stolarum
2502 583 2735 626 suarum
2761 575 2932 640 atque
2969 568 3266 626 verborum
3287 573 3344 624 et
3371 569 3562 624 Photii
3594 567 3807 624 fautores

2199 655 2488 726 principes
2529 671 2594 712 ac
2621 662 2876 726 potentes
2911 658 3175 728 perculit,
3207 663 3264 714 et
3291 671 3450 712 versa
3487 657 3610 712 vice
3635 656 3810 712 veteris

2199 745 2478 815 historiae,
2511 745 2988 816 quemadmodum
3014 747 3256 802 alterum
3288 745 3588 817 quemdam
3619 745 3812 800 Madia-

2198 835 2376 890 nitam
2399 835 2668 893 Pbotium
2689 851 2819 893 cum
2841 837 3161 893 Israelitide
3188 837 3426 892 ecclesia
3450 836 3808 904 muachautem,

2197 925 2510 982 secundum
2578 926 2899 997 zelatorem,
2944 927 3206 996 Pbinees,
3261 925 3521 982 veritatis
3579 939 3814 982 mucrone

2199 1014 2459 1087 pupugit,
2494 1019 2550 1070 et
2578 1015 3032 1086 acquiescentem
3077 1015 3325 1074 remedia
3357 1014 3707 1070 medicinalis
3742 1013 3819 1069 di-

2197 1103 2457 1174 sciplina:
2482 1105 2773 1174 suscipere
2799 1105 2869 1161 ad
2917 1104 3190 1162 adulterii
3235 1104 3494 1162 vulneris
3521 1103 3818 1174 sanitatem,

2196 1197 2254 1247 et
2298 1191 2624 1250 cicatricem
2671 1194 3145 1265 consequendam,
3190 1193 3363 1250 etiam
3404 1193 3633 1262 penitus
3674 1193 3824 1248 inter»

2199 1279 2370 1336 fecit:
2421 1286 2592 1353 atque
2637 1295 2768 1339 cum
2828 1284 3131 1353 conjuncta
3183 1283 3237 1339 ei
3291 1281 3456 1354 quasi
3511 1279 3819 1338 sacerdotali

2197 1369 2480 1442 dignitate
2519 1385 2618 1441 per
2645 1372 2964 1441 anathema,
2994 1377 3057 1428 ut
3079 1371 3226 1427 alter
3259 1372 3461 1427 Petrus
3483 1369 3746 1426 Ananiam
3773 1373 3824 1424 et

2197 1459 2556 1530 Sapphiram,
2583 1461 2684 1532 qui
2722 1461 2919 1518 divina
2963 1460 3138 1517 furati
3171 1465 3326 1530 sunt,
3372 1461 3541 1517 morti
3587 1458 3826 1516 transmi'

2199 1547 2278 1604 sit
2306 1545 2446 1618 (Act.
2481 1549 2554 1621 v).
2599 1551 2782 1620 Hujus
2822 1555 3011 1606 autem
3033 1548 3470 1606 definitionibus
3511 1561 3578 1604 ac
3601 1546 3825 1604 decretis

2201 1637 2440 1695 innixus
2453 1639 2754 1708 piissimus
2773 1643 2829 1694 et
2847 1637 3062 1695 Christi
3075 1638 3297 1694 amicus
3310 1638 3616 1709 imperator
3638 1640 3824 1706 noster,

451 1721 670 1777 nabiles
695 1721 936 1791 pecudes
957 1721 1173 1777 Christi
1201 1721 1458 1790 tentavit,
1487 1701 1810 1792 multasque
1836 1733 2093 1790 persecu-
2119 1701 2174 1764 Β
2202 1741 2366 1798 quem
2401 1701 2652 1784 célestis
2682 1728 2990 1798 imperator
3030 1732 3088 1784 et
3115 1701 3410 1784 dominus-
3434 1727 3736 1797 majestatis
3773 1701 3828 1782 in

452 1810 638 1866 tiones
660 1823 920 1881 operans,
959 1809 1152 1880 plures
1174 1809 1486 1880 custodias,
1522 1814 1578 1864 et
1601 1823 1874 1880 carceres,
1913 1823 1980 1864 ac
2013 1821 2094 1864 re-

451 1906 578 1955 rum
605 1897 1045 1968 publicationes,
1089 1902 1260 1968 atque
1294 1897 1662 1970 longissimos
1695 1898 2007 1954 exsulatus.
2038 1899 2096 1952 et

451 2001 622 2056 super
647 1987 765 2042 huic
799 1985 1284 2056 insimulationes,
1311 1986 1408 2042 sed
1433 1987 1826 2043 accusationes
1857 1990 1914 2041 et
1942 1983 2099 2040 falsi-

453 2074 649 2145 loquia
683 2078 740 2130 et
771 2074 1116 2144 scriptiones
1149 2074 1330 2146 ﬁctas,
1366 2077 1563 2130 contra
1597 2087 1793 2130 omnes
1824 2073 2099 2129 zelatores

454 2163 706 2236 pietatis,
768 2167 825 2218 et
886 2169 1336 2236 pr0pugnat0res
1387 2163 1668 2234 veritatis,
1723 2165 2104 2218 commentan-

452 2252 546 2323 do,
601 2265 713 2308 non
765 2251 994 2309 destitit
1039 2253 1432 2322 justissimum
1489 2251 1759 2308 videlicet
1809 2256 1866 2307 et
1917 2249 2103 2322 legiti-

455 2354 609 2396 mum
649 2346 820 2412 atque
857 2343 1198 2398 canonicum
1245 2355 1531 2397 summum
1581 2340 1926 2396 sacerdotem
1964 2339 2104 2394 Con-

455 2428 1100 2498 stantinopolitanorum
1141 2429 1428 2500 Ecclesiae,
1468 2429 1898 2485 sanctissimum
1949 2427 2105 2483 scili-

455 2521 544 2572 cet
601 2517 983 2586 patriarcham
1039 2517 1345 2588 Ignatium,
1405 2523 1470 2574 ut
1523 2517 1668 2573 alter
1724 2517 1957 2588 quidam
2014 2515 2106 2570 Se-

457 2619 626 2662 verus
667 2619 768 2662 seu
812 2605 1140 2675 Dioscorus,
1181 2606 1463 2677 expellere
1509 2605 1864 2676 machinans,
1915 2609 1972 2661 et
2021 2604 2104 2659 in-

459 2698 578 2748 star
603 2693 845 2749 latronis
862 2693 1111 2750 adulteri
1139 2695 1324 2750 sedem
1351 2694 1518 2751 illius
1545 2694 1837 2764 invadens,
1864 2698 1921 2750 et
1945 2693 2104 2750 mille

460 2781 833 2852 depositoriis
857 2782 1161 2838 sententiis
1185 2796 1250 2838 ac
1275 2783 1511 2839 totidem
1541 2783 2006 2839 anathematibus
2027 2780 2106 2837 af-

463 2871 624 2928 fatim
665 2885 794 2928 eum
829 2871 1192 2942 submittens,
1230 2876 1400 2943 atque
1441 2870 1760 2928 multifarie
1790 2871 2106 2941 multisque

2203 1817 2444 1873 salutem
2465 1817 2626 1874 orbis
2654 1821 2937 1874 terrarum
2963 1817 3164 1887 erexit,
3204 1816 3410 1873 Pbotio
3455 1815 3686 1886 quidem
3717 1828 3833 1872 con-

2203 1907 2519 1964 venientem
2548 1907 2878 1976 impartitus
2901 1911 2988 1962 est
3009 1906 3196 1963 locum
3219 1924 3235 1976 ;
3263 1905 3691 1962 sanctissimum
3714 1917 3832 1960 vero

2207 1995 2588 2066 patriarcham
2627 1995 2911 2067 Ignatium
2953 1995 3023 2050 ad
3066 1995 3336 2050 thronum
3371 1993 3663 2064 proprium
3700 2005 3837 2048 revo-

2207 2085 2391 2156 cavit;
2419 2098 2586 2155 porro
2605 2085 2673 2140 ad
2707 2083 3010 2154 perfectam
3030 2083 3436 2140 discretionem
3454 2087 3512 2138 et
3533 2081 3842 2138 distinctio-

2211 2188 2336 2230 nem
2365 2175 2490 2245 ejus
2520 2173 2667 2246 quod
2701 2173 2912 2230 bonum
2945 2187 3069 2228 esse
3103 2176 3347 2242 constat,
3390 2177 3448 2227 et
3474 2170 3714 2241 expedit.
3741 2169 3842 2228 Vi-

2209 2264 2399 2320 carios
2443 2263 2615 2319 etiam
2656 2276 2726 2318 ex
2771 2261 3041 2318 omnibus
3080 2259 3564 2331 patriarcbalibus
3605 2259 3837 2328 thronis,

2211 2366 2427 2408 necnon
2449 2357 2505 2408 et
2540 2364 2761 2407 omnem
2798 2349 3196 2420 episcoporum
3221 2348 3564 2420 catalogum,
3611 2347 3704 2419 qui
3741 2346 3844 2404 sub

2213 2445 2486 2512 potestate
2498 2453 2600 2496 sua
2619 2439 2796 2512 degit,
2823 2439 2882 2494 in
2906 2438 3157 2509 idipsum
3179 2436 3441 2509 collegit:
3469 2436 3568 2507 qui
3593 2435 3848 2492 videlicet

2211 2529 2610 2586 convenientes
2635 2541 2892 2600 magnam
2923 2527 3068 2583 hanc
3101 2531 3158 2582 et
3201 2525 3580 2583 universalem
3617 2523 3854 2581 celebra-

2211 2619 2400 2674 vimus
2420 2617 2719 2688 synodum,
2750 2622 2806 2672 et
2846 2629 2976 2672 cum
3008 2615 3188 2672 multo
3217 2613 3522 2684 scrutinio,
3567 2618 3624 2669 et
3663 2612 3856 2683 proba-

2211 2707 2388 2776 tione,
2411 2712 2581 2777 atque
2611 2709 2878 2774 tractatu,
2907 2703 3178 2760 delimate
3200 2717 3266 2760 ac
3285 2702 3684 2760 convenienter
3701 2714 3860 2757 scan-

2213 2795 2474 2852 dalorum
2515 2798 2574 2850 et
2612 2793 2962 2850 zizaniorum
2991 2793 3234 2863 radices,
3267 2805 3380 2848 una
3425 2805 3555 2848 cum
3593 2789 3857 2862 germini-

2215 2883 2343 2956 bus,
2376 2883 2566 2956 gladio
2587 2883 2831 2952 spiritus
2853 2881 3194 2954 excidimus,
3228 2881 3509 2937 insontem
3547 2879 3766 2936 scilicet
3801 2882 3862 2960 et

463 2959 650 3015 modis
690 2959 1063 3015 incessantem
1113 2958 1497 3016 turbationem
1540 2965 1596 3015 et
1633 2965 1834 3016 aestum
1879 2957 2097 3014 cunctis

2217 2972 2643 3030 sanctissimum
2659 2970 3038 3042 patriarcham
3061 2969 3344 3042 Ignatium
3359 2969 3420 3024 in
3434 2967 3652 3039 proprii
3665 2957 3858 3023 throui

461 3048 678 3104 Christi
717 3052 774 3104 et
808 3047 1118 3104 Salvatoris
1165 3049 1346 3104 nostri
1391 3049 1654 3104 ecclesiis
1693 3048 1967 3104 excitans.
2009 3047 2097 3102 Ve-

2213 3061 2448 3118 cardine
2485 3019 2862 3129 stabilientes,
2885 3063 2942 3114 et
2970 3019 3236 3114 Pbotium
3287 3019 3638 3128 pervarsorrem
3687 3061 3862 3126 atque

467 3143 782 3194 rumtamen
809 3151 922 3194 non
946 3143 1034 3192 est
1058 3136 1402 3194 infatuatum
1439 3138 1522 3194 sal
1548 3143 1732 3207 terrae,
1762 3151 1944 3208 neque
1977 3150 2108 3192 ocu-

467 3226 561 3282 lus
587 3227 851 3282 Ecclesiaa
882 3226 1111 3296 penitus
1139 3226 1556 3297 extenebratus,
1589 3241 1772 3296 neque
1801 3227 2103 3298 luminare,

467 3314 704 3370 malitiae
749 3314 1076 3386 spiritibus,
1120 3315 1352 3386 pietatis
1386 3315 1732 3372 exstinctum
1770 3321 1890 3384 est;
1926 3327 2108 3385 neque

468 3404 622 3478 ignis
645 3403 855 3460 divinae
879 3404 1184 3460 charitatis
1207 3405 1693 3474 consumptoriam
1717 3409 1774 3460 et
1810 3403 2110 3460 incenden-

423 3541 439 3546 _
464 3499 577 3550 tem
611 3493 996 3563 operationem
1032 3493 1342 3563 peccabilis
1373 3498 1440 3549 et'
1465 3493 1606 3550 levis
1641 3494 1893 3550 materiae
1926 3491 2109 3563 perdi-

463 3583 572 3656 dit,
627 3595 808 3652 neque
845 3595 1031 3636 sermo
1072 3582 1324 3650 Domini,
1366 3581 1468 3651 qui
1513 3588 1601 3636 est
1647 3581 1872 3638 acutior
1915 3581 2106 3652 gladio

463 3671 728 3741 ancipiti,
765 3673 820 3725 et
851 3669 1264 3741 cogitationum
1293 3669 1594 3739 discretor,
1630 3667 1890 3724 inefﬁcax
1920 3669 2108 3726 inven-

466 3766 560 3816 tus
591 3764 698 3830 est,
727 3771 908 3828 neque
941 3755 1140 3812 solidae
1166 3760 1336 3826 petras
1371 3755 1804 3812 fundamentum
1839 3757 2108 3815 collusio-

465 3847 640 3903 nibus
682 3846 766 3902 vel
817 3844 1298 3901 inundationibus
1323 3845 1628 3901 ﬂuminum
1673 3850 1729 3901 et
1779 3846 2103 3916 pluviarum

462 3935 781 3992 demersum
807 3931 1061 3988 concidit
1080 3950 1095 4001 ,
1114 3931 1208 3988 sed
1231 3932 1378 4002 lapis
1401 3933 1699 4004 angularis
1717 3939 1775 3990 et
1796 3935 2102 4004 pretiosus,

465 4021 565 4092 qui
594 4021 653 4076 in
678 4020 836 4091 Sion,
873 4019 932 4076 id
959 4023 1044 4075 est
1080 4019 1138 4076 in
1171 4020 1424 4077 Ecclesia
1461 4021 1703 4095 positus,
1733 4037 1907 4093 super
1936 4037 2102 4094 quem

2214 3149 2536 3206 adulterum
2558 3162 2688 3204 cum
2709 3147 2977 3204 omnibus
2997 3146 3340 3217 sequacibus
3359 3145 3484 3202 suis
3511 3150 3567 3201 et
3588 3143 3864 3214 nequitia:

2215 3221 2540 3294 fautoribus
2576 3237 3030 3293 condemnantes.
3077 3234 3232 3290 Dicit
3277 3233 3430 3290 enim
3461 3233 3704 3304 quodam
3735 3231 3866 3288 loco

2219 3340 2317 3399 per
2367 3327 2652 3398 pr0phetae
2706 3338 2894 3382 vocem
2955 3324 3349 3381 universorum
3401 3323 3586 3378 Deus:
3637 3322 3869 3390 Propter

2213 3419 2455 3473 malitias
2498 3416 2943 3470 adinventionum
2997 3428 3224 3467 suarum
3281 3411 3346 3466 de
3379 3411 3532 3465 domo
3580 3409 3714 3481 [mea
3770 3411 3871 3478 eji-

2215 3508 2354 3561 ciam
2383 3521 2504 3569 eos;
2539 3509 2588 3558 et
2625 3504 2772 3557 ult-ra
2807 3517 2916 3556 non
2961 3502 3184 3564 addam,
3224 3504 3284 3554 ut
3331 3500 3558 3568 diligam
3603 3513 3710 3552 eos.
3764 3500 3884 3552 Do-

2217 3595 2318 3650 luit
2357 3595 2639 3664 Ephraim,
2659 3591 2893 3646 ‘radices
2921 3605 3050 3645 suas
3092 3591 3262 3652 aruit,
3294 3590 3536 3656 fructum
3561 3587 3713 3642 ultra
3751 3601 3870 3640 ncn

2214 3685 2405 3753 afferet
2455 3679 2600 3754 (Ose.
2653 3679 2760 3753 Ix).
2826 3681 2892 3735 Et
2944 3679 3187 3735 iterum:
3242 3678 3503 3734 Chanaan
3564 3677 3626 3730 in
3687 3691 3871 3730 manu

2215 3773 2332 3842 ejus
2380 3775 2584 3828 statera
2613 3769 2918 3837 iniustitiae,
2964 3769 3073 3822 vim
3101 3769 3306 3835 inferre
3347 3766 3542 3821 dilexit
3557 3783 3575 3820 :
3619 3769 3671 3820 et
3719 3764 3878 3818 dixit

2212 3861 2475 3931 Ephraim
2491 3879 2508 3914 :
2571 3860 2950 3916 Verumtamen
3019 3856 3167 3911 dives
3237 3857 3418 3924 factus
3473 3870 3612 3916 sum,
3675 3854 3882 3907 inveni

2212 3949 2560 4017 refrigerium
2619 3947 2770 4001 mihi.
2837 3945 3028 4001 Omnes
3094 3945 3302 3998 labores
3365 3944 3483 4013 ejus
3545 3958 3656 3997 non
3718 3943 3884 3996 inve-

2213 4041 2420 4092 nientes
2445 4042 2494 4092 et
2511 4040 2738 4107 propter
2765 4035 3094 4104 injustitias,
3126 4049 3263 4104 quas
3281 4034 3524 4104 peccavit
3548 4031 3697 4102 (Ose.
3729 4031 3882 4108 xu).

464 4108 896 4166 fundamentum
921 4108 1309 4178 apostolorum
1334 4115 1390 4165 et
1414 4109 1818 4181 prophetarum
1846 4111 1906 4168 in
1933 4111 2107 4169 aedifi-
2212 4129 2281 4183 Ει
2328 4127 2568 4183 iterum;
2618 4127 2690 4180 Et
2741 4123 3138 4178 ηωνεάίεαδυητ
3181 4123 3370 4176 domus
3418 4121 3582 4176 Iacob
3629 4136 3722 4176 eos
3774 4123 3890 4190 qui

462 4197 742 4252 cationem
768 4196 1033 4253 Ecclesia:
1057 4197 1308 4268 positum
1333 4204 1438 4270 est,
1469 4199 1680 4256 multos
1699 4199 1930 4270 quidem
1957 4201 2104 4258 alios
2213 4215 2524 4271 haereditate
2546 4217 2870 4284 recuperant
2917 4226 3036 4266 eos:
3062 4216 3114 4266 et
3139 4213 3243 4266 erit
3275 4211 3462 4266 domus
3489 4210 3654 4266 Iacob
3693 4211 3890 4277 ignis,

464 4285 524 4342 in
555 4285 916 4358 generatione
941 4289 1138 4399 Ῑὶοδίΐῗ
1157 4287 1352 4343 emisit
1376 4287 1658 4344 volubiles
1684 4289 1905 4359 lapides
1930 4304 2104 4360 super
2123 4335 2182 4399 D
2212 4311 2263 4362 et
2304 4305 2492 4360 domus
2535 4303 2731 4372 Joseph
2751 4304 2968 4371 ﬂamma
2990 4319 3007 4356 ε
3051 4301 3241 4356 domus
3277 4305 3459 4356 autem
3497 4301 3651 4354 Esau
3685 4301 3754 4353 in
3781 4301 3895 4354 δή.

464 4379 666 4399 μνη...
723 4379 784 4399 -.ι
815 4388 951 4399 ..-λη
1001 4381 1083 4399 λι..
1149 4375 1250 4399 ξηει
1275 4388 1296 4399 ..
1346 4375 1410 4399 -1.
1444 4377 1592 4399 ...μ-ε
1628 4377 1822 4399 --.ιε-Α
1859 4379 2094 4399 --μμμε
2293 4397 2308 4399 _
2682 4393 2698 4399 -
2867 4398 2870 4399 ,
2925 4395 2936 4399 _
3165 4396 3172 4399 _
3375 4390 3392 4399 -
3473 4395 3482 4399 -
3706 4395 3717 4399 _

461 4379 692 4444 terram,
723 4379 788 4430 ut
815 4375 1089 4445 pr0pheta
1106 4375 1254 4431 dicit
1274 4388 1318 4448 ιι,
1344 4375 1416 4432 ab
1439 4377 1595 4433 omni
1623 4377 1824 4434 ordine
1853 4379 2097 4452 catalogi

2206 4397 2418 4468 pulum,
2448 4399 2500 4449 et
2526 4393 2874 4448 emardcscent
2913 4395 2974 4447 in
3001 4407 3087 4447 eos
3125 4396 3175 4446 et
3211 4390 3484 4446 comedent
3521 4405 3629 4452 eos,
3661 4395 3723 4444 et
3762 4403 3894 4444 non

459 4463 836 4554 ecclesiastici
863 4463 1123 4554 etiamin
1150 4469 1418 4536 regnante
1453 4464 1614 4538 urbe,
1640 4480 1705 4522 ac
1734 4468 1910 4524 Roma
1935 4482 2098 4542 nova,
2203 4463 2312 4540 ωε
2363 4486 2460 4554 qui
2510 4485 2688 4552 ignem
2741 4485 2886 4550 {erat
2948 4481 3134 4536 domui
3185 4481 3356 4544 Esau,
3407 4481 3540 4550 quia
3593 4479 3899 4534 Dominus

460 4552 886 4626 confringentes
917 4553 1142 4609 scilicet
1171 4559 1228 4608 et
1263 4559 1621 4612 conterantes
1647 4557 2097 4616 machinamenta

2211 4552 2417 4630 locutus
2446 4567 2920 4643 est(Abd.1,18).
2957 4570 3130 4626 Miser
3176 4582 3420 4640 namque
3457 4567 3706 4626 Photius
3750 4574 3902 4624 erat

459 4656 653 4698 eorum
681 4641 781 4712 qui
806 4642 1096 4697 devastare
1121 4642 1413 4698 veritatem
1451 4648 1508 4699 et
1530 4643 1782 4700 divinam
1811 4646 2098 4716 justitiam
2209 4663 2485 4720 veraciter
2505 4641 2568 4718 ιη
2606 4660 2773 4717 homo
2795 4641 2896 4730 qui
2923 4672 3033 4715 non
3083 4659 3277 4728 posuit
3309 4659 3486 4714 Deum
3534 4657 3901 4728 adjutorem

458 4731 761 4786 voluerunt
793 4734 850 4786 et
879 4733 1267 4786 tentaverunt:
1299 4732 1494 4802 potius
1530 4738 1719 4790 autem
1757 4740 1928 4806 atque
1967 4751 2097 4806 pra:-

2209 4766 2398 4822 suum,
2426 4751 2522 4807 sed
2545 4749 2793 4820 speravit
2829 4748 2889 4803 in
2915 4747 3288 4804 multitudine
3315 4746 3710 4803 versutiarum
3748 4760 3912 4804 sua-

457 4819 627 4919 c_ipue
658 4819 836 4874 veluti
873 4819 1170 4889 quemdam
1205 4820 1448 4878 alterum
1487 4823 1816 4894 angularem
1852 4823 2097 4894 lapidem

2209 4856 2356 4911 rum,
2379 4819 2436 4896 et.
2466 4819 2763 4910 praevaluit
2793 4835 2852 4897 in
2885 4837 3190 4892 vanitatem
3217 4835 3568 4892 malitiarum
3593 4848 3905 4895 suarum.

461 4907 1526 5008 illius.quodammodqcogserfantem.
1553 4917 1825 5008 quantum
1853 4914 1976 5008 ﬁeri
2005 4930 2099 4985 po-
2206 4907 3566 4994 secundumveteremillumEphraim,discedens
3585 4923 3913 4980 adivinis

461 5000 588 5064 test,
627 4995 988 5067 imaginalem
1029 4997 1470 5056 similitudinem
1511 5008 1707 5058 contra
1749 5001 1933 5059 Photii
1972 5018 2096 5074 pro-

461 5083 773 5108 -.-.,....υυι..1,ι
833 5088 1097 5108 ι....,.--Α...
1128 5102 1151 5108 _
1190 5089 1421 5108 ___-_I-_..
1472 5091 1678 5108 _x_x-|__
1720 5096 1761 5108 ,Α
1810 5105 1885 5108 ,_,,
1964 5093 2003 5108 ιν

2206 5016 2748 5108 iustificationibus:
2785 5027 2950 5084 quem
2980 5013 3229 5070 irridens
3253 5017 3310 5070 et
3333 5013 3705 5070 subsannans
3756 5026 3924 5082 pro-

459 5083 798 5156 pugnacula,
833 5088 1100 5157 tanquam
1125 5102 1158 5143 a
1184 5089 1428 5159 quodam
1465 5091 1688 5147 excelso
1711 5096 1766 5146 et
1793 5093 2094 5162 perspicuo

2206 5083 2464 5179 pheticus
2497 5118 2701 5170 sermo,
2732 5083 2818 5158 ita
2832 5103 3015 5158 dicit:
3047 5103 3312 5174 Ephraim
3351 5105 3533 5171 factus
3561 5107 3642 5157 est
3691 5102 3928 5156 sume

525 5262 920 5350 {Parietes}
956 5263 1073 5350 hic
1128 5265 1454 5350 Zachariam
1503 5266 1784 5350 designat»
1824 5263 2094 5350 «uim-

516 5273 548 5344 ,α
585 5262 920 5345 Prophetam
978 5263 1073 5319 hic
1128 5265 1454 5345 Zachariam
1503 5266 1784 5345 designat,
1824 5263 2094 5345 quiumy-
2200 5279 2514 5345 congruum
2536 5265 2649 5321 sibi
2673 5263 2783 5345 fert
2799 5265 3199 5345 nomen.Ergo
3215 5264 3504 5345 Nicolaus,
3530 5261 3918 5345 qui‘verurn

457 5334 599 5389 stice
633 5334 784 5388 inter
805 5334 920 5390 alia
947 5337 1259 5392 secundum
1294 5342 1534 5392 veterem
1561 5334 1870 5394 editionem
1903 5334 2056 5396 dicit
2072 5360 2084 5397 :

620 5333 1259 5416 .inter‘aliasecundum
1294 5342 1534 5416 veterem
1561 5333 1870 5394 editionem
1903 5333 2056 5396 dicit'
2072 5360 2084 5397 :
2199 5345 2255 5416 et
2298 5333 2564 5394 idoneum
2607 5337 2760 5416 actui
2793 5350 2898 5416 suo
2926 5333 3151 5416 nomen
3171 5333 3318 5391 ferre
3349 5333 3516 5416 visus
3551 5338 3680 5416 _est,
3750 5339 3928 5403 apte

456 5405 720 5488 Quoniam
783 5405 992 5475 lapides
1060 5410 1237 5462 sancti
1309 5409 1602 5463 volvuntur
1667 5425 1829 5480 super
1891 5416 2092 5468 terram
2203 5412 2582 5488 pheronymus
2605 5407 2798 5488 dictus
2821 5407 3228 5488 est._N_i_colaus
3266 5405 3478 5488 quippe
3504 5407 3754 5488 uincens
3793 5421 3922 5474 p0-

453 5478 646 5553 ips_iu_s_.
989 5547 1048 5553 __
1425 5550 1462 5553 __
1510 5551 1519 5553 _
1727 5477 1762 5553 ί
2191 5477 2354 5553 pulos
2402 5477 2845 5553 interpretatur:
2898 5477 3239 5553 vicitenim
3278 5477 3491 5553 quippe
3533 5481 3700 5532 recte
3765 5489 3924 5533 non

525 5547 553 5590 b
575 5547 962 5617 Pheronymus.
989 5547 1378 5621 Pheronymus
1406 5550 1646 5624 dicitur,
1667 5551 1768 5622 qui
1791 5565 1986 5610 verum
2011 5559 2086 5626 et,
2191 5547 2528 5622 sententies,
2552 5547 2648 5608 sed
2685 5551 2884 5622 inique
2907 5552 3154 5620 agentes.
3187 5547 3339 5605 Emi.
3383 5547 3522 5603 lion.
