4018 6166
272 230 379 288 169

265 447 438 502 alieni
478 453 859 517 fortitudinem
892 461 1026 528 ejus.
1067 464 1190 532 Ipse
1240 447 1420 521 autem
1455 485 1564 523 non
1601 473 1839 537 agnovit,
1872 474 1922 524 et

267 539 394 588 cani
423 541 781 605 efﬂoruerunt
809 551 878 608 ei,
918 553 970 602 et
997 551 1111 619 ipse
1139 569 1248 606 non
1286 559 1548 621 cognovit,
1583 564 1633 612 ct
1655 559 1922 614 humilia-

269 622 416 677 bitur
435 627 650 694 injuria
671 635 847 687 Israel
871 638 929 689 in
957 641 1153 704 faciem
1184 644 1376 710 ipsius,
1404 647 1532 699 etin
1561 648 1807 702 omnibus
1836 650 1919 703 his

266 727 374 766 non
404 721 486 768 est
515 733 802 776 conversus
831 725 906 777 ad
931 729 1220 784 Dominum
1255 735 1424 786 Deum
1452 750 1627 788 suum.
1657 737 1920 806 Ephraim

266 803 534 867 columba,
565 823 600 860 a
626 824 814 864 mensa
840 815 1131 884 Egyptum
1159 821 1463 885 invocabat,
1495 829 1545 877 et
1573 827 1631 878 in
1659 803 1918 894 Assyrios

264 889 420 944 ibat:
461 909 583 947 cum
623 901 856 965 profecti
894 903 1122 968 fuerint,
1167 909 1453 964 immittam
1493 926 1656 981 super
1693 889 1791 967 eos
1807 920 1918 968 rete

259 993 455 1042 meum,
509 984 651 1037 sicut
680 986 928 1042 volatilia
956 993 1092 1055 cceli,
1133 1000 1184 1049 et
1223 999 1496 1053 attraham
1538 1007 1589 1055 et
1628 1004 1918 1071 corripiam

259 1083 343 1121 eos
369 1071 430 1123 in
468 1071 808 1129 auditionem
840 1077 1210 1138 tribulationis
1247 1101 1428 1142 eorum
1453 1087 1602 1160 (Ose.
1655 1092 1771 1165 VI!)
1804 1109 1816 1145 :
1855 1092 1915 1148 in

258 1171 585 1226 supremam
637 1163 848 1234 quippe
908 1172 1290 1240 arrogantiam
1347 1175 1532 1233 elatus
1585 1184 1672 1235 est
1716 1163 1913 1237 contra

258 1245 658 1303 beatissimum
698 1264 896 1321 papam
928 1256 1226 1316 Nicolaum
1256 1265 1506 1322 senioris
1544 1267 1754 1338 Roma,
1788 1285 1916 1327 ma-

258 1335 403 1390 litia:
434 1350 554 1391 sua:
585 1351 858 1398 venenum
881 1348 1157 1404 evomuit:
1189 1355 1246 1406 et
1272 1350 1446 1410 falsos
1462 1355 1708 1414 vicarios
1734 1360 1912 1415 trium

257 1426 424 1493 quasi
455 1424 840 1486 Orientalium
867 1435 1089 1492 sedium
1112 1453 1482 1515 congregans,
1514 1449 1572 1500 et
1600 1448 1912 1504 concilium

255 1512 548 1581 synodale,
590 1519 652 1569 ut
674 1519 999 1595 putabatur,
1023 1512 1398 1600 constituens,
1431 1512 1487 1588 et
1516 1541 1912 1593 accusatorum

253 1613 318 1655 ac
340 1601 582 1656 testium
621 1617 965 1676 componens
994 1616 1244 1688 nomina,
1276 1624 1332 1674 et
1359 1633 1628 1689 personas
1656 1637 1721 1678 ac
1746 1625 1912 1682 verba

256 1686 536 1759 formans,
555 1709 680 1764 qua:
696 1693 1152 1767 singuliseorum
1171 1686 1335 1775 quasi
1352 1686 1538 1778 aptari
1556 1711 1908 1781 viderentur,
1942 1699 1996 1758 Β
2023 1686 2093 1776 sti

255 1781 355 1849 qui
405 1782 464 1836 in
509 1787 778 1854 synodica
815 1789 1172 1857 judicatione
1213 1794 1604 1870 inveniuntur,
1645 1808 1701 1857 et
1744 1804 1908 1872 quasi

257 1879 627 1929 monumenta
691 1875 892 1932 horum
954 1879 1138 1937 libros
1197 1882 1494 1943 falsidicos
1559 1888 1793 1963 (ingens,
1854 1897 1910 1948 et

254 1957 538 2030 scribens,
561 1967 732 2032 atque
760 1979 1120 2040 componens,
1143 1957 1621 2032 anathematizare
1644 1957 1909 2048 praasum-

254 2047 371 2114 psit
418 2051 756 2117 pradictum
804 2055 1199 2115 beatissimum
1250 2076 1449 2133 papam
1501 2047 1821 2140 Nicolaum,
1852 2075 1908 2124 et
2005 2071 2034 2128 ~i

253 2148 452 2192 omnes
493 2143 1007 2201 communicatores
1049 2149 1213 2218 ejus;
1265 2151 1344 2206 ita
1385 2161 1445 2208 ut
1487 2169 1556 2210 ex
1589 2155 1696 2211 hoc
1733 2157 1905 2212 etiam

251 2224 558 2282 universos
578 2229 678 2298 qui
701 2229 808 2285 sub
827 2234 968 2289 melo
997 2242 1159 2292 erant
1181 2240 1478 2307 pontiﬁces
1492 2248 1548 2298 et
1565 2245 1903 2313 sacerdotes,

253 2312 308 2367 id
354 2320 445 2369 est
508 2321 566 2370 et
613 2323 844 2375 caeteras
897 2324 1308 2391 patriarchales
1355 2331 1534 2400 sedes,
1585 2338 1642 2388 et
1684 2312 1904 2390 omnem

251 2414 480 2458 sacrum
526 2405 846 2478 catalogum
887 2411 986 2480 qui
1033 2413 1140 2469 sub
1190 2416 1334 2486 ipsis
1362 2419 1537 2491 degit,
1572 2421 1680 2477 sub
1710 2423 1904 2478 eodem

249 2493 757 2560 wmprehenderet
815 2501 1188 2559 anathemate.
1258 2507 1433 2562 Erant
1493 2510 1646 2565 enim
1711 2525 1906 2567 omnes

247 2580 575 2636 certissime
637 2588 1148 2647 communicatores
1211 2595 1427 2662 praelati
1481 2599 1790 2670 pontificis,
1846 2601 1905 2654 in

249 2666 468 2734 quibus
491 2683 621 2725 eum
653 2678 712 2727 et
747 2675 846 2744 qui
877 2690 1005 2733 cum
1045 2679 1171 2749 ipso
1204 2688 1339 2738 sunt
1370 2686 1739 2755 propheticus
1778 2666 1907 2743 ser—

247 2766 340 2808 mo
410 2758 762 2830 redarguens
803 2769 858 2819 et
907 2766 1229 2834 diti‘amans,
1283 2771 1362 2826 ita
1393 2773 1574 2830 dicit:
1621 2778 1905 2847 Multipli—

244 2851 529 2908 caverunt,
581 2853 641 2902 ut
681 2851 842 2920 impie
877 2862 1116 2920 agerent,
1149 2862 1200 2912 et
1234 2859 1477 2926 legerunt
1499 2866 1638 2930 foris
1669 2867 1827 2934 leges,
1855 2871 1906 2921 et

246 2934 643 2990 invocaverunt
688 2942 1072 3006 confessionem
1115 2943 1240 3015 (Isa.
1275 2949 1409 3020 ως).
1452 2952 1520 3006 Et
1561 2968 1798 3011 rursus:
1833 2959 1905 3013 Et

247 3021 500 3076 meditati
535 3031 665 3078 sunt
704 3029 764 3080 in
807 3031 963 3086 corde
1006 3048 1102 3087 suo
1135 3050 1400 3092 ser-mones
1425 3041 1678 3109 injustas,
1725 3051 1774 3100 et
1794 3063 1907 3116 po—
1934 3029 1982 3090 Ο

247 3117 478 3165 suerunt
517 3117 812 3170 retrorsum
830 3119 1128 3186 judicium,
1161 3129 1211 3178 et
1227 3126 1456 3193 justitia
1500 3131 1652 3198 longe
1689 3137 1906 3189 recessit

248 3198 320 3251 ab
347 3202 424 3253 eis
452 3219 469 3252 :
501 3203 634 3270 quia
676 3213 992 3276 consumpta
1021 3219 1099 3267 est
1135 3214 1194 3266 in
1226 3217 1330 3270 viis
1369 3233 1552 3272 eorum
1578 3223 1778 3277 veritas
1809 3241 1826 3275 :
1854 3230 1906 3280 et

238 3303 342 3357 per
368 3290 493 3342 vias
517 3295 690 3345 rectas
718 3310 827 3349 non
847 3304 1146 3366 potuerunt
1169 3308 1424 3371 transire,
1453 3314 1503 3362 et
1531 3313 1731 3366 veritas
1764 3316 1903 3368 sub—

248 3377 364 3428 lata
400 3381 482 3430 est
507 3395 524 3430 :
566 3384 615 3432 et
652 3385 936 3440 transtulit
975 3396 1204 3446 mentem
1231 3409 1405 3457 suam,
1439 3402 1499 3451 ut
1538 3415 1646 3453 non
1685 3403 1898 3456 intelli-

242 3468 410 3529 geret.
445 3466 518 3519 Et
548 3470 643 3535 qui
679 3470 916 3528 declinat
955 3493 989 3529 a
1033 3479 1196 3542 malo,
1251 3483 1640 3552 impugnatur:
1681 3493 1732 3542 et
1757 3491 1896 3545 vidit

240 3554 531 3617 Dominus,
581 3563 631 3612 et
666 3575 777 3614 non
814 3564 1030 3632 placuit
1071 3571 1139 3631 ei,
1199 3573 1295 3640 qui
1330 3589 1438 3627 non
1476 3581 1593 3630 erat
1623 3578 1900 3645 judicium

241 3639 454 3713 (Ibid).
490 3645 560 3699 Et
597 3661 799 3705 rursus
831 3669 842 3704 :
870 3655 998 3709 Haec
1027 3657 1159 3711 dicit
1185 3639 1446 3716 Dominus
1472 3682 1489 3717 :
1516 3639 1690 3734 Super
1727 3669 1902 3724 tribus

242 3732 616 3800 impietatibus
667 3739 833 3803 Juda,
883 3748 934 3796 et
969 3759 1132 3815 super
1179 3754 1416 3816 quatuor
1455 3769 1563 3807 non
1589 3732 1903 3812 convertam

242 3835 386 3882 eum,
414 3838 521 3892 pro
554 3839 612 3877 eo
647 3829 793 3895 quod
827 3834 1145 3900 repulerunt
1175 3838 1338 3905 legem
1369 3843 1604 3905 Domini,
1631 3850 1681 3898 et
1700 3863 1900 3914 prace-

237 3913 338 3976 pta
367 3909 489 3976 ejus
518 3927 628 3966 non
653 3918 1024 3976 custodierunt
1055 3921 1237 3985 (Amos
1267 3928 1346 4000 il).
1380 3930 1540 3987 Hunc
1569 3909 1760 4004 itaque
1789 3938 1890 4006 qui

242 3996 331 4050 sic
364 3997 669 4070 ali‘ectavit,
709 4008 765 4058 et
793 4006 1010 4064 talibus
1035 4023 1101 4066 ac
1131 4016 1213 4068 tot
1241 3996 1544 4074 conatibus
1573 4026 1628 4076 et
1657 3996 1895 4079 temeri—

240 4084 469 4142 tatibus
490 4088 744 4146 turbavit
772 4098 828 4148 et
846 4100 1139 4156 concussit
1164 4106 1336 4159 totam
1360 4114 1612 4164 sanctam
1641 4113 1897 4170 catholi—

241 4186 367 4228 cam
409 4180 468 4228 et
512 4181 884 4246 apostolicam
921 4187 1252 4263 Ecclesiam,
1283 4199 1340 4249 et
1380 4197 1708 4272 nullatenus
1753 4217 1898 4260 con-

238 4261 384 4315 verti
433 4276 500 4319 ac
559 4268 833 4334 paenitere
876 4275 1077 4349 voluit,
1129 4261 1311 4352 neque
1356 4285 1524 4342 subdi
1569 4261 1794 4347 decreto
1835 4298 1892 4349 et

235 4348 468 4416 judicio
492 4360 816 4414 sanctarum
838 4348 1310 4430 patriarChalium
1331 4373 1552 4431 sedium
1579 4382 1888 4449 consensit,
1919 4371 1974 4432 D

237 4443 306 4489 ut
337 4449 466 4493 eum
495 4445 554 4496 et
582 4445 825 4502 multum
847 4457 976 4507 ante
996 4458 1494 4520 anathematizavit
1524 4443 1892 4526 beatissimus

237 4539 387 4594 papa
406 4527 696 4603 Nicolaus,
718 4548 784 4590 ac
803 4538 1009 4598 deinde
1027 4559 1322 4605 successor
1340 4553 1465 4622 ejus
1486 4558 1886 4618 sanctissimus

233 4613 530 4672 Adrianus
587 4634 746 4692 papa,
801 4626 880 4682 ita
915 4638 972 4685 et
1017 4640 1212 4692 sancta
1264 4613 1387 4696 haec
1437 4650 1492 4699 et
1544 4613 1888 4704 universalis

235 4704 494 4771 synodus
549 4711 891 4787 reprobavit,
937 4724 992 4774 et
1029 4724 1328 4783 anathema
1379 4732 1560 4803 magis
1606 4748 1670 4788 ac
1712 4737 1892 4807 magis

225 5055 369 5155 dum
407 5057 538 5158 93a:
580 5065 677 5136 Ix),
725 5068 804 5125 ita
845 5086 946 5128 nec
977 5081 1038 5132 tu
1067 5055 1184 5135 eris
1215 5086 1481 5156 mundus,
1516 5055 1883 5158 quia

225 5144 380 5239 siam
402 5146 619 5206 Christi
652 5155 1011 5234 adulterasti,
1042 5171 1098 5220 et
1137 5172 1407 5239 populum
1428 5144 1656 5232 Domini
1681 5144 1880 5235 multis

227 5234 499 5300 partibus
521 5244 577 5294 et
609 5244 808 5302 multis
832 5252 1016 5308 modis
1043 5234 1443 5319 scandalizasti
1484 5272 1540 5321 et
1573 5269 1875 5336 perdidisti

222 5334 324 5418 eos
354 5329 544 5380 autem
593 5333 693 5399 qui
743 5349 804 5390 se
834 5338 918 5393 sic
950 5354 1061 5397 non
1093 5344 1319 5418 habent,
1357 5353 1452 5407 sed
1495 5329 1587 5410 illi
1631 5356 1880 5413 faventes

223 5409 542 5487 adiutarent,
565 5418 616 5473 si
639 5422 870 5490 quidem
893 5429 1146 5503 episcopi
1168 5436 1251 5492 vel
1275 5409 1471 5497 clerici
1495 5452 1648 5515 sunt,
1675 5446 1734 5502 in
1760 5464 1881 5518 per-

229 5505 463 5569 petuum
489 5505 786 5576 depositas
813 5513 932 5572 fore
954 5523 1346 5597 praecipimus;
1364 5505 1666 5594 monachos
1687 5505 1878 5601 autem

517 5604 751 5665 PATROL.
794 5613 1046 5674 CXXIX.

1050 246 1594 308 INTERPRETATIO
1630 251 1876 308 SYN‘ODI
1914 254 2032 310 VIII
2069 258 2474 326 GENERALIS.
2505 304 2579 316 —
2613 280 2814 342 ACTIO
2851 291 2923 344 Χ..

270 362 504 415 neritius
530 367 721 432 panis,
755 372 856 436 qui
885 387 992 426 non
1022 383 1349 448 reversatur,
1381 385 1432 434 ct
1454 381 1923 436 manducaverunt
1943 377 2006 439 A

3578 313 3681 378 470

2032 418 2130 505 seu
2175 408 2350 468 laicos
2377 419 2925 488 anathematizamus
2966 451 3264 515 quousque
3291 461 3322 503 a
3361 468 3462 511 sua
3495 462 3674 518 sedu—

2030 494 2220 552 ctionc
2246 504 2417 571 atque
2447 509 2667 569 malitia
2697 494 3115 585 convertantur.

2018 3068 2132 3109 rem
2176 3060 2452 3131 veritatis,
2497 3068 2752 3142 Domine,
2796 3087 3109 3140 conserva!
3156 3090 3556 3160 Renovatorem
3598 3124 3663 3166 ac

2015 3148 2304 3205 custodem
2351 3154 2561 3213 divinae
2592 3161 2854 3237 justitite,
2905 3171 3162 3250 Domine,
3215 3187 3412 3242 muni!
3447 3193 3660 3254 Basilio

2013 3247 2156 3290 novo
2201 3237 2571 3302 Constantino
2613 3255 2818 3309 aeterna
2877 3237 3193 3322 memoria!
3265 3274 3418 3332 Novo
3473 3237 3662 3339 Theo:

2011 3322 2150 3379 doro
2223 3335 2428 3386 aeterna
2505 3341 2817 3396 memoria!
2888 3349 3040 3405 Novo
3102 3357 3390 3419 Marciano
3451 3375 3660 3429 aeterna

2012 3416 2281 3471 memoria
2317 3418 2328 3470 !
2369 3420 2520 3477 Novo
2566 3426 2892 3488 Justiniano
2939 3443 3147 3496 aeterna
3181 3453 3447 3508 memoria
3500 3457 3661 3515 !Eu-

2007 3498 2191 3558 doxia:
2231 3505 2506 3573 piissime:
2546 3510 2815 3585 Augustae
2865 3521 3075 3582 multos
3120 3537 3339 3589 annos!
3384 3542 3657 3602 Eudoxia:

2014 3605 2165 3647 novre
2191 3594 2390 3650 Judith
2422 3603 2630 3656 aeterna
2665 3610 2932 3666 memoria
2967 3612 2978 3666 l
3013 3616 3178 3673 Novze
3202 3622 3422 3683 Helena:
3442 3636 3650 3692 aaterna

2014 3683 2282 3739 memoria
2310 3684 2321 3737 l
2368 3687 2532 3743 Novae
2564 3691 2876 3751 Pulcheria:
2905 3705 3113 3760 aeterna
3155 3717 3422 3772 memoria
3459 3719 3470 3772 l
3503 3723 3653 3780 Deus

2013 3777 2305 3827 conservet
2347 3775 2650 3845 imperium
2699 3790 2982 3844 vestrum!
3027 3807 3124 3860 per
3167 3812 3265 3854 vos
3314 3805 3655 3869 universalis

2006 3858 2257 3916 Ecclesia
2284 3876 2473 3930 pacem
2502 3867 2782 3927 obtinuit!
2805 3858 3096 3950 Principes
3119 3887 3276 3954 pacis
3296 3858 3443 3950 Deus

2005 3951 2093 4000 cet
2115 3947 2417 4018 imperium
2434 3961 2682 4014 vestrum
2699 3960 2710 4013 ι
2726 3962 2983 4023 Caelestis
3001 3947 3098 4026 rex
3120 3977 3416 4037 terrestres
3431 3947 3653 4045 conser-

2006 4035 2122 4090 vet!
2153 4038 2353 4095 Photio
2377 4041 2625 4101 invasori
2647 4053 2703 4103 et
2722 4052 2982 4112 adultero
3001 4035 3655 4140 Constantinopolitano-

2013 4138 2138 4181 rum
2188 4127 2452 4187 Ecclesia:
2493 4137 2832 4194 anathema!
2897 4144 3170 4219 Gregorio
3230 4127 3539 4236 Syracusas,
3600 4175 3657 4224 et

2013 4213 2302 4236 n.._-_._2_
2535 4223 2547 4235 .
2665 4226 2678 4236 .
2828 4230 2888 4236 __

2003 4213 2310 4286 Eusampio
2351 4219 2600 4290 Apamite
2646 4226 2942 4304 depositis,
2977 4213 3037 4290 et
3079 4213 3340 4300 veritatis
3376 4213 3654 4319 aposiatis

2004 4307 2060 4357 et
2086 4303 2365 4379 hostibus,
2399 4311 2694 4370 anathema
2712 4316 2724 4369 ι
2740 4303 3090 4389 Repulerunt
3113 4303 3440 4392 divinarum

2006 4390 2333 4453 ticationum
2346 4401 2716 4475 agnitionem,
2733 4411 2945 4478 repulit
2960 4413 3091 4471 illos
3109 4418 3414 4480 Dominus!
3438 4390 3653 4489 Aldria-

2004 4483 2062 4537 ni
2094 4482 2411 4544 beatissimi
2437 4505 2590 4560 papae
2621 4493 2856 4553 Romani
2889 4505 2944 4555 et
2971 4511 3177 4562 sancta:
3206 4523 3271 4566 ac
3302 4515 3648 4580 universalis

2002 4573 2203 4641 synodi
2235 4577 2488 4645 septima:
2521 4582 2721 4640 Nicaaae
2751 4592 2998 4648 secundo
3028 4595 3323 4656 celebrata:
3353 4609 3648 4665 constitu—

2002 4660 2145 4715 toris
2173 4667 2382 4720 :eterna
2412 4672 2708 4727 memoria!
2743 4675 3031 4749 Germani,
3051 4683 3291 4760 Tarasii,
3316 4691 3644 4768 Nicephori,

1999 4753 2055 4802 et
2123 4750 2395 4809 Methodii
2459 4761 2871 4822 venerabilium
2933 4750 3387 4839 patriarcharum

1997 4839 2286 4894 memoria.
2339 4845 2558 4902 Nicolai
2600 4849 2918 4912 beatissimi
2966 4874 3121 4930 papa:
3171 4868 3417 4926 senioris
3457 4874 3646 4935 Romae

1989 5118 2169 5161 annos
2202 5107 2214 5161 l
2243 5111 2448 5180 Ignatii
2491 5116 2841 5174 sanctissimi
2869 5125 3206 5190 patriarcha:
3229 5133 3644 5198 Constantino-

1990 5193 2180 5263 poleos
2212 5198 2421 5255 multos
2441 5205 2651 5260 annos!
2683 5207 2984 5268 Theodosii
3005 5219 3356 5279 sanctissimi
3386 5231 3640 5296 patriar—

1988 5282 2106 5336 chae
2131 5284 2647 5360 Hierosolymorum
2683 5298 2892 5356 multos
2915 5316 3096 5360 annos
3130 5307 3142 5360 ι
3177 5282 3642 5374 Μὶρὴθέιίδέᾷέι-

1987 5371 2234 5428 ctissimi
2267 5379 2602 5445 patriarchae
2625 5384 2983 5447 Alexandria:
3015 5396 3225 5453 multos
3253 5406 3460 5458 annos!
3493 5407 3642 5462 San—

1990 5460 2380 5522 ctissimorum
2413 5469 2755 5530 vicariorum
2788 5481 3034 5536 senioris
3073 5484 3260 5542 Roma:
3299 5497 3353 5544 et
3391 5493 3634 5549 aliorum

1987 5551 2460 5618 patriarchalium
2481 5559 2702 5618 sedium
2737 5567 2947 5624 multos
2971 5569 2983 5622 l
3015 5571 3231 5629 Sanctae
3251 5583 3308 5631 et
3340 5593 3552 5649 magna:
3572 5598 3636 5638 ac

3323 5673 3360 5728 6
