  <div class='ocr_page' id='page_1' title='image "/cluster/home/n/w/nwhite01/storage/ocr_20150623/129/hvd.32044054759907/091.png"; bbox 0 0 4018 6166; ppageno 0'>
   <div class='ocr_carea' id='block_1_1' title="bbox 423 267 516 324">
    <p class='ocr_par' dir='ltr' id='par_1_1' title="bbox 423 267 516 324">
     <span class='ocr_line' id='line_1_1' title="bbox 423 267 516 324; baseline 0 -1"><span class='ocrx_word' id='word_1_1' title='bbox 423 267 516 324; x_wconf 73' lang='grc' dir='ltr'><strong>ΠΙ</strong></span> 
     </span>
    </p>
   </div>
   <div class='ocr_carea' id='block_1_2' title="bbox 1639 271 2580 332">
    <p class='ocr_par' dir='ltr' id='par_1_2' title="bbox 1639 271 2580 332">
     <span class='ocr_line' id='line_1_2' title="bbox 1639 271 2580 332; baseline 0.004 -4"><span class='ocrx_word' id='word_1_2' title='bbox 1639 273 1995 330; x_wconf 81' lang='lat' dir='ltr'><strong>ANASTASII</strong></span> <span class='ocrx_word' id='word_1_3' title='bbox 2039 271 2580 332; x_wconf 78' lang='lat' dir='ltr'><strong>BIBLIOTHECARII</strong></span> 
     </span>
    </p>
   </div>
   <div class='ocr_carea' id='block_1_3' title="bbox 3739 283 3835 346">
    <p class='ocr_par' dir='ltr' id='par_1_3' title="bbox 3739 283 3835 346">
     <span class='ocr_line' id='line_1_3' title="bbox 3739 283 3835 346; baseline 0.063 -6"><span class='ocrx_word' id='word_1_4' title='bbox 3739 283 3835 346; x_wconf 76' lang='grc'><strong>472</strong></span> 
     </span>
    </p>
   </div>
   <div class='ocr_carea' id='block_1_4' title="bbox 419 388 3825 480">
    <p class='ocr_par' dir='ltr' id='par_1_4' title="bbox 419 388 3825 480">
     <span class='ocr_line' id='line_1_4' title="bbox 419 388 3825 480; baseline 0.007 -36"><span class='ocrx_word' id='word_1_5' title='bbox 419 388 762 446; x_wconf 88' lang='lat' dir='ltr'><strong>universalis</strong></span> <span class='ocrx_word' id='word_1_6' title='bbox 781 395 988 446; x_wconf 58' lang='lat' dir='ltr'><strong>octavae</strong></span> <span class='ocrx_word' id='word_1_7' title='bbox 1027 392 1227 461; x_wconf 89' lang='lat' dir='ltr'><strong>synodi</strong></span> <span class='ocrx_word' id='word_1_8' title='bbox 1266 397 1477 449; x_wconf 66' lang='lat' dir='ltr'><strong>aeterna</strong></span> <span class='ocrx_word' id='word_1_9' title='bbox 1515 397 1788 452; x_wconf 86' lang='lat' dir='ltr'><strong>memoria</strong></span> <span class='ocrx_word' id='word_1_10' title='bbox 1821 397 1834 451; x_wconf 83' lang='lat' dir='ltr'><strong>l</strong></span> <span class='ocrx_word' id='word_1_11' title='bbox 1863 397 2066 454; x_wconf 88' lang='lat' dir='ltr'><strong>Photio</strong></span> <span class='ocrx_word' id='word_1_12' title='bbox 2091 399 2152 461; x_wconf 88' lang='lat' dir='ltr'><strong>A</strong></span> <span class='ocrx_word' id='word_1_13' title='bbox 2175 415 2207 456; x_wconf 95' lang='lat' dir='ltr'><strong>e</strong></span> <span class='ocrx_word' id='word_1_14' title='bbox 2251 401 2437 457; x_wconf 87' lang='lat' dir='ltr'><strong>medio</strong></span> <span class='ocrx_word' id='word_1_15' title='bbox 2460 403 2700 459; x_wconf 81' lang='lat' dir='ltr'><strong>removit</strong></span> <span class='ocrx_word' id='word_1_16' title='bbox 2728 403 3014 474; x_wconf 60' lang='lat' dir='ltr'><strong>Ecclesiae,</strong></span> <span class='ocrx_word' id='word_1_17' title='bbox 3038 405 3331 478; x_wconf 76' lang='lat' dir='ltr'><strong>huiusque</strong></span> <span class='ocrx_word' id='word_1_18' title='bbox 3359 407 3529 465; x_wconf 90' lang='lat' dir='ltr'><strong>multi</strong></span> <span class='ocrx_word' id='word_1_19' title='bbox 3556 413 3825 480; x_wconf 84' lang='lat' dir='ltr'><strong>temporis</strong></span> 
     </span>
    </p>
   </div>
   <div class='ocr_carea' id='block_1_5' title="bbox 413 479 3824 568">
    <p class='ocr_par' dir='ltr' id='par_1_5' title="bbox 413 479 3824 568">
     <span class='ocr_line' id='line_1_5' title="bbox 413 479 3824 568; baseline 0.006 -34"><span class='ocrx_word' id='word_1_20' title='bbox 413 483 470 534; x_wconf 91' lang='lat' dir='ltr'><strong>et</strong></span> <span class='ocrx_word' id='word_1_21' title='bbox 506 479 781 551; x_wconf 85' lang='lat' dir='ltr'><strong>Gregorio</strong></span> <span class='ocrx_word' id='word_1_22' title='bbox 810 493 875 535; x_wconf 90' lang='lat' dir='ltr'><strong>ac</strong></span> <span class='ocrx_word' id='word_1_23' title='bbox 902 480 1202 550; x_wconf 90' lang='lat' dir='ltr'><strong>Eulampio</strong></span> <span class='ocrx_word' id='word_1_24' title='bbox 1232 481 1452 551; x_wconf 78' lang='lat' dir='ltr'><strong>triplici</strong></span> <span class='ocrx_word' id='word_1_25' title='bbox 1500 481 1760 540; x_wconf 86' lang='lat' dir='ltr'><strong>funiculo</strong></span> <span class='ocrx_word' id='word_1_26' title='bbox 1791 487 2064 556; x_wconf 63' lang='lat' dir='ltr'><strong>nequitiae</strong></span> <span class='ocrx_word' id='word_1_27' title='bbox 2176 489 2455 558; x_wconf 82' lang='lat' dir='ltr'><strong>procellas</strong></span> <span class='ocrx_word' id='word_1_28' title='bbox 2492 493 2862 566; x_wconf 81' lang='lat' dir='ltr'><strong>compescuit,</strong></span> <span class='ocrx_word' id='word_1_29' title='bbox 2907 498 2964 550; x_wconf 93' lang='lat' dir='ltr'><strong>et</strong></span> <span class='ocrx_word' id='word_1_30' title='bbox 2999 495 3069 551; x_wconf 91' lang='lat' dir='ltr'><strong>ad</strong></span> <span class='ocrx_word' id='word_1_31' title='bbox 3102 494 3401 564; x_wconf 86' lang='lat' dir='ltr'><strong>limpidam</strong></span> <span class='ocrx_word' id='word_1_32' title='bbox 3425 479 3824 568; x_wconf 85' lang='lat' dir='ltr'><strong>tranquillita-</strong></span> 
     </span>
    </p>
   </div>
   <div class='ocr_carea' id='block_1_6' title="bbox 410 569 2054 644">
    <p class='ocr_par' dir='ltr' id='par_1_6' title="bbox 410 569 2054 644">
     <span class='ocr_line' id='line_1_6' title="bbox 410 569 2054 644; baseline 0.005 -22"><span class='ocrx_word' id='word_1_33' title='bbox 410 569 738 624; x_wconf 87' lang='lat' dir='ltr'><strong>anathema!</strong></span> <span class='ocrx_word' id='word_1_34' title='bbox 775 569 1007 624; x_wconf 87' lang='lat' dir='ltr'><strong>Viviiica</strong></span> <span class='ocrx_word' id='word_1_35' title='bbox 1031 569 1285 625; x_wconf 85' lang='lat' dir='ltr'><strong>Trinitas</strong></span> <span class='ocrx_word' id='word_1_36' title='bbox 1301 571 1480 626; x_wconf 90' lang='lat' dir='ltr'><strong>trium</strong></span> <span class='ocrx_word' id='word_1_37' title='bbox 1511 573 1749 642; x_wconf 89' lang='lat' dir='ltr'><strong>typhum</strong></span> <span class='ocrx_word' id='word_1_38' title='bbox 1770 575 2054 644; x_wconf 87' lang='lat' dir='ltr'><strong>deposuit.</strong></span> 
     </span>
    </p>
   </div>
   <div class='ocr_carea' id='block_1_7' title="bbox 409 649 2061 730">
    <p class='ocr_par' dir='ltr' id='par_1_7' title="bbox 409 649 2061 730">
     <span class='ocr_line' id='line_1_7' title="bbox 409 649 2061 730; baseline 0.004 -19"><span class='ocrx_word' id='word_1_39' title='bbox 409 656 690 713; x_wconf 84' lang='lat' dir='ltr'><strong>Omnibus</strong></span> <span class='ocrx_word' id='word_1_40' title='bbox 747 657 1146 714; x_wconf 90' lang='lat' dir='ltr'><strong>consentaneis</strong></span> <span class='ocrx_word' id='word_1_41' title='bbox 1192 649 1249 713; x_wconf 84' lang='lat' dir='ltr'><strong>et</strong></span> <span class='ocrx_word' id='word_1_42' title='bbox 1289 660 1636 730; x_wconf 86' lang='lat' dir='ltr'><strong>sequacibus</strong></span> <span class='ocrx_word' id='word_1_43' title='bbox 1674 675 1870 717; x_wconf 90' lang='lat' dir='ltr'><strong>eorum</strong></span> <span class='ocrx_word' id='word_1_44' title='bbox 1914 677 2061 718; x_wconf 90' lang='lat' dir='ltr'><strong>ana—</strong></span> 
     </span>
    </p>
   </div>
   <div class='ocr_carea' id='block_1_8' title="bbox 407 744 2060 819">
    <p class='ocr_par' dir='ltr' id='par_1_8' title="bbox 407 744 2060 819">
     <span class='ocr_line' id='line_1_8' title="bbox 407 744 2060 819; baseline 0.005 -20"><span class='ocrx_word' id='word_1_45' title='bbox 407 744 595 800; x_wconf 88' lang='lat' dir='ltr'><strong>thema</strong></span> <span class='ocrx_word' id='word_1_46' title='bbox 628 746 640 799; x_wconf 82' lang='lat'>!</span> <span class='ocrx_word' id='word_1_47' title='bbox 675 746 885 802; x_wconf 84' lang='lat' dir='ltr'><strong>Multos</strong></span> <span class='ocrx_word' id='word_1_48' title='bbox 907 761 1088 802; x_wconf 90' lang='lat' dir='ltr'><strong>annos</strong></span> <span class='ocrx_word' id='word_1_49' title='bbox 1114 747 1525 816; x_wconf 85' lang='lat' dir='ltr'><strong>imperatorum</strong></span> <span class='ocrx_word' id='word_1_50' title='bbox 1557 749 1780 819; x_wconf 80' lang='lat' dir='ltr'><strong>Basilii,</strong></span> <span class='ocrx_word' id='word_1_51' title='bbox 1821 756 1878 806; x_wconf 90' lang='lat' dir='ltr'><strong>et</strong></span> <span class='ocrx_word' id='word_1_52' title='bbox 1903 752 2060 807; x_wconf 89' lang='lat' dir='ltr'><strong>Con-</strong></span> 
     </span>
    </p>
   </div>
   <div class='ocr_carea' id='block_1_9' title="bbox 402 833 2056 907">
    <p class='ocr_par' dir='ltr' id='par_1_9' title="bbox 402 833 2056 907">
     <span class='ocr_line' id='line_1_9' title="bbox 402 833 2056 907; baseline 0.005 -20"><span class='ocrx_word' id='word_1_53' title='bbox 402 833 666 906; x_wconf 89' lang='lat' dir='ltr'><strong>stantini,</strong></span> <span class='ocrx_word' id='word_1_54' title='bbox 698 840 753 889; x_wconf 93' lang='lat' dir='ltr'><strong>et</strong></span> <span class='ocrx_word' id='word_1_55' title='bbox 779 835 1007 890; x_wconf 90' lang='lat' dir='ltr'><strong>Leonisl</strong></span> <span class='ocrx_word' id='word_1_56' title='bbox 1025 837 1356 907; x_wconf 86' lang='lat' dir='ltr'><strong>Magnorum</strong></span> <span class='ocrx_word' id='word_1_57' title='bbox 1378 836 1785 906; x_wconf 86' lang='lat' dir='ltr'><strong>imperatorum</strong></span> <span class='ocrx_word' id='word_1_58' title='bbox 1803 844 1858 894; x_wconf 91' lang='lat' dir='ltr'><strong>et</strong></span> <span class='ocrx_word' id='word_1_59' title='bbox 1877 839 2056 896; x_wconf 89' lang='lat' dir='ltr'><strong>dicta-</strong></span> 
     </span>
    </p>
   </div>
   <div class='ocr_carea' id='block_1_10' title="bbox 403 922 2056 998">
    <p class='ocr_par' dir='ltr' id='par_1_10' title="bbox 403 922 2056 998">
     <span class='ocr_line' id='line_1_10' title="bbox 403 922 2056 998; baseline 0.005 -22"><span class='ocrx_word' id='word_1_60' title='bbox 403 926 594 977; x_wconf 89' lang='lat' dir='ltr'><strong>torum</strong></span> <span class='ocrx_word' id='word_1_61' title='bbox 649 922 860 978; x_wconf 89' lang='lat' dir='ltr'><strong>multos</strong></span> <span class='ocrx_word' id='word_1_62' title='bbox 887 936 1068 979; x_wconf 91' lang='lat' dir='ltr'><strong>annos</strong></span> <span class='ocrx_word' id='word_1_63' title='bbox 1100 923 1112 977; x_wconf 80' lang='grc' dir='ltr'>ι</span> <span class='ocrx_word' id='word_1_64' title='bbox 1159 923 1432 980; x_wconf 69' lang='lat' dir='ltr'><strong>Eudoxiaa</strong></span> <span class='ocrx_word' id='word_1_65' title='bbox 1463 925 1740 995; x_wconf 67' lang='lat' dir='ltr'><strong>piissimae</strong></span> <span class='ocrx_word' id='word_1_66' title='bbox 1785 928 2056 998; x_wconf 68' lang='lat' dir='ltr'><strong>Augusta:</strong></span> 
     </span>
    </p>
   </div>
   <div class='ocr_carea' id='block_1_11' title="bbox 403 1009 2056 1084">
    <p class='ocr_par' dir='ltr' id='par_1_11' title="bbox 403 1009 2056 1084">
     <span class='ocr_line' id='line_1_11' title="bbox 403 1009 2056 1084; baseline 0.004 -20"><span class='ocrx_word' id='word_1_67' title='bbox 403 1009 616 1066; x_wconf 89' lang='lat' dir='ltr'><strong>multos</strong></span> <span class='ocrx_word' id='word_1_68' title='bbox 651 1023 832 1066; x_wconf 92' lang='lat' dir='ltr'><strong>annos</strong></span> <span class='ocrx_word' id='word_1_69' title='bbox 860 1010 872 1064; x_wconf 83' lang='lat' dir='ltr'><strong>l</strong></span> <span class='ocrx_word' id='word_1_70' title='bbox 917 1011 1375 1068; x_wconf 85' lang='lat' dir='ltr'><strong>Orthodoxorum</strong></span> <span class='ocrx_word' id='word_1_71' title='bbox 1406 1013 1814 1084; x_wconf 87' lang='lat' dir='ltr'><strong>imperatorum</strong></span> <span class='ocrx_word' id='word_1_72' title='bbox 1845 1015 2056 1072; x_wconf 91' lang='lat' dir='ltr'><strong>multos</strong></span> 
     </span>
    </p>
   </div>
   <div class='ocr_carea' id='block_1_12' title="bbox 400 1098 2057 1174">
    <p class='ocr_par' dir='ltr' id='par_1_12' title="bbox 400 1098 2057 1174">
     <span class='ocr_line' id='line_1_12' title="bbox 400 1098 2057 1174; baseline 0.005 -22"><span class='ocrx_word' id='word_1_73' title='bbox 400 1111 582 1154; x_wconf 90' lang='lat' dir='ltr'><strong>annos</strong></span> <span class='ocrx_word' id='word_1_74' title='bbox 613 1098 626 1152; x_wconf 82' lang='lat' dir='ltr'><strong>i</strong></span> <span class='ocrx_word' id='word_1_75' title='bbox 677 1099 827 1154; x_wconf 89' lang='lat' dir='ltr'><strong>Deus</strong></span> <span class='ocrx_word' id='word_1_76' title='bbox 869 1105 1161 1156; x_wconf 88' lang='lat' dir='ltr'><strong>conservet</strong></span> <span class='ocrx_word' id='word_1_77' title='bbox 1203 1101 1507 1172; x_wconf 89' lang='lat' dir='ltr'><strong>imperium</strong></span> <span class='ocrx_word' id='word_1_78' title='bbox 1542 1101 1796 1172; x_wconf 91' lang='lat' dir='ltr'><strong>ipsorum</strong></span> <span class='ocrx_word' id='word_1_79' title='bbox 1831 1103 1844 1156; x_wconf 81' lang='grc' dir='ltr'><strong><em>ι</em></strong></span> <span class='ocrx_word' id='word_1_80' title='bbox 1876 1104 2057 1174; x_wconf 90' lang='lat' dir='ltr'><strong>Quis—</strong></span> 
     </span>
    </p>
   </div>
   <div class='ocr_carea' id='block_1_13' title="bbox 400 1186 2054 1262">
    <p class='ocr_par' dir='ltr' id='par_1_13' title="bbox 400 1186 2054 1262">
     <span class='ocr_line' id='line_1_13' title="bbox 400 1186 2054 1262; baseline 0.003 -19"><span class='ocrx_word' id='word_1_81' title='bbox 400 1186 536 1257; x_wconf 90' lang='lat' dir='ltr'><strong>quis</strong></span> <span class='ocrx_word' id='word_1_82' title='bbox 562 1187 649 1244; x_wconf 92' lang='lat' dir='ltr'><strong>eis</strong></span> <span class='ocrx_word' id='word_1_83' title='bbox 667 1188 928 1258; x_wconf 86' lang='lat' dir='ltr'><strong>tyrannis</strong></span> <span class='ocrx_word' id='word_1_84' title='bbox 950 1187 1229 1245; x_wconf 90' lang='lat' dir='ltr'><strong>obsistere</strong></span> <span class='ocrx_word' id='word_1_85' title='bbox 1257 1191 1578 1262; x_wconf 89' lang='lat' dir='ltr'><strong>teutaverit,</strong></span> <span class='ocrx_word' id='word_1_86' title='bbox 1605 1191 1691 1248; x_wconf 88' lang='lat' dir='ltr'><strong>vel</strong></span> <span class='ocrx_word' id='word_1_87' title='bbox 1712 1191 2054 1248; x_wconf 89' lang='lat' dir='ltr'><strong>obsistentes</strong></span> 
     </span>
    </p>
   </div>
   <div class='ocr_carea' id='block_1_14' title="bbox 400 1275 2052 1350">
    <p class='ocr_par' dir='ltr' id='par_1_14' title="bbox 400 1275 2052 1350">
     <span class='ocr_line' id='line_1_14' title="bbox 400 1275 2052 1350; baseline 0.004 -20"><span class='ocrx_word' id='word_1_88' title='bbox 400 1289 643 1346; x_wconf 90' lang='lat' dir='ltr'><strong>nequam</strong></span> <span class='ocrx_word' id='word_1_89' title='bbox 684 1275 994 1333; x_wconf 91' lang='lat' dir='ltr'><strong>consilium</strong></span> <span class='ocrx_word' id='word_1_90' title='bbox 1025 1281 1226 1334; x_wconf 90' lang='lat' dir='ltr'><strong>contra</strong></span> <span class='ocrx_word' id='word_1_91' title='bbox 1256 1291 1354 1335; x_wconf 85' lang='lat' dir='ltr'><strong>eos</strong></span> <span class='ocrx_word' id='word_1_92' title='bbox 1388 1284 1673 1336; x_wconf 88' lang='lat' dir='ltr'><strong>moventes</strong></span> <span class='ocrx_word' id='word_1_93' title='bbox 1695 1281 2052 1350; x_wconf 88' lang='lat' dir='ltr'><strong>comperiens</strong></span> 
     </span>
    </p>
   </div>
   <div class='ocr_carea' id='block_1_15' title="bbox 399 1363 2046 1436">
    <p class='ocr_par' dir='ltr' id='par_1_15' title="bbox 399 1363 2046 1436">
     <span class='ocr_line' id='line_1_15' title="bbox 399 1363 2046 1436; baseline 0.003 -16"><span class='ocrx_word' id='word_1_94' title='bbox 399 1363 636 1420; x_wconf 91' lang='lat' dir='ltr'><strong>minime</strong></span> <span class='ocrx_word' id='word_1_95' title='bbox 670 1365 1068 1435; x_wconf 90' lang='lat' dir='ltr'><strong>propalaverit,</strong></span> <span class='ocrx_word' id='word_1_96' title='bbox 1103 1366 1405 1423; x_wconf 86' lang='lat' dir='ltr'><strong>anathema</strong></span> <span class='ocrx_word' id='word_1_97' title='bbox 1429 1365 1566 1432; x_wconf 80' lang='lat' dir='ltr'><strong>sita</strong></span> <span class='ocrx_word' id='word_1_98' title='bbox 1587 1368 1770 1436; x_wconf 85' lang='lat' dir='ltr'><strong>Patre,</strong></span> <span class='ocrx_word' id='word_1_99' title='bbox 1803 1373 1860 1424; x_wconf 93' lang='lat' dir='ltr'><strong>et</strong></span> <span class='ocrx_word' id='word_1_100' title='bbox 1876 1368 2046 1436; x_wconf 85' lang='lat' dir='ltr'><strong>Filio,</strong></span> 
     </span>
    </p>
   </div>
   <div class='ocr_carea' id='block_1_16' title="bbox 395 1452 2047 1528">
    <p class='ocr_par' dir='ltr' id='par_1_16' title="bbox 395 1452 2047 1528">
     <span class='ocr_line' id='line_1_16' title="bbox 395 1452 2047 1528; baseline 0.003 -21"><span class='ocrx_word' id='word_1_101' title='bbox 395 1456 452 1508; x_wconf 92' lang='lat' dir='ltr'><strong>et</strong></span> <span class='ocrx_word' id='word_1_102' title='bbox 491 1452 713 1522; x_wconf 88' lang='lat' dir='ltr'><strong>Spiritu</strong></span> <span class='ocrx_word' id='word_1_103' title='bbox 743 1459 958 1525; x_wconf 89' lang='lat' dir='ltr'><strong>sancto,</strong></span> <span class='ocrx_word' id='word_1_104' title='bbox 1002 1459 1058 1510; x_wconf 90' lang='lat' dir='ltr'><strong>et</strong></span> <span class='ocrx_word' id='word_1_105' title='bbox 1093 1454 1347 1511; x_wconf 88' lang='lat' dir='ltr'><strong>Ecclesia</strong></span> <span class='ocrx_word' id='word_1_106' title='bbox 1377 1455 1912 1528; x_wconf 87' lang='lat' dir='ltr'><strong>primogenitorum,</strong></span> <span class='ocrx_word' id='word_1_107' title='bbox 1945 1457 2047 1528; x_wconf 88' lang='lat' dir='ltr'><strong>qui</strong></span> 
     </span>
    </p>
   </div>
   <div class='ocr_carea' id='block_1_17' title="bbox 392 1539 2048 1615">
    <p class='ocr_par' dir='ltr' id='par_1_17' title="bbox 392 1539 2048 1615">
     <span class='ocr_line' id='line_1_17' title="bbox 392 1539 2048 1615; baseline 0.005 -22"><span class='ocrx_word' id='word_1_108' title='bbox 392 1539 594 1608; x_wconf 88' lang='lat' dir='ltr'><strong>scripti</strong></span> <span class='ocrx_word' id='word_1_109' title='bbox 645 1545 780 1597; x_wconf 88' lang='lat' dir='ltr'><strong>sunt</strong></span> <span class='ocrx_word' id='word_1_110' title='bbox 817 1542 880 1597; x_wconf 91' lang='lat' dir='ltr'><strong>in</strong></span> <span class='ocrx_word' id='word_1_111' title='bbox 909 1541 1092 1615; x_wconf 59' lang='lat' dir='ltr'><strong>caelis,</strong></span> <span class='ocrx_word' id='word_1_112' title='bbox 1123 1547 1181 1598; x_wconf 92' lang='lat' dir='ltr'><strong>et</strong></span> <span class='ocrx_word' id='word_1_113' title='bbox 1205 1557 1240 1598; x_wconf 93' lang='lat' dir='ltr'><strong>a</strong></span> <span class='ocrx_word' id='word_1_114' title='bbox 1282 1543 1500 1600; x_wconf 88' lang='lat' dir='ltr'><strong>sanctis</strong></span> <span class='ocrx_word' id='word_1_115' title='bbox 1527 1549 1585 1600; x_wconf 92' lang='lat' dir='ltr'><strong>et</strong></span> <span class='ocrx_word' id='word_1_116' title='bbox 1623 1543 2048 1601; x_wconf 86' lang='lat' dir='ltr'><strong>universalibus</strong></span> 
     </span>
    </p>
   </div>
   <div class='ocr_carea' id='block_1_18' title="bbox 391 1629 836 1686">
    <p class='ocr_par' dir='ltr' id='par_1_18' title="bbox 391 1629 836 1686">
     <span class='ocr_line' id='line_1_18' title="bbox 391 1629 836 1686; baseline 0.004 -4"><span class='ocrx_word' id='word_1_117' title='bbox 391 1631 520 1683; x_wconf 90' lang='lat' dir='ltr'><strong>octo</strong></span> <span class='ocrx_word' id='word_1_118' title='bbox 551 1629 836 1686; x_wconf 89' lang='lat' dir='ltr'><strong>consiliis.</strong></span> 
     </span>
    </p>
   </div>
   <div class='ocr_carea' id='block_1_19' title="bbox 386 1770 2048 1843">
    <p class='ocr_par' dir='ltr' id='par_1_19' title="bbox 386 1770 2048 1843">
     <span class='ocr_line' id='line_1_19' title="bbox 386 1770 2048 1843; baseline 0.004 -19"><span class='ocrx_word' id='word_1_119' title='bbox 386 1770 627 1826; x_wconf 81' lang='lat' dir='ltr'><strong>Basilius</strong></span> <span class='ocrx_word' id='word_1_120' title='bbox 651 1772 939 1842; x_wconf 81' lang='lat' dir='ltr'><strong>piissimus</strong></span> <span class='ocrx_word' id='word_1_121' title='bbox 967 1774 1263 1843; x_wconf 84' lang='lat' dir='ltr'><strong>imperator</strong></span> <span class='ocrx_word' id='word_1_122' title='bbox 1298 1775 1374 1828; x_wconf 86' lang='lat' dir='ltr'><strong>ad</strong></span> <span class='ocrx_word' id='word_1_123' title='bbox 1402 1779 1646 1831; x_wconf 83' lang='lat' dir='ltr'><strong>sanctam</strong></span> <span class='ocrx_word' id='word_1_124' title='bbox 1674 1779 1726 1832; x_wconf 84' lang='lat' dir='ltr'><strong>et</strong></span> <span class='ocrx_word' id='word_1_125' title='bbox 1753 1776 2048 1831; x_wconf 79' lang='lat' dir='ltr'><strong>universa—</strong></span> 
     </span>
    </p>
   </div>
   <div class='ocr_carea' id='block_1_20' title="bbox 913 1845 1523 1912">
    <p class='ocr_par' dir='ltr' id='par_1_20' title="bbox 913 1845 1523 1912">
     <span class='ocr_line' id='line_1_20' title="bbox 913 1845 1523 1912; baseline 0.003 -14"><span class='ocrx_word' id='word_1_126' title='bbox 913 1845 1014 1898; x_wconf 84' lang='lat' dir='ltr'><strong>lem</strong></span> <span class='ocrx_word' id='word_1_127' title='bbox 1041 1845 1308 1912; x_wconf 84' lang='lat' dir='ltr'><strong>synodum</strong></span> <span class='ocrx_word' id='word_1_128' title='bbox 1333 1846 1477 1900; x_wconf 62' lang='lat' dir='ltr'><strong>dicit</strong></span> <span class='ocrx_word' id='word_1_129' title='bbox 1506 1864 1523 1900; x_wconf 89' lang='lat'><strong><em>:</em></strong></span> 
     </span>
    </p>
   </div>
   <div class='ocr_carea' id='block_1_21' title="bbox 455 1965 2040 2027">
    <p class='ocr_par' dir='ltr' id='par_1_21' title="bbox 455 1965 2040 2027">
     <span class='ocr_line' id='line_1_21' title="bbox 455 1965 2040 2027; baseline 0.003 -6"><span class='ocrx_word' id='word_1_130' title='bbox 455 1965 613 2022; x_wconf 89' lang='lat' dir='ltr'><strong>Licet</strong></span> <span class='ocrx_word' id='word_1_131' title='bbox 641 1965 939 2022; x_wconf 83' lang='lat' dir='ltr'><strong>manifeste</strong></span> <span class='ocrx_word' id='word_1_132' title='bbox 977 1965 1322 2024; x_wconf 90' lang='lat' dir='ltr'><strong>laboraverit</strong></span> <span class='ocrx_word' id='word_1_133' title='bbox 1368 1968 1646 2025; x_wconf 88' lang='lat' dir='ltr'><strong>sanctitas</strong></span> <span class='ocrx_word' id='word_1_134' title='bbox 1695 1973 1884 2027; x_wconf 90' lang='lat' dir='ltr'><strong>vestra</strong></span> <span class='ocrx_word' id='word_1_135' title='bbox 1925 1975 2040 2026; x_wconf 91' lang='lat' dir='ltr'><strong>tam</strong></span> 
     </span>
    </p>
   </div>
   <div class='ocr_carea' id='block_1_22' title="bbox 384 2051 2042 2128">
    <p class='ocr_par' dir='ltr' id='par_1_22' title="bbox 384 2051 2042 2128">
     <span class='ocr_line' id='line_1_22' title="bbox 384 2051 2042 2128; baseline 0.004 -19"><span class='ocrx_word' id='word_1_136' title='bbox 384 2051 496 2110; x_wconf 91' lang='lat' dir='ltr'><strong>loci</strong></span> <span class='ocrx_word' id='word_1_137' title='bbox 569 2054 1012 2128; x_wconf 82' lang='lat' dir='ltr'><strong>intercapedine,</strong></span> <span class='ocrx_word' id='word_1_138' title='bbox 1068 2069 1238 2126; x_wconf 91' lang='lat' dir='ltr'><strong>quam</strong></span> <span class='ocrx_word' id='word_1_139' title='bbox 1299 2057 1572 2128; x_wconf 91' lang='lat' dir='ltr'><strong>temporis</strong></span> <span class='ocrx_word' id='word_1_140' title='bbox 1620 2071 1776 2114; x_wconf 91' lang='lat' dir='ltr'><strong>mora</strong></span> <span class='ocrx_word' id='word_1_141' title='bbox 1821 2058 1882 2114; x_wconf 89' lang='lat' dir='ltr'><strong>in</strong></span> <span class='ocrx_word' id='word_1_142' title='bbox 1922 2073 2042 2115; x_wconf 92' lang='lat' dir='ltr'><strong>mu-</strong></span> 
     </span>
    </p>
   </div>
   <div class='ocr_carea' id='block_1_23' title="bbox 382 2142 2038 2219">
    <p class='ocr_par' dir='ltr' id='par_1_23' title="bbox 382 2142 2038 2219">
     <span class='ocr_line' id='line_1_23' title="bbox 382 2142 2038 2219; baseline 0.003 -21"><span class='ocrx_word' id='word_1_143' title='bbox 382 2142 591 2198; x_wconf 89' lang='lat' dir='ltr'><strong>nienda</strong></span> <span class='ocrx_word' id='word_1_144' title='bbox 615 2143 900 2200; x_wconf 90' lang='lat' dir='ltr'><strong>divinitus</strong></span> <span class='ocrx_word' id='word_1_145' title='bbox 921 2143 1060 2200; x_wconf 90' lang='lat' dir='ltr'><strong>urbe</strong></span> <span class='ocrx_word' id='word_1_146' title='bbox 1082 2149 1272 2202; x_wconf 91' lang='lat' dir='ltr'><strong>nostra</strong></span> <span class='ocrx_word' id='word_1_147' title='bbox 1293 2149 1622 2202; x_wconf 87' lang='lat' dir='ltr'><strong>conservata</strong></span> <span class='ocrx_word' id='word_1_148' title='bbox 1646 2164 1661 2217; x_wconf 88' lang='lat'><strong>;</strong></span> <span class='ocrx_word' id='word_1_149' title='bbox 1685 2146 1779 2202; x_wconf 90' lang='lat' dir='ltr'><strong>sed</strong></span> <span class='ocrx_word' id='word_1_150' title='bbox 1815 2147 2038 2219; x_wconf 82' lang='lat' dir='ltr'><strong>magnis</strong></span> 
     </span>
    </p>
   </div>
   <div class='ocr_carea' id='block_1_24' title="bbox 381 2231 2038 2292">
    <p class='ocr_par' dir='ltr' id='par_1_24' title="bbox 381 2231 2038 2292">
     <span class='ocr_line' id='line_1_24' title="bbox 381 2231 2038 2292; baseline 0.002 -4"><span class='ocrx_word' id='word_1_151' title='bbox 381 2231 716 2290; x_wconf 89' lang='lat' dir='ltr'><strong>muneribus</strong></span> <span class='ocrx_word' id='word_1_152' title='bbox 745 2246 810 2288; x_wconf 90' lang='lat' dir='ltr'><strong>ac</strong></span> <span class='ocrx_word' id='word_1_153' title='bbox 837 2233 1068 2289; x_wconf 90' lang='lat' dir='ltr'><strong>divitiis</strong></span> <span class='ocrx_word' id='word_1_154' title='bbox 1101 2233 1368 2290; x_wconf 91' lang='lat' dir='ltr'><strong>Christus</strong></span> <span class='ocrx_word' id='word_1_155' title='bbox 1405 2236 1558 2292; x_wconf 90' lang='lat' dir='ltr'><strong>Deus</strong></span> <span class='ocrx_word' id='word_1_156' title='bbox 1587 2239 1781 2291; x_wconf 90' lang='lat' dir='ltr'><strong>noster</strong></span> <span class='ocrx_word' id='word_1_157' title='bbox 1811 2249 2038 2292; x_wconf 89' lang='lat' dir='ltr'><strong>recom-</strong></span> 
     </span>
    </p>
   </div>
   <div class='ocr_carea' id='block_1_25' title="bbox 379 2319 2036 2395">
    <p class='ocr_par' dir='ltr' id='par_1_25' title="bbox 379 2319 2036 2395">
     <span class='ocr_line' id='line_1_25' title="bbox 379 2319 2036 2395; baseline 0.002 -19"><span class='ocrx_word' id='word_1_158' title='bbox 379 2319 642 2390; x_wconf 91' lang='lat' dir='ltr'><strong>pensabit</strong></span> <span class='ocrx_word' id='word_1_159' title='bbox 661 2319 821 2376; x_wconf 93' lang='lat' dir='ltr'><strong>vobis</strong></span> <span class='ocrx_word' id='word_1_160' title='bbox 841 2321 1156 2394; x_wconf 80' lang='lat' dir='ltr'><strong>condignas</strong></span> <span class='ocrx_word' id='word_1_161' title='bbox 1180 2323 1639 2393; x_wconf 91' lang='lat' dir='ltr'><strong>vicissitudines,</strong></span> <span class='ocrx_word' id='word_1_162' title='bbox 1675 2329 1731 2378; x_wconf 90' lang='lat' dir='ltr'><strong>et</strong></span> <span class='ocrx_word' id='word_1_163' title='bbox 1754 2325 2036 2395; x_wconf 88' lang='lat' dir='ltr'><strong>tranquil-</strong></span> 
     </span>
    </p>
   </div>
   <div class='ocr_carea' id='block_1_26' title="bbox 377 2407 2030 2480">
    <p class='ocr_par' dir='ltr' id='par_1_26' title="bbox 377 2407 2030 2480">
     <span class='ocr_line' id='line_1_26' title="bbox 377 2407 2030 2480; baseline 0.004 -18"><span class='ocrx_word' id='word_1_164' title='bbox 377 2407 664 2464; x_wconf 90' lang='lat' dir='ltr'><strong>lissimum</strong></span> <span class='ocrx_word' id='word_1_165' title='bbox 693 2412 750 2464; x_wconf 91' lang='lat' dir='ltr'><strong>et</strong></span> <span class='ocrx_word' id='word_1_166' title='bbox 785 2422 818 2462; x_wconf 93' lang='lat' dir='ltr'><strong>a</strong></span> <span class='ocrx_word' id='word_1_167' title='bbox 854 2409 968 2464; x_wconf 93' lang='lat' dir='ltr'><strong>Deo</strong></span> <span class='ocrx_word' id='word_1_168' title='bbox 1018 2409 1389 2466; x_wconf 91' lang='lat' dir='ltr'><strong>muniendum</strong></span> <span class='ocrx_word' id='word_1_169' title='bbox 1423 2409 1729 2480; x_wconf 86' lang='lat' dir='ltr'><strong>imperium</strong></span> <span class='ocrx_word' id='word_1_170' title='bbox 1770 2416 2030 2468; x_wconf 90' lang='lat' dir='ltr'><strong>nostrum</strong></span> 
     </span>
    </p>
   </div>
   <div class='ocr_carea' id='block_1_27' title="bbox 377 2495 2032 2569">
    <p class='ocr_par' dir='ltr' id='par_1_27' title="bbox 377 2495 2032 2569">
     <span class='ocr_line' id='line_1_27' title="bbox 377 2495 2032 2569; baseline 0.003 -18"><span class='ocrx_word' id='word_1_171' title='bbox 377 2496 671 2566; x_wconf 63' lang='lat' dir='ltr'><strong>praestabit</strong></span> <span class='ocrx_word' id='word_1_172' title='bbox 711 2495 893 2569; x_wconf 92' lang='lat' dir='ltr'><strong>vobis,</strong></span> <span class='ocrx_word' id='word_1_173' title='bbox 933 2497 1218 2568; x_wconf 88' lang='lat' dir='ltr'><strong>quidquid</strong></span> <span class='ocrx_word' id='word_1_174' title='bbox 1245 2497 1316 2554; x_wconf 92' lang='lat' dir='ltr'><strong>ab</strong></span> <span class='ocrx_word' id='word_1_175' title='bbox 1343 2512 1410 2554; x_wconf 91' lang='lat' dir='ltr'><strong>eo</strong></span> <span class='ocrx_word' id='word_1_176' title='bbox 1433 2499 1791 2569; x_wconf 82' lang='lat' dir='ltr'><strong>expetieritis</strong></span> <span class='ocrx_word' id='word_1_177' title='bbox 1819 2500 1889 2555; x_wconf 92' lang='lat' dir='ltr'><strong>ad</strong></span> <span class='ocrx_word' id='word_1_178' title='bbox 1915 2501 2032 2556; x_wconf 88' lang='lat' dir='ltr'><strong>Ec-</strong></span> 
     </span>
    </p>
   </div>
   <div class='ocr_carea' id='block_1_28' title="bbox 375 2583 2028 2659">
    <p class='ocr_par' dir='ltr' id='par_1_28' title="bbox 375 2583 2028 2659">
     <span class='ocr_line' id='line_1_28' title="bbox 375 2583 2028 2659; baseline 0.004 -21"><span class='ocrx_word' id='word_1_179' title='bbox 375 2583 681 2639; x_wconf 90' lang='lat' dir='ltr'><strong>clesiarum</strong></span> <span class='ocrx_word' id='word_1_180' title='bbox 714 2587 1030 2640; x_wconf 88' lang='lat' dir='ltr'><strong>vestrarum</strong></span> <span class='ocrx_word' id='word_1_181' title='bbox 1051 2585 1534 2659; x_wconf 88' lang='lat' dir='ltr'><strong>commoditatem,</strong></span> <span class='ocrx_word' id='word_1_182' title='bbox 1560 2591 1618 2642; x_wconf 92' lang='lat' dir='ltr'><strong>et</strong></span> <span class='ocrx_word' id='word_1_183' title='bbox 1639 2587 2028 2644; x_wconf 89' lang='lat' dir='ltr'><strong>venerationis</strong></span> 
     </span>
    </p>
   </div>
   <div class='ocr_carea' id='block_1_29' title="bbox 372 2671 2027 2744">
    <p class='ocr_par' dir='ltr' id='par_1_29' title="bbox 372 2671 2027 2744">
     <span class='ocr_line' id='line_1_29' title="bbox 372 2671 2027 2744; baseline 0.003 -17"><span class='ocrx_word' id='word_1_184' title='bbox 372 2676 571 2728; x_wconf 65' lang='lat' dir='ltr'><strong>vestrm</strong></span> <span class='ocrx_word' id='word_1_185' title='bbox 610 2671 1096 2744; x_wconf 79' lang='lat' dir='ltr'><strong>consolationem;</strong></span> <span class='ocrx_word' id='word_1_186' title='bbox 1134 2677 1198 2730; x_wconf 90' lang='lat' dir='ltr'><strong>ut</strong></span> <span class='ocrx_word' id='word_1_187' title='bbox 1239 2677 1296 2728; x_wconf 93' lang='lat' dir='ltr'><strong>et</strong></span> <span class='ocrx_word' id='word_1_188' title='bbox 1336 2674 1606 2744; x_wconf 87' lang='lat' dir='ltr'><strong>deinceps</strong></span> <span class='ocrx_word' id='word_1_189' title='bbox 1637 2675 1928 2732; x_wconf 88' lang='lat' dir='ltr'><strong>orationes</strong></span> <span class='ocrx_word' id='word_1_190' title='bbox 1969 2681 2027 2732; x_wconf 88' lang='lat' dir='ltr'><strong>et</strong></span> 
     </span>
    </p>
   </div>
   <div class='ocr_carea' id='block_1_30' title="bbox 372 2761 2026 2834">
    <p class='ocr_par' dir='ltr' id='par_1_30' title="bbox 372 2761 2026 2834">
     <span class='ocr_line' id='line_1_30' title="bbox 372 2761 2026 2834; baseline 0.002 -18"><span class='ocrx_word' id='word_1_191' title='bbox 372 2774 564 2830; x_wconf 89' lang='lat' dir='ltr'><strong>preces</strong></span> <span class='ocrx_word' id='word_1_192' title='bbox 604 2775 825 2831; x_wconf 87' lang='lat' dir='ltr'><strong>semper</strong></span> <span class='ocrx_word' id='word_1_193' title='bbox 849 2761 1078 2818; x_wconf 83' lang='lat' dir='ltr'><strong>faciatis</strong></span> <span class='ocrx_word' id='word_1_194' title='bbox 1101 2762 1170 2818; x_wconf 92' lang='lat' dir='ltr'><strong>ad</strong></span> <span class='ocrx_word' id='word_1_195' title='bbox 1215 2763 1520 2818; x_wconf 90' lang='lat' dir='ltr'><strong>Dominum</strong></span> <span class='ocrx_word' id='word_1_196' title='bbox 1549 2765 1728 2819; x_wconf 91' lang='lat' dir='ltr'><strong>Deum</strong></span> <span class='ocrx_word' id='word_1_197' title='bbox 1754 2778 1856 2834; x_wconf 91' lang='lat' dir='ltr'><strong>pro</strong></span> <span class='ocrx_word' id='word_1_198' title='bbox 1883 2764 2026 2820; x_wconf 90' lang='lat' dir='ltr'><strong>uni—</strong></span> 
     </span>
    </p>
   </div>
   <div class='ocr_carea' id='block_1_31' title="bbox 367 2849 2024 2923">
    <p class='ocr_par' dir='ltr' id='par_1_31' title="bbox 367 2849 2024 2923">
     <span class='ocr_line' id='line_1_31' title="bbox 367 2849 2024 2923; baseline 0.002 -19"><span class='ocrx_word' id='word_1_199' title='bbox 367 2849 607 2918; x_wconf 85' lang='lat' dir='ltr'><strong>versalis</strong></span> <span class='ocrx_word' id='word_1_200' title='bbox 631 2855 786 2906; x_wconf 91' lang='lat' dir='ltr'><strong>statu</strong></span> <span class='ocrx_word' id='word_1_201' title='bbox 805 2854 861 2906; x_wconf 92' lang='lat' dir='ltr'><strong>et</strong></span> <span class='ocrx_word' id='word_1_202' title='bbox 885 2850 1160 2907; x_wconf 90' lang='lat' dir='ltr'><strong>continua</strong></span> <span class='ocrx_word' id='word_1_203' title='bbox 1189 2864 1325 2920; x_wconf 88' lang='lat' dir='ltr'><strong>pace</strong></span> <span class='ocrx_word' id='word_1_204' title='bbox 1347 2863 1414 2906; x_wconf 90' lang='lat' dir='ltr'><strong>ac</strong></span> <span class='ocrx_word' id='word_1_205' title='bbox 1435 2851 1621 2908; x_wconf 91' lang='lat' dir='ltr'><strong>salute</strong></span> <span class='ocrx_word' id='word_1_206' title='bbox 1642 2851 2024 2923; x_wconf 88' lang='lat' dir='ltr'><strong>tranquillis-</strong></span> 
     </span>
    </p>
   </div>
   <div class='ocr_carea' id='block_1_32' title="bbox 367 2937 2020 3009">
    <p class='ocr_par' dir='ltr' id='par_1_32' title="bbox 367 2937 2020 3009">
     <span class='ocr_line' id='line_1_32' title="bbox 367 2937 2020 3009; baseline 0.003 -17"><span class='ocrx_word' id='word_1_207' title='bbox 367 2937 501 2992; x_wconf 90' lang='lat' dir='ltr'><strong>simi</strong></span> <span class='ocrx_word' id='word_1_208' title='bbox 541 2941 599 2992; x_wconf 91' lang='lat' dir='ltr'><strong>et</strong></span> <span class='ocrx_word' id='word_1_209' title='bbox 624 2938 920 2994; x_wconf 90' lang='lat' dir='ltr'><strong>mitissimi</strong></span> <span class='ocrx_word' id='word_1_210' title='bbox 960 2938 1188 3009; x_wconf 89' lang='lat' dir='ltr'><strong>imperii</strong></span> <span class='ocrx_word' id='word_1_211' title='bbox 1221 2939 1424 2995; x_wconf 89' lang='lat' dir='ltr'><strong>nostri.</strong></span> <span class='ocrx_word' id='word_1_212' title='bbox 1465 2941 1535 2994; x_wconf 91' lang='lat' dir='ltr'><strong>Et</strong></span> <span class='ocrx_word' id='word_1_213' title='bbox 1561 2944 1688 3008; x_wconf 89' lang='lat' dir='ltr'><strong>post</strong></span> <span class='ocrx_word' id='word_1_214' title='bbox 1718 2940 2020 2998; x_wconf 89' lang='lat' dir='ltr'><strong>lectionem</strong></span> 
     </span>
    </p>
   </div>
   <div class='ocr_carea' id='block_1_33' title="bbox 365 3025 2020 3097">
    <p class='ocr_par' dir='ltr' id='par_1_33' title="bbox 365 3025 2020 3097">
     <span class='ocr_line' id='line_1_33' title="bbox 365 3025 2020 3097; baseline 0.002 -15"><span class='ocrx_word' id='word_1_215' title='bbox 365 3025 620 3097; x_wconf 85' lang='lat' dir='ltr'><strong>termini,</strong></span> <span class='ocrx_word' id='word_1_216' title='bbox 647 3027 898 3084; x_wconf 89' lang='lat' dir='ltr'><strong>Basilius</strong></span> <span class='ocrx_word' id='word_1_217' title='bbox 922 3026 1242 3097; x_wconf 86' lang='lat' dir='ltr'><strong>piissimus,</strong></span> <span class='ocrx_word' id='word_1_218' title='bbox 1274 3032 1332 3082; x_wconf 90' lang='lat' dir='ltr'><strong>et</strong></span> <span class='ocrx_word' id='word_1_219' title='bbox 1353 3027 1581 3084; x_wconf 90' lang='lat' dir='ltr'><strong>Christo</strong></span> <span class='ocrx_word' id='word_1_220' title='bbox 1603 3028 1872 3086; x_wconf 90' lang='lat' dir='ltr'><strong>amabilis</strong></span> <span class='ocrx_word' id='word_1_221' title='bbox 1903 3029 2020 3086; x_wconf 91' lang='lat' dir='ltr'><strong>im-</strong></span> 
     </span>
    </p>
   </div>
   <div class='ocr_carea' id='block_1_34' title="bbox 365 3115 2018 3189">
    <p class='ocr_par' dir='ltr' id='par_1_34' title="bbox 365 3115 2018 3189">
     <span class='ocr_line' id='line_1_34' title="bbox 365 3115 2018 3189; baseline 0.003 -19"><span class='ocrx_word' id='word_1_222' title='bbox 365 3119 590 3185; x_wconf 88' lang='lat' dir='ltr'><strong>perator</strong></span> <span class='ocrx_word' id='word_1_223' title='bbox 617 3116 686 3172; x_wconf 91' lang='lat' dir='ltr'><strong>ad</strong></span> <span class='ocrx_word' id='word_1_224' title='bbox 713 3122 966 3171; x_wconf 89' lang='lat' dir='ltr'><strong>sanctam</strong></span> <span class='ocrx_word' id='word_1_225' title='bbox 992 3116 1270 3186; x_wconf 85' lang='lat' dir='ltr'><strong>synodum</strong></span> <span class='ocrx_word' id='word_1_226' title='bbox 1294 3115 1450 3172; x_wconf 85' lang='lat' dir='ltr'><strong>dixit</strong></span> <span class='ocrx_word' id='word_1_227' title='bbox 1479 3134 1492 3170; x_wconf 92' lang='lat'><strong>:</strong></span> <span class='ocrx_word' id='word_1_228' title='bbox 1527 3117 1736 3189; x_wconf 89' lang='lat' dir='ltr'><strong>Utique</strong></span> <span class='ocrx_word' id='word_1_229' title='bbox 1764 3117 2018 3175; x_wconf 89' lang='lat' dir='ltr'><strong>audistis</strong></span> 
     </span>
    </p>
   </div>
   <div class='ocr_carea' id='block_1_35' title="bbox 364 3203 2018 3276">
    <p class='ocr_par' dir='ltr' id='par_1_35' title="bbox 364 3203 2018 3276">
     <span class='ocr_line' id='line_1_35' title="bbox 364 3203 2018 3276; baseline 0.001 -16"><span class='ocrx_word' id='word_1_230' title='bbox 364 3218 488 3275; x_wconf 76' lang='lat' dir='ltr'><strong>qua:</strong></span> <span class='ocrx_word' id='word_1_231' title='bbox 526 3204 669 3260; x_wconf 83' lang='lat' dir='ltr'><strong>lecta</strong></span> <span class='ocrx_word' id='word_1_232' title='bbox 715 3209 894 3275; x_wconf 76' lang='lat' dir='ltr'><strong>sunt;</strong></span> <span class='ocrx_word' id='word_1_233' title='bbox 940 3203 1080 3275; x_wconf 90' lang='lat' dir='ltr'><strong>quid</strong></span> <span class='ocrx_word' id='word_1_234' title='bbox 1110 3218 1244 3276; x_wconf 89' lang='lat' dir='ltr'><strong>ergo</strong></span> <span class='ocrx_word' id='word_1_235' title='bbox 1281 3205 1509 3260; x_wconf 90' lang='lat' dir='ltr'><strong>videtur</strong></span> <span class='ocrx_word' id='word_1_236' title='bbox 1549 3205 1876 3261; x_wconf 64' lang='lat' dir='ltr'><strong>reverentiae</strong></span> <span class='ocrx_word' id='word_1_237' title='bbox 1914 3220 2018 3262; x_wconf 90' lang='lat' dir='ltr'><strong>ve-</strong></span> 
     </span>
    </p>
   </div>
   <div class='ocr_carea' id='block_1_36' title="bbox 361 3291 2016 3363">
    <p class='ocr_par' dir='ltr' id='par_1_36' title="bbox 361 3291 2016 3363">
     <span class='ocr_line' id='line_1_36' title="bbox 361 3291 2016 3363; baseline 0.002 -16"><span class='ocrx_word' id='word_1_238' title='bbox 361 3296 492 3348; x_wconf 72' lang='lat' dir='ltr'><strong>stra:</strong></span> <span class='ocrx_word' id='word_1_239' title='bbox 516 3291 544 3346; x_wconf 72' lang='lat'><strong>‘2</strong></span> <span class='ocrx_word' id='word_1_240' title='bbox 561 3293 706 3348; x_wconf 90' lang='lat' dir='ltr'><strong>Bene</strong></span> <span class='ocrx_word' id='word_1_241' title='bbox 727 3292 1026 3363; x_wconf 83' lang='lat' dir='ltr'><strong>expositus</strong></span> <span class='ocrx_word' id='word_1_242' title='bbox 1051 3297 1136 3348; x_wconf 89' lang='lat' dir='ltr'><strong>est</strong></span> <span class='ocrx_word' id='word_1_243' title='bbox 1167 3293 1451 3349; x_wconf 84' lang='lat' dir='ltr'><strong>terminus</strong></span> <span class='ocrx_word' id='word_1_244' title='bbox 1477 3293 1585 3349; x_wconf 92' lang='lat' dir='ltr'><strong>iste</strong></span> <span class='ocrx_word' id='word_1_245' title='bbox 1609 3294 1637 3347; x_wconf 64' lang='grc' dir='ltr'>εἰ</span> <span class='ocrx_word' id='word_1_246' title='bbox 1658 3293 1880 3350; x_wconf 89' lang='lat' dir='ltr'><strong>Placuit</strong></span> <span class='ocrx_word' id='word_1_247' title='bbox 1907 3308 2016 3351; x_wconf 93' lang='lat' dir='ltr'><strong>vo-</strong></span> 
     </span>
    </p>
   </div>
   <div class='ocr_carea' id='block_1_37' title="bbox 357 3380 2013 3454">
    <p class='ocr_par' dir='ltr' id='par_1_37' title="bbox 357 3380 2013 3454">
     <span class='ocr_line' id='line_1_37' title="bbox 357 3380 2013 3454; baseline 0.001 -18"><span class='ocrx_word' id='word_1_248' title='bbox 357 3380 451 3437; x_wconf 91' lang='lat' dir='ltr'><strong>bis</strong></span> <span class='ocrx_word' id='word_1_249' title='bbox 496 3396 778 3439; x_wconf 91' lang='lat' dir='ltr'><strong>canonum</strong></span> <span class='ocrx_word' id='word_1_250' title='bbox 826 3381 1109 3452; x_wconf 81' lang='lat' dir='ltr'><strong>expositio</strong></span> <span class='ocrx_word' id='word_1_251' title='bbox 1139 3381 1168 3436; x_wconf 70' lang='lat'><strong>‘2</strong></span> <span class='ocrx_word' id='word_1_252' title='bbox 1206 3394 1278 3436; x_wconf 90' lang='lat' dir='ltr'><strong>an</strong></span> <span class='ocrx_word' id='word_1_253' title='bbox 1317 3387 1404 3437; x_wconf 92' lang='lat' dir='ltr'><strong>est</strong></span> <span class='ocrx_word' id='word_1_254' title='bbox 1443 3381 1668 3454; x_wconf 81' lang='lat' dir='ltr'><strong>aliquid</strong></span> <span class='ocrx_word' id='word_1_255' title='bbox 1722 3383 1780 3438; x_wconf 92' lang='lat' dir='ltr'><strong>in</strong></span> <span class='ocrx_word' id='word_1_256' title='bbox 1828 3388 2013 3439; x_wconf 90' lang='lat' dir='ltr'><strong>mente</strong></span> 
     </span>
    </p>
   </div>
   <div class='ocr_carea' id='block_1_38' title="bbox 355 3470 2010 3542">
    <p class='ocr_par' dir='ltr' id='par_1_38' title="bbox 355 3470 2010 3542">
     <span class='ocr_line' id='line_1_38' title="bbox 355 3470 2010 3542; baseline 0 -16"><span class='ocrx_word' id='word_1_257' title='bbox 355 3475 541 3527; x_wconf 90' lang='lat' dir='ltr'><strong>vestra</strong></span> <span class='ocrx_word' id='word_1_258' title='bbox 577 3472 648 3528; x_wconf 89' lang='lat' dir='ltr'><strong>ad</strong></span> <span class='ocrx_word' id='word_1_259' title='bbox 678 3470 1003 3542; x_wconf 76' lang='lat' dir='ltr'><strong>ambiguam</strong></span> <span class='ocrx_word' id='word_1_260' title='bbox 1035 3470 1363 3541; x_wconf 90' lang='lat' dir='ltr'><strong>opinionem</strong></span> <span class='ocrx_word' id='word_1_261' title='bbox 1407 3470 1740 3541; x_wconf 89' lang='lat' dir='ltr'><strong>pertrahens</strong></span> <span class='ocrx_word' id='word_1_262' title='bbox 1767 3471 1796 3526; x_wconf 82' lang='lat'><strong>?</strong></span> <span class='ocrx_word' id='word_1_263' title='bbox 1822 3485 2010 3527; x_wconf 89' lang='lat' dir='ltr'><strong>veram</strong></span> 
     </span>
    </p>
   </div>
   <div class='ocr_carea' id='block_1_39' title="bbox 354 3557 2013 3629">
    <p class='ocr_par' dir='ltr' id='par_1_39' title="bbox 354 3557 2013 3629">
     <span class='ocr_line' id='line_1_39' title="bbox 354 3557 2013 3629; baseline 0 -15"><span class='ocrx_word' id='word_1_264' title='bbox 354 3557 492 3615; x_wconf 87' lang='lat' dir='ltr'><strong>fecit</strong></span> <span class='ocrx_word' id='word_1_265' title='bbox 513 3559 918 3616; x_wconf 89' lang='lat' dir='ltr'><strong>allocutionem</strong></span> <span class='ocrx_word' id='word_1_266' title='bbox 943 3559 1012 3614; x_wconf 90' lang='lat' dir='ltr'><strong>ad</strong></span> <span class='ocrx_word' id='word_1_267' title='bbox 1055 3567 1306 3614; x_wconf 91' lang='lat' dir='ltr'><strong>sanctam</strong></span> <span class='ocrx_word' id='word_1_268' title='bbox 1334 3559 1478 3614; x_wconf 90' lang='lat' dir='ltr'><strong>hanc</strong></span> <span class='ocrx_word' id='word_1_269' title='bbox 1503 3559 1781 3628; x_wconf 90' lang='lat' dir='ltr'><strong>synodum</strong></span> <span class='ocrx_word' id='word_1_270' title='bbox 1823 3559 2013 3629; x_wconf 88' lang='lat' dir='ltr'><strong>impe-</strong></span> 
     </span>
    </p>
   </div>
   <div class='ocr_carea' id='block_1_40' title="bbox 354 3645 2011 3719">
    <p class='ocr_par' dir='ltr' id='par_1_40' title="bbox 354 3645 2011 3719">
     <span class='ocr_line' id='line_1_40' title="bbox 354 3645 2011 3719; baseline 0 -17"><span class='ocrx_word' id='word_1_271' title='bbox 354 3647 507 3704; x_wconf 90' lang='lat' dir='ltr'><strong>rium</strong></span> <span class='ocrx_word' id='word_1_272' title='bbox 538 3653 818 3717; x_wconf 90' lang='lat' dir='ltr'><strong>nostrum,</strong></span> <span class='ocrx_word' id='word_1_273' title='bbox 867 3651 924 3701; x_wconf 90' lang='lat' dir='ltr'><strong>et</strong></span> <span class='ocrx_word' id='word_1_274' title='bbox 947 3647 998 3702; x_wconf 91' lang='lat' dir='ltr'><strong>si</strong></span> <span class='ocrx_word' id='word_1_275' title='bbox 1037 3645 1377 3716; x_wconf 89' lang='lat' dir='ltr'><strong>conspicitis</strong></span> <span class='ocrx_word' id='word_1_276' title='bbox 1410 3645 1621 3700; x_wconf 90' lang='lat' dir='ltr'><strong>bonum</strong></span> <span class='ocrx_word' id='word_1_277' title='bbox 1664 3659 1808 3717; x_wconf 90' lang='lat' dir='ltr'><strong>esse,</strong></span> <span class='ocrx_word' id='word_1_278' title='bbox 1849 3645 2011 3719; x_wconf 86' lang='lat' dir='ltr'><strong>lega-</strong></span> 
     </span>
    </p>
   </div>
   <div class='ocr_carea' id='block_1_41' title="bbox 351 3732 2010 3805">
    <p class='ocr_par' dir='ltr' id='par_1_41' title="bbox 351 3732 2010 3805">
     <span class='ocr_line' id='line_1_41' title="bbox 351 3732 2010 3805; baseline 0.001 -15"><span class='ocrx_word' id='word_1_279' title='bbox 351 3741 464 3792; x_wconf 87' lang='lat' dir='ltr'><strong>tur.</strong></span> <span class='ocrx_word' id='word_1_280' title='bbox 495 3736 699 3791; x_wconf 83' lang='lat' dir='ltr'><strong>Sancta</strong></span> <span class='ocrx_word' id='word_1_281' title='bbox 723 3739 780 3790; x_wconf 90' lang='lat' dir='ltr'><strong>et</strong></span> <span class='ocrx_word' id='word_1_282' title='bbox 808 3733 1150 3790; x_wconf 88' lang='lat' dir='ltr'><strong>universalis</strong></span> <span class='ocrx_word' id='word_1_283' title='bbox 1186 3733 1440 3804; x_wconf 87' lang='lat' dir='ltr'><strong>synodus</strong></span> <span class='ocrx_word' id='word_1_284' title='bbox 1481 3733 1669 3788; x_wconf 83' lang='lat' dir='ltr'><strong>dixit:</strong></span> <span class='ocrx_word' id='word_1_285' title='bbox 1713 3732 1848 3802; x_wconf 65' lang='lat' dir='ltr'><strong>Qum</strong></span> <span class='ocrx_word' id='word_1_286' title='bbox 1873 3748 2010 3805; x_wconf 89' lang='lat' dir='ltr'><strong>per-</strong></span> 
     </span>
    </p>
   </div>
   <div class='ocr_carea' id='block_1_42' title="bbox 346 3820 2009 3893">
    <p class='ocr_par' dir='ltr' id='par_1_42' title="bbox 346 3820 2009 3893">
     <span class='ocr_line' id='line_1_42' title="bbox 346 3820 2009 3893; baseline 0.001 -15"><span class='ocrx_word' id='word_1_287' title='bbox 346 3823 535 3878; x_wconf 90' lang='lat' dir='ltr'><strong>tinent</strong></span> <span class='ocrx_word' id='word_1_288' title='bbox 556 3823 626 3878; x_wconf 91' lang='lat' dir='ltr'><strong>ad</strong></span> <span class='ocrx_word' id='word_1_289' title='bbox 661 3821 968 3878; x_wconf 88' lang='lat' dir='ltr'><strong>utilitatem</strong></span> <span class='ocrx_word' id='word_1_290' title='bbox 993 3820 1260 3877; x_wconf 68' lang='lat' dir='ltr'><strong>Ecclesiae</strong></span> <span class='ocrx_word' id='word_1_291' title='bbox 1280 3821 1380 3876; x_wconf 92' lang='lat' dir='ltr'><strong>Dei</strong></span> <span class='ocrx_word' id='word_1_292' title='bbox 1409 3821 1692 3893; x_wconf 86' lang='lat' dir='ltr'><strong>legantur,</strong></span> <span class='ocrx_word' id='word_1_293' title='bbox 1718 3823 1790 3878; x_wconf 92' lang='lat' dir='ltr'><strong>Et</strong></span> <span class='ocrx_word' id='word_1_294' title='bbox 1817 3836 2009 3880; x_wconf 88' lang='lat' dir='ltr'><strong>ascen-</strong></span> 
     </span>
    </p>
   </div>
   <div class='ocr_carea' id='block_1_43' title="bbox 345 3909 2003 3982">
    <p class='ocr_par' dir='ltr' id='par_1_43' title="bbox 345 3909 2003 3982">
     <span class='ocr_line' id='line_1_43' title="bbox 345 3909 2003 3982; baseline 0.001 -15"><span class='ocrx_word' id='word_1_295' title='bbox 345 3912 487 3967; x_wconf 91' lang='lat' dir='ltr'><strong>dens</strong></span> <span class='ocrx_word' id='word_1_296' title='bbox 513 3911 617 3965; x_wconf 87' lang='lat' dir='ltr'><strong>Leo</strong></span> <span class='ocrx_word' id='word_1_297' title='bbox 665 3909 1086 3968; x_wconf 83' lang='lat' dir='ltr'><strong>famosissimas</strong></span> <span class='ocrx_word' id='word_1_298' title='bbox 1131 3909 1326 3982; x_wconf 89' lang='lat' dir='ltr'><strong>regius</strong></span> <span class='ocrx_word' id='word_1_299' title='bbox 1369 3909 1870 3980; x_wconf 89' lang='lat' dir='ltr'><strong>protospatharius</strong></span> <span class='ocrx_word' id='word_1_300' title='bbox 1895 3917 2003 3968; x_wconf 91' lang='lat' dir='ltr'><strong>eta</strong></span> 
     </span>
    </p>
   </div>
   <div class='ocr_carea' id='block_1_44' title="bbox 346 3996 801 4069">
    <p class='ocr_par' dir='ltr' id='par_1_44' title="bbox 346 3996 801 4069">
     <span class='ocr_line' id='line_1_44' title="bbox 346 3996 801 4069; baseline -0.002 -16"><span class='ocrx_word' id='word_1_301' title='bbox 346 3997 600 4069; x_wconf 89' lang='lat' dir='ltr'><strong>secretis,</strong></span> <span class='ocrx_word' id='word_1_302' title='bbox 625 3996 801 4069; x_wconf 83' lang='lat' dir='ltr'><strong>legit:</strong></span> 
     </span>
    </p>
   </div>
   <div class='ocr_carea' id='block_1_45' title="bbox 412 4123 1859 4250">
    <p class='ocr_par' dir='ltr' id='par_1_45' title="bbox 412 4123 1859 4250">
     <span class='ocr_line' id='line_1_45' title="bbox 412 4123 1859 4250; baseline 0.001 -72"><span class='ocrx_word' id='word_1_303' title='bbox 412 4123 654 4178; x_wconf 87' lang='lat' dir='ltr'><strong>Basilius</strong></span> <span class='ocrx_word' id='word_1_304' title='bbox 675 4124 959 4193; x_wconf 83' lang='lat' dir='ltr'><strong>piissimus</strong></span> <span class='ocrx_word' id='word_1_305' title='bbox 977 4128 1029 4178; x_wconf 88' lang='lat' dir='ltr'><strong>et</strong></span> <span class='ocrx_word' id='word_1_306' title='bbox 1053 4123 1262 4250; x_wconf 51' lang='lat' dir='ltr'><strong>Oggséo</strong></span> <span class='ocrx_word' id='word_1_307' title='bbox 1289 4124 1542 4179; x_wconf 85' lang='lat' dir='ltr'><strong>amabilis</strong></span> <span class='ocrx_word' id='word_1_308' title='bbox 1565 4125 1859 4194; x_wconf 80' lang='lat' dir='ltr'><strong>imperator</strong></span> 
     </span>
    </p>
   </div>
   <div class='ocr_carea' id='block_1_46' title="bbox 410 4318 1998 4390">
    <p class='ocr_par' dir='ltr' id='par_1_46' title="bbox 410 4318 1998 4390">
     <span class='ocr_line' id='line_1_46' title="bbox 410 4318 1998 4390; baseline 0.003 -17"><span class='ocrx_word' id='word_1_309' title='bbox 410 4319 646 4376; x_wconf 87' lang='lat' dir='ltr'><strong>Multam</strong></span> <span class='ocrx_word' id='word_1_310' title='bbox 686 4319 918 4390; x_wconf 90' lang='lat' dir='ltr'><strong>quidem</strong></span> <span class='ocrx_word' id='word_1_311' title='bbox 939 4319 1293 4376; x_wconf 85' lang='lat' dir='ltr'><strong>vexationem</strong></span> <span class='ocrx_word' id='word_1_312' title='bbox 1323 4323 1380 4375; x_wconf 92' lang='lat' dir='ltr'><strong>et</strong></span> <span class='ocrx_word' id='word_1_313' title='bbox 1405 4318 1653 4376; x_wconf 90' lang='lat' dir='ltr'><strong>laborem</strong></span> <span class='ocrx_word' id='word_1_314' title='bbox 1680 4326 1866 4378; x_wconf 89' lang='lat' dir='ltr'><strong>vestra</strong></span> <span class='ocrx_word' id='word_1_315' title='bbox 1894 4321 1998 4378; x_wconf 82' lang='lat' dir='ltr'><strong>di—</strong></span> 
     </span>
    </p>
   </div>
   <div class='ocr_carea' id='block_1_47' title="bbox 2175 580 3821 658">
    <p class='ocr_par' dir='ltr' id='par_1_47' title="bbox 2175 580 3821 658">
     <span class='ocr_line' id='line_1_47' title="bbox 2175 580 3821 658; baseline 0.008 -26"><span class='ocrx_word' id='word_1_316' title='bbox 2175 584 2286 633; x_wconf 90' lang='lat' dir='ltr'><strong>tem</strong></span> <span class='ocrx_word' id='word_1_317' title='bbox 2327 580 2603 636; x_wconf 81' lang='lat' dir='ltr'><strong>traduxit.</strong></span> <span class='ocrx_word' id='word_1_318' title='bbox 2647 582 2877 638; x_wconf 90' lang='lat' dir='ltr'><strong>Gratias</strong></span> <span class='ocrx_word' id='word_1_319' title='bbox 2898 596 3033 656; x_wconf 88' lang='lat' dir='ltr'><strong>ergo</strong></span> <span class='ocrx_word' id='word_1_320' title='bbox 3079 586 3307 658; x_wconf 88' lang='lat' dir='ltr'><strong>agimus</strong></span> <span class='ocrx_word' id='word_1_321' title='bbox 3343 587 3602 657; x_wconf 91' lang='lat' dir='ltr'><strong>Domino,</strong></span> <span class='ocrx_word' id='word_1_322' title='bbox 3633 587 3821 646; x_wconf 89' lang='lat' dir='ltr'><strong>Patres</strong></span> 
     </span>
    </p>
   </div>
   <div class='ocr_carea' id='block_1_48' title="bbox 2175 667 3820 747">
    <p class='ocr_par' dir='ltr' id='par_1_48' title="bbox 2175 667 3820 747">
     <span class='ocr_line' id='line_1_48' title="bbox 2175 667 3820 747; baseline 0.01 -27"><span class='ocrx_word' id='word_1_323' title='bbox 2175 667 2543 741; x_wconf 85' lang='lat' dir='ltr'><strong>venerabiles,</strong></span> <span class='ocrx_word' id='word_1_324' title='bbox 2590 672 2660 727; x_wconf 91' lang='lat' dir='ltr'><strong>de</strong></span> <span class='ocrx_word' id='word_1_325' title='bbox 2704 673 2973 728; x_wconf 90' lang='lat' dir='ltr'><strong>omnibus</strong></span> <span class='ocrx_word' id='word_1_326' title='bbox 3018 673 3186 731; x_wconf 92' lang='lat' dir='ltr'><strong>bonis</strong></span> <span class='ocrx_word' id='word_1_327' title='bbox 3227 689 3354 747; x_wconf 63' lang='lat' dir='ltr'><strong>quae</strong></span> <span class='ocrx_word' id='word_1_328' title='bbox 3410 676 3579 734; x_wconf 90' lang='lat' dir='ltr'><strong>nobis</strong></span> <span class='ocrx_word' id='word_1_329' title='bbox 3617 690 3650 732; x_wconf 91' lang='lat' dir='ltr'><strong>a</strong></span> <span class='ocrx_word' id='word_1_330' title='bbox 3712 679 3820 736; x_wconf 91' lang='lat' dir='ltr'><strong>Deo</strong></span> 
     </span>
    </p>
   </div>
   <div class='ocr_carea' id='block_1_49' title="bbox 2172 762 3818 838">
    <p class='ocr_par' dir='ltr' id='par_1_49' title="bbox 2172 762 3818 838">
     <span class='ocr_line' id='line_1_49' title="bbox 2172 762 3818 838; baseline 0.007 -27"><span class='ocrx_word' id='word_1_331' title='bbox 2172 769 2436 814; x_wconf 90' lang='lat' dir='ltr'><strong>concessa</strong></span> <span class='ocrx_word' id='word_1_332' title='bbox 2466 767 2620 832; x_wconf 90' lang='lat' dir='ltr'><strong>sunt,</strong></span> <span class='ocrx_word' id='word_1_333' title='bbox 2648 766 2704 817; x_wconf 92' lang='lat' dir='ltr'><strong>et</strong></span> <span class='ocrx_word' id='word_1_334' title='bbox 2744 762 3107 819; x_wconf 80' lang='lat' dir='ltr'><strong>admittimus</strong></span> <span class='ocrx_word' id='word_1_335' title='bbox 3135 765 3306 820; x_wconf 90' lang='lat' dir='ltr'><strong>etiam</strong></span> <span class='ocrx_word' id='word_1_336' title='bbox 3337 765 3522 821; x_wconf 84' lang='lat' dir='ltr'><strong>zelum</strong></span> <span class='ocrx_word' id='word_1_337' title='bbox 3555 771 3818 838; x_wconf 88' lang='lat' dir='ltr'><strong>vestrum,</strong></span> 
     </span>
    </p>
   </div>
   <div class='ocr_carea' id='block_1_50' title="bbox 2173 845 3819 923">
    <p class='ocr_par' dir='ltr' id='par_1_50' title="bbox 2173 845 3819 923">
     <span class='ocr_line' id='line_1_50' title="bbox 2173 845 3819 923; baseline 0.008 -24"><span class='ocrx_word' id='word_1_338' title='bbox 2173 845 2273 914; x_wconf 89' lang='lat' dir='ltr'><strong>qui</strong></span> <span class='ocrx_word' id='word_1_339' title='bbox 2304 849 2616 906; x_wconf 89' lang='lat' dir='ltr'><strong>secundum</strong></span> <span class='ocrx_word' id='word_1_340' title='bbox 2640 852 2816 907; x_wconf 92' lang='lat' dir='ltr'><strong>Deum</strong></span> <span class='ocrx_word' id='word_1_341' title='bbox 2849 855 2936 908; x_wconf 88' lang='lat' dir='ltr'><strong>est</strong></span> <span class='ocrx_word' id='word_1_342' title='bbox 2959 869 2976 919; x_wconf 88' lang='lat'><strong>;</strong></span> <span class='ocrx_word' id='word_1_343' title='bbox 3010 856 3068 908; x_wconf 90' lang='lat' dir='ltr'><strong>et</strong></span> <span class='ocrx_word' id='word_1_344' title='bbox 3091 857 3356 923; x_wconf 91' lang='lat' dir='ltr'><strong>optamus</strong></span> <span class='ocrx_word' id='word_1_345' title='bbox 3378 866 3411 910; x_wconf 90' lang='lat' dir='ltr'><strong>a</strong></span> <span class='ocrx_word' id='word_1_346' title='bbox 3435 855 3819 912; x_wconf 77' lang='lat' dir='ltr'><strong>munificentia</strong></span> 
     </span>
    </p>
   </div>
   <div class='ocr_carea' id='block_1_51' title="bbox 2169 937 3816 1014">
    <p class='ocr_par' dir='ltr' id='par_1_51' title="bbox 2169 937 3816 1014">
     <span class='ocr_line' id='line_1_51' title="bbox 2169 937 3816 1014; baseline 0.008 -26"><span class='ocrx_word' id='word_1_347' title='bbox 2169 937 2358 1008; x_wconf 88' lang='lat' dir='ltr'><strong>magni</strong></span> <span class='ocrx_word' id='word_1_348' title='bbox 2398 937 2498 993; x_wconf 93' lang='lat' dir='ltr'><strong>Dei</strong></span> <span class='ocrx_word' id='word_1_349' title='bbox 2529 942 2586 994; x_wconf 88' lang='lat' dir='ltr'><strong>et</strong></span> <span class='ocrx_word' id='word_1_350' title='bbox 2611 939 2763 1012; x_wconf 89' lang='lat' dir='ltr'><strong>regis</strong></span> <span class='ocrx_word' id='word_1_351' title='bbox 2793 941 3193 998; x_wconf 84' lang='lat' dir='ltr'><strong>universitatis</strong></span> <span class='ocrx_word' id='word_1_352' title='bbox 3221 942 3550 1014; x_wconf 87' lang='lat' dir='ltr'><strong>opulentam</strong></span> <span class='ocrx_word' id='word_1_353' title='bbox 3581 943 3816 1001; x_wconf 87' lang='lat' dir='ltr'><strong>retribui</strong></span> 
     </span>
    </p>
   </div>
   <div class='ocr_carea' id='block_1_52' title="bbox 2165 1023 3819 1100">
    <p class='ocr_par' dir='ltr' id='par_1_52' title="bbox 2165 1023 3819 1100">
     <span class='ocr_line' id='line_1_52' title="bbox 2165 1023 3819 1100; baseline 0.006 -22"><span class='ocrx_word' id='word_1_354' title='bbox 2165 1023 2329 1084; x_wconf 86' lang='lat' dir='ltr'><strong>vobis</strong></span> <span class='ocrx_word' id='word_1_355' title='bbox 2361 1028 2692 1100; x_wconf 90' lang='lat' dir='ltr'><strong>mercedem,</strong></span> <span class='ocrx_word' id='word_1_356' title='bbox 2729 1028 2959 1086; x_wconf 90' lang='lat' dir='ltr'><strong>dolores</strong></span> <span class='ocrx_word' id='word_1_357' title='bbox 2987 1035 3205 1088; x_wconf 89' lang='lat' dir='ltr'><strong>vestros</strong></span> <span class='ocrx_word' id='word_1_358' title='bbox 3251 1037 3309 1087; x_wconf 94' lang='lat' dir='ltr'><strong>et</strong></span> <span class='ocrx_word' id='word_1_359' title='bbox 3349 1031 3572 1088; x_wconf 89' lang='lat' dir='ltr'><strong>labores</strong></span> <span class='ocrx_word' id='word_1_360' title='bbox 3602 1046 3819 1090; x_wconf 85' lang='lat' dir='ltr'><strong>recom-</strong></span> 
     </span>
    </p>
   </div>
   <div class='ocr_carea' id='block_1_53' title="bbox 2166 1117 3818 1192">
    <p class='ocr_par' dir='ltr' id='par_1_53' title="bbox 2166 1117 3818 1192">
     <span class='ocr_line' id='line_1_53' title="bbox 2166 1117 3818 1192; baseline 0.003 -20"><span class='ocrx_word' id='word_1_361' title='bbox 2166 1121 2492 1187; x_wconf 90' lang='lat' dir='ltr'><strong>pensantem</strong></span> <span class='ocrx_word' id='word_1_362' title='bbox 2515 1135 2529 1172; x_wconf 91' lang='lat'><strong>:</strong></span> <span class='ocrx_word' id='word_1_363' title='bbox 2569 1133 2672 1188; x_wconf 91' lang='lat' dir='ltr'><strong>pro</strong></span> <span class='ocrx_word' id='word_1_364' title='bbox 2701 1117 2916 1190; x_wconf 88' lang='lat' dir='ltr'><strong>quibus</strong></span> <span class='ocrx_word' id='word_1_365' title='bbox 2938 1123 2996 1176; x_wconf 91' lang='lat' dir='ltr'><strong>et</strong></span> <span class='ocrx_word' id='word_1_366' title='bbox 3015 1119 3412 1192; x_wconf 85' lang='lat' dir='ltr'><strong>tranquillitas</strong></span> <span class='ocrx_word' id='word_1_367' title='bbox 3434 1126 3628 1178; x_wconf 89' lang='lat' dir='ltr'><strong>nostra</strong></span> <span class='ocrx_word' id='word_1_368' title='bbox 3652 1120 3818 1178; x_wconf 88' lang='lat' dir='ltr'><strong>festi—</strong></span> 
     </span>
    </p>
   </div>
   <div class='ocr_carea' id='block_1_54' title="bbox 2163 1201 3813 1279">
    <p class='ocr_par' dir='ltr' id='par_1_54' title="bbox 2163 1201 3813 1279">
     <span class='ocr_line' id='line_1_54' title="bbox 2163 1201 3813 1279; baseline 0.004 -19"><span class='ocrx_word' id='word_1_369' title='bbox 2163 1204 2328 1260; x_wconf 89' lang='lat' dir='ltr'><strong>nabit</strong></span> <span class='ocrx_word' id='word_1_370' title='bbox 2355 1201 2584 1262; x_wconf 75' lang='lat' dir='ltr'><strong>reficere</strong></span> <span class='ocrx_word' id='word_1_371' title='bbox 2619 1212 2678 1263; x_wconf 86' lang='lat' dir='ltr'><strong>et</strong></span> <span class='ocrx_word' id='word_1_372' title='bbox 2722 1207 2980 1264; x_wconf 89' lang='lat' dir='ltr'><strong>animare</strong></span> <span class='ocrx_word' id='word_1_373' title='bbox 3017 1221 3137 1279; x_wconf 90' lang='lat' dir='ltr'><strong>vos,</strong></span> <span class='ocrx_word' id='word_1_374' title='bbox 3181 1213 3240 1264; x_wconf 91' lang='lat' dir='ltr'><strong>et</strong></span> <span class='ocrx_word' id='word_1_375' title='bbox 3281 1221 3448 1265; x_wconf 89' lang='lat' dir='ltr'><strong>omne</strong></span> <span class='ocrx_word' id='word_1_376' title='bbox 3468 1209 3813 1268; x_wconf 87' lang='lat' dir='ltr'><strong>desiderium</strong></span> 
     </span>
    </p>
   </div>
   <div class='ocr_carea' id='block_1_55' title="bbox 2161 1295 3816 1366">
    <p class='ocr_par' dir='ltr' id='par_1_55' title="bbox 2161 1295 3816 1366">
     <span class='ocr_line' id='line_1_55' title="bbox 2161 1295 3816 1366; baseline 0.005 -17"><span class='ocrx_word' id='word_1_377' title='bbox 2161 1298 2410 1351; x_wconf 90' lang='lat' dir='ltr'><strong>vestrum</strong></span> <span class='ocrx_word' id='word_1_378' title='bbox 2471 1295 2724 1366; x_wconf 91' lang='lat' dir='ltr'><strong>implere.</strong></span> <span class='ocrx_word' id='word_1_379' title='bbox 2769 1298 2994 1354; x_wconf 89' lang='lat' dir='ltr'><strong>Justum</strong></span> <span class='ocrx_word' id='word_1_380' title='bbox 3038 1302 3226 1355; x_wconf 87' lang='lat' dir='ltr'><strong>autem</strong></span> <span class='ocrx_word' id='word_1_381' title='bbox 3272 1297 3548 1354; x_wconf 78' lang='lat' dir='ltr'><strong>duximus</strong></span> <span class='ocrx_word' id='word_1_382' title='bbox 3588 1298 3648 1355; x_wconf 91' lang='lat' dir='ltr'><strong>in</strong></span> <span class='ocrx_word' id='word_1_383' title='bbox 3689 1312 3816 1356; x_wconf 90' lang='lat' dir='ltr'><strong>om—</strong></span> 
     </span>
    </p>
   </div>
   <div class='ocr_carea' id='block_1_56' title="bbox 2161 1381 3813 1459">
    <p class='ocr_par' dir='ltr' id='par_1_56' title="bbox 2161 1381 3813 1459">
     <span class='ocr_line' id='line_1_56' title="bbox 2161 1381 3813 1459; baseline 0.004 -22"><span class='ocrx_word' id='word_1_384' title='bbox 2161 1381 2323 1438; x_wconf 92' lang='lat' dir='ltr'><strong>nium</strong></span> <span class='ocrx_word' id='word_1_385' title='bbox 2373 1384 2726 1442; x_wconf 90' lang='lat' dir='ltr'><strong>audientiam</strong></span> <span class='ocrx_word' id='word_1_386' title='bbox 2793 1398 3058 1456; x_wconf 80' lang='lat' dir='ltr'><strong>expresse</strong></span> <span class='ocrx_word' id='word_1_387' title='bbox 3105 1385 3294 1456; x_wconf 82' lang='lat' dir='ltr'><strong>fateri,</strong></span> <span class='ocrx_word' id='word_1_388' title='bbox 3359 1399 3462 1459; x_wconf 91' lang='lat' dir='ltr'><strong>pro</strong></span> <span class='ocrx_word' id='word_1_389' title='bbox 3526 1387 3813 1444; x_wconf 90' lang='lat' dir='ltr'><strong>communi</strong></span> 
     </span>
    </p>
   </div>
   <div class='ocr_carea' id='block_1_57' title="bbox 2157 1474 3813 1547">
    <p class='ocr_par' dir='ltr' id='par_1_57' title="bbox 2157 1474 3813 1547">
     <span class='ocr_line' id='line_1_57' title="bbox 2157 1474 3813 1547; baseline 0.004 -21"><span class='ocrx_word' id='word_1_390' title='bbox 2157 1474 2416 1530; x_wconf 92' lang='lat' dir='ltr'><strong>omnium</strong></span> <span class='ocrx_word' id='word_1_391' title='bbox 2443 1479 2701 1531; x_wconf 91' lang='lat' dir='ltr'><strong>nostrum</strong></span> <span class='ocrx_word' id='word_1_392' title='bbox 2733 1475 3072 1547; x_wconf 89' lang='lat' dir='ltr'><strong>munimine,</strong></span> <span class='ocrx_word' id='word_1_393' title='bbox 3112 1481 3170 1532; x_wconf 92' lang='lat' dir='ltr'><strong>et</strong></span> <span class='ocrx_word' id='word_1_394' title='bbox 3193 1482 3400 1536; x_wconf 58' lang='lat' dir='ltr'><strong>sanctae</strong></span> <span class='ocrx_word' id='word_1_395' title='bbox 3423 1477 3522 1534; x_wconf 91' lang='lat' dir='ltr'><strong>Dei</strong></span> <span class='ocrx_word' id='word_1_396' title='bbox 3550 1477 3813 1534; x_wconf 69' lang='lat' dir='ltr'><strong>Ecclesiae</strong></span> 
     </span>
    </p>
   </div>
   <div class='ocr_carea' id='block_1_58' title="bbox 2158 1563 3809 1638">
    <p class='ocr_par' dir='ltr' id='par_1_58' title="bbox 2158 1563 3809 1638">
     <span class='ocr_line' id='line_1_58' title="bbox 2158 1563 3809 1638; baseline 0.004 -22"><span class='ocrx_word' id='word_1_397' title='bbox 2158 1563 2538 1632; x_wconf 89' lang='lat' dir='ltr'><strong>perseveranti</strong></span> <span class='ocrx_word' id='word_1_398' title='bbox 2561 1563 3000 1636; x_wconf 88' lang='lat' dir='ltr'><strong>tranquillitate,</strong></span> <span class='ocrx_word' id='word_1_399' title='bbox 3021 1570 3251 1636; x_wconf 90' lang='lat' dir='ltr'><strong>propter</strong></span> <span class='ocrx_word' id='word_1_400' title='bbox 3271 1579 3370 1623; x_wconf 90' lang='lat' dir='ltr'><strong>eos</strong></span> <span class='ocrx_word' id='word_1_401' title='bbox 3393 1566 3492 1638; x_wconf 91' lang='lat' dir='ltr'><strong>qui</strong></span> <span class='ocrx_word' id='word_1_402' title='bbox 3518 1565 3809 1622; x_wconf 89' lang='lat' dir='ltr'><strong>communi</strong></span> 
     </span>
    </p>
   </div>
   <div class='ocr_carea' id='block_1_59' title="bbox 2159 1649 3811 1728">
    <p class='ocr_par' dir='ltr' id='par_1_59' title="bbox 2159 1649 3811 1728">
     <span class='ocr_line' id='line_1_59' title="bbox 2159 1649 3811 1728; baseline 0.004 -24"><span class='ocrx_word' id='word_1_403' title='bbox 2159 1649 2418 1709; x_wconf 87' lang='lat' dir='ltr'><strong>invident</strong></span> <span class='ocrx_word' id='word_1_404' title='bbox 2465 1651 2731 1709; x_wconf 86' lang='lat' dir='ltr'><strong>felicitati</strong></span> <span class='ocrx_word' id='word_1_405' title='bbox 2763 1671 2778 1716; x_wconf 88' lang='lat'><strong>;</strong></span> <span class='ocrx_word' id='word_1_406' title='bbox 2810 1658 2866 1710; x_wconf 90' lang='lat' dir='ltr'><strong>et</strong></span> <span class='ocrx_word' id='word_1_407' title='bbox 2907 1653 3283 1712; x_wconf 84' lang='lat' dir='ltr'><strong>vulnerantur</strong></span> <span class='ocrx_word' id='word_1_408' title='bbox 3329 1655 3559 1726; x_wconf 87' lang='lat' dir='ltr'><strong>quidem</strong></span> <span class='ocrx_word' id='word_1_409' title='bbox 3603 1655 3811 1728; x_wconf 87' lang='lat' dir='ltr'><strong>sagitta</strong></span> 
     </span>
    </p>
   </div>
   <div class='ocr_carea' id='block_1_60' title="bbox 2077 1737 3812 1817">
    <p class='ocr_par' dir='ltr' id='par_1_60' title="bbox 2077 1737 3812 1817">
     <span class='ocr_line' id='line_1_60' title="bbox 2077 1737 3812 1817; baseline 0 -17"><span class='ocrx_word' id='word_1_410' title='bbox 2077 1737 2130 1800; x_wconf 93' lang='lat' dir='ltr'><strong>B</strong></span> <span class='ocrx_word' id='word_1_411' title='bbox 2155 1743 2437 1812; x_wconf 89' lang='lat' dir='ltr'><strong>serpentis</strong></span> <span class='ocrx_word' id='word_1_412' title='bbox 2465 1755 2639 1812; x_wconf 90' lang='lat' dir='ltr'><strong>super</strong></span> <span class='ocrx_word' id='word_1_413' title='bbox 2673 1741 3064 1798; x_wconf 89' lang='lat' dir='ltr'><strong>ecclesiastica</strong></span> <span class='ocrx_word' id='word_1_414' title='bbox 3094 1743 3481 1817; x_wconf 89' lang='lat' dir='ltr'><strong>ordinatione,</strong></span> <span class='ocrx_word' id='word_1_415' title='bbox 3513 1748 3812 1817; x_wconf 88' lang='lat' dir='ltr'><strong>congratu-</strong></span> 
     </span>
    </p>
   </div>
   <div class='ocr_carea' id='block_1_61' title="bbox 2155 1830 3812 1904">
    <p class='ocr_par' dir='ltr' id='par_1_61' title="bbox 2155 1830 3812 1904">
     <span class='ocr_line' id='line_1_61' title="bbox 2155 1830 3812 1904; baseline 0.001 -17"><span class='ocrx_word' id='word_1_416' title='bbox 2155 1830 2350 1888; x_wconf 89' lang='lat' dir='ltr'><strong>lantur</strong></span> <span class='ocrx_word' id='word_1_417' title='bbox 2385 1836 2574 1888; x_wconf 89' lang='lat' dir='ltr'><strong>autem</strong></span> <span class='ocrx_word' id='word_1_418' title='bbox 2604 1831 2730 1901; x_wconf 89' lang='lat' dir='ltr'><strong>ejus</strong></span> <span class='ocrx_word' id='word_1_419' title='bbox 2753 1831 3121 1888; x_wconf 88' lang='lat' dir='ltr'><strong>commotioni</strong></span> <span class='ocrx_word' id='word_1_420' title='bbox 3161 1836 3219 1888; x_wconf 91' lang='lat' dir='ltr'><strong>et</strong></span> <span class='ocrx_word' id='word_1_421' title='bbox 3245 1833 3434 1903; x_wconf 79' lang='lat' dir='ltr'><strong>:estui,</strong></span> <span class='ocrx_word' id='word_1_422' title='bbox 3461 1837 3632 1904; x_wconf 88' lang='lat' dir='ltr'><strong>atque</strong></span> <span class='ocrx_word' id='word_1_423' title='bbox 3652 1832 3812 1889; x_wconf 92' lang='lat' dir='ltr'><strong>deli-</strong></span> 
     </span>
    </p>
   </div>
   <div class='ocr_carea' id='block_1_62' title="bbox 2151 1919 3810 1992">
    <p class='ocr_par' dir='ltr' id='par_1_62' title="bbox 2151 1919 3810 1992">
     <span class='ocr_line' id='line_1_62' title="bbox 2151 1919 3810 1992; baseline 0.002 -17"><span class='ocrx_word' id='word_1_424' title='bbox 2151 1919 2272 1976; x_wconf 90' lang='lat' dir='ltr'><strong>cias</strong></span> <span class='ocrx_word' id='word_1_425' title='bbox 2303 1921 2658 1990; x_wconf 85' lang='lat' dir='ltr'><strong>existimant,</strong></span> <span class='ocrx_word' id='word_1_426' title='bbox 2703 1919 2752 1976; x_wconf 91' lang='lat' dir='ltr'><strong>si</strong></span> <span class='ocrx_word' id='word_1_427' title='bbox 2803 1920 3056 1976; x_wconf 88' lang='lat' dir='ltr'><strong>viderint</strong></span> <span class='ocrx_word' id='word_1_428' title='bbox 3090 1933 3212 1977; x_wconf 92' lang='lat' dir='ltr'><strong>eam</strong></span> <span class='ocrx_word' id='word_1_429' title='bbox 3245 1921 3306 1978; x_wconf 89' lang='lat' dir='ltr'><strong>in</strong></span> <span class='ocrx_word' id='word_1_430' title='bbox 3333 1925 3667 1992; x_wconf 87' lang='lat' dir='ltr'><strong>tempestate</strong></span> <span class='ocrx_word' id='word_1_431' title='bbox 3693 1922 3810 1978; x_wconf 81' lang='lat' dir='ltr'><strong>ﬂu—</strong></span> 
     </span>
    </p>
   </div>
   <div class='ocr_carea' id='block_1_63' title="bbox 2149 2008 3806 2081">
    <p class='ocr_par' dir='ltr' id='par_1_63' title="bbox 2149 2008 3806 2081">
     <span class='ocr_line' id='line_1_63' title="bbox 2149 2008 3806 2081; baseline 0.001 -17"><span class='ocrx_word' id='word_1_432' title='bbox 2149 2012 2457 2065; x_wconf 90' lang='lat' dir='ltr'><strong>ctuantem.</strong></span> <span class='ocrx_word' id='word_1_433' title='bbox 2506 2008 2742 2065; x_wconf 91' lang='lat' dir='ltr'><strong>Talibus</strong></span> <span class='ocrx_word' id='word_1_434' title='bbox 2793 2022 2926 2081; x_wconf 88' lang='lat' dir='ltr'><strong>ergo</strong></span> <span class='ocrx_word' id='word_1_435' title='bbox 2972 2023 3236 2080; x_wconf 85' lang='lat' dir='ltr'><strong>expresse</strong></span> <span class='ocrx_word' id='word_1_436' title='bbox 3295 2009 3466 2067; x_wconf 86' lang='lat' dir='ltr'><strong>hodie</strong></span> <span class='ocrx_word' id='word_1_437' title='bbox 3509 2010 3806 2068; x_wconf 88' lang='lat' dir='ltr'><strong>dicimus:</strong></span> 
     </span>
    </p>
   </div>
   <div class='ocr_carea' id='block_1_64' title="bbox 2147 2098 3810 2171">
    <p class='ocr_par' dir='ltr' id='par_1_64' title="bbox 2147 2098 3810 2171">
     <span class='ocr_line' id='line_1_64' title="bbox 2147 2098 3810 2171; baseline 0 -16"><span class='ocrx_word' id='word_1_438' title='bbox 2147 2098 2426 2171; x_wconf 90' lang='lat' dir='ltr'><strong>Quisquis</strong></span> <span class='ocrx_word' id='word_1_439' title='bbox 2469 2098 2639 2156; x_wconf 91' lang='lat' dir='ltr'><strong>habet</strong></span> <span class='ocrx_word' id='word_1_440' title='bbox 2683 2098 2907 2170; x_wconf 91' lang='lat' dir='ltr'><strong>aliquid</strong></span> <span class='ocrx_word' id='word_1_441' title='bbox 2959 2099 3234 2156; x_wconf 90' lang='lat' dir='ltr'><strong>adversus</strong></span> <span class='ocrx_word' id='word_1_442' title='bbox 3271 2098 3418 2156; x_wconf 89' lang='lat' dir='ltr'><strong>hanc</strong></span> <span class='ocrx_word' id='word_1_443' title='bbox 3466 2105 3724 2157; x_wconf 83' lang='lat' dir='ltr'><strong>sanctam</strong></span> <span class='ocrx_word' id='word_1_444' title='bbox 3753 2104 3810 2156; x_wconf 90' lang='lat' dir='ltr'><strong>et</strong></span> 
     </span>
    </p>
   </div>
   <div class='ocr_carea' id='block_1_65' title="bbox 2147 2187 3806 2260">
    <p class='ocr_par' dir='ltr' id='par_1_65' title="bbox 2147 2187 3806 2260">
     <span class='ocr_line' id='line_1_65' title="bbox 2147 2187 3806 2260; baseline 0.001 -15"><span class='ocrx_word' id='word_1_445' title='bbox 2147 2187 2525 2245; x_wconf 85' lang='lat' dir='ltr'><strong>universalem</strong></span> <span class='ocrx_word' id='word_1_446' title='bbox 2573 2189 2852 2260; x_wconf 90' lang='lat' dir='ltr'><strong>synodum</strong></span> <span class='ocrx_word' id='word_1_447' title='bbox 2902 2188 3230 2258; x_wconf 85' lang='lat' dir='ltr'><strong>dicendum,</strong></span> <span class='ocrx_word' id='word_1_448' title='bbox 3267 2188 3352 2245; x_wconf 93' lang='lat' dir='ltr'><strong>vel</strong></span> <span class='ocrx_word' id='word_1_449' title='bbox 3385 2193 3583 2245; x_wconf 90' lang='lat' dir='ltr'><strong>contra</strong></span> <span class='ocrx_word' id='word_1_450' title='bbox 3629 2189 3806 2259; x_wconf 89' lang='lat' dir='ltr'><strong>hujus</strong></span> 
     </span>
    </p>
   </div>
   <div class='ocr_carea' id='block_1_66' title="bbox 2145 2277 3802 2349">
    <p class='ocr_par' dir='ltr' id='par_1_66' title="bbox 2145 2277 3802 2349">
     <span class='ocr_line' id='line_1_66' title="bbox 2145 2277 3802 2349; baseline 0.002 -18"><span class='ocrx_word' id='word_1_451' title='bbox 2145 2290 2410 2349; x_wconf 87' lang='lat' dir='ltr'><strong>canones,</strong></span> <span class='ocrx_word' id='word_1_452' title='bbox 2459 2281 2561 2332; x_wconf 93' lang='lat' dir='ltr'><strong>aut</strong></span> <span class='ocrx_word' id='word_1_453' title='bbox 2594 2277 2926 2348; x_wconf 90' lang='lat' dir='ltr'><strong>terminum,</strong></span> <span class='ocrx_word' id='word_1_454' title='bbox 2968 2281 3079 2333; x_wconf 92' lang='lat' dir='ltr'><strong>stet</strong></span> <span class='ocrx_word' id='word_1_455' title='bbox 3104 2277 3164 2332; x_wconf 90' lang='lat' dir='ltr'><strong>in</strong></span> <span class='ocrx_word' id='word_1_456' title='bbox 3191 2277 3397 2348; x_wconf 88' lang='lat' dir='ltr'><strong>medio,</strong></span> <span class='ocrx_word' id='word_1_457' title='bbox 3445 2281 3503 2334; x_wconf 91' lang='lat' dir='ltr'><strong>et</strong></span> <span class='ocrx_word' id='word_1_458' title='bbox 3530 2291 3656 2348; x_wconf 69' lang='lat' dir='ltr'><strong>quae</strong></span> <span class='ocrx_word' id='word_1_459' title='bbox 3687 2278 3802 2334; x_wconf 90' lang='lat' dir='ltr'><strong>sibi</strong></span> 
     </span>
    </p>
   </div>
   <div class='ocr_carea' id='block_1_67' title="bbox 2142 2365 3801 2440">
    <p class='ocr_par' dir='ltr' id='par_1_67' title="bbox 2142 2365 3801 2440">
     <span class='ocr_line' id='line_1_67' title="bbox 2142 2365 3801 2440; baseline 0.003 -20"><span class='ocrx_word' id='word_1_460' title='bbox 2142 2365 2429 2436; x_wconf 91' lang='lat' dir='ltr'><strong>videntur,</strong></span> <span class='ocrx_word' id='word_1_461' title='bbox 2475 2366 2650 2436; x_wconf 89' lang='lat' dir='ltr'><strong>dicat,</strong></span> <span class='ocrx_word' id='word_1_462' title='bbox 2692 2366 2812 2424; x_wconf 91' lang='lat' dir='ltr'><strong>sive</strong></span> <span class='ocrx_word' id='word_1_463' title='bbox 2849 2366 3155 2437; x_wconf 89' lang='lat' dir='ltr'><strong>episcopus</strong></span> <span class='ocrx_word' id='word_1_464' title='bbox 3193 2367 3290 2438; x_wconf 90' lang='lat' dir='ltr'><strong>sit,</strong></span> <span class='ocrx_word' id='word_1_465' title='bbox 3343 2366 3464 2424; x_wconf 87' lang='lat' dir='ltr'><strong>sive</strong></span> <span class='ocrx_word' id='word_1_466' title='bbox 3493 2368 3801 2440; x_wconf 90' lang='lat' dir='ltr'><strong>quisquam</strong></span> 
     </span>
    </p>
   </div>
   <div class='ocr_carea' id='block_1_68' title="bbox 2139 2453 3804 2528">
    <p class='ocr_par' dir='ltr' id='par_1_68' title="bbox 2139 2453 3804 2528">
     <span class='ocr_line' id='line_1_68' title="bbox 2139 2453 3804 2528; baseline 0.003 -19"><span class='ocrx_word' id='word_1_467' title='bbox 2139 2453 2210 2509; x_wconf 91' lang='lat' dir='ltr'><strong>de</strong></span> <span class='ocrx_word' id='word_1_468' title='bbox 2237 2454 2628 2512; x_wconf 88' lang='lat' dir='ltr'><strong>ecclesiastico</strong></span> <span class='ocrx_word' id='word_1_469' title='bbox 2655 2455 2829 2526; x_wconf 90' lang='lat' dir='ltr'><strong>clero,</strong></span> <span class='ocrx_word' id='word_1_470' title='bbox 2853 2455 2974 2512; x_wconf 90' lang='lat' dir='ltr'><strong>sive</strong></span> <span class='ocrx_word' id='word_1_471' title='bbox 2997 2455 3185 2526; x_wconf 87' lang='lat' dir='ltr'><strong>laicis,</strong></span> <span class='ocrx_word' id='word_1_472' title='bbox 3207 2461 3309 2512; x_wconf 93' lang='lat' dir='ltr'><strong>aut</strong></span> <span class='ocrx_word' id='word_1_473' title='bbox 3339 2469 3418 2512; x_wconf 33' lang='lat' dir='ltr'><strong>ex.</strong></span> <span class='ocrx_word' id='word_1_474' title='bbox 3435 2455 3512 2512; x_wconf 92' lang='lat' dir='ltr'><strong>iis</strong></span> <span class='ocrx_word' id='word_1_475' title='bbox 3532 2457 3633 2528; x_wconf 90' lang='lat' dir='ltr'><strong>qui</strong></span> <span class='ocrx_word' id='word_1_476' title='bbox 3660 2458 3804 2514; x_wconf 87' lang='lat' dir='ltr'><strong>civi-</strong></span> 
     </span>
    </p>
   </div>
   <div class='ocr_carea' id='block_1_69' title="bbox 2139 2541 3799 2616">
    <p class='ocr_par' dir='ltr' id='par_1_69' title="bbox 2139 2541 3799 2616">
     <span class='ocr_line' id='line_1_69' title="bbox 2139 2541 3799 2616; baseline 0.003 -19"><span class='ocrx_word' id='word_1_477' title='bbox 2139 2541 2297 2599; x_wconf 91' lang='lat' dir='ltr'><strong>libus</strong></span> <span class='ocrx_word' id='word_1_478' title='bbox 2346 2542 2552 2600; x_wconf 86' lang='lat' dir='ltr'><strong>oiiiciis</strong></span> <span class='ocrx_word' id='word_1_479' title='bbox 2594 2544 3014 2614; x_wconf 85' lang='lat' dir='ltr'><strong>mancipantur,</strong></span> <span class='ocrx_word' id='word_1_480' title='bbox 3064 2543 3312 2616; x_wconf 82' lang='lat' dir='ltr'><strong>existat;</strong></span> <span class='ocrx_word' id='word_1_481' title='bbox 3355 2557 3637 2615; x_wconf 89' lang='lat' dir='ltr'><strong>quaquam</strong></span> <span class='ocrx_word' id='word_1_482' title='bbox 3686 2559 3799 2604; x_wconf 88' lang='lat' dir='ltr'><strong>nou</strong></span> 
     </span>
    </p>
   </div>
   <div class='ocr_carea' id='block_1_70' title="bbox 2134 2630 3799 2706">
    <p class='ocr_par' dir='ltr' id='par_1_70' title="bbox 2134 2630 3799 2706">
     <span class='ocr_line' id='line_1_70' title="bbox 2134 2630 3799 2706; baseline 0.002 -20"><span class='ocrx_word' id='word_1_483' title='bbox 2134 2630 2332 2688; x_wconf 90' lang='lat' dir='ltr'><strong>datum</strong></span> <span class='ocrx_word' id='word_1_484' title='bbox 2356 2633 2435 2687; x_wconf 92' lang='lat' dir='ltr'><strong>sit</strong></span> <span class='ocrx_word' id='word_1_485' title='bbox 2457 2631 2589 2689; x_wconf 86' lang='lat' dir='ltr'><strong>istis</strong></span> <span class='ocrx_word' id='word_1_486' title='bbox 2609 2632 2926 2689; x_wconf 88' lang='lat' dir='ltr'><strong>secundum</strong></span> <span class='ocrx_word' id='word_1_487' title='bbox 2941 2645 3212 2689; x_wconf 88' lang='lat' dir='ltr'><strong>canonem</strong></span> <span class='ocrx_word' id='word_1_488' title='bbox 3232 2633 3462 2690; x_wconf 89' lang='lat' dir='ltr'><strong>dicendi</strong></span> <span class='ocrx_word' id='word_1_489' title='bbox 3477 2633 3799 2706; x_wconf 89' lang='lat' dir='ltr'><strong>quidquam</strong></span> 
     </span>
    </p>
   </div>
   <div class='ocr_carea' id='block_1_71' title="bbox 2137 2718 3802 2794">
    <p class='ocr_par' dir='ltr' id='par_1_71' title="bbox 2137 2718 3802 2794">
     <span class='ocr_line' id='line_1_71' title="bbox 2137 2718 3802 2794; baseline 0.002 -18"><span class='ocrx_word' id='word_1_490' title='bbox 2137 2719 2368 2790; x_wconf 90' lang='lat' dir='ltr'><strong>penitus</strong></span> <span class='ocrx_word' id='word_1_491' title='bbox 2391 2720 2462 2776; x_wconf 93' lang='lat' dir='ltr'><strong>de</strong></span> <span class='ocrx_word' id='word_1_492' title='bbox 2488 2720 2902 2778; x_wconf 85' lang='lat' dir='ltr'><strong>ecclesiasticis</strong></span> <span class='ocrx_word' id='word_1_493' title='bbox 2930 2721 3124 2778; x_wconf 88' lang='lat' dir='ltr'><strong>causis</strong></span> <span class='ocrx_word' id='word_1_494' title='bbox 3145 2718 3308 2793; x_wconf 83' lang='lat' dir='ltr'><strong>(Opus</strong></span> <span class='ocrx_word' id='word_1_495' title='bbox 3331 2721 3484 2778; x_wconf 91' lang='lat' dir='ltr'><strong>enim</strong></span> <span class='ocrx_word' id='word_1_496' title='bbox 3525 2721 3630 2779; x_wconf 92' lang='lat' dir='ltr'><strong>hoc</strong></span> <span class='ocrx_word' id='word_1_497' title='bbox 3663 2737 3802 2794; x_wconf 86' lang='lat' dir='ltr'><strong>pou-</strong></span> 
     </span>
    </p>
   </div>
   <div class='ocr_carea' id='block_1_72' title="bbox 2134 2807 3800 2884">
    <p class='ocr_par' dir='ltr' id='par_1_72' title="bbox 2134 2807 3800 2884">
     <span class='ocr_line' id='line_1_72' title="bbox 2134 2807 3800 2884; baseline 0.003 -21"><span class='ocrx_word' id='word_1_498' title='bbox 2134 2807 2354 2865; x_wconf 83' lang='lat' dir='ltr'><strong>tiﬂcum</strong></span> <span class='ocrx_word' id='word_1_499' title='bbox 2381 2813 2439 2865; x_wconf 94' lang='lat' dir='ltr'><strong>et</strong></span> <span class='ocrx_word' id='word_1_500' title='bbox 2466 2811 2826 2867; x_wconf 90' lang='lat' dir='ltr'><strong>sacerdotum</strong></span> <span class='ocrx_word' id='word_1_501' title='bbox 2857 2809 2960 2884; x_wconf 90' lang='lat' dir='ltr'><strong>est)</strong></span> <span class='ocrx_word' id='word_1_502' title='bbox 2988 2827 3002 2864; x_wconf 86' lang='lat'><strong>:</strong></span> <span class='ocrx_word' id='word_1_503' title='bbox 3041 2809 3138 2866; x_wconf 90' lang='lat' dir='ltr'><strong>sed</strong></span> <span class='ocrx_word' id='word_1_504' title='bbox 3169 2823 3237 2866; x_wconf 80' lang='lat' dir='ltr'><strong>ex</strong></span> <span class='ocrx_word' id='word_1_505' title='bbox 3261 2809 3600 2882; x_wconf 88' lang='lat' dir='ltr'><strong>abundanti,</strong></span> <span class='ocrx_word' id='word_1_506' title='bbox 3624 2825 3800 2868; x_wconf 88' lang='lat' dir='ltr'><strong>omne</strong></span> 
     </span>
    </p>
   </div>
   <div class='ocr_carea' id='block_1_73' title="bbox 2132 2895 3798 2970">
    <p class='ocr_par' dir='ltr' id='par_1_73' title="bbox 2132 2895 3798 2970">
     <span class='ocr_line' id='line_1_73' title="bbox 2132 2895 3798 2970; baseline 0.003 -18"><span class='ocrx_word' id='word_1_507' title='bbox 2132 2909 2196 2952; x_wconf 92' lang='lat' dir='ltr'><strong>os</strong></span> <span class='ocrx_word' id='word_1_508' title='bbox 2229 2895 2496 2968; x_wconf 85' lang='lat' dir='ltr'><strong>iniquum</strong></span> <span class='ocrx_word' id='word_1_509' title='bbox 2519 2896 2820 2955; x_wconf 91' lang='lat' dir='ltr'><strong>obstruere</strong></span> <span class='ocrx_word' id='word_1_510' title='bbox 2840 2898 3113 2970; x_wconf 89' lang='lat' dir='ltr'><strong>volentes,</strong></span> <span class='ocrx_word' id='word_1_511' title='bbox 3138 2898 3429 2955; x_wconf 89' lang='lat' dir='ltr'><strong>licentiam</strong></span> <span class='ocrx_word' id='word_1_512' title='bbox 3454 2903 3798 2969; x_wconf 70' lang='lat' dir='ltr'><strong>praestamus</strong></span> 
     </span>
    </p>
   </div>
   <div class='ocr_carea' id='block_1_74' title="bbox 2130 2985 3798 3060">
    <p class='ocr_par' dir='ltr' id='par_1_74' title="bbox 2130 2985 3798 3060">
     <span class='ocr_line' id='line_1_74' title="bbox 2130 2985 3798 3060; baseline 0.004 -21"><span class='ocrx_word' id='word_1_513' title='bbox 2130 2985 2420 3056; x_wconf 91' lang='lat' dir='ltr'><strong>omnibus,</strong></span> <span class='ocrx_word' id='word_1_514' title='bbox 2449 2990 2516 3042; x_wconf 92' lang='lat' dir='ltr'><strong>ut</strong></span> <span class='ocrx_word' id='word_1_515' title='bbox 2557 2987 2658 3058; x_wconf 91' lang='lat' dir='ltr'><strong>qui</strong></span> <span class='ocrx_word' id='word_1_516' title='bbox 2688 2987 2749 3043; x_wconf 90' lang='lat' dir='ltr'><strong>in</strong></span> <span class='ocrx_word' id='word_1_517' title='bbox 2782 2992 2970 3044; x_wconf 91' lang='lat' dir='ltr'><strong>mente</strong></span> <span class='ocrx_word' id='word_1_518' title='bbox 3001 2986 3170 3044; x_wconf 90' lang='lat' dir='ltr'><strong>habet</strong></span> <span class='ocrx_word' id='word_1_519' title='bbox 3192 2987 3332 3058; x_wconf 90' lang='lat' dir='ltr'><strong>quid</strong></span> <span class='ocrx_word' id='word_1_520' title='bbox 3353 2987 3695 3060; x_wconf 86' lang='lat' dir='ltr'><strong>ambiguum</strong></span> <span class='ocrx_word' id='word_1_521' title='bbox 3725 2990 3798 3046; x_wconf 91' lang='lat' dir='ltr'><strong>de</strong></span> 
     </span>
    </p>
   </div>
   <div class='ocr_carea' id='block_1_75' title="bbox 2047 3065 3794 3147">
    <p class='ocr_par' dir='ltr' id='par_1_75' title="bbox 2047 3065 3794 3147">
     <span class='ocr_line' id='line_1_75' title="bbox 2047 3065 3794 3147; baseline 0.003 -20"><span class='ocrx_word' id='word_1_522' title='bbox 2047 3065 2096 3126; x_wconf 74' lang='grc' dir='ltr'>υ</span> <span class='ocrx_word' id='word_1_523' title='bbox 2131 3072 2224 3129; x_wconf 92' lang='lat' dir='ltr'><strong>his</strong></span> <span class='ocrx_word' id='word_1_524' title='bbox 2254 3088 2381 3145; x_wconf 73' lang='lat' dir='ltr'><strong>qua:</strong></span> <span class='ocrx_word' id='word_1_525' title='bbox 2421 3075 2647 3130; x_wconf 89' lang='lat' dir='ltr'><strong>decreta</strong></span> <span class='ocrx_word' id='word_1_526' title='bbox 2677 3081 2819 3132; x_wconf 87' lang='lat' dir='ltr'><strong>sunt</strong></span> <span class='ocrx_word' id='word_1_527' title='bbox 2857 3075 2930 3132; x_wconf 89' lang='lat' dir='ltr'><strong>ab</strong></span> <span class='ocrx_word' id='word_1_528' title='bbox 2963 3076 3068 3132; x_wconf 89' lang='lat' dir='ltr'><strong>hac</strong></span> <span class='ocrx_word' id='word_1_529' title='bbox 3093 3079 3287 3132; x_wconf 90' lang='lat' dir='ltr'><strong>sancta</strong></span> <span class='ocrx_word' id='word_1_530' title='bbox 3317 3075 3552 3147; x_wconf 88' lang='lat' dir='ltr'><strong>synodo,</strong></span> <span class='ocrx_word' id='word_1_531' title='bbox 3587 3075 3702 3134; x_wconf 91' lang='lat' dir='ltr'><strong>hoc</strong></span> <span class='ocrx_word' id='word_1_532' title='bbox 3734 3077 3794 3133; x_wconf 89' lang='lat' dir='ltr'><strong>in</strong></span> 
     </span>
    </p>
   </div>
   <div class='ocr_carea' id='block_1_76' title="bbox 2128 3162 3796 3234">
    <p class='ocr_par' dir='ltr' id='par_1_76' title="bbox 2128 3162 3796 3234">
     <span class='ocr_line' id='line_1_76' title="bbox 2128 3162 3796 3234; baseline 0.002 -16"><span class='ocrx_word' id='word_1_533' title='bbox 2128 3162 2378 3218; x_wconf 90' lang='lat' dir='ltr'><strong>medium</strong></span> <span class='ocrx_word' id='word_1_534' title='bbox 2421 3163 2646 3220; x_wconf 83' lang='lat' dir='ltr'><strong>exibeat</strong></span> <span class='ocrx_word' id='word_1_535' title='bbox 2691 3169 2748 3220; x_wconf 93' lang='lat' dir='ltr'><strong>et</strong></span> <span class='ocrx_word' id='word_1_536' title='bbox 2777 3163 3058 3234; x_wconf 90' lang='lat' dir='ltr'><strong>suscipiat</strong></span> <span class='ocrx_word' id='word_1_537' title='bbox 3101 3162 3520 3220; x_wconf 89' lang='lat' dir='ltr'><strong>satisfactionis</strong></span> <span class='ocrx_word' id='word_1_538' title='bbox 3555 3164 3796 3222; x_wconf 87' lang='lat' dir='ltr'><strong>salubre</strong></span> 
     </span>
    </p>
   </div>
   <div class='ocr_carea' id='block_1_77' title="bbox 2125 3251 3804 3324">
    <p class='ocr_par' dir='ltr' id='par_1_77' title="bbox 2125 3251 3804 3324">
     <span class='ocr_line' id='line_1_77' title="bbox 2125 3251 3804 3324; baseline 0.002 -18"><span class='ocrx_word' id='word_1_539' title='bbox 2125 3251 2460 3308; x_wconf 90' lang='lat' dir='ltr'><strong>remedium.</strong></span> <span class='ocrx_word' id='word_1_540' title='bbox 2492 3253 2615 3308; x_wconf 90' lang='lat' dir='ltr'><strong>Non</strong></span> <span class='ocrx_word' id='word_1_541' title='bbox 2644 3253 2930 3310; x_wconf 89' lang='lat' dir='ltr'><strong>modicum</strong></span> <span class='ocrx_word' id='word_1_542' title='bbox 2965 3255 3250 3309; x_wconf 85' lang='lat' dir='ltr'><strong>certamen</strong></span> <span class='ocrx_word' id='word_1_543' title='bbox 3281 3253 3643 3324; x_wconf 88' lang='lat' dir='ltr'><strong>certavimus,</strong></span> <span class='ocrx_word' id='word_1_544' title='bbox 3684 3267 3804 3310; x_wconf 86' lang='lat' dir='ltr'><strong>ne—</strong></span> 
     </span>
    </p>
   </div>
   <div class='ocr_carea' id='block_1_78' title="bbox 2123 3339 3791 3422">
    <p class='ocr_par' dir='ltr' id='par_1_78' title="bbox 2123 3339 3791 3422">
     <span class='ocr_line' id='line_1_78' title="bbox 2123 3339 3791 3422; baseline 0.002 -28"><span class='ocrx_word' id='word_1_545' title='bbox 2123 3353 2234 3409; x_wconf 91' lang='lat' dir='ltr'><strong>que</strong></span> <span class='ocrx_word' id='word_1_546' title='bbox 2273 3339 2455 3396; x_wconf 91' lang='lat' dir='ltr'><strong>labori</strong></span> <span class='ocrx_word' id='word_1_547' title='bbox 2499 3340 2743 3398; x_wconf 87' lang='lat' dir='ltr'><strong>cuilibet</strong></span> <span class='ocrx_word' id='word_1_548' title='bbox 2791 3341 3093 3414; x_wconf 90' lang='lat' dir='ltr'><strong>cessimus,</strong></span> <span class='ocrx_word' id='word_1_549' title='bbox 3139 3345 3206 3398; x_wconf 88' lang='lat' dir='ltr'><strong>ut</strong></span> <span class='ocrx_word' id='word_1_550' title='bbox 3231 3345 3288 3398; x_wconf 91' lang='lat' dir='ltr'><strong>et</strong></span> <span class='ocrx_word' id='word_1_551' title='bbox 3335 3340 3447 3413; x_wconf 89' lang='lat' dir='ltr'><strong>ipsi</strong></span> <span class='ocrx_word' id='word_1_552' title='bbox 3479 3341 3791 3422; x_wconf 79' lang='lat' dir='ltr'><strong>nobiscum</strong></span> 
     </span>
    </p>
   </div>
   <div class='ocr_carea' id='block_1_79' title="bbox 2123 3422 3806 3502">
    <p class='ocr_par' dir='ltr' id='par_1_79' title="bbox 2123 3422 3806 3502">
     <span class='ocr_line' id='line_1_79' title="bbox 2123 3422 3806 3502; baseline 0.002 -20"><span class='ocrx_word' id='word_1_553' title='bbox 2123 3427 2328 3497; x_wconf 87' lang='lat' dir='ltr'><strong>nostis,</strong></span> <span class='ocrx_word' id='word_1_554' title='bbox 2373 3429 2441 3484; x_wconf 92' lang='lat' dir='ltr'><strong>ad</strong></span> <span class='ocrx_word' id='word_1_555' title='bbox 2473 3430 2933 3502; x_wconf 86' lang='lat' dir='ltr'><strong>congregandum</strong></span> <span class='ocrx_word' id='word_1_556' title='bbox 2971 3443 3068 3487; x_wconf 91' lang='lat' dir='ltr'><strong>eos</strong></span> <span class='ocrx_word' id='word_1_557' title='bbox 3111 3431 3278 3501; x_wconf 91' lang='lat' dir='ltr'><strong>quia</strong></span> <span class='ocrx_word' id='word_1_558' title='bbox 3319 3429 3569 3488; x_wconf 88' lang='lat' dir='ltr'><strong>Romana</strong></span> <span class='ocrx_word' id='word_1_559' title='bbox 3609 3437 3673 3488; x_wconf 88' lang='lat' dir='ltr'><strong>et</strong></span> <span class='ocrx_word' id='word_1_560' title='bbox 3716 3422 3806 3487; x_wconf 72' lang='lat' dir='ltr'><strong>air</strong></span> 
     </span>
    </p>
   </div>
   <div class='ocr_carea' id='block_1_80' title="bbox 2120 3511 3785 3588">
    <p class='ocr_par' dir='ltr' id='par_1_80' title="bbox 2120 3511 3785 3588">
     <span class='ocr_line' id='line_1_80' title="bbox 2120 3511 3785 3588; baseline 0.002 -17"><span class='ocrx_word' id='word_1_561' title='bbox 2120 3514 2515 3574; x_wconf 90' lang='lat' dir='ltr'><strong>Orientalibus</strong></span> <span class='ocrx_word' id='word_1_562' title='bbox 2547 3518 3030 3588; x_wconf 89' lang='lat' dir='ltr'><strong>patriarchalibus</strong></span> <span class='ocrx_word' id='word_1_563' title='bbox 3060 3511 3296 3576; x_wconf 78' lang='lat' dir='ltr'><strong>sedibus</strong></span> <span class='ocrx_word' id='word_1_564' title='bbox 3333 3525 3731 3577; x_wconf 89' lang='lat' dir='ltr'><strong>convenerunt</strong></span> <span class='ocrx_word' id='word_1_565' title='bbox 3769 3537 3785 3574; x_wconf 89' lang='lat'><strong>:</strong></span> 
     </span>
    </p>
   </div>
   <div class='ocr_carea' id='block_1_81' title="bbox 2120 3605 3787 3678">
    <p class='ocr_par' dir='ltr' id='par_1_81' title="bbox 2120 3605 3787 3678">
     <span class='ocr_line' id='line_1_81' title="bbox 2120 3605 3787 3678; baseline 0.004 -20"><span class='ocrx_word' id='word_1_566' title='bbox 2120 3617 2266 3674; x_wconf 92' lang='lat' dir='ltr'><strong>quos</strong></span> <span class='ocrx_word' id='word_1_567' title='bbox 2309 3605 2627 3662; x_wconf 91' lang='lat' dir='ltr'><strong>conducere</strong></span> <span class='ocrx_word' id='word_1_568' title='bbox 2670 3606 2841 3663; x_wconf 88' lang='lat' dir='ltr'><strong>multi</strong></span> <span class='ocrx_word' id='word_1_569' title='bbox 2894 3607 3128 3678; x_wconf 91' lang='lat' dir='ltr'><strong>quidem</strong></span> <span class='ocrx_word' id='word_1_570' title='bbox 3159 3612 3216 3664; x_wconf 91' lang='lat' dir='ltr'><strong>et</strong></span> <span class='ocrx_word' id='word_1_571' title='bbox 3255 3613 3387 3664; x_wconf 90' lang='lat' dir='ltr'><strong>ante</strong></span> <span class='ocrx_word' id='word_1_572' title='bbox 3432 3621 3536 3664; x_wconf 90' lang='lat' dir='ltr'><strong>nos</strong></span> <span class='ocrx_word' id='word_1_573' title='bbox 3583 3609 3787 3666; x_wconf 86' lang='lat' dir='ltr'><strong>conati</strong></span> 
     </span>
    </p>
   </div>
   <div class='ocr_carea' id='block_1_82' title="bbox 2121 3693 3784 3762">
    <p class='ocr_par' dir='ltr' id='par_1_82' title="bbox 2121 3693 3784 3762">
     <span class='ocr_line' id='line_1_82' title="bbox 2121 3693 3784 3762; baseline 0.004 -17"><span class='ocrx_word' id='word_1_574' title='bbox 2121 3696 2274 3762; x_wconf 90' lang='lat' dir='ltr'><strong>sunt,</strong></span> <span class='ocrx_word' id='word_1_575' title='bbox 2339 3693 2434 3748; x_wconf 90' lang='lat' dir='ltr'><strong>sed</strong></span> <span class='ocrx_word' id='word_1_576' title='bbox 2500 3693 2662 3751; x_wconf 91' lang='lat' dir='ltr'><strong>nullo</strong></span> <span class='ocrx_word' id='word_1_577' title='bbox 2714 3695 2882 3752; x_wconf 91' lang='lat' dir='ltr'><strong>modo</strong></span> <span class='ocrx_word' id='word_1_578' title='bbox 2933 3696 3254 3754; x_wconf 90' lang='lat' dir='ltr'><strong>valuerunt.</strong></span> <span class='ocrx_word' id='word_1_579' title='bbox 3317 3697 3440 3753; x_wconf 90' lang='lat' dir='ltr'><strong>Non</strong></span> <span class='ocrx_word' id='word_1_580' title='bbox 3493 3696 3784 3754; x_wconf 81' lang='lat' dir='ltr'><strong>modicam</strong></span> 
     </span>
    </p>
   </div>
   <div class='ocr_carea' id='block_1_83' title="bbox 2116 3780 3784 3842">
    <p class='ocr_par' dir='ltr' id='par_1_83' title="bbox 2116 3780 3784 3842">
     <span class='ocr_line' id='line_1_83' title="bbox 2116 3780 3784 3842; baseline 0.004 -8"><span class='ocrx_word' id='word_1_581' title='bbox 2116 3780 2471 3838; x_wconf 81' lang='lat' dir='ltr'><strong>vexationem</strong></span> <span class='ocrx_word' id='word_1_582' title='bbox 2503 3788 2560 3838; x_wconf 91' lang='lat' dir='ltr'><strong>et</strong></span> <span class='ocrx_word' id='word_1_583' title='bbox 2595 3784 3000 3841; x_wconf 88' lang='lat' dir='ltr'><strong>contritionem</strong></span> <span class='ocrx_word' id='word_1_584' title='bbox 3045 3784 3217 3841; x_wconf 88' lang='lat' dir='ltr'><strong>etiam</strong></span> <span class='ocrx_word' id='word_1_585' title='bbox 3241 3785 3356 3841; x_wconf 89' lang='lat' dir='ltr'><strong>Deo</strong></span> <span class='ocrx_word' id='word_1_586' title='bbox 3384 3785 3784 3842; x_wconf 88' lang='lat' dir='ltr'><strong>amantissimi</strong></span> 
     </span>
    </p>
   </div>
   <div class='ocr_carea' id='block_1_84' title="bbox 2116 3868 3787 3946">
    <p class='ocr_par' dir='ltr' id='par_1_84' title="bbox 2116 3868 3787 3946">
     <span class='ocr_line' id='line_1_84' title="bbox 2116 3868 3787 3946; baseline 0.005 -23"><span class='ocrx_word' id='word_1_587' title='bbox 2116 3868 2326 3924; x_wconf 91' lang='lat' dir='ltr'><strong>summi</strong></span> <span class='ocrx_word' id='word_1_588' title='bbox 2363 3872 2684 3929; x_wconf 90' lang='lat' dir='ltr'><strong>sacerdotes</strong></span> <span class='ocrx_word' id='word_1_589' title='bbox 2713 3873 3135 3944; x_wconf 89' lang='lat' dir='ltr'><strong>sustinuerunt,</strong></span> <span class='ocrx_word' id='word_1_590' title='bbox 3165 3887 3197 3930; x_wconf 94' lang='lat' dir='ltr'><strong>a</strong></span> <span class='ocrx_word' id='word_1_591' title='bbox 3226 3873 3392 3946; x_wconf 85' lang='lat' dir='ltr'><strong>longe</strong></span> <span class='ocrx_word' id='word_1_592' title='bbox 3415 3887 3787 3932; x_wconf 90' lang='lat' dir='ltr'><strong>concurren-</strong></span> 
     </span>
    </p>
   </div>
   <div class='ocr_carea' id='block_1_85' title="bbox 2114 3956 3788 4035">
    <p class='ocr_par' dir='ltr' id='par_1_85' title="bbox 2114 3956 3788 4035">
     <span class='ocr_line' id='line_1_85' title="bbox 2114 3956 3788 4035; baseline 0.006 -24"><span class='ocrx_word' id='word_1_593' title='bbox 2114 3959 2199 4012; x_wconf 91' lang='lat' dir='ltr'><strong>tes</strong></span> <span class='ocrx_word' id='word_1_594' title='bbox 2218 3956 2286 4012; x_wconf 88' lang='lat' dir='ltr'><strong>ad</strong></span> <span class='ocrx_word' id='word_1_595' title='bbox 2321 3965 2529 4016; x_wconf 78' lang='lat' dir='ltr'><strong>sach</strong></span> <span class='ocrx_word' id='word_1_596' title='bbox 2562 3961 2736 4032; x_wconf 84' lang='lat' dir='ltr'><strong>hujus</strong></span> <span class='ocrx_word' id='word_1_597' title='bbox 2764 3963 2967 4034; x_wconf 89' lang='lat' dir='ltr'><strong>synodi</strong></span> <span class='ocrx_word' id='word_1_598' title='bbox 2989 3966 3333 4019; x_wconf 88' lang='lat' dir='ltr'><strong>tractatum:</strong></span> <span class='ocrx_word' id='word_1_599' title='bbox 3369 3962 3472 4033; x_wconf 91' lang='lat' dir='ltr'><strong>qui</strong></span> <span class='ocrx_word' id='word_1_600' title='bbox 3497 3976 3633 4035; x_wconf 89' lang='lat' dir='ltr'><strong>ergo</strong></span> <span class='ocrx_word' id='word_1_601' title='bbox 3667 3965 3788 4021; x_wconf 87' lang='lat' dir='ltr'><strong>ha-</strong></span> 
     </span>
    </p>
   </div>
   <div class='ocr_carea' id='block_1_86' title="bbox 2111 4043 3780 4124">
    <p class='ocr_par' dir='ltr' id='par_1_86' title="bbox 2111 4043 3780 4124">
     <span class='ocr_line' id='line_1_86' title="bbox 2111 4043 3780 4124; baseline 0.005 -24"><span class='ocrx_word' id='word_1_602' title='bbox 2111 4043 2207 4101; x_wconf 91' lang='lat' dir='ltr'><strong>bet</strong></span> <span class='ocrx_word' id='word_1_603' title='bbox 2221 4047 2362 4118; x_wconf 87' lang='lat' dir='ltr'><strong>quid</strong></span> <span class='ocrx_word' id='word_1_604' title='bbox 2383 4049 2713 4122; x_wconf 90' lang='lat' dir='ltr'><strong>dicendum,</strong></span> <span class='ocrx_word' id='word_1_605' title='bbox 2735 4051 2912 4120; x_wconf 90' lang='lat' dir='ltr'><strong>dicat,</strong></span> <span class='ocrx_word' id='word_1_606' title='bbox 2935 4051 3074 4109; x_wconf 94' lang='lat' dir='ltr'><strong>dum</strong></span> <span class='ocrx_word' id='word_1_607' title='bbox 3100 4052 3220 4108; x_wconf 64' lang='lat' dir='ltr'><strong>haec</strong></span> <span class='ocrx_word' id='word_1_608' title='bbox 3239 4051 3578 4108; x_wconf 91' lang='lat' dir='ltr'><strong>celebratur.</strong></span> <span class='ocrx_word' id='word_1_609' title='bbox 3602 4053 3780 4124; x_wconf 88' lang='lat' dir='ltr'><strong>Nam,</strong></span> 
     </span>
    </p>
   </div>
   <div class='ocr_carea' id='block_1_87' title="bbox 2110 4135 3788 4212">
    <p class='ocr_par' dir='ltr' id='par_1_87' title="bbox 2110 4135 3788 4212">
     <span class='ocr_line' id='line_1_87' title="bbox 2110 4135 3788 4212; baseline 0.004 -20"><span class='ocrx_word' id='word_1_610' title='bbox 2110 4135 2299 4193; x_wconf 90' lang='lat' dir='ltr'><strong>soluta</strong></span> <span class='ocrx_word' id='word_1_611' title='bbox 2349 4143 2542 4196; x_wconf 84' lang='lat' dir='ltr'><strong>sancta</strong></span> <span class='ocrx_word' id='word_1_612' title='bbox 2588 4144 2644 4195; x_wconf 90' lang='lat' dir='ltr'><strong>et</strong></span> <span class='ocrx_word' id='word_1_613' title='bbox 2672 4140 2984 4197; x_wconf 86' lang='lat' dir='ltr'><strong>universali</strong></span> <span class='ocrx_word' id='word_1_614' title='bbox 3022 4141 3259 4212; x_wconf 87' lang='lat' dir='ltr'><strong>synodo,</strong></span> <span class='ocrx_word' id='word_1_615' title='bbox 3293 4139 3393 4211; x_wconf 91' lang='lat' dir='ltr'><strong>qui</strong></span> <span class='ocrx_word' id='word_1_616' title='bbox 3433 4137 3788 4210; x_wconf 66' lang='lat' dir='ltr'><strong>apparuerit</strong></span> 
     </span>
    </p>
   </div>
   <div class='ocr_carea' id='block_1_88' title="bbox 2106 4224 3776 4302">
    <p class='ocr_par' dir='ltr' id='par_1_88' title="bbox 2106 4224 3776 4302">
     <span class='ocr_line' id='line_1_88' title="bbox 2106 4224 3776 4302; baseline 0.003 -20"><span class='ocrx_word' id='word_1_617' title='bbox 2106 4224 2374 4284; x_wconf 74' lang='lat' dir='ltr'><strong>Ecclesia:</strong></span> <span class='ocrx_word' id='word_1_618' title='bbox 2401 4227 2502 4284; x_wconf 92' lang='lat' dir='ltr'><strong>Dei</strong></span> <span class='ocrx_word' id='word_1_619' title='bbox 2523 4229 2940 4291; x_wconf 89' lang='lat' dir='ltr'><strong>contradicens.</strong></span> <span class='ocrx_word' id='word_1_620' title='bbox 2968 4233 3069 4286; x_wconf 88' lang='lat' dir='ltr'><strong>aut</strong></span> <span class='ocrx_word' id='word_1_621' title='bbox 3093 4242 3206 4286; x_wconf 91' lang='lat' dir='ltr'><strong>non</strong></span> <span class='ocrx_word' id='word_1_622' title='bbox 3232 4228 3673 4286; x_wconf 88' lang='lat' dir='ltr'><strong>communicans</strong></span> <span class='ocrx_word' id='word_1_623' title='bbox 3695 4230 3776 4302; x_wconf 90' lang='lat' dir='ltr'><strong>ei,</strong></span> 
     </span>
    </p>
   </div>
   <div class='ocr_carea' id='block_1_89' title="bbox 2107 4317 3784 4392">
    <p class='ocr_par' dir='ltr' id='par_1_89' title="bbox 2107 4317 3784 4392">
     <span class='ocr_line' id='line_1_89' title="bbox 2107 4317 3784 4392; baseline 0.001 -18"><span class='ocrx_word' id='word_1_624' title='bbox 2107 4318 2228 4374; x_wconf 91' lang='lat' dir='ltr'><strong>sive</strong></span> <span class='ocrx_word' id='word_1_625' title='bbox 2246 4317 2553 4388; x_wconf 87' lang='lat' dir='ltr'><strong>episcopus</strong></span> <span class='ocrx_word' id='word_1_626' title='bbox 2577 4317 2673 4390; x_wconf 90' lang='lat' dir='ltr'><strong>sit,</strong></span> <span class='ocrx_word' id='word_1_627' title='bbox 2698 4317 2818 4375; x_wconf 90' lang='lat' dir='ltr'><strong>sive</strong></span> <span class='ocrx_word' id='word_1_628' title='bbox 2837 4317 3096 4375; x_wconf 89' lang='lat' dir='ltr'><strong>absolute</strong></span> <span class='ocrx_word' id='word_1_629' title='bbox 3129 4317 3412 4390; x_wconf 89' lang='lat' dir='ltr'><strong>sacerdos,</strong></span> <span class='ocrx_word' id='word_1_630' title='bbox 3437 4317 3558 4374; x_wconf 87' lang='lat' dir='ltr'><strong>sive</strong></span> <span class='ocrx_word' id='word_1_631' title='bbox 3575 4318 3784 4392; x_wconf 88' lang='lat' dir='ltr'><strong>digni-</strong></span> 
     </span>
    </p>
   </div>
   <div class='ocr_carea' id='block_1_90' title="bbox 339 4405 3779 4481">
    <p class='ocr_par' dir='ltr' id='par_1_90' title="bbox 339 4405 3779 4481">
     <span class='ocr_line' id='line_1_90' title="bbox 339 4405 3779 4481; baseline 0 -17"><span class='ocrx_word' id='word_1_632' title='bbox 339 4408 560 4465; x_wconf 89' lang='lat' dir='ltr'><strong>vinitus</strong></span> <span class='ocrx_word' id='word_1_633' title='bbox 595 4408 832 4465; x_wconf 89' lang='lat' dir='ltr'><strong>collecta</strong></span> <span class='ocrx_word' id='word_1_634' title='bbox 896 4408 1134 4479; x_wconf 91' lang='lat' dir='ltr'><strong>pertulit</strong></span> <span class='ocrx_word' id='word_1_635' title='bbox 1195 4408 1488 4480; x_wconf 88' lang='lat' dir='ltr'><strong>sanctitas,</strong></span> <span class='ocrx_word' id='word_1_636' title='bbox 1533 4409 1784 4481; x_wconf 88' lang='lat' dir='ltr'><strong>singulis</strong></span> <span class='ocrx_word' id='word_1_637' title='bbox 1829 4411 1993 4468; x_wconf 89' lang='lat' dir='ltr'><strong>vobis</strong></span> <span class='ocrx_word' id='word_1_638' title='bbox 2022 4408 2076 4471; x_wconf 91' lang='lat' dir='ltr'><strong>D</strong></span> <span class='ocrx_word' id='word_1_639' title='bbox 2107 4410 2222 4464; x_wconf 88' lang='lat' dir='ltr'><strong>tate</strong></span> <span class='ocrx_word' id='word_1_640' title='bbox 2250 4405 2447 4478; x_wconf 90' lang='lat' dir='ltr'><strong>aliqua</strong></span> <span class='ocrx_word' id='word_1_641' title='bbox 2480 4407 2774 4479; x_wconf 71' lang='lat' dir='ltr'><strong>praeditus,</strong></span> <span class='ocrx_word' id='word_1_642' title='bbox 2798 4406 2884 4464; x_wconf 91' lang='lat' dir='ltr'><strong>vel</strong></span> <span class='ocrx_word' id='word_1_643' title='bbox 2914 4406 3087 4463; x_wconf 89' lang='lat' dir='ltr'><strong>aliter</strong></span> <span class='ocrx_word' id='word_1_644' title='bbox 3113 4409 3502 4478; x_wconf 89' lang='lat' dir='ltr'><strong>conversatus,</strong></span> <span class='ocrx_word' id='word_1_645' title='bbox 3535 4407 3779 4465; x_wconf 81' lang='lat' dir='ltr'><strong>veniam</strong></span> 
     </span>
    </p>
   </div>
   <div class='ocr_carea' id='block_1_91' title="bbox 339 4493 1995 4556">
    <p class='ocr_par' dir='ltr' id='par_1_91' title="bbox 339 4493 1995 4556">
     <span class='ocr_line' id='line_1_91' title="bbox 339 4493 1995 4556; baseline 0.003 -5"><span class='ocrx_word' id='word_1_646' title='bbox 339 4497 611 4554; x_wconf 86' lang='lat' dir='ltr'><strong>hincinde</strong></span> <span class='ocrx_word' id='word_1_647' title='bbox 657 4497 1079 4554; x_wconf 85' lang='lat' dir='ltr'><strong>conﬂuentibus</strong></span> <span class='ocrx_word' id='word_1_648' title='bbox 1125 4497 1193 4552; x_wconf 89' lang='lat' dir='ltr'><strong>ad</strong></span> <span class='ocrx_word' id='word_1_649' title='bbox 1220 4493 1612 4552; x_wconf 85' lang='lat' dir='ltr'><strong>felicissimam</strong></span> <span class='ocrx_word' id='word_1_650' title='bbox 1652 4497 1847 4554; x_wconf 91' lang='lat' dir='ltr'><strong>urbem</strong></span> <span class='ocrx_word' id='word_1_651' title='bbox 1884 4513 1995 4556; x_wconf 82' lang='lat' dir='ltr'><strong>no—</strong></span> 
     </span>
    </p>
   </div>
   <div class='ocr_carea' id='block_1_92' title="bbox 337 4585 1994 4659">
    <p class='ocr_par' dir='ltr' id='par_1_92' title="bbox 337 4585 1994 4659">
     <span class='ocr_line' id='line_1_92' title="bbox 337 4585 1994 4659; baseline 0.003 -18"><span class='ocrx_word' id='word_1_652' title='bbox 337 4592 534 4659; x_wconf 87' lang='lat' dir='ltr'><strong>stram,</strong></span> <span class='ocrx_word' id='word_1_653' title='bbox 581 4601 753 4644; x_wconf 90' lang='lat' dir='ltr'><strong>causa</strong></span> <span class='ocrx_word' id='word_1_654' title='bbox 785 4586 1186 4643; x_wconf 76' lang='lat' dir='ltr'><strong>ecclesiastica:</strong></span> <span class='ocrx_word' id='word_1_655' title='bbox 1216 4585 1602 4642; x_wconf 89' lang='lat' dir='ltr'><strong>ordinationis</strong></span> <span class='ocrx_word' id='word_1_656' title='bbox 1622 4592 1678 4642; x_wconf 91' lang='lat' dir='ltr'><strong>et</strong></span> <span class='ocrx_word' id='word_1_657' title='bbox 1700 4589 1994 4646; x_wconf 91' lang='lat' dir='ltr'><strong>constitu—</strong></span> 
     </span>
    </p>
   </div>
   <div class='ocr_carea' id='block_1_93' title="bbox 337 4674 1992 4747">
    <p class='ocr_par' dir='ltr' id='par_1_93' title="bbox 337 4674 1992 4747">
     <span class='ocr_line' id='line_1_93' title="bbox 337 4674 1992 4747; baseline 0.002 -17"><span class='ocrx_word' id='word_1_658' title='bbox 337 4675 656 4746; x_wconf 69' lang='lat' dir='ltr'><strong>tionisgpro</strong></span> <span class='ocrx_word' id='word_1_659' title='bbox 680 4690 792 4747; x_wconf 91' lang='lat' dir='ltr'><strong>qua</strong></span> <span class='ocrx_word' id='word_1_660' title='bbox 811 4676 983 4731; x_wconf 89' lang='lat' dir='ltr'><strong>etiam</strong></span> <span class='ocrx_word' id='word_1_661' title='bbox 1011 4674 1348 4730; x_wconf 89' lang='lat' dir='ltr'><strong>diuturnam</strong></span> <span class='ocrx_word' id='word_1_662' title='bbox 1376 4675 1436 4730; x_wconf 93' lang='lat' dir='ltr'><strong>in</strong></span> <span class='ocrx_word' id='word_1_663' title='bbox 1457 4688 1522 4731; x_wconf 93' lang='lat' dir='ltr'><strong>eo</strong></span> <span class='ocrx_word' id='word_1_664' title='bbox 1567 4689 1781 4732; x_wconf 92' lang='lat' dir='ltr'><strong>moram</strong></span> <span class='ocrx_word' id='word_1_665' title='bbox 1818 4678 1992 4734; x_wconf 89' lang='lat' dir='ltr'><strong>susti-</strong></span> 
     </span>
    </p>
   </div>
   <div class='ocr_carea' id='block_1_94' title="bbox 335 4762 1990 4834">
    <p class='ocr_par' dir='ltr' id='par_1_94' title="bbox 335 4762 1990 4834">
     <span class='ocr_line' id='line_1_94' title="bbox 335 4762 1990 4834; baseline 0.002 -16"><span class='ocrx_word' id='word_1_666' title='bbox 335 4763 569 4833; x_wconf 88' lang='lat' dir='ltr'><strong>nuistis,</strong></span> <span class='ocrx_word' id='word_1_667' title='bbox 600 4768 658 4819; x_wconf 91' lang='lat' dir='ltr'><strong>et</strong></span> <span class='ocrx_word' id='word_1_668' title='bbox 691 4769 921 4834; x_wconf 91' lang='lat' dir='ltr'><strong>propter</strong></span> <span class='ocrx_word' id='word_1_669' title='bbox 961 4776 1130 4833; x_wconf 90' lang='lat' dir='ltr'><strong>quam</strong></span> <span class='ocrx_word' id='word_1_670' title='bbox 1172 4762 1340 4818; x_wconf 91' lang='lat' dir='ltr'><strong>multi</strong></span> <span class='ocrx_word' id='word_1_671' title='bbox 1371 4767 1428 4818; x_wconf 92' lang='lat' dir='ltr'><strong>et</strong></span> <span class='ocrx_word' id='word_1_672' title='bbox 1473 4768 1820 4822; x_wconf 90' lang='lat' dir='ltr'><strong>senectutem</strong></span> <span class='ocrx_word' id='word_1_673' title='bbox 1859 4779 1990 4822; x_wconf 93' lang='lat' dir='ltr'><strong>con-</strong></span> 
     </span>
    </p>
   </div>
   <div class='ocr_carea' id='block_1_95' title="bbox 335 4850 1987 4924">
    <p class='ocr_par' dir='ltr' id='par_1_95' title="bbox 335 4850 1987 4924">
     <span class='ocr_line' id='line_1_95' title="bbox 335 4850 1987 4924; baseline 0.001 -16"><span class='ocrx_word' id='word_1_674' title='bbox 335 4851 668 4922; x_wconf 88' lang='lat' dir='ltr'><strong>tempsistis,</strong></span> <span class='ocrx_word' id='word_1_675' title='bbox 731 4858 789 4908; x_wconf 91' lang='lat' dir='ltr'><strong>et</strong></span> <span class='ocrx_word' id='word_1_676' title='bbox 850 4851 1200 4922; x_wconf 91' lang='lat' dir='ltr'><strong>corporalem</strong></span> <span class='ocrx_word' id='word_1_677' title='bbox 1247 4850 1636 4908; x_wconf 81' lang='lat' dir='ltr'><strong>inﬁrmitatem</strong></span> <span class='ocrx_word' id='word_1_678' title='bbox 1677 4853 1987 4924; x_wconf 88' lang='lat' dir='ltr'><strong>parvipen-</strong></span> 
     </span>
    </p>
   </div>
   <div class='ocr_carea' id='block_1_96' title="bbox 330 4936 1985 5014">
    <p class='ocr_par' dir='ltr' id='par_1_96' title="bbox 330 4936 1985 5014">
     <span class='ocr_line' id='line_1_96' title="bbox 330 4936 1985 5014; baseline 0 -17"><span class='ocrx_word' id='word_1_679' title='bbox 330 4940 524 5012; x_wconf 76' lang='lat' dir='ltr'><strong>(iisiis,</strong></span> <span class='ocrx_word' id='word_1_680' title='bbox 556 4947 613 4996; x_wconf 90' lang='lat' dir='ltr'><strong>et</strong></span> <span class='ocrx_word' id='word_1_681' title='bbox 653 4945 877 4998; x_wconf 84' lang='lat' dir='ltr'><strong>exortes</strong></span> <span class='ocrx_word' id='word_1_682' title='bbox 920 4939 1056 4996; x_wconf 90' lang='lat' dir='ltr'><strong>facti</strong></span> <span class='ocrx_word' id='word_1_683' title='bbox 1105 4954 1299 4996; x_wconf 92' lang='lat' dir='ltr'><strong>eorum</strong></span> <span class='ocrx_word' id='word_1_684' title='bbox 1347 4936 1467 5014; x_wconf 82' lang='lat' dir='ltr'><strong>[al.,</strong></span> <span class='ocrx_word' id='word_1_685' title='bbox 1517 4939 1692 4998; x_wconf 86' lang='lat' dir='ltr'><strong>fortes</strong></span> <span class='ocrx_word' id='word_1_686' title='bbox 1734 4939 1869 4998; x_wconf 85' lang='lat' dir='ltr'><strong>facti</strong></span> <span class='ocrx_word' id='word_1_687' title='bbox 1918 4954 1985 4997; x_wconf 87' lang='lat' dir='ltr'><strong>ea</strong></span> 
     </span>
    </p>
   </div>
   <div class='ocr_carea' id='block_1_97' title="bbox 219 5027 1986 5105">
    <p class='ocr_par' dir='ltr' id='par_1_97' title="bbox 219 5027 1986 5105">
     <span class='ocr_line' id='line_1_97' title="bbox 219 5027 1986 5105; baseline 0 -19"><span class='ocrx_word' id='word_1_688' title='bbox 219 5057 226 5064; x_wconf 61' lang='grc' dir='ltr'><strong><em>ο</em></strong></span> <span class='ocrx_word' id='word_1_689' title='bbox 329 5044 476 5102; x_wconf 67' lang='lat' dir='ltr'><strong>qum,</strong></span> <span class='ocrx_word' id='word_1_690' title='bbox 507 5027 662 5105; x_wconf 92' lang='lat' dir='ltr'><strong>etc.],</strong></span> <span class='ocrx_word' id='word_1_691' title='bbox 695 5045 820 5102; x_wconf 73' lang='lat' dir='ltr'><strong>qua:</strong></span> <span class='ocrx_word' id='word_1_692' title='bbox 847 5029 1066 5100; x_wconf 90' lang='lat' dir='ltr'><strong>requiei</strong></span> <span class='ocrx_word' id='word_1_693' title='bbox 1084 5034 1428 5102; x_wconf 86' lang='lat' dir='ltr'><strong>congruunt,</strong></span> <span class='ocrx_word' id='word_1_694' title='bbox 1454 5029 1761 5102; x_wconf 90' lang='lat' dir='ltr'><strong>tolerastis,</strong></span> <span class='ocrx_word' id='word_1_695' title='bbox 1781 5029 1986 5086; x_wconf 87' lang='lat' dir='ltr'><strong>etdiu-</strong></span> 
     </span>
    </p>
   </div>
   <div class='ocr_carea' id='block_1_98' title="bbox 2105 4495 3782 4566">
    <p class='ocr_par' dir='ltr' id='par_1_98' title="bbox 2105 4495 3782 4566">
     <span class='ocr_line' id='line_1_98' title="bbox 2105 4495 3782 4566; baseline -0.001 -12"><span class='ocrx_word' id='word_1_696' title='bbox 2105 4497 2176 4554; x_wconf 92' lang='lat' dir='ltr'><strong>ab</strong></span> <span class='ocrx_word' id='word_1_697' title='bbox 2227 4495 2469 4566; x_wconf 90' lang='lat' dir='ltr'><strong>imperio</strong></span> <span class='ocrx_word' id='word_1_698' title='bbox 2519 4500 2715 4553; x_wconf 90' lang='lat' dir='ltr'><strong>nostro</strong></span> <span class='ocrx_word' id='word_1_699' title='bbox 2753 4495 2992 4552; x_wconf 91' lang='lat' dir='ltr'><strong>minime</strong></span> <span class='ocrx_word' id='word_1_700' title='bbox 3029 4499 3450 4566; x_wconf 84' lang='lat' dir='ltr'><strong>consequetur;</strong></span> <span class='ocrx_word' id='word_1_701' title='bbox 3482 4495 3579 4551; x_wconf 90' lang='lat' dir='ltr'><strong>sed</strong></span> <span class='ocrx_word' id='word_1_702' title='bbox 3605 4495 3782 4565; x_wconf 87' lang='lat' dir='ltr'><strong>juste</strong></span> 
     </span>
    </p>
   </div>
   <div class='ocr_carea' id='block_1_99' title="bbox 2102 4584 3780 4656">
    <p class='ocr_par' dir='ltr' id='par_1_99' title="bbox 2102 4584 3780 4656">
     <span class='ocr_line' id='line_1_99' title="bbox 2102 4584 3780 4656; baseline 0 -14"><span class='ocrx_word' id='word_1_703' title='bbox 2102 4584 2579 4643; x_wconf 91' lang='lat' dir='ltr'><strong>condemnabitur</strong></span> <span class='ocrx_word' id='word_1_704' title='bbox 2605 4589 2662 4641; x_wconf 90' lang='lat' dir='ltr'><strong>et</strong></span> <span class='ocrx_word' id='word_1_705' title='bbox 2706 4597 2740 4640; x_wconf 90' lang='lat' dir='ltr'><strong>a</strong></span> <span class='ocrx_word' id='word_1_706' title='bbox 2767 4584 3000 4642; x_wconf 89' lang='lat' dir='ltr'><strong>civitate</strong></span> <span class='ocrx_word' id='word_1_707' title='bbox 3039 4589 3232 4642; x_wconf 90' lang='lat' dir='ltr'><strong>nostra</strong></span> <span class='ocrx_word' id='word_1_708' title='bbox 3257 4585 3505 4656; x_wconf 89' lang='lat' dir='ltr'><strong>pelletur</strong></span> <span class='ocrx_word' id='word_1_709' title='bbox 3533 4589 3601 4642; x_wconf 92' lang='lat' dir='ltr'><strong>ut</strong></span> <span class='ocrx_word' id='word_1_710' title='bbox 3623 4600 3780 4644; x_wconf 82' lang='lat' dir='ltr'><strong>cor-</strong></span> 
     </span>
    </p>
   </div>
   <div class='ocr_carea' id='block_1_100' title="bbox 2102 4673 3774 4748">
    <p class='ocr_par' dir='ltr' id='par_1_100' title="bbox 2102 4673 3774 4748">
     <span class='ocr_line' id='line_1_100' title="bbox 2102 4673 3774 4748; baseline 0 -17"><span class='ocrx_word' id='word_1_711' title='bbox 2102 4679 2304 4746; x_wconf 91' lang='lat' dir='ltr'><strong>ruptor</strong></span> <span class='ocrx_word' id='word_1_712' title='bbox 2320 4679 2378 4730; x_wconf 94' lang='lat' dir='ltr'><strong>et</strong></span> <span class='ocrx_word' id='word_1_713' title='bbox 2404 4673 2697 4744; x_wconf 88' lang='lat' dir='ltr'><strong>pestilens,</strong></span> <span class='ocrx_word' id='word_1_714' title='bbox 2719 4677 2777 4730; x_wconf 92' lang='lat' dir='ltr'><strong>et</strong></span> <span class='ocrx_word' id='word_1_715' title='bbox 2789 4673 3101 4730; x_wconf 91' lang='lat' dir='ltr'><strong>membrum</strong></span> <span class='ocrx_word' id='word_1_716' title='bbox 3125 4673 3421 4744; x_wconf 90' lang='lat' dir='ltr'><strong>putridum</strong></span> <span class='ocrx_word' id='word_1_717' title='bbox 3441 4677 3498 4730; x_wconf 93' lang='lat' dir='ltr'><strong>et</strong></span> <span class='ocrx_word' id='word_1_718' title='bbox 3524 4673 3774 4748; x_wconf 89' lang='lat' dir='ltr'><strong>inutile,</strong></span> 
     </span>
    </p>
   </div>
   <div class='ocr_carea' id='block_1_101' title="bbox 2097 4761 3784 4833">
    <p class='ocr_par' dir='ltr' id='par_1_101' title="bbox 2097 4761 3784 4833">
     <span class='ocr_line' id='line_1_101' title="bbox 2097 4761 3784 4833; baseline 0.001 -14"><span class='ocrx_word' id='word_1_719' title='bbox 2097 4767 2154 4819; x_wconf 91' lang='lat' dir='ltr'><strong>et</strong></span> <span class='ocrx_word' id='word_1_720' title='bbox 2171 4775 2474 4820; x_wconf 83' lang='lat' dir='ltr'><strong>commune</strong></span> <span class='ocrx_word' id='word_1_721' title='bbox 2491 4775 2702 4833; x_wconf 88' lang='lat' dir='ltr'><strong>corpus</strong></span> <span class='ocrx_word' id='word_1_722' title='bbox 2719 4761 2988 4818; x_wconf 69' lang='lat' dir='ltr'><strong>Ecclesia:</strong></span> <span class='ocrx_word' id='word_1_723' title='bbox 3007 4761 3249 4819; x_wconf 90' lang='lat' dir='ltr'><strong>violans.</strong></span> <span class='ocrx_word' id='word_1_724' title='bbox 3273 4763 3385 4818; x_wconf 86' lang='lat' dir='ltr'><strong>Vos</strong></span> <span class='ocrx_word' id='word_1_725' title='bbox 3395 4765 3588 4819; x_wconf 91' lang='lat' dir='ltr'><strong>autem</strong></span> <span class='ocrx_word' id='word_1_726' title='bbox 3609 4775 3784 4821; x_wconf 90' lang='lat' dir='ltr'><strong>ama-</strong></span> 
     </span>
    </p>
   </div>
   <div class='ocr_carea' id='block_1_102' title="bbox 2095 4850 3774 4926">
    <p class='ocr_par' dir='ltr' id='par_1_102' title="bbox 2095 4850 3774 4926">
     <span class='ocr_line' id='line_1_102' title="bbox 2095 4850 3774 4926; baseline 0.001 -18"><span class='ocrx_word' id='word_1_727' title='bbox 2095 4855 2248 4909; x_wconf 91' lang='lat' dir='ltr'><strong>tores</strong></span> <span class='ocrx_word' id='word_1_728' title='bbox 2276 4850 2578 4923; x_wconf 85' lang='lat' dir='ltr'><strong>virtutum,</strong></span> <span class='ocrx_word' id='word_1_729' title='bbox 2596 4855 2654 4907; x_wconf 93' lang='lat' dir='ltr'><strong>et</strong></span> <span class='ocrx_word' id='word_1_730' title='bbox 2675 4851 2790 4908; x_wconf 91' lang='lat' dir='ltr'><strong>Deo</strong></span> <span class='ocrx_word' id='word_1_731' title='bbox 2809 4850 3151 4908; x_wconf 88' lang='lat' dir='ltr'><strong>amicissimi</strong></span> <span class='ocrx_word' id='word_1_732' title='bbox 3178 4850 3386 4908; x_wconf 88' lang='lat' dir='ltr'><strong>summi</strong></span> <span class='ocrx_word' id='word_1_733' title='bbox 3409 4851 3774 4926; x_wconf 88' lang='lat' dir='ltr'><strong>sacerdotes,</strong></span> 
     </span>
    </p>
   </div>
   <div class='ocr_carea' id='block_1_103' title="bbox 2095 4939 3779 5012">
    <p class='ocr_par' dir='ltr' id='par_1_103' title="bbox 2095 4939 3779 5012">
     <span class='ocr_line' id='line_1_103' title="bbox 2095 4939 3779 5012; baseline 0.002 -15"><span class='ocrx_word' id='word_1_734' title='bbox 2095 4940 2196 5012; x_wconf 91' lang='lat' dir='ltr'><strong>qui</strong></span> <span class='ocrx_word' id='word_1_735' title='bbox 2227 4939 2542 5010; x_wconf 83' lang='lat' dir='ltr'><strong>episcOpali</strong></span> <span class='ocrx_word' id='word_1_736' title='bbox 2567 4939 2922 4997; x_wconf 87' lang='lat' dir='ltr'><strong>decoramini</strong></span> <span class='ocrx_word' id='word_1_737' title='bbox 2943 4941 3113 5012; x_wconf 91' lang='lat' dir='ltr'><strong>dono,</strong></span> <span class='ocrx_word' id='word_1_738' title='bbox 3146 4939 3364 5012; x_wconf 83' lang='lat' dir='ltr'><strong>singuli</strong></span> <span class='ocrx_word' id='word_1_739' title='bbox 3395 4951 3779 5000; x_wconf 84' lang='lat' dir='ltr'><strong>commonere</strong></span> 
     </span>
    </p>
   </div>
   <div class='ocr_carea' id='block_1_104' title="bbox 2095 5027 3778 5101">
    <p class='ocr_par' dir='ltr' id='par_1_104' title="bbox 2095 5027 3778 5101">
     <span class='ocr_line' id='line_1_104' title="bbox 2095 5027 3778 5101; baseline 0.001 -17"><span class='ocrx_word' id='word_1_740' title='bbox 2095 5028 2391 5099; x_wconf 92' lang='lat' dir='ltr'><strong>proprium</strong></span> <span class='ocrx_word' id='word_1_741' title='bbox 2417 5041 2662 5101; x_wconf 81' lang='lat' dir='ltr'><strong>gregem,</strong></span> <span class='ocrx_word' id='word_1_742' title='bbox 2691 5033 2748 5084; x_wconf 94' lang='lat' dir='ltr'><strong>et</strong></span> <span class='ocrx_word' id='word_1_743' title='bbox 2775 5029 2844 5086; x_wconf 92' lang='lat' dir='ltr'><strong>ad</strong></span> <span class='ocrx_word' id='word_1_744' title='bbox 2885 5028 3128 5085; x_wconf 90' lang='lat' dir='ltr'><strong>salutem</strong></span> <span class='ocrx_word' id='word_1_745' title='bbox 3167 5028 3376 5085; x_wconf 89' lang='lat' dir='ltr'><strong>ducere</strong></span> <span class='ocrx_word' id='word_1_746' title='bbox 3406 5041 3477 5084; x_wconf 91' lang='lat' dir='ltr'><strong>ne</strong></span> <span class='ocrx_word' id='word_1_747' title='bbox 3503 5027 3778 5101; x_wconf 84' lang='lat' dir='ltr'><strong>pigrite—</strong></span> 
     </span>
    </p>
   </div>
   <div class='ocr_carea' id='block_1_105' title="bbox 2095 5117 3779 5189">
    <p class='ocr_par' dir='ltr' id='par_1_105' title="bbox 2095 5117 3779 5189">
     <span class='ocr_line' id='line_1_105' title="bbox 2095 5117 3779 5189; baseline 0.002 -17"><span class='ocrx_word' id='word_1_748' title='bbox 2095 5118 2261 5188; x_wconf 89' lang='lat' dir='ltr'><strong>mini,</strong></span> <span class='ocrx_word' id='word_1_749' title='bbox 2305 5118 2763 5174; x_wconf 89' lang='lat' dir='ltr'><strong>demonstrantes</strong></span> <span class='ocrx_word' id='word_1_750' title='bbox 2793 5122 3072 5188; x_wconf 91' lang='lat' dir='ltr'><strong>quantum</strong></span> <span class='ocrx_word' id='word_1_751' title='bbox 3113 5117 3324 5174; x_wconf 92' lang='lat' dir='ltr'><strong>malum</strong></span> <span class='ocrx_word' id='word_1_752' title='bbox 3355 5117 3453 5189; x_wconf 92' lang='lat' dir='ltr'><strong>sit,</strong></span> <span class='ocrx_word' id='word_1_753' title='bbox 3485 5130 3605 5188; x_wconf 83' lang='lat' dir='ltr'><strong>eos,</strong></span> <span class='ocrx_word' id='word_1_754' title='bbox 3640 5119 3779 5175; x_wconf 67' lang='lat' dir='ltr'><strong>Eo-</strong></span> 
     </span>
    </p>
   </div>
   <div class='ocr_carea' id='block_1_106' title="bbox 2090 5205 3769 5281">
    <p class='ocr_par' dir='ltr' id='par_1_106' title="bbox 2090 5205 3769 5281">
     <span class='ocr_line' id='line_1_106' title="bbox 2090 5205 3769 5281; baseline 0.002 -19"><span class='ocrx_word' id='word_1_755' title='bbox 2090 5206 2266 5263; x_wconf 91' lang='lat' dir='ltr'><strong>clesia</strong></span> <span class='ocrx_word' id='word_1_756' title='bbox 2294 5207 2394 5262; x_wconf 90' lang='lat' dir='ltr'><strong>Dei</strong></span> <span class='ocrx_word' id='word_1_757' title='bbox 2415 5210 2675 5262; x_wconf 91' lang='lat' dir='ltr'><strong>manente</strong></span> <span class='ocrx_word' id='word_1_758' title='bbox 2705 5206 2766 5262; x_wconf 91' lang='lat' dir='ltr'><strong>iu</strong></span> <span class='ocrx_word' id='word_1_759' title='bbox 2794 5206 3236 5278; x_wconf 75' lang='lat' dir='ltr'><strong>tranquillitate,</strong></span> <span class='ocrx_word' id='word_1_760' title='bbox 3266 5205 3338 5262; x_wconf 93' lang='lat' dir='ltr'><strong>ab</strong></span> <span class='ocrx_word' id='word_1_761' title='bbox 3357 5205 3459 5262; x_wconf 91' lang='lat' dir='ltr'><strong>illa</strong></span> <span class='ocrx_word' id='word_1_762' title='bbox 3483 5205 3769 5281; x_wconf 86' lang='lat' dir='ltr'><strong>desilire,</strong></span> 
     </span>
    </p>
   </div>
   <div class='ocr_carea' id='block_1_107' title="bbox 2088 5294 3776 5366">
    <p class='ocr_par' dir='ltr' id='par_1_107' title="bbox 2088 5294 3776 5366">
     <span class='ocr_line' id='line_1_107' title="bbox 2088 5294 3776 5366; baseline 0.001 -14"><span class='ocrx_word' id='word_1_763' title='bbox 2088 5301 2146 5352; x_wconf 92' lang='lat' dir='ltr'><strong>et</strong></span> <span class='ocrx_word' id='word_1_764' title='bbox 2173 5299 2371 5353; x_wconf 92' lang='lat' dir='ltr'><strong>contra</strong></span> <span class='ocrx_word' id='word_1_765' title='bbox 2392 5308 2489 5352; x_wconf 90' lang='lat' dir='ltr'><strong>eos</strong></span> <span class='ocrx_word' id='word_1_766' title='bbox 2509 5294 2610 5366; x_wconf 89' lang='lat' dir='ltr'><strong>qui</strong></span> <span class='ocrx_word' id='word_1_767' title='bbox 2639 5299 2892 5366; x_wconf 68' lang='lat' dir='ltr'><strong>praesunt</strong></span> <span class='ocrx_word' id='word_1_768' title='bbox 2911 5295 3214 5352; x_wconf 90' lang='lat' dir='ltr'><strong>animabus</strong></span> <span class='ocrx_word' id='word_1_769' title='bbox 3242 5294 3366 5352; x_wconf 91' lang='lat' dir='ltr'><strong>suis</strong></span> <span class='ocrx_word' id='word_1_770' title='bbox 3387 5294 3676 5366; x_wconf 88' lang='lat' dir='ltr'><strong>insanire,</strong></span> <span class='ocrx_word' id='word_1_771' title='bbox 3707 5301 3776 5354; x_wconf 90' lang='lat' dir='ltr'><strong>et</strong></span> 
     </span>
    </p>
   </div>
   <div class='ocr_carea' id='block_1_108' title="bbox 2087 5382 3775 5455">
    <p class='ocr_par' dir='ltr' id='par_1_108' title="bbox 2087 5382 3775 5455">
     <span class='ocr_line' id='line_1_108' title="bbox 2087 5382 3775 5455; baseline 0.001 -15"><span class='ocrx_word' id='word_1_772' title='bbox 2087 5384 2309 5441; x_wconf 91' lang='lat' dir='ltr'><strong>divinis</strong></span> <span class='ocrx_word' id='word_1_773' title='bbox 2330 5383 2618 5455; x_wconf 89' lang='lat' dir='ltr'><strong>mysteriis</strong></span> <span class='ocrx_word' id='word_1_774' title='bbox 2644 5382 3320 5455; x_wconf 90' lang='lat' dir='ltr'><strong>propterirrationabiles</strong></span> <span class='ocrx_word' id='word_1_775' title='bbox 3353 5396 3455 5440; x_wconf 92' lang='lat' dir='ltr'><strong>seu</strong></span> <span class='ocrx_word' id='word_1_776' title='bbox 3471 5382 3617 5439; x_wconf 92' lang='lat' dir='ltr'><strong>viles</strong></span> <span class='ocrx_word' id='word_1_777' title='bbox 3643 5397 3775 5441; x_wconf 88' lang='lat' dir='ltr'><strong>oc—</strong></span> 
     </span>
    </p>
   </div>
   <div class='ocr_carea' id='block_1_109' title="bbox 2085 5471 3777 5544">
    <p class='ocr_par' dir='ltr' id='par_1_109' title="bbox 2085 5471 3777 5544">
     <span class='ocr_line' id='line_1_109' title="bbox 2085 5471 3777 5544; baseline 0.001 -14"><span class='ocrx_word' id='word_1_778' title='bbox 2085 5473 2346 5531; x_wconf 89' lang='lat' dir='ltr'><strong>casiones</strong></span> <span class='ocrx_word' id='word_1_779' title='bbox 2383 5486 2506 5530; x_wconf 91' lang='lat' dir='ltr'><strong>sese</strong></span> <span class='ocrx_word' id='word_1_780' title='bbox 2529 5485 2808 5530; x_wconf 91' lang='lat' dir='ltr'><strong>coercere.</strong></span> <span class='ocrx_word' id='word_1_781' title='bbox 2840 5473 2911 5529; x_wconf 92' lang='lat' dir='ltr'><strong>Et</strong></span> <span class='ocrx_word' id='word_1_782' title='bbox 2943 5471 3174 5544; x_wconf 90' lang='lat' dir='ltr'><strong>quidem</strong></span> <span class='ocrx_word' id='word_1_783' title='bbox 3216 5471 3535 5542; x_wconf 87' lang='lat' dir='ltr'><strong>subjectum</strong></span> <span class='ocrx_word' id='word_1_784' title='bbox 3575 5471 3777 5532; x_wconf 87' lang='lat' dir='ltr'><strong>vobis</strong></span> 
     </span>
    </p>
   </div>
   <div class='ocr_carea' id='block_1_110' title="bbox 2086 5559 3775 5636">
    <p class='ocr_par' dir='ltr' id='par_1_110' title="bbox 2086 5559 3775 5636">
     <span class='ocr_line' id='line_1_110' title="bbox 2086 5559 3775 5636; baseline 0.001 -17"><span class='ocrx_word' id='word_1_785' title='bbox 2086 5575 2308 5636; x_wconf 81' lang='lat' dir='ltr'><strong>gregem</strong></span> <span class='ocrx_word' id='word_1_786' title='bbox 2357 5575 2458 5634; x_wconf 91' lang='lat' dir='ltr'><strong>per</strong></span> <span class='ocrx_word' id='word_1_787' title='bbox 2501 5573 2966 5634; x_wconf 87' lang='lat' dir='ltr'><strong>unumquemque</strong></span> <span class='ocrx_word' id='word_1_788' title='bbox 3006 5559 3372 5620; x_wconf 88' lang='lat' dir='ltr'><strong>Dominicum</strong></span> <span class='ocrx_word' id='word_1_789' title='bbox 3417 5559 3571 5619; x_wconf 87' lang='lat' dir='ltr'><strong>diem</strong></span> <span class='ocrx_word' id='word_1_790' title='bbox 3600 5573 3775 5620; x_wconf 76' lang='lat' dir='ltr'><strong>ver—</strong></span> 
     </span>
    </p>
   </div>
   <div class='ocr_carea' id='block_1_111' title="bbox 330 5118 1981 5189">
    <p class='ocr_par' dir='ltr' id='par_1_111' title="bbox 330 5118 1981 5189">
     <span class='ocr_line' id='line_1_111' title="bbox 330 5118 1981 5189; baseline 0.001 -15"><span class='ocrx_word' id='word_1_791' title='bbox 330 5126 556 5175; x_wconf 90' lang='lat' dir='ltr'><strong>turnam</strong></span> <span class='ocrx_word' id='word_1_792' title='bbox 568 5119 978 5189; x_wconf 89' lang='lat' dir='ltr'><strong>separationem</strong></span> <span class='ocrx_word' id='word_1_793' title='bbox 991 5118 1385 5189; x_wconf 89' lang='lat' dir='ltr'><strong>spiritualium</strong></span> <span class='ocrx_word' id='word_1_794' title='bbox 1402 5118 1651 5175; x_wconf 85' lang='lat' dir='ltr'><strong>filiorum</strong></span> <span class='ocrx_word' id='word_1_795' title='bbox 1663 5123 1981 5176; x_wconf 86' lang='lat' dir='ltr'><strong>vestrorum</strong></span> 
     </span>
    </p>
   </div>
   <div class='ocr_carea' id='block_1_112' title="bbox 328 5207 1981 5280">
    <p class='ocr_par' dir='ltr' id='par_1_112' title="bbox 328 5207 1981 5280">
     <span class='ocr_line' id='line_1_112' title="bbox 328 5207 1981 5280; baseline -0.001 -16"><span class='ocrx_word' id='word_1_796' title='bbox 328 5208 765 5280; x_wconf 89' lang='lat' dir='ltr'><strong>magnanimiter</strong></span> <span class='ocrx_word' id='word_1_797' title='bbox 789 5207 1128 5278; x_wconf 90' lang='lat' dir='ltr'><strong>pertulistis.</strong></span> <span class='ocrx_word' id='word_1_798' title='bbox 1163 5207 1266 5263; x_wconf 91' lang='lat' dir='ltr'><strong>Sed</strong></span> <span class='ocrx_word' id='word_1_799' title='bbox 1289 5221 1417 5263; x_wconf 91' lang='lat' dir='ltr'><strong>ecce</strong></span> <span class='ocrx_word' id='word_1_800' title='bbox 1441 5207 1706 5264; x_wconf 90' lang='lat' dir='ltr'><strong>dolorum</strong></span> <span class='ocrx_word' id='word_1_801' title='bbox 1731 5213 1787 5262; x_wconf 92' lang='lat' dir='ltr'><strong>et</strong></span> <span class='ocrx_word' id='word_1_802' title='bbox 1814 5207 1981 5263; x_wconf 91' lang='lat' dir='ltr'><strong>labo—</strong></span> 
     </span>
    </p>
   </div>
   <div class='ocr_carea' id='block_1_113' title="bbox 324 5295 1982 5367">
    <p class='ocr_par' dir='ltr' id='par_1_113' title="bbox 324 5295 1982 5367">
     <span class='ocr_line' id='line_1_113' title="bbox 324 5295 1982 5367; baseline 0 -15"><span class='ocrx_word' id='word_1_803' title='bbox 324 5311 449 5353; x_wconf 93' lang='lat' dir='ltr'><strong>rum</strong></span> <span class='ocrx_word' id='word_1_804' title='bbox 475 5303 792 5355; x_wconf 89' lang='lat' dir='ltr'><strong>vestrorum</strong></span> <span class='ocrx_word' id='word_1_805' title='bbox 819 5297 1028 5353; x_wconf 89' lang='lat' dir='ltr'><strong>videtis</strong></span> <span class='ocrx_word' id='word_1_806' title='bbox 1071 5310 1241 5367; x_wconf 90' lang='lat' dir='ltr'><strong>quam</strong></span> <span class='ocrx_word' id='word_1_807' title='bbox 1268 5296 1347 5352; x_wconf 91' lang='lat' dir='ltr'><strong>sit</strong></span> <span class='ocrx_word' id='word_1_808' title='bbox 1372 5295 1506 5352; x_wconf 82' lang='lat' dir='ltr'><strong>finis</strong></span> <span class='ocrx_word' id='word_1_809' title='bbox 1533 5296 1746 5367; x_wconf 90' lang='lat' dir='ltr'><strong>suavis,</strong></span> <span class='ocrx_word' id='word_1_810' title='bbox 1777 5300 1834 5352; x_wconf 92' lang='lat' dir='ltr'><strong>et</strong></span> <span class='ocrx_word' id='word_1_811' title='bbox 1867 5297 1982 5352; x_wconf 84' lang='lat' dir='ltr'><strong>Ec-</strong></span> 
     </span>
    </p>
   </div>
   <div class='ocr_carea' id='block_1_114' title="bbox 321 5385 1980 5459">
    <p class='ocr_par' dir='ltr' id='par_1_114' title="bbox 321 5385 1980 5459">
     <span class='ocr_line' id='line_1_114' title="bbox 321 5385 1980 5459; baseline 0 -17"><span class='ocrx_word' id='word_1_812' title='bbox 321 5385 533 5459; x_wconf 70' lang='lat' dir='ltr'><strong>clesiae,</strong></span> <span class='ocrx_word' id='word_1_813' title='bbox 554 5387 652 5443; x_wconf 89' lang='lat' dir='ltr'><strong>Dei</strong></span> <span class='ocrx_word' id='word_1_814' title='bbox 683 5387 845 5444; x_wconf 88' lang='lat' dir='ltr'><strong>valde</strong></span> <span class='ocrx_word' id='word_1_815' title='bbox 876 5386 1182 5457; x_wconf 89' lang='lat' dir='ltr'><strong>proiicuus.</strong></span> <span class='ocrx_word' id='word_1_816' title='bbox 1209 5387 1349 5440; x_wconf 84' lang='lat' dir='ltr'><strong>Nam</strong></span> <span class='ocrx_word' id='word_1_817' title='bbox 1381 5385 1704 5441; x_wconf 92' lang='lat' dir='ltr'><strong>communis</strong></span> <span class='ocrx_word' id='word_1_818' title='bbox 1727 5397 1980 5442; x_wconf 75' lang='lat' dir='ltr'><strong>concur-</strong></span> 
     </span>
    </p>
   </div>
   <div class='ocr_carea' id='block_1_115' title="bbox 322 5472 1976 5548">
    <p class='ocr_par' dir='ltr' id='par_1_115' title="bbox 322 5472 1976 5548">
     <span class='ocr_line' id='line_1_115' title="bbox 322 5472 1976 5548; baseline 0.001 -18"><span class='ocrx_word' id='word_1_819' title='bbox 322 5491 441 5546; x_wconf 91' lang='lat' dir='ltr'><strong>sus,</strong></span> <span class='ocrx_word' id='word_1_820' title='bbox 473 5476 611 5532; x_wconf 90' lang='lat' dir='ltr'><strong>etin</strong></span> <span class='ocrx_word' id='word_1_821' title='bbox 637 5475 861 5548; x_wconf 90' lang='lat' dir='ltr'><strong>Spiritu</strong></span> <span class='ocrx_word' id='word_1_822' title='bbox 882 5479 1076 5532; x_wconf 91' lang='lat' dir='ltr'><strong>sancto</strong></span> <span class='ocrx_word' id='word_1_823' title='bbox 1103 5487 1316 5545; x_wconf 79' lang='lat' dir='ltr'><strong>magnae</strong></span> <span class='ocrx_word' id='word_1_824' title='bbox 1344 5473 1518 5542; x_wconf 88' lang='lat' dir='ltr'><strong>hujus</strong></span> <span class='ocrx_word' id='word_1_825' title='bbox 1541 5478 1598 5528; x_wconf 90' lang='lat' dir='ltr'><strong>et</strong></span> <span class='ocrx_word' id='word_1_826' title='bbox 1629 5472 1976 5532; x_wconf 90' lang='lat' dir='ltr'><strong>universalis</strong></span> 
     </span>
    </p>
   </div>
   <div class='ocr_carea' id='block_1_116' title="bbox 321 5558 1973 5639">
    <p class='ocr_par' dir='ltr' id='par_1_116' title="bbox 321 5558 1973 5639">
     <span class='ocr_line' id='line_1_116' title="bbox 321 5558 1973 5639; baseline 0.001 -19"><span class='ocrx_word' id='word_1_827' title='bbox 321 5565 522 5636; x_wconf 91' lang='lat' dir='ltr'><strong>synodi</strong></span> <span class='ocrx_word' id='word_1_828' title='bbox 557 5579 890 5639; x_wconf 91' lang='lat' dir='ltr'><strong>consensus,</strong></span> <span class='ocrx_word' id='word_1_829' title='bbox 921 5577 1088 5624; x_wconf 90' lang='lat' dir='ltr'><strong>omne</strong></span> <span class='ocrx_word' id='word_1_830' title='bbox 1109 5561 1441 5620; x_wconf 89' lang='lat' dir='ltr'><strong>scandalum</strong></span> <span class='ocrx_word' id='word_1_831' title='bbox 1478 5565 1534 5618; x_wconf 90' lang='lat' dir='ltr'><strong>et</strong></span> <span class='ocrx_word' id='word_1_832' title='bbox 1563 5558 1973 5622; x_wconf 75' lang='lat' dir='ltr'><strong>oiieudiculum</strong></span> 
     </span>
    </p>
   </div>
  </div>
