4018 6166
227 344 304 402 173

918 341 1466 399 INTERPRETATIO
1502 341 1750 398 SYNODI
1788 342 1907 398 VIII
1942 342 2345 402 GENERALIS.
2377 376 2450 387 —
2485 347 2686 403 ACTIO
2722 348 2793 402 Χ.

3463 347 3567 407 474

224 471 293 526 bis
312 467 556 526 doctrina
601 468 1019 537 conﬁrmantes,
1049 470 1117 525 ad
1161 468 1486 525 divinarum
1530 468 1804 524 volunta—
1834 465 1895 526 A
1924 485 1991 527 ca
2035 487 2160 542 qua
2202 477 2337 529 sunt
2376 472 2557 529 nostri
2597 473 2823 529 ordinis
2848 475 3157 545 requirere.
3190 477 3353 531 Nunc
3377 482 3566 533 autem

225 567 316 615 tum
355 556 573 628 dirigite
632 555 1064 627 perfectionem:
1122 572 1219 613 eos
1276 572 1405 615 vero
1462 557 1561 628 qui
1620 568 1811 612 errore
1921 562 2181 619 videmus
2209 562 2349 616 adeo
2398 561 2609 617 multos
2635 562 2857 617 malitia
2906 563 2965 618 in
2995 563 3278 618 insaniam
3308 566 3563 636 accendi,

224 647 444 702 haereseos
522 646 863 716 cujusquam
929 646 1282 718 detinentur,
1359 651 1629 717 tanquam
1707 658 1815 715 pa—

1928 655 1994 707 ut
2058 650 2462 706 obliviscentes
2531 651 2748 720 proprii
2819 651 3065 722 ordinis,
3127 654 3183 727 et
3248 653 3397 722 quod
3467 667 3572 723 pe—

224 741 363 791 slorcs
407 733 532 789 boni
601 734 932 790 convertite.
995 735 1227 790 Noverit
1283 735 1436 791 enim
1493 733 1810 789 virtutibus
1920 738 2022 795 des
2086 739 2207 795 sint
2264 738 2501 794 minime
2565 739 2900 810 cogitantes,
2962 739 3139 810 legem
3202 754 3409 809 ponere
3465 754 3571 796 ve—

223 824 349 893 plena
389 820 652 892 perfectio
696 828 878 879 vestra
928 824 1067 895 quia
1113 824 1163 879 si
1219 828 1417 880 notum
1471 822 1649 879 fuerit
1703 835 1818 878 no—

221 912 290 967 bis
313 911 437 983 quod
490 911 726 968 haresis
771 926 1142 983 quacunqua
1174 913 1235 969 in
1269 912 1564 983 provincia
1609 911 1816 980 cujus-

218 1015 352 1076 quam
373 1005 615 1057 vestrum
660 1001 912 1073 latitans,
959 1016 1071 1058 non
1103 1016 1203 1072 per
1243 1002 1536 1059 assiduam
1587 999 1816 1056 doctri—

218 1105 318 1148 nam
375 1095 610 1146 vestram
669 1090 951 1147 radicitus
1018 1091 1314 1164 evellatur,
1371 1089 1439 1147 'et
1493 1104 1689 1147 omnes
1744 1089 1813 1144 ad

214 1180 541 1237 orthodoxam
564 1178 729 1235 ﬁdem
757 1192 928 1236 manu
950 1180 1238 1237 ducantur
1261 1175 1389 1253 [al.,
1414 1175 1814 1252 reducantur]‘

215 1268 440 1325 canonice
469 1268 806 1338 hujusmodi
827 1269 1134 1340 episcOpus
1153 1282 1186 1324 a
1229 1269 1462 1339 pr0prio
1494 1268 1820 1338 patriarcha

214 1357 679 1414 condemnabitur:
735 1362 793 1414 et
829 1358 1012 1415 sacris
1041 1359 1273 1429 quidem
1322 1357 1608 1414 doctrinis
1650 1361 1821 1427 atque

213 1447 666 1504 admonitionibus
689 1448 883 1505 taliter
912 1448 1342 1506 sacratissimus
1361 1462 1497 1521 grex
1521 1451 1707 1503 vester
1724 1460 1821 1516 per

213 1549 386 1605 pascua
438 1536 720 1592 salutaria
779 1542 1062 1607 pascatur.
1118 1537 1234 1607 Ipsi
1287 1540 1474 1592 autem
1527 1535 1588 1591 in
1639 1534 1823 1590 alter—

213 1628 374 1679 utrum
428 1623 653 1695 paciﬁci
703 1628 900 1695 estote,
954 1631 1011 1681 et
1062 1625 1329 1682 Ecclesia
1374 1624 1670 1681 vinculum
1722 1623 1824 1677 in—

1924 826 2036 881 lint
2081 827 2288 896 oculis,
2341 840 2453 882 non
2502 831 2566 882 ut
2604 831 2809 883 natura
2856 841 2915 882 se
2958 827 3146 899 habet,
3199 829 3293 884 sed
3344 834 3407 883 ut
3456 828 3568 898 ipsi

1923 915 2186 985 cupiunt,
2241 919 2296 969 et
2343 914 2560 986 singuli
2613 915 2682 970 ad
2740 916 3126 971 accusandum
3180 917 3409 986 quidem
3462 929 3574 972 ma-

1919 1003 2074 1072 jores
2116 1003 2374 1059 existunt
2418 1016 2639 1073 semper
2690 1004 3128 1076 promptissimi,
3166 1006 3235 1068 ad
3289 1004 3578 1076 corrigen-

1923 1091 2061 1147 dum
2100 1097 2289 1147 autem
2335 1092 2649 1162 quidquam
2689 1106 2885 1149 eorum
2917 1093 2979 1147 in
3024 1092 3238 1163 quibus
3290 1106 3577 1150 accusan-

1928 1184 2024 1236 tur
2072 1185 2129 1236 et
2173 1180 2558 1236 criminantur
2610 1181 2927 1254 pigerrimi.
2980 1181 3085 1237 Sed
3136 1196 3335 1243 moneo
3375 1188 3432 1238 et
3468 1196 3578 1237 ex—

1930 1269 2128 1325 hortor
2170 1282 2365 1324 omnes
2416 1270 2514 1340 qui
2568 1269 2712 1325 tales
2745 1275 2898 1340 sunt,
2955 1275 3020 1327 ut
3086 1271 3452 1328 maledictum
3521 1279 3579 1329 et

1929 1357 2214 1414 alternum
2281 1358 2477 1414 odium
2528 1362 2864 1430 avertentes,
2923 1364 2979 1416 et
3024 1361 3287 1430 judicare
3348 1361 3578 1430 judices

1929 1446 2272 1516 desinentes,
2328 1447 2625 1503 attendant
2676 1447 2790 1504 sibi
2838 1453 2894 1503 et
2955 1449 3267 1505 secundum
3319 1449 3618 1505 divinam.

1930 1536 2278 1592 voluntatem
2364 1537 2687 1593 conversari
2771 1539 3135 1594 contendant.
3242 1540 3381 1594 Nam
3462 1552 3577 1595 non

1932 1623 2181 1694 quiescit
2231 1639 2541 1694 supernum
2576 1625 2887 1698 judicium,
2921 1627 3017 1683 sed
3060 1630 3258 1683 contra
3297 1627 3581 1685 dissiden-

212 1712 506 1784 disruptum
559 1710 907 1782 conservate,
959 1714 1019 1770 in
1076 1728 1190 1785 quo
1221 1714 1527 1771 laborastis
1578 1717 1633 1768 et
1678 1724 1823 1768 con—
1932 1715 2015 1767 tes
2074 1712 2310 1769 divinus
2375 1712 2536 1769 furor
2595 1714 2864 1785 stillabit,
2922 1719 2980 1770 et
3028 1715 3305 1771 ultionem
3362 1715 3579 1785 justam

209 1803 458 1859 cordastis
522 1804 789 1874 quodque
844 1802 1022 1859 verbo
1083 1808 1141 1858 et
1209 1816 1381 1859 manu
1436 1803 1495 1857 in
1556 1799 1820 1871 prasenti
1849 1785 2097 1870 Bopere
2146 1801 2375 1858 cunctis
2411 1803 2688 1860 ostendet.
2736 1803 2980 1861 Oramus
3009 1809 3200 1861 autem
3244 1818 3418 1875 super
3464 1819 3580 1861 om-

210 1896 371 1947 sancta
417 1896 471 1947 et
531 1891 842 1947 universali
903 1890 1118 1963 synodo
1170 1891 1542 1963 conﬁrmatis,
1602 1904 1673 1945 ne
1725 1903 1823 1959 per

206 1981 619 2049 contentionem,
698 1985 754 2036 et
826 1981 1198 2051 pertinaciam
1272 1986 1548 2050 mutuam,
1621 1978 1826 2035 disru—

209 2066 422 2135 ptionem
471 2083 682 2125 rursus
733 2069 1058 2125 communis
1108 2068 1379 2124 Ecclesia
1422 2066 1683 2136 corporis
1732 2065 1826 2122 fa—

205 2156 367 2224 ciatis,
390 2161 444 2212 et
467 2171 587 2213 non
616 2156 874 2213 habeatis
898 2157 1120 2212 veniam
1166 2157 1225 2212 in
1245 2156 1341 2212 die
1364 2155 1705 2226 justissima
1730 2168 1829 2209 re—

205 2244 564 2315 tributionis;
611 2246 707 2303 sed
762 2246 1020 2303 amicitia
1063 2249 1249 2302 vestra
1296 2250 1352 2300 et
1390 2258 1704 2301 consensus
1751 2243 1830 2299 sit

202 2333 258 2389 ad
284 2335 701 2392 ordinationem
727 2336 907 2392 totius
930 2335 1104 2393 ovilis
1131 2334 1569 2391 districtissima
1599 2345 1823 2389 norma:

207 2423 253 2477 in
280 2438 368 2480 vos
409 2424 877 2495 contemplentnr
923 2423 1166 2497 subditi,
1214 2422 1691 2496 quemadmodum
1749 2420 1832 2490 pi~

207 2516 421 2569 stores:
491 2513 572 2569 ad
638 2513 1004 2585 principalia,
1077 2517 1133 2569 et
1200 2512 1269 2569 ad
1339 2512 1515 2569 vitam
1586 2514 1829 2567 vestram

202 2606 247 2655 et
310 2616 507 2673 mores,
596 2616 697 2659 seu
784 2604 1243 2659 conversationes
1328 2600 1610 2656 moderari
1692 2612 1833 2670 pro—

202 2686 400 2746 bantur.
458 2690 574 2746 Sed
630 2696 687 2747 et
733 2691 835 2761 qui
894 2691 955 2746 in
1011 2691 1164 2748 clero
1217 2689 1475 2762 deputati
1532 2687 1674 2744 estis
1736 2688 1834 2743 Ec-

200 2776 369 2833 clesia
434 2779 570 2849 Dei,
624 2780 877 2835 eamdem
943 2783 1271 2835 conservate
1338 2776 1829 2845 constitutionem,

203 2868 250 2919 et
295 2866 576 2924 alternam
631 2867 1015 2937 concordiam,
1076 2867 1238 2924 nullo
1310 2867 1683 2936 declinantes,
1745 2863 1832 2919 vel

201 2961 376 3024 prater
420 2970 560 3027 qua
604 2955 823 3011 sancita
870 2959 1007 3011 sunt
1055 2954 1279 3025 Spiritu
1331 2958 1547 3026 sancto,
1600 2952 1671 3008 ab
1729 2951 1834 3007 hac

203 3056 375 3116 magna
419 3052 477 3101 et
531 3043 856 3101 universali
886 3048 942 3099 et
975 3044 1190 3114 synodo
1241 3043 1632 3113 pradicantes.
1694 3042 1834 3095 Nam

1933 1889 2029 1944 nia
2079 1894 2339 1946 sanctum
2385 1892 2562 1947 Deum
2617 1906 2812 1948 omnes
2874 1892 3222 1963 melioratos,
3272 1897 3329 1949 et
3384 1905 3582 1950 secun-

1931 1978 2069 2033 dum
2115 1978 2571 2050 beneplacentem
2620 1981 2733 2036 sibi
2766 1981 3112 2038 voluntatem
3155 1981 3574 2041 clarescentes:

1935 2079 2049 2122 non
2092 2066 2336 2122 soluma
2365 2068 2562 2124 divina
2616 2069 2704 2124 ira
2752 2069 3063 2125 intentatos
3111 2083 3430 2140 mansuros,
3481 2069 3576 2125 sed

1935 2159 2146 2212 aterna
2208 2156 2356 2212 bona
2410 2161 2818 2213 consecuturos
2875 2157 3237 2214 orationibus
3315 2157 3582 2213 interces-

1937 2243 2202 2299 sionibus
2221 2244 2598 2301 sanctissima
2625 2245 2871 2301 domina
2897 2251 3103 2303 nostra
3120 2246 3222 2302 Dei
3243 2245 3579 2317 Genitricis,

1937 2335 1994 2386 et
2022 2332 2277 2389 omnium
2325 2338 2673 2406 sanctorum,
2723 2339 2779 2390 et
2822 2335 3088 2404 precibus
3132 2348 3199 2391 ac
3240 2334 3583 2391 obsecratio-

1940 2419 2113 2477 nibus
2140 2426 2349 2478 sancta
2396 2423 2572 2493 hujus
2616 2428 2672 2479 et
2723 2424 3065 2481 universalis
3106 2424 3327 2495 synodi.
3383 2424 3578 2479 Amen.

2006 2511 2078 2565 Et
2125 2515 2252 2580 post
2306 2510 2607 2567 lectionem
2669 2512 2920 2568 Basilius
2975 2512 3198 2568 amicus
3258 2511 3475 2571 Christi
3531 2516 3589 2568 et

1942 2612 2182 2671 magnus
2232 2600 2542 2670 imperator
2576 2601 2767 2657 dixit:
2818 2602 2983 2671 chat
3032 2615 3203 2673 nunc,
3253 2602 3586 2672 quicunque

1941 2687 2189 2743 voluerit
2215 2702 2284 2744 ex
2326 2689 2657 2746 sedentibus
2704 2690 2764 2745 in
2819 2690 2923 2746 hac
2972 2696 3167 2746 sancta
3211 2694 3268 2745 et
3318 2690 3586 2746 universa

1942 2777 2175 2848 synodo,
2228 2778 2289 2833 in
2341 2792 2454 2848 quo
2492 2780 2733 2836 istorum
2775 2779 3000 2835 hasitet
3032 2779 3118 2835 vel
3160 2778 3411 2853 ambigat
3461 2793 3588 2850 qua

1943 2879 2096 2921 nunc
2138 2865 2283 2922 lecta
2308 2871 2460 2922 sunt.
2507 2868 2710 2924 Sancta
2740 2868 2993 2938 synodus
3040 2867 3415 2924 exclamavit:
3462 2867 3590 2924 Om-

1944 2953 2117 3009 nibus
2165 2953 2387 3023 placent
2426 2970 2551 3027 qua
2608 2957 2753 3013 lecta
2779 2957 2950 3013 sunt!
3001 2957 3209 3013 Omnes
3249 2956 3463 3013 eisdem
3509 2956 3593 3026 ip-

1945 3042 2029 3098 sis
2069 3045 2534 3102 concordamus‘?
2571 3046 2778 3103 Omnes
2831 3046 3075 3102 libenter
3116 3044 3589 3103 subscribimus?

199 3135 244 3185 et
275 3132 378 3203 ipsi
410 3133 473 3189 in
497 3132 781 3190 omnibus
813 3132 1183 3203 convenistis,
1211 3136 1268 3187 et
1298 3130 1415 3187 sole
1444 3130 1661 3185 clarius
1694 3128 1836 3184 veri—
1864 3121 1916 3185 C
1944 3134 2305 3190 Sanctissimi
2352 3134 2555 3190 vicarii
2596 3135 2843 3191 senioris
2867 3136 3054 3191 Roma
3091 3134 3398 3190 dixerunt:
3445 3134 3590 3202 Quo-

201 3223 345 3275 tatem
376 3218 751 3292 résplendere
778 3221 1030 3292 vidistis,
1064 3221 1126 3277 in
1147 3233 1316 3292 quam
1339 3225 1396 3276 et
1432 3217 1832 3291 consensistis,

197 3311 242 3361 et
275 3311 723 3380 Aconcordantes
796 3308 1171 3380 apparuistis.
1252 3310 1332 3364 De
1407 3307 1572 3364 vobis
1644 3312 1832 3362 autem

198 3378 359 3469 laicis,
386 3404 502 3455 tam
537 3399 648 3470 qui
682 3398 742 3455 in
785 3378 1194 3471 dignitatibus,
1230 3411 1399 3469 quam
1431 3397 1532 3469 qui
1577 3395 1838 3451 absolute

198 3488 627 3554 conversamini,
696 3488 835 3558 quid
894 3487 1145 3558 amplius
1209 3487 1397 3543 dicam
1457 3499 1569 3542 non
1635 3482 1833 3553 habeo,

198 3588 343 3643 quam
372 3578 511 3648 quia
556 3576 730 3634 nullo
761 3577 926 3633 modo
957 3576 1118 3633 vobis
1162 3577 1298 3632 licet
1325 3578 1396 3633 de
1424 3570 1836 3631 ecclesiasticis

195 3663 364 3720 causis
408 3678 738 3721 sermonem
778 3678 1019 3733 movere,
1070 3679 1253 3736 neque
1293 3664 1523 3735 penitus
1568 3661 1836 3718 resistere

197 3750 491 3823 integritati
562 3753 860 3824 Ecclesia,
928 3758 984 3808 et
1054 3753 1367 3809 universali
1439 3752 1654 3823 synodo
1726 3750 1839 3805 ad-

196 3842 405 3896 versari.
451 3843 578 3899 Hoc
633 3842 786 3897 enim
820 3841 1163 3913 investigare
1192 3846 1248 3897 et
1299 3854 1553 3911 quarere
1584 3839 1840 3911 patriar—

193 3927 431 4001 charum,
474 3931 848 4001 pontiﬁcum,
891 3935 947 3986 et
990 3931 1345 3987 sacerdotum
1375 3935 1480 4000 est,
1531 3930 1633 4000 qui
1679 3928 1841 4000 regi—

196 4018 353 4075 minis
379 4019 644 4078 oﬁicium
689 4020 881 4076 sortiti
911 4024 1066 4091 sunt,
1122 4020 1222 4091 qui
1267 4019 1682 4089 sanctiﬁcandi,
1735 4017 1836 4087 qui

192 4105 393 4178 ligandi
473 4115 535 4166 et
624 4109 879 4166 solvendi
964 4113 1296 4180 potestatem
1373 4109 1646 4165 habent:
1735 4105 1836 4177 qui

193 4196 609 4256 ecclesiasticas
645 4204 702 4255 et
738 4199 995 4256 calestes
1038 4198 1228 4269 adepti
1261 4202 1397 4254 sunt
1443 4199 1669 4254 claves:
1724 4213 1835 4257 non

191 4290 430 4343 nostrum
484 4288 596 4359 qui
638 4287 794 4359 pasci
825 4287 1116 4359 debemus,
1168 4287 1267 4358 qui
1313 4286 1684 4359 sanctiﬁcari,
1735 4288 1835 4358 qui

194 4369 367 4446 ligari,
425 4377 518 4434 vel
581 4390 617 4434 a
670 4377 982 4449 ligamento
1038 4375 1185 4433 solvi
1254 4389 1502 4448 egemus.
1565 4376 1837 4445 Quanta-

190 4474 399 4535 cnnqne
451 4468 620 4522 enim
675 4466 979 4538 religionis
1030 4470 1087 4521 et
1135 4464 1431 4534 sapientia
1483 4463 1667 4521 laicus
1721 4465 1836 4521 exi-

192 4554 310 4621 stat,
347 4555 434 4610 vel
486 4556 673 4612 etiam
723 4555 774 4611 si
824 4555 1093 4611 universa
1141 4554 1355 4610 virtute
1407 4552 1656 4609 interius
1707 4554 1840 4623 pol-
1882 4620 1883 4625 η

190 4636 306 4713 lcat,
360 4643 549 4701 donec
598 4643 789 4700 laicus
829 4647 934 4711 est,
991 4642 1117 4701 ovis
1159 4642 1349 4699 vocari
1399 4656 1511 4698 non
1557 4642 1781 4698 desinet
1818 4661 1830 4697 :

190 4741 493 4803 rursusque
552 4736 1004 4803 quantacunque
1033 4731 1336 4803 episcopus
1381 4731 1460 4787 sit
1516 4731 1839 4787 irreveren-

189 4814 257 4872 tia
282 4824 336 4876 et
366 4820 820 4894 irreligiositate
861 4821 1082 4893 plenus,
1109 4824 1167 4876 et
1190 4821 1380 4876 nudus
1415 4821 1569 4875 omni
1600 4820 1831 4893 virtute,

186 4904 347 4964 donec
392 4912 656 4967 antistes
703 4914 809 4982 est,
837 4914 893 4966 et
920 4910 1183 4967 veritatis
1223 4908 1455 4965 verbum
1495 4914 1645 4966 recte
1703 4925 1838 4980 pra-

186 4991 470 5071 dicaverit,
520 5000 783 5071 pastoris
835 4999 1145 5055 mentionis
1185 5001 1242 5054 et
1276 4998 1582 5070 dignitatis
1630 4999 1838 5055 damna

190 5096 286 5141 non
333 5090 644 5158 patietur:
696 5103 821 5161 qua
865 5102 1000 5161 ergo
1049 5088 1217 5145 nobis
1246 5087 1393 5144 ratio
1418 5093 1504 5143 est
1534 5088 1593 5143 in
1636 5089 1837 5143 ordine

189 5174 362 5233 ovium
421 5179 777 5236 constitutis
838 5184 1094 5249 pastores
1148 5177 1448 5235 verborum
1516 5176 1836 5233 subtilitate

189 5262 557 5340 discutiendi,
638 5273 694 5323 et
746 5281 812 5323 ea
884 5281 1011 5337 qua
1075 5280 1246 5337 super
1316 5280 1418 5322 nos
1469 5270 1606 5322 sunt
1675 5279 1839 5337 qua-

194 5354 331 5411 rendi
379 5363 439 5413 et
496 5356 860 5413 ambiendi?
910 5356 1146 5427 Oportet
1196 5370 1300 5412 nos
1348 5370 1479 5412 cum
1526 5356 1732 5411 timore
1782 5359 1840 5410 et

194 5440 283 5498 ﬁde
327 5446 567 5502 sincera
624 5445 727 5501 hos
776 5445 957 5514 adire,
1007 5449 1064 5501 et
1108 5458 1143 5499 a
1192 5443 1337 5501 facie
1382 5458 1578 5501 eorum
1631 5444 1835 5515 vereri,

195 5540 302 5587 cum
341 5534 466 5590 sint
492 5532 763 5590 ministri
786 5533 1017 5590 Domini
1062 5532 1493 5603 omnipotentis,
1521 5537 1577 5588 et
1627 5532 1839 5603 hujus-

198 5622 328 5679 modi
378 5622 644 5683 formam
690 5621 1057 5693 possideant:
1113 5625 1171 5679 et
1193 5620 1345 5677 nihil
1371 5620 1623 5691 amplius
1665 5634 1836 5693 quam

1946 3223 2098 3279 niam
2137 3222 2493 3292 providentia
2533 3223 2633 3278 Dei
2682 3224 2740 3278 in
2794 3237 3123 3293 prosperum
3185 3222 3352 3278 ﬁnem
3396 3221 3592 3277 omnia

1943 3312 2209 3369 Ecclesia
2267 3312 2615 3368 devenerunt
2680 3312 2924 3383 negotia,
2988 3314 3212 3381 oportet
3262 3324 3366 3366 nos
3416 3315 3473 3365 et
3526 3310 3586 3365 in

1947 3400 2182 3470 scriptis
2246 3413 2419 3456 manu
2463 3400 2693 3469 propria
2732 3401 2850 3455 hac
2915 3399 3201 3468 roborare,
3271 3398 3584 3454 secundum

1947 3488 2275 3558 synodicam
2323 3488 2808 3559 consequentiam.
2859 3487 3015 3543 Unde
3061 3486 3327 3543 volumus
3353 3490 3417 3541 ut
3459 3484 3590 3540 sub-

1945 3576 2203 3632 scribant
2275 3576 2547 3646 primitus
2625 3575 2841 3631 Christi
2913 3578 3193 3631 amatores
3272 3574 3588 3643 imperato—-

1947 3679 2056 3735 res,
2107 3668 2163 3721 et
2203 3665 2411 3721 deinde
2457 3666 2768 3721 secundum
2798 3664 3056 3720 ordinem
3108 3667 3302 3720 sancta
3334 3662 3452 3718 hac
3504 3675 3591 3731 sy-

1947 3754 2149 3810 nodus.
2186 3754 2435 3810 Basilius
2470 3753 2772 3823 piissimus
2802 3757 2859 3808 et
2897 3752 3113 3807 Christi
3153 3751 3377 3807 amicus
3422 3750 3595 3819 impe-

1948 3848 2104 3899 rator
2139 3842 2331 3899 dixit:
2374 3841 2943 3914 Tranquillissimum
2985 3841 3290 3910 imperium
3332 3843 3591 3896 nostrum

1947 3945 2212 3987 securum
2266 3931 2644 4000 pracedentes
2688 3935 2745 3985 et
2793 3929 3150 4000 justissimos
3198 3928 3589 3997 imperatores,

1945 4019 2383 4079 Constantinum
2462 4018 2731 4074 videlicet
2815 4031 3100 4090 magnum,
3191 4022 3247 4072 et
3330 4015 3595 4073 Theodo-

1947 4110 2119 4180 sium,
2166 4112 2221 4164 et
2267 4107 2639 4179 Marcianum,
2680 4120 2746 4162 ac
2774 4112 3025 4177 cateros,
3069 4104 3195 4161 vult
3232 4104 3596 4160 subscribere

1948 4204 2074 4270 post
2123 4197 2605 4269 subscriptionem
2652 4196 2908 4252 omnium
2932 4197 3044 4251 Deo
3090 4193 3427 4250 amabilium
3474 4193 3591 4263 epi-

1946 4301 2268 4357 scoporum.
2330 4286 2433 4342 Sed
2508 4284 2778 4355 quoniam
2846 4283 3097 4353 postulat
3161 4282 3415 4353 praferri
3490 4295 3596 4337 nos

1945 4376 2222 4433 sanctitas
2284 4378 2488 4445 vestra,
2536 4371 2893 4429 subscribam
2940 4374 3068 4455 post
3109 4371 3594 4440 subscriptionem

1864 4459 1921 4521 D
1946 4466 2203 4523 omnium
2243 4463 2739 4521 sanctissimorum
2790 4462 3178 4518 vicariorum:
3217 4458 3401 4515 edocti
3435 4458 3589 4512 enim

1948 4568 2148 4611 sumus
2176 4567 2208 4608 a
2237 4552 2467 4608 Christo
2513 4564 2644 4606 vero
2688 4552 2800 4606 Deo
2851 4553 3046 4607 nostro
3086 4548 3292 4604 habere
3343 4545 3595 4601 exaltan-

1948 4648 2059 4700 tem
2100 4642 2503 4699 humilitatem.
2559 4641 2630 4695 Et
2674 4644 2801 4710 post
2848 4640 2953 4696 hoc
3000 4637 3288 4708 accipiens
3336 4636 3596 4691 Donatus

1947 4732 2347 4790 sanctissimus
2388 4730 2692 4801 episcopus
2720 4729 2912 4801 Ostia,
2942 4727 3288 4796 subscripsit
3318 4726 3377 4780 in
3434 4724 3599 4795 quin-

1946 4837 2056 4895 que
2106 4821 2291 4891 libris,
2338 4824 2395 4875 et
2438 4818 2644 4875 deinde
2690 4818 3009 4888 Stephanus
3057 4816 3361 4887 episcOpus
3404 4818 3591 4885 Nepa,

1945 4918 2001 4968 et
2062 4911 2320 4966 Marinus
2391 4908 2670 4965 diaconus
2748 4906 3278 4977 reverendissimus,
3350 4909 3405 4961 et
3480 4904 3593 4960 ho—

1947 4997 2362 5055 norabilissimi
2433 4996 2637 5053 vicarii
2715 4995 2961 5052 senioris
3036 4997 3225 5052 Roma
3285 5010 3298 5048 :
3375 4993 3584 5049 deinde

1945 5087 2201 5160 Ignatius
2267 5085 2668 5141 sanctissimus
2730 5084 3056 5154 patriarcha
3118 5083 3596 5153 Constantinopo-

1947 5176 2082 5246 leos,
2158 5175 2365 5231 deinde
2439 5174 2642 5244 Joseph
2719 5174 3229 5230 reverendissimus
3308 5171 3596 5227 archidia-

1945 5279 2124 5321 conus
2179 5269 2235 5320 et
2283 5260 2537 5319 vicarius
2580 5263 2734 5318 sedis
2782 5262 3162 5333 Alexandria,
3206 5261 3414 5318 deinde
3452 5260 3597 5315 Tho-

1948 5368 2068 5409 mas
2116 5352 2625 5409 reverendissimus
2676 5351 3036 5421 metropolita
3082 5350 3236 5421 Tyri,
3294 5354 3349 5405 et
3401 5349 3588 5405 locum

1948 5443 2200 5499 retinens
2242 5441 2395 5499 sedis
2435 5441 2789 5498 Antiochia:
2852 5445 2908 5497 et
2935 5438 3205 5509 deinceps
3254 5439 3445 5494 llelias
3486 5435 3585 5491 Dei

1946 5531 2135 5588 cultor
2179 5529 2490 5587 monachus
2532 5533 2589 5586 et
2633 5530 2922 5599 presbyter
2967 5541 3033 5582 ac
3080 5527 3368 5596 syncellus
3413 5530 3587 5594 atque

1946 5619 2200 5678 vicarius
2245 5618 2400 5675 sedis
2442 5617 2981 5687 Hierosolymorum.
3034 5615 3104 5670 Et
3142 5619 3267 5683 post
3298 5614 3402 5668 hos
3453 5614 3590 5683 piis«
