4018 6166
357 305 459 363 475

1593 285 1950 344 ANASTASII
1988 281 2525 338 BIBLIOTHECARII

3648 269 3740 329 476

353 438 486 493 simi
530 439 585 490 et
635 436 914 488 amatores
959 423 1173 482 Christi
1230 421 1597 488 imperatores
1641 411 1888 468 Basilius
1941 404 2083 464 etA
2179 410 2293 478 Ego
2329 407 2585 461 Marinus
2623 409 2833 460 sancta
2860 402 3155 458 catholica
3197 404 3253 455 et
3294 397 3620 469 apostolica
3649 399 3744 454 Ro-

351 523 780 588 Constantinus,
843 518 1076 587 ligentes
1130 511 1359 581 quidem
1416 503 1649 574 pr0pria
1708 514 1878 554 manu
1938 498 1995 551 in

357 613 613 684 quinque
681 605 1076 663 voluminibus
1153 599 1413 669 pretiosa
1483 591 1674 648 crucis
1759 589 1923 642 ﬁdem
1981 603 1992 638 :

354 677 566 757 Basilio
643 710 845 767 magno
922 694 1280 762 imperatore,
1360 682 1634 740 similiter
1709 677 1880 731 etiam
1947 678 2003 728 et

351 763 975 854 Constantinovﬁgente
1035 790 1259 833 crucem
1307 787 1405 842 pro
1452 785 1511 825 se
1565 774 1621 823 et
1674 780 1773 836 pro
1830 763 2004 817 fratre

357 893 462 934 suo
513 879 707 930 Leone.
779 851 1176 926 subscribente
1241 873 1466 932 quoque
1525 856 1753 912 nomina
1826 851 2002 906 trium

359 968 764 1035 imperatorum
839 957 1066 1028 propria
1147 967 1338 1021 manu,
1416 953 1471 1003 et
1556 938 2006 1010 subscriptionis

359 1055 653 1110 residuum
706 1046 1100 1104 subscribente
1151 1038 1563 1106 Christophoro
1613 1037 2009 1102 protoasecre—

362 1145 458 1212 tis,
539 1146 595 1195 et
670 1135 971 1207 praposito
1045 1129 1412 1186 caniculia:
1482 1122 1688 1178 deinde
1762 1115 2013 1172 subscri'

362 1234 598 1302 pserunt
659 1205 910 1282 universi
983 1217 1234 1290 episcopi
1317 1213 1627 1270 secundum
1713 1205 2009 1277 proprium

362 1293 619 1376 ordinem
646 1321 701 1369 et
722 1313 976 1383 quinque
1013 1304 1424 1364 voluminibus.
1476 1302 1609 1354 Post
1656 1297 1773 1351 hac
1827 1293 2014 1347 inter—

365 1406 570 1479 rogati,
617 1400 876 1472 magistri
922 1404 976 1452 et
1023 1409 1218 1453 omnes
1240 1389 1492 1462 patricii,
1527 1385 1664 1457 quid
1709 1385 1779 1438 de
1818 1383 2014 1436 sancta

363 1471 462 1550 etv
515 1471 825 1548 universali
893 1485 1107 1556 synodo
1192 1479 1608 1544 existimarent,
1696 1471 1781 1526 vel
1865 1480 2016 1537 quo—

365 1583 532 1639 modo
609 1593 729 1634 eam
774 1573 1218 1639 subscriberent,
1267 1567 1597 1622 Theodorus
1656 1557 2021 1630 magniﬁcen-

365 1671 630 1727 tissimus
656 1663 958 1736 proconsul
985 1666 1041 1717 et
1084 1659 1354 1730 magister
1404 1653 1555 1709 dixit
1624 1651 1702 1704 ita
1741 1665 1752 1700 :
1814 1643 2018 1700 Omnia

2111 510 2286 551 mana
2333 495 2599 549 Ecclesia
2641 494 2938 561 diaconus,
2988 491 3174 546 locum
3216 488 3482 543 obtinens
3529 487 3738 541 domini

2112 585 2219 640 mei
2267 583 2505 639 Adriani
2535 581 2744 638 summi
2788 579 3077 650 pontiﬁcis
3105 585 3160 632 et
3201 575 3546 633 universalis
3575 589 3741 643 papa,

2111 673 2300 729 omnia
2335 686 2460 742 qua
2490 671 2759 740 superius
2811 670 3098 740 leguntur,
3135 666 3271 721 huic
3315 671 3523 719 sancta
3550 669 3605 718 et
3635 663 3751 718 uni-

2113 762 2318 818 versali
2342 761 2555 830 synodo
2587 759 2912 828 prasidens,
2942 770 3122 826 usque
3152 755 3220 809 ad
3245 753 3591 809 voluntatem
3616 751 3752 819 ejus-

2113 852 2238 906 dem
2267 849 2466 906 eximii
2512 847 2778 916 prasulis
2829 843 3207 916 promulgavi,
3239 847 3295 896 et
3327 854 3498 895 manu
3530 839 3752 909 propria

2117 939 2458 1008 subscripsi.

2192 1027 2467 1100 Ignatius,
2493 1024 2887 1081 misericordia
2917 1023 3016 1077 Dei
3039 1021 3342 1090 episcopus
3369 1017 3759 1073 Constantino-

2121 1117 2312 1188 poleos
2344 1129 2497 1170 nova
2548 1115 2755 1182 Roma,
2803 1117 3053 1167 sanctam
3107 1110 3252 1164 hanc
3291 1113 3346 1163 et
3385 1105 3756 1162 universalem

2121 1206 2396 1275 synodum
2429 1202 2772 1272 suscipiens,
2795 1205 2850 1255 et
2879 1197 3146 1255 omnibus
3167 1209 3293 1266 qua
3317 1194 3388 1250 ab
3417 1208 3481 1249 ea
3507 1194 3760 1262 judicata

2121 1299 2178 1350 et
2207 1293 2421 1361 scripta
2446 1295 2582 1346 sunt
2623 1289 2993 1358 concordans,
3036 1291 3092 1341 et
3119 1283 3418 1353 deﬁniens,
3446 1279 3758 1349 subscripsi

2125 1396 2295 1437 manu
2329 1380 2575 1450 pr0pria.

2194 1477 2420 1545 Joseph,
2497 1472 2893 1530 misericordia
2957 1471 3057 1526 Dei
3123 1469 3420 1538 diaconus,
3495 1470 3548 1522 et
3617 1464 3765 1519 vices

2126 1579 2298 1636 agens
2322 1563 2620 1619 Michaelis
2655 1560 3005 1617 sanctissimi
3050 1557 3387 1628 patriarcha
3413 1553 3767 1609 Alexandria

2129 1658 2378 1708 sanctam
2412 1652 2556 1706 hanc
2597 1656 2653 1705 et
2692 1647 3070 1705 universalem
3105 1646 3383 1716 synodum
3424 1641 3766 1710 suscipiens,

368 1775 493 1832 qua
553 1721 698 1812 facta
772 1758 907 1810 sunt
953 1766 984 1806 a
1037 1721 1241 1804 Photio
1306 1748 1503 1799 contra
1589 1734 2016 1794 sanctissimum

2156 1747 2184 1797 :t
2212 1740 2480 1797 omnibus
2508 1753 2632 1809 quae
2661 1737 2732 1792 ab
2755 1752 2819 1792 ea
2849 1736 3107 1806 judicata
3138 1739 3194 1789 et
3228 1733 3442 1801 scripta
3487 1733 3621 1785 sunt
3647 1741 3772 1783 con-

370 1821 751 1920 patriarcham
811 1846 1070 1897 nostrum
1136 1834 1440 1907 Ignatium,
1513 1834 1567 1884 et
1629 1830 1824 1881 contra
1899 1821 2022 1874 bea-

370 1911 660 1992 tissimum
740 1943 939 2000 papam
1003 1924 1289 1994 Nicolum,
1361 1914 1868 1980 anathematizans,
1967 1911 2022 1961 et

373 2027 518 2081 hanc
561 1997 829 2077 sanctam
861 2021 915 2071 et
955 2011 1329 2070 unirersalem
1366 2006 1644 2078 synodum
1675 1997 2016 2068 suscipiens,

375 2111 592 2180 recipio
641 2122 783 2180 quos
840 2104 1048 2174 recipit
1100 2105 1156 2156 et
1207 2095 1624 2154 anathematizo
1684 2103 1828 2160 quos
1893 2098 2021 2143 ana-

375 2199 726 2256 thematizat.
785 2195 843 2251 Si
891 2208 1022 2249 vero
1072 2202 1332 2258 recepero
1380 2183 1692 2255 aliquando
1747 2194 1889 2251 quos
1935 2194 2021 2248 sy-

378 2291 562 2346 nodus
623 2285 843 2354 abjicit,
907 2281 1204 2337 anathema
1255 2277 1369 2331 sim
1419 2289 1450 2328 a
1497 2273 1746 2328 Christo.
1809 2267 2026 2323 Simili-

378 2385 464 2433 ter
503 2374 950 2443 Christophorus
1007 2363 1609 2438 magniﬁcentissimus
1667 2358 1945 2427 patricius
1970 2359 2026 2409 et

381 2465 722 2536 prapositus
754 2461 941 2516 dixit:
979 2455 1180 2512 Omnia
1213 2466 1337 2523 qua
1368 2450 1511 2504 facta
1557 2453 1692 2502 sunt
1744 2460 1776 2500 a
1824 2444 2024 2499 Photio

383 2557 578 2609 contra
609 2549 1034 2606 sanctissimum
1063 2541 1445 2613 patriarcham
1472 2536 1775 2609 Ignatium,
1809 2538 1863 2588 et
1899 2546 2027 2587 con-

385 2648 470 2696 tra
506 2637 933 2695 sanctissimum
958 2645 1155 2702 papam
1178 2628 1494 2695 Nicolaum,
1519 2621 2021 2686 anathematizans,

384 2735 440 2786 et
508 2730 652 2784 hanc
727 2727 977 2780 sanctam
1029 2725 1085 2775 et
1135 2715 1513 2773 universalem
1585 2712 1860 2781 synodum
1920 2723 2029 2763 su—

385 2817 657 2887 scipiens,
717 2810 974 2880 suscipio
1031 2820 1174 2878 quos
1228 2803 1427 2873 recipi,
1495 2806 1551 2855 et
1609 2797 2026 2854 anathematizo

387 2885 532 2977 quos
589 2898 1047 2958 anathematizat.
1111 2895 1169 2951 Si
1220 2906 1351 2949 vcro
1406 2902 1668 2958 recepero
1715 2885 2028 2955 aliquando

387 2974 551 3065 quem
581 2991 830 3062 synodus
855 2986 1076 3056 abjicit,
1109 2982 1407 3038 anathema
1445 2979 1554 3034 sim
1593 2991 1624 3030 a
1667 2975 1912 3030 Christo.
1961 2974 2030 3026 Et

386 3061 654 3150 deinceps
683 3076 1082 3146 unusquisque
1119 3069 1656 3142 pranominatorum
1688 3065 1743 3118 in
1778 3061 2030 3118 sessione

389 3170 762 3240 patriciorum
789 3164 1102 3220 secundum
1152 3161 1268 3214 hac
1303 3156 1506 3224 edidit,
1549 3167 1644 3209 ore
1672 3151 1902 3222 proprio
1936 3163 2032 3218 per

387 3260 570 3314 vivam
597 3269 806 3325 vocem,
834 3265 1061 3308 sensum
1089 3261 1279 3316 suum,
1327 3243 1619 3299 velocibus
1649 3237 2032 3309 scriptoribus

387 3343 809 3415 excipientibus
822 3355 947 3412 qua
959 3337 1299 3395 dicebantur
1311 3334 1380 3388 ab
1394 3343 1737 3401 unoquoque
1752 3330 2030 3398 ipsorum,

390 3448 516 3504 qua
559 3433 729 3488 etiam
778 3430 919 3485 lecta
960 3431 1095 3482 sunt
1133 3425 1190 3479 in
1235 3420 1588 3478 audientiam
1629 3417 1885 3472 omnium
1939 3427 2035 3483 per

390 3525 626 3578 Leonem
649 3535 679 3574 a
709 3517 965 3587 secretis,
1007 3527 1196 3570 coram
1243 3516 1434 3566 sancta
1487 3513 1544 3562 et
1572 3504 1916 3561 universalis
1953 3517 2039 3572 sy-

391 3611 539 3666 nodo
564 3622 698 3664 voce
742 3605 966 3678 grandi.
1019 3604 1087 3656 Et
1115 3605 1239 3668 post
1271 3599 1376 3651 hoc
1415 3602 1572 3650 stans
1603 3594 1658 3646 in
1703 3591 1888 3646 medio
1925 3590 2040 3643 Ste-

392 3699 617 3767 phanus
641 3677 1047 3750 Deoiamabilis
1067 3689 1346 3743 diaconus
1374 3689 1428 3737 et
1463 3680 1724 3736 notarius
1750 3677 2042 3747 superlau-

393 3766 550 3840 davit
576 3785 694 3839 ita:
744 3781 954 3836 Multos
995 3789 1176 3832 annos
1214 3773 1621 3841 imperatorum
1654 3767 1875 3836 Basilii,
1903 3766 2047 3819 Con-

395 3871 636 3928 stantini
663 3884 728 3924 ac
763 3865 1006 3922 Leonis!
1060 3865 1391 3932 Magnorum
1443 3856 1771 3927 principum
1816 3854 2047 3921 etimpe-

397 3964 649 4015 ratorum
675 3956 884 4011 multos
904 3966 1084 4008 annos
1113 3951 1124 4003 !
1176 3948 1446 4005 Eudoxia
1473 3945 1750 4015 piissima
1775 3942 2046 4013 Augusta

398 4047 547 4102 mult
583 4061 611 4101 s
636 4058 815 4099 annos
843 4043 855 4097 ι
886 4041 1095 4096 Multos
1115 4052 1296 4093 annos
1319 4032 1758 4104 imperatorum!

930 4159 1506 4221 SUBSCRIPTIONES.

472 4279 589 4349 Ego
612 4278 867 4331 Donatus
893 4272 1079 4344 gratia
1126 4271 1226 4324 Dei
1257 4267 1562 4337 episcopus
1592 4268 1800 4320 sancta
1827 4260 2050 4318 Ostien-

402 4367 486 4423 sis
524 4365 807 4428 Ecclesia,
851 4363 1037 4418 locum
1083 4359 1348 4415 obtinens
1385 4354 1605 4410 domini
1649 4352 1754 4406 mei
1807 4349 2044 4405 Adriani
2071 4377 2127 4438 D

403 4455 612 4512 summi
655 4453 943 4524 pontiﬁcis
977 4456 1033 4506 et
1072 4445 1417 4504 universalis
1473 4457 1647 4512 papa,
1691 4441 1882 4495 omnia
1922 4453 2048 4508 qua:

405 4544 673 4614 superius
704 4541 973 4613 leguntur
996 4538 1131 4593 huic
1167 4540 1374 4591 sancta
1399 4537 1454 4587 et
1485 4529 1796 4586 universali
1831 4528 2047 4597 synodo

406 4632 737 4702 praesidens,
781 4642 960 4698 usque
1011 4619 1079 4682 ad
1130 4624 1477 4679 voluntatem
1542 4619 1794 4688 ejusdem
1847 4616 2047 4671 eximii

408 4720 671 4789 prasulis
697 4714 1072 4788 promulgavi,
1107 4717 1161 4767 et
1193 4724 1360 4765 manu
1389 4708 1615 4779 propria
1638 4705 1974 4774 subscripsi.

475 4809 592 4878 Ego
638 4805 958 4874 Stephanus
1003 4801 1186 4874 gratia
1229 4799 1328 4854 Dei
1374 4798 1676 4868 episcopus
1705 4799 1912 4849 sancta
1952 4793 2054 4846 Ne-

410 4895 625 4966 peaina
694 4892 981 4961 Ecclesia,
1056 4890 1241 4944 locum
1310 4887 1577 4943 obtinens
1644 4881 1864 4939 domini
1941 4879 2048 4934 mei

408 4983 648 5041 Adriani
682 4981 890 5038 summi
927 4978 1216 5049 pontiﬁcis
1253 4982 1308 5032 et
1350 4973 1696 5032 universalis
1725 4985 1898 5041 papa,
1941 4983 2056 5025 om-

409 5075 507 5130 nia
547 5087 671 5143 qua
702 5070 970 5140 superius
1024 5068 1294 5139 leguntur
1340 5064 1476 5120 huic
1519 5067 1726 5118 sancta
1747 5066 1802 5115 et
1833 5059 2054 5114 univer-

410 5163 518 5219 sali
549 5162 763 5232 synodo
814 5157 1142 5228 prasidens,
1178 5168 1360 5225 usque
1404 5154 1472 5208 ad
1518 5151 1865 5207 voluntatem
1911 5147 2056 5215 ejus-

412 5253 538 5308 dem
578 5249 777 5305 eximii
811 5247 1073 5318 prasulis
1121 5241 1496 5314 promulgavi,
1528 5245 1584 5294 et
1622 5251 1792 5293 manu
1825 5235 2056 5305 propria

414 5339 751 5408 subscripsi.

483 5483 504 5508 ³
534 5462 879 5533 Prapositus
917 5458 1167 5516 caniculi
1201 5456 1350 5525 apud
1390 5455 1616 5510 Gracos
1663 5454 1767 5519 est,
1816 5449 1916 5518 qui
1966 5464 2061 5504 cu-

416 5570 536 5612 ram
580 5559 636 5609 et
684 5550 1001 5608 custodiam
1051 5546 1201 5618 gerit
1228 5541 1501 5611 caniculi,
1557 5539 1614 5594 id
1646 5543 1732 5594 est
1782 5543 2058 5594 atramen-

2129 1829 2390 1897 cordans,
2417 1833 2473 1882 et
2492 1826 2792 1894 deﬁniens,
2819 1823 3136 1892 subscripsi
3171 1834 3342 1876 manu
3373 1817 3622 1889 propria.

2199 1928 2314 1996 Ego
2359 1925 2602 1980 Thomas
2642 1920 3040 1977 misericordia
3064 1917 3164 1973 Dei
3217 1915 3578 1984 metropolita
3615 1913 3772 1982 Tyri,

2130 2019 2186 2069 et
2224 2015 2376 2068 vices
2424 2025 2623 2085 gerens
2669 2010 2823 2066 sedis
2876 2006 3217 2077 Antiochia,
3261 2009 3514 2060 sanctam
3555 2001 3705 2056 hanc
3725 2005 3778 2055 et

2133 2101 2507 2158 universalem
2559 2100 2837 2169 synodum
2883 2095 3229 2165 suscipiens,
3259 2098 3314 2149 et
3343 2091 3610 2149 omnibus
3654 2105 3778 2160 qua

2131 2192 2201 2246 ab
2248 2204 2312 2245 ea
2337 2190 2593 2259 judicata
2624 2194 2679 2242 et
2718 2186 2933 2256 scripta
2966 2189 3102 2240 sunt
3132 2182 3505 2242 concordans,
3555 2184 3611 2235 et
3648 2177 3782 2234 deﬁ-

2136 2279 2300 2334 niens
2330 2276 2647 2346 subscripsi
2687 2289 2858 2330 manu
2886 2272 3134 2343 propria.

2204 2378 2319 2446 Ego
2344 2375 2553 2444 Helias,
2590 2371 2985 2428 misericordia
3016 2369 3114 2424 Dei
3149 2366 3438 2438 presbyter
3484 2370 3540 2420 et
3569 2362 3787 2435 syncel-

2137 2465 2247 2534 lus,
2265 2464 2450 2519 locum
2465 2462 2754 2531 complens
2775 2459 3074 2530 apostolici
3091 2457 3307 2527 throni,
3333 2455 3433 2510 ubi
3460 2453 3782 2524 patriarcha

2136 2558 2220 2608 est
2249 2552 2601 2608 Theodosius
2625 2549 3165 2618 Hierosolymorum,
3195 2551 3403 2600 sancta
3437 2542 3657 2598 Christi
3689 2540 3784 2595 Dei

2137 2641 2318 2696 nostri
2347 2639 2622 2708 civitatis,
2659 2638 2841 2693 instar
2870 2642 3204 2692 caterorum
3249 2633 3619 2701 vicariorum,
3681 2643 3791 2685 om—

2139 2728 2312 2784 nibus
2343 2742 2468 2798 qua
2501 2725 2560 2782 in
2586 2733 2779 2782 sancta
2814 2726 2916 2780 hac
2941 2730 2997 2780 et
3028 2721 3339 2780 universali
3374 2720 3588 2790 synodo
3630 2722 3791 2787 gesta

2140 2822 2275 2872 sunt
2327 2816 2699 2885 concordans,
2726 2819 2781 2870 et
2807 2813 3104 2880 deﬁniens,
3157 2824 3329 2866 manu
3379 2807 3612 2879 propria
3663 2804 3794 2861 sub-

2148 2919 2376 2974 SCI‘IpSl.

2059 3035 2107 3096 Ο
2145 3087 2157 3099 ⁸
2212 3001 2483 3099 Basilius,
2506 3000 2939 3099 Constantinus,
2965 3003 3021 3054 et
3053 2999 3178 3064 Leo,
3213 2994 3471 3066 perpetui
3516 2990 3790 3064 Augusti,

2144 3087 2203 3142 in
2253 3088 2482 3143 Christo
2525 3089 2624 3143 Dei
2684 3087 2878 3143 ﬁdeles
2932 3085 3222 3155 principes
3269 3083 3680 3150 Romanorum,
3743 3082 3798 3134 et

2144 3176 2330 3248 magni
2390 3177 2779 3246 imperatores,
2833 3179 3082 3229 sanctam
3140 3173 3283 3227 hanc
3312 3175 3368 3226 et
3408 3168 3797 3226 universalem

2142 3265 2418 3334 synodum
2441 3264 2841 3334 suscipientes,
2869 3268 2924 3317 et
2949 3260 3219 3317 omnibus
3249 3273 3374 3330 qua
3415 3257 3486 3312 ab
3515 3257 3636 3327 ipsa
3667 3254 3802 3311 deﬁ-

2146 3353 2264 3407 nita
2279 3360 2334 3407 et
2351 3353 2563 3422 scripta
2581 3351 3005 3418 concordantes’,
3031 3349 3349 3418 subscripsi
3375 3361 3546 3401 manu
3561 3357 3663 3413 pro
3673 3342 3803 3413 pria

2217 3450 2487 3516 Basilius,
2527 3447 2922 3502 misericordia
2947 3446 3046 3500 Dei
3071 3444 3538 3514 archiepiscopus
3561 3438 3804 3509 Ephesi-

2149 3537 2340 3591 omnia
2383 3550 2506 3606 qua
2530 3537 2590 3590 in
2631 3540 2826 3590 sancta
2866 3539 2921 3588 et
2960 3531 3270 3589 universali
3294 3530 3508 3601 synodo
3537 3527 3806 3598 judicata

2151 3630 2287 3678 sunt
2307 3629 2362 3677 et
2390 3623 2626 3678 deﬁnita
2660 3621 2903 3677 libenter
2929 3621 3250 3690 suscipiens
3275 3615 3594 3686 subscripsi
3626 3627 3806 3669 manu

2157 3712 2404 3780 propria.

2225 3798 2597 3871 Theodulfus,
2649 3799 3046 3855 misericordia
3109 3798 3210 3852 Dei
3251 3797 3555 3867 episcopus
3609 3792 3811 3862 Ancy—

2156 3905 2372 3961 rorum,
2400 3889 2592 3945 omnia
2619 3903 2744 3958 qua
2769 3888 2826 3942 in
2850 3893 3043 3942 sancta
3064 3891 3121 3942 et
3148 3884 3458 3942 universali
3487 3881 3707 3953 synodo
3721 3882 3816 3950 ju-

2155 3981 2343 4036 dicata
2379 3983 2515 4034 sunt
2540 3984 2595 4032 et
2623 3976 2856 4031 deﬁnita
2877 3975 3122 4031 libenter
3138 3974 3461 4044 suscipiens
3482 3969 3812 4040 subscripsi

2157 4082 2328 4124 manu
2359 4081 2606 4137 pr0pr1a.

2227 4165 2529 4233 Barnabas,
2598 4162 2996 4218 misericordia
3062 4161 3162 4216 Dei
3212 4159 3516 4230 episcopus
3585 4156 3808 4228 Cyzici,

2157 4254 2348 4309 omnia
2378 4267 2503 4322 qua
2550 4251 2609 4306 in
2641 4258 2833 4306 sancta
2866 4256 2922 4304 et
2949 4248 3258 4304 universali
3291 4247 3505 4317 synodo
3529 4246 3802 4315 judicata

2158 4349 2293 4398 sunt
2312 4349 2368 4396 et
2396 4341 2631 4396 deﬁnita
2653 4340 2898 4395 libenter
2927 4338 3252 4406 suscipiens
3281 4335 3600 4404 subscripsi
3633 4347 3817 4389 manu

2160 4430 2409 4500 propria.

2230 4518 2500 4584 Basilius,
2534 4515 2929 4571 misericordia
2966 4513 3068 4568 Dei
3108 4512 3467 4582 metropolita
3507 4510 3824 4566 Chalcedo-

2159 4609 2272 4675 nis,
2301 4605 2491 4662 omnia
2532 4619 2658 4674 qua
2684 4604 2744 4658 in
2772 4607 2966 4659 sancta
2990 4607 3045 4657 et
3076 4601 3388 4657 universali
3421 4600 3637 4671 synodo
3657 4599 3824 4669 judi-

2159 4702 2281 4751 cata
2309 4701 2444 4751 sunt
2473 4699 2526 4748 et
2565 4692 2802 4748 deﬁnita
2829 4691 3073 4746 libenter
3112 4689 3438 4760 suscipiens
3486 4686 3824 4758 subscripsi

2161 4799 2332 4840 manu
2355 4783 2603 4854 propria.

2231 4881 2610 4951 Nicephorus,
2663 4877 3062 4932 misericordia
3099 4875 3197 4930 Dci
3241 4874 3602 4944 metropolita
3649 4873 3831 4928 Ama-

2163 4969 2284 5039 sia,
2313 4969 2506 5024 omnia
2537 4980 2662 5037 qua
2691 4966 2750 5020 in
2778 4971 2973 5020 sancta
3002 4969 3058 5019 et
3079 4963 3390 5019 universali
3421 4961 3830 5032 synodojudi-

2163 5062 2287 5112 cata
2315 5061 2451 5110 sunt
2479 5059 2536 5110 et
2579 5053 2816 5109 deﬁnita
2844 5052 3088 5108 libenter
3132 5051 3457 5120 suscipiens
3487 5049 3831 5120 subscripsi

2168 5159 2340 5201 manu
2364 5143 2614 5213 propria.

2237 5231 2512 5299 Basilius,
2546 5227 2941 5284 misericordia
2975 5228 3076 5283 Dei
3128 5221 3491 5297 metropolita
3528 5228 3840 5296 Gangren-

2169 5321 2343 5388 sium,
2371 5318 2561 5373 omnia
2589 5331 2715 5386 qua
2757 5317 2818 5371 in
2849 5321 3042 5372 sancta
3072 5319 3128 5371 et
3153 5314 3465 5370 universali
3493 5312 3713 5384 synodo
3735 5314 3839 5382 ju-

2170 5444 2305 5501 tarii
2365 5457 2431 5497 ex
2476 5455 2588 5512 quo
2635 5441 2942 5512 imperator
2985 5439 3309 5511 phaniceas
3340 5438 3582 5510 ?_litteras
3608 5435 3843 5493 scribit

2175 5535 2235 5590 in
2264 5531 2498 5589 chartis.
