4012 6162
270 277 346 334 ΠΙ
986 276 1532 335 ΙΝΤΕΒΡΒΕΤΑἸῚΟ
1569 278 1817 336 SYNODI

2008 279 2411 335 GENERALIS.
2439 309 2511 320 —
2546 279 2748 336 ACTIO
2784 281 2858 335 X.

3519 279 3623 338 478

270 406 423 461 dicata
448 404 639 459 suntet
657 399 895 455 deﬁnita
916 399 1160 456 libenter
1194 400 1516 470 suscipiens
1546 399 1863 470 subscripsi
1888 399 1944 458 A
1975 405 2098 456 cata
2137 404 2271 456 sunt
2308 405 2364 455 et
2398 400 2632 454 deﬁnita
2672 399 2914 455 libenter
2952 402 3274 470 suscipiens
3299 403 3620 473 subscripsi

272 506 408 548 manu
434 503 666 560 propria.

321 579 661 648 Nicephorus,
697 576 1095 632 misericordia
1129 577 1228 631 Dei
1262 577 1619 646 metropolita
1658 577 1862 646 Niceae,

265 668 420 722 omnia
441 679 556 735 quae
591 664 648 719 in
679 669 875 719 sancta
909 669 964 718 et
1005 664 1316 720 universali
1362 665 1573 734 synodo
1607 665 1864 733 judicata

262 759 436 811 suntet
460 751 688 809 deﬁnita
720 752 964 807 libenter
1001 751 1325 821 suscipiens
1351 751 1668 822 subscripsi
1696 767 1864 809 manu

261 843 471 914 propria.
1559 896 1561 899 .

309 930 623 1002 Cyprianus,
656 930 1052 986 misericordia
1081 930 1179 984 Dei
1216 931 1578 1000 metrOpolita
1601 931 1864 988 Claudio-

255 1019 434 1089 poleos,
469 1018 659 1073 omnia
700 1031 823 1088 quae
866 1018 922 1072 in
960 1024 1152 1073 sancta
1188 1024 1242 1073 et
1296 1019 1605 1074 universali
1647 1020 1861 1089 synodo

247 1108 470 1177 judicata
499 1112 632 1162 sunt
650 1106 961 1162 etdeﬁnita
986 1106 1232 1162 libenter
1261 1107 1585 1176 suscipiens
1615 1107 1862 1163 subscri-

252 1197 322 1266 psi
352 1208 508 1250 manu
533 1195 783 1263 propria.

304 1285 543 1348 Joannes,
612 1282 1007 1337 misericordia
1071 1283 1171 1337 Dei
1227 1283 1585 1353 metropolita
1651 1285 1858 1354 Perga},

249 1372 409 1428 omnia
437 1385 561 1441 quae
603 1371 661 1425 in
703 1377 899 1425 sancta
936 1376 990 1426 et
1022 1371 1331 1426 universali
1366 1373 1578 1442 synodo
1605 1372 1863 1439 judicata

247 1458 678 1515 suntetdeﬁnita
705 1459 948 1514 libenter
994 1460 1320 1529 suscipiens
1347 1460 1663 1530 subscripsi
1691 1475 1860 1515 manu

247 1548 462 1618 propria.

298 1635 594 1704 Stylianus,
632 1635 1028 1691 misericordia
1062 1637 1161 1691 Dei
1187 1637 1545 1706 metropolita
1566 1639 1865 1692 Neocaesa—

242 1738 346 1790 reze,
376 1723 564 1778 omnia
597 1738 724 1793 quae
747 1724 806 1778 in
829 1729 1021 1778 sancta
1053 1729 1108 1779 et
1138 1725 1449 1780 universali
1474 1725 1686 1795 synodo
1711 1726 1865 1794 judi-
1891 1714 1942 1773 Β

239 1817 341 1865 cata
364 1817 491 1865 sunt
521 1815 578 1866 et
615 1811 850 1866 deﬁnita
891 1811 1134 1867 libenter
1172 1813 1495 1882 suscipiens
1544 1813 1860 1883 subscripsi

240 1913 384 1955 manu
399 1900 651 1969 propria.

297 1988 640 2057 Theodorus,
663 1987 1059 2042 misericordia
1077 1989 1175 2043 Dei
1196 1989 1664 2058 archiepiscopus
1678 1990 1861 2045 Thes-

236 2075 476 2132 salonicaa
505 2076 706 2132 omnia
730 2090 854 2146 quae
896 2077 953 2130 in
983 2082 1178 2131 sancta
1207 2083 1262 2131 et
1304 2078 1612 2132 universali
1646 2079 1860 2148 synodo

231 2164 456 2232 judicata
477 2169 622 2220 sunt
650 2169 705 2219 et
725 2163 959 2219 deﬁnita
991 2164 1234 2220 libenter
1254 2165 1579 2235 suscipiens
1610 2166 1858 2222 subscri-

236 2254 306 2322 psi
336 2266 498 2308 manu
532 2253 790 2322 propria.

291 2341 567 2412 Nicolaus,
610 2342 1005 2397 misericordia
1030 2343 1130 2397 Dei
1157 2343 1515 2413 metropolita
1551 2345 1856 2415 Myrorum,

235 2431 401 2484 omnia
425 2444 550 2500 quae
578 2430 640 2484 in
684 2437 877 2485 sancta
906 2435 961 2485 et
993 2431 1302 2486 universali
1348 2433 1562 2501 synodo
1603 2433 1861 2500 judicata

232 2524 343 2573 sunt
365 2524 416 2572 et
439 2518 684 2573 deﬁnita
717 2518 960 2573 libenter
985 2519 1306 2589 suscipiens
1331 2519 1650 2589 subscripsi
1691 2534 1860 2576 manu

233 2607 453 2676 propria.

285 2696 591 2764 Sisinnius,
624 2696 1013 2752 misericordia
1036 2697 1136 2751 Dei
1163 2699 1523 2767 metropolita
1552 2699 1857 2771 Laodiceae,

230 2785 394 2838 omnia
424 2798 550 2854 qua:
583 2784 647 2838 in
679 2789 873 2839 sancta
911 2789 966 2839 et
1003 2785 1314 2840 universali
1356 2786 1570 2856 synodo
1604 2787 1860 2855 judicata

230 2877 340 2926 sunt
359 2879 410 2927 et
437 2872 682 2928 deﬁnita
704 2872 948 2928 libenter
985 2874 1310 2943 suscipiens
1345 2874 1664 2944 subscripsi
1691 2889 1860 2930 manu

232 2973 448 3029 prepria.

284 3017 482 3118 N-iceta,
522 3050 931 3106 misericordia
957 3051 1054 3105 Dei
1089 3050 1448 3120 metropolita
1480 3052 1854 3122 Athenarum,
1892 3034 1941 3096 Ο
1974 3017 2006 3071 p

231 3137 390 3192 omnia
411 3153 536 3207 quae
589 3139 652 3192 in
680 3143 874 3192 sancta
918 3143 975 3192 et
1014 3139 1324 3194 universali
1359 3139 1576 3210 synodo
1599 3141 1858 3208 judicata

231 3230 340 3280 sunt
361 3233 412 3280 et
433 3226 681 3282 deﬁnita
703 3226 949 3281 libenter
977 3227 1303 3296 suscipiens
1337 3229 1656 3297 subscripsi
1690 3242 1859 3284 manu

233 3313 449 3382 propria.

285 3401 558 3472 Nicolaus,
619 3403 1016 3458 misericordia
1055 3403 1157 3458 Dei
1203 3404 1561 3473 metropolita
1601 3404 1861 3474 Synado-

232 3503 351 3558 rum,
378 3493 566 3548 omnia
596 3505 725 3561 quae
749 3491 808 3546 in
830 3496 1024 3546 sancta
1043 3496 1099 3546 et
1121 3491 1432 3547 universali
1456 3493 1671 3562 synodo
1689 3492 1859 3560 jndi—

229 3581 328 3631 cata
358 3562 598 3635 sunt'et
638 3579 877 3634 deﬁnita
906 3579 1152 3634 libenter
1189 3580 1516 3649 suscipiens
1537 3580 1856 3648 subscripsi

1977 502 2146 543 manu
2162 489 2409 558 propria.

2047 577 2306 648 Michael,
2353 577 2745 633 misericordia
2785 578 2882 632 Dei
2924 578 3388 648 archiepiscopus
3429 581 3616 646 Biziaa,

1975 666 2166 721 omnia
2189 681 2316 737 quae
2344 667 2402 721 in
2449 670 2642 720 sancta
2687 670 2743 720 et
2780 666 3092 721 universali
3122 667 3336 736 synodo
3361 669 3621 735 judicata

1973 760 2109 810 sunt
2137 760 2192 810 et
2219 755 2453 810 deﬁnita
2480 754 2724 810 libenter
2753 754 3076 823 suscipiens
3106 754 3424 824 subscripsi
3450 769 3621 811 manu

1973 844 2223 912 propria.

2039 943 2302 1011 Joannes,
2355 941 2750 996 misericordia
2799 941 2897 995 Dei
2939 941 3407 1011 archiepiscopus
3452 943 3625 996 Pom—

1973 1029 2315 1100 peiopoleos,
2367 1031 2558 1084 omnia
2595 1044 2721 1100 quae
2767 1031 2824 1084 in
2863 1036 3055 1084 sancta
3080 1035 3137 1084 et
3167 1029 3476 1085 universali
3524 1045 3625 1099 sy-

1969 1118 2117 1172 nodo
2162 1119 2418 1186 judicata
2458 1124 2592 1173 sunt
2637 1124 2692 1173 et
2728 1117 2964 1172 deﬁnita
3013 1117 3255 1172 libenter
3301 1118 3624 1187 suscipiens

1971 1205 2289 1275 subscripsi
2320 1218 2489 1261 manu
2510 1207 2759 1276 propria.

2043 1304 2272 1370 Paulus,
2300 1303 2695 1358 misericordia
2727 1303 2824 1358 Dei
2857 1303 3326 1373 archiepiscopus
3346 1303 3618 1372 Apamia},

1972 1393 2163 1446 omnia
2199 1406 2324 1462 qua:
2371 1392 2428 1446 in
2474 1397 2669 1446 sancta
2707 1395 2764 1446 et
2789 1391 3099 1446 universali
3130 1391 3622 1460 synodojudicata

1973 1485 2107 1534 sunt
2135 1485 2190 1534 et
2210 1480 2445 1535 deﬁnita
2469 1479 2716 1534 libenter
2749 1480 3072 1549 suscipiens
3099 1479 3416 1548 subscripsi
3451 1493 3622 1534 manu

1975 1569 2223 1636 propria.

2043 1657 2373 1728 Gregorius,
2405 1656 2801 1711 misericordia
2825 1656 2924 1710 Dei
2954 1656 3422 1724 archiepiseopus
3444 1655 3620 1724 Parii,

1974 1746 2164 1800 omnia
2197 1760 2322 1815 quae
2356 1746 2411 1800 in
2452 1750 2646 1800 sancta
2676 1750 2732 1799 et
2774 1745 3084 1800 universali
3127 1745 3341 1814 synodo
3366 1744 3626 1812 judicata

1971 1839 2108 1889 sunt
2136 1838 2191 1888 et
2211 1834 2446 1888 deﬁnita
2473 1833 2718 1888 libenter
2757 1833 3082 1902 suscipiens
3106 1832 3424 1901 subscripsi
3450 1845 3622 1886 manu

1974 1921 2222 1990 propria.
3002 1934 3004 1936 ·

2039 2009 2298 2078 Jacobus,
2358 2009 2754 2064 misericordia
2811 2009 2911 2063 Dei
2985 2008 3454 2077 archiepiscopus
3501 2009 3622 2062 Me—

1971 2099 2234 2169 thymna},
2265 2097 2456 2152 omnia
2494 2111 2619 2166 quze
2652 2098 2710 2150 in
2751 2101 2944 2151 sancta
2974 2102 3030 2150 et
3053 2096 3363 2151 universali
3405 2096 3620 2164 synodo

1964 2187 2220 2258 judicata
2243 2190 2377 2241 sunt
2405 2191 2461 2240 et
2487 2184 2723 2239 deﬁnita
2759 2185 3002 2239 libenter
3023 2184 3345 2252 suscipiens
3373 2183 3621 2238 subscri-

1975 2277 2060 2345 psi
2095 2289 2265 2331 manu
2298 2275 2551 2344 propria.

2038 2374 2375 2442 Stephanus,
2411 2371 2804 2427 misericordia
2829 2371 2926 2426 Dei
2970 2369 3439 2438 archiepiscopus
3459 2369 3620 2424 Ama-

1970 2462 2193 2531 stridis,
2227 2462 2418 2516 omnia
2469 2475 2593 2530 quae
2625 2460 2684 2514 in
2727 2464 2920 2514 sancta
2947 2463 3002 2512 et
3047 2458 3358 2513 universali
3408 2457 3622 2527 synodo

1964 2551 2220 2620 judicata
2242 2554 2376 2605 sunt
2391 2554 2445 2604 et
2461 2549 2695 2604 deﬁnita
2711 2548 2954 2619 libenter
2965 2546 3288 2616 suscipiens
3301 2545 3621 2615 subscripsi

1973 2653 2141 2694 manu
2165 2639 2412 2708 propria.

2037 2738 2279 2792 Joannes
2351 2735 2747 2790 misericordia
2811 2734 2911 2788 Dei
2975 2733 3444 2802 archiepiscopus
3507 2730 3616 2792 Cii,

1969 2824 2162 2880 omnia
2189 2837 2313 2893 quae
2356 2824 2415 2878 in
2451 2827 2645 2878 sancta
2684 2828 2739 2877 et
2761 2822 3073 2878 universali
3111 2821 3326 2891 synodo
3363 2819 3624 2888 judicata

1970 2918 2104 2968 sunt
2133 2919 2188 2967 et
2217 2912 2452 2967 deﬁnita
2479 2912 2725 2967 libenter
2751 2911 3076 2981 suscipiens
3101 2908 3421 2978 subscripsi
3451 2921 3622 2962 manu

2013 3002 2225 3071 ropria.

2037 3093 2298 3161 Joannes,
2329 3090 2726 3145 misericordia
2770 3089 2871 3144 Dei
2910 3088 3378 3157 archiepiscopus
3398 3086 3615 3154 Russii,

1969 3179 2160 3234 omnia
2192 3193 2316 3248 quae
2345 3178 2402 3232 in
2434 3182 2629 3232 sancta
2676 3181 2730 3236 et
2757 3177 3066 3232 universali
3108 3177 3320 3245 synodo
3362 3174 3618 3242 judicata

1969 3273 2103 3322 sunt
2127 3273 2182 3322 et
2205 3267 2440 3321 deﬁnita
2463 3266 2706 3321 libenter
2733 3267 3058 3335 suscipiens
3094 3263 3410 3332 subscripsi
3449 3276 3619 3317 manu

1970 3356 2220 3424 propria.

2037 3452 2377 3522 Stephanus,
2418 3452 2813 3506 misericordia
2856 3452 2958 3505 Dei
3007 3449 3478 3518 archiepiscopus
3505 3448 3622 3518 Cy—

1971 3541 2304 3611 psallorum,
2329 3540 2520 3595 omnia
2543 3554 2667 3609 quae
2689 3540 2747 3593 in
2771 3544 2964 3593 sancta
2988 3543 3043 3592 et
3068 3535 3378 3592 universali
3403 3537 3619 3604 synodo

1964 3629 2221 3698 judicata
2252 3634 2387 3684 sunt
2407 3633 2462 3682 et
2482 3627 2718 3682 deﬁnita
2750 3627 2995 3682 libenter
3025 3624 3348 3694 suscipiens
3373 3623 3621 3678 subscri-

1970 3718 2055 3787 psi
2091 3731 2261 3772 manu
2294 3717 2546 3786 propria.

2036 3814 2483 3884 Euphemianus,
2542 3813 2940 3869 misericordia
2994 3812 3093 3866 Dei
3149 3809 3620 3878 archiepiscopus

229 3678 371 3720 manu
385 3669 642 3738 propria.

283 3753 557 3824 Stylianus
587 3753 609 3830 [
634 3757 734 3819 aL,
767 3756 1224 3826 Theophylactus
1243 3754 1286 3831 ],
1331 3757 1727 3812 misericordia
1755 3757 1855 3811 Dei

227 3845 557 3912 metropolita
585 3844 792 3900 lconii.
813 3845 1003 3899 omnia
1027 3859 1152 3914 quae
1173 3845 1230 3899 in
1261 3851 1454 3900 sancta
1469 3850 1526 3900 et
1544 3845 1854 3900 universali

228 3932 698 4002 synodojudicata
747 3939 884 3989 sunt
902 3939 956 3988 et
998 3933 1233 3988 deﬁnita
1260 3933 1504 3988 libenter
1533 3935 1856 4003 suscipiens

224 4018 510 4092 subscripsi
538 4036 715 4078 manu
749 4023 996 4092 propria.

281 4108 539 4183 Hilarius,
597 4111 996 4166 misericordia
1033 4110 1133 4165 Dei
1166 4110 1526 4180 metropolita
1564 4111 1849 4181 Corinthi,

225 4199 385 4254 omnia
415 4216 544 4270 quae
568 4202 635 4256 in
673 4206 867 4256 sancta
895 4205 952 4255 et
996 4199 1307 4256 universali
1340 4199 1553 4269 synodo
1596 4200 1852 4268 judicata

224 4292 334 4340 sunt
359 4294 410 4342 et
427 4290 674 4345 deﬁnita
700 4289 942 4345 libenter
971 4288 1295 4357 suscipiens
1335 4287 1650 4356 subscripsi
1681 4302 1850 4344 manu

225 4376 441 4443 propria.

279 4462 521 4536 Michael,
555 4466 956 4522 misericordia
987 4467 1084 4521 Dei
1119 4466 1476 4536 metropolita
1513 4465 1694 4522 Rhodi
1719 4462 1846 4538 [al.,

1965 3903 2396 3971 Euchaitorum,
2432 3903 2622 3957 omnia
2650 3915 2775 3971 quze
2806 3901 2862 3955 in
2901 3905 3093 3955 sancta
3115 3904 3171 3953 et
3199 3898 3508 3954 universali
3536 3913 3623 3967 sy-

1964 3992 2111 4046 nodo
2149 3991 2406 4059 judicata
2445 3995 2580 4046 sunt
2621 3995 2676 4044 et
2711 3989 2948 4044 deﬁnita
2997 3987 3241 4043 libenter
3293 3987 3618 4056 suscipiens

1962 4079 2280 4148 subscripsi
2312 4092 2480 4134 manu
2509 4079 2757 4148 propria.

2032 4178 2300 4247 Basilius,
2326 4175 2720 4232 misericordia
2736 4175 2834 4230 Dei
2859 4174 3326 4243 archiepiscopus
3346 4172 3613 4241 Misthiaa,

1962 4267 2153 4322 omnia
2187 4281 2312 4336 quaa
2355 4265 2412 4319 in
2453 4270 2644 4319 sancta
2674 4269 2730 4317 et
2769 4262 3078 4318 universali
3110 4262 3323 4331 synodo
3351 4260 3612 4327 judicata

1882 4379 1937 4440 D
1963 4362 2098 4412 sunt
2122 4362 2178 4412 et
2204 4356 2440 4412 deﬁnita
2465 4354 2709 4409 libenter
2737 4353 3059 4422 suscipiens
3080 4351 3398 4420 subscripsi
3434 4363 3604 4404 manu
3679 4395 3690 4414 ,

1965 4459 2212 4514 propria.

2031 4545 2289 4614 Photius,
2310 4540 2706 4597 misericordia
2722 4539 2822 4594 Dei
2850 4539 3318 4608 archiepiscopus
3340 4536 3607 4606 Nacoliaa,

1959 4633 2150 4689 omnia
2178 4646 2301 4702 qua:
2333 4632 2391 4686 in
2435 4635 2628 4684 sancta
2667 4633 2722 4683 et
2760 4627 3073 4684 universali
3107 4626 3322 4695 synodo
3348 4625 3610 4693 judicata

1961 4727 2095 4777 sunt
2123 4726 2178 4775 et
2202 4720 2437 4775 deﬁnita
2467 4718 2711 4773 libenter
2731 4716 3055 4786 suscipiens
3084 4714 3402 4783 subscripsi
3439 4727 3610 4768 manu

1962 4809 2211 4879 propria.

2028 4907 2414 4976 Theophanes,

1956 4996 2150 5067 Selgaa,
2179 4995 2369 5050 omnia
2393 5008 2517 5064 qua:
2541 4993 2599 5048 in
2625 4998 2818 5048 sancta
2849 4997 2905 5048 et
2936 4992 3246 5048 universali
3275 4991 3491 5060 synodo
3518 4990 3611 5058 ju-

1955 5084 2143 5140 dicata
2171 5089 2304 5138 sunt
2328 5087 2384 5137 et
2401 5081 2636 5137 deﬁnita
2667 5081 2911 5136 libenter
2937 5080 3260 5149 suscipiens
3281 5078 3602 5147 subscripsi

1958 5187 2128 5229 manu
2163 5172 2409 5242 propria.
3174 5243 3178 5246 Ι

2023 5272 2365 5341 Marcianus,
2407 5269 2800 5325 misericordia
2830 5271 2929 5324 Dei
2972 5268 3439 5337 archiepiscopus
3468 5265 3606 5319 The-

1954 5361 2174 5428 barum,
2205 5360 2395 5414 omnia
2436 5373 2560 5428 quze
2612 5359 2669 5412 in
2709 5365 2903 5414 sancta
2946 5363 3001 5412 et
3047 5355 3356 5412 universali
3386 5352 3599 5422 synodo

1948 5449 2204 5518 judicata
2237 5453 2371 5503 sunt
2391 5453 2445 5503 et
2476 5447 2712 5503 deﬁnita
2744 5447 2988 5502 libenter
3009 5444 3331 5513 suscipiens
3351 5438 3603 5495 subscri-

1955 5538 2040 5608 psi
2074 5551 2244 5592 manu
2266 5537 2512 5606 propria.

220 4547 448 4609 Corinthi
476 4552 520 4629 ],
549 4555 751 4610 omnia
776 4569 901 4625 quae
925 4555 980 4610 in
1005 4560 1202 4610 sancta
1222 4560 1278 4610 et
1299 4555 1610 4610 universali
1637 4556 1850 4624 synodo

219 4639 441 4704 judicata
457 4649 605 4699 sunt
620 4648 676 4697 et
699 4643 934 4698 deﬁnita
958 4643 1218 4712 libenter,
1242 4647 1347 4698 etc.

279 4739 536 4811 lgnatius,
585 4740 986 4796 misericordia
1030 4741 1131 4796 Dei
1178 4741 1536 4810 metropolita
1587 4741 1852 4810 Hierapo-

223 4823 336 4895 leos,
365 4831 555 4885 omnia
585 4845 714 4900 qua:
739 4831 797 4884 in
819 4836 1013 4885 sancta
1043 4836 1098 4885 et
1125 4829 1434 4884 universali
1464 4830 1678 4898 synodo
1698 4831 1853 4897 judi-

221 4919 320 4970 cata
356 4924 488 4974 sunt
538 4925 597 4974 et
619 4918 859 4974 deﬁnita
892 4918 1135 4973 libenter
1171 4918 1495 4987 suscipiens
1528 4917 1847 4988 subscripsi

223 5015 367 5060 manu
401 5009 654 5077 propria.

2490 4905 2886 4960 misericordia
2967 4903 3067 4957 Dei
3135 4902 3606 4971 archiepiscopus

274 5091 630 5166 Euthymius,
663 5096 1058 5151 misericordia
1074 5096 1174 5150 Dei
1196 5095 1558 5165 metropolita
1587 5095 1843 5165 Larissae,

222 5183 383 5238 omnia
410 5199 536 5254 quae
566 5187 626 5240 in
666 5189 863 5240 sancta
892 5190 947 5240 et
981 5184 1294 5241 universali
1333 5184 1550 5254 synodo
1586 5184 1844 5252 judicata

224 5275 333 5324 sunt
351 5274 663 5329 etdeﬁnita
696 5274 939 5329 libenter
978 5274 1300 5342 suscipiens
1321 5272 1638 5341 subscripsi
1673 5286 1842 5327 manu

227 5362 441 5428 propria.

281 5449 663 5520 Metrophanes
695 5451 1088 5507 misericordia
1114 5451 1211 5506 Dei
1246 5450 1603 5520 metropolita
1645 5450 1845 5519 Smyr—

230 5546 310 5601 nae,
330 5541 516 5594 omnia
544 5554 672 5610 qua
694 5541 753 5595 in
775 5545 971 5595 sancta
1007 5545 1064 5594 et
1097 5539 1408 5595 universali
1440 5538 1654 5608 synodo
1674 5537 1844 5608 judi—
