4018 6166
365 203 468 263 479
1345 197 1350 200 ’
1602 197 1952 256 ANASTASII

2173 197 2541 256 0THECARII
3660 197 3685 256 Ι
3691 196 3760 257 80

431 327 728 398 Hypatius,
749 325 1143 383 misericordia
1160 326 1260 382 Dei
1279 323 1746 395 archiepiscopus
1760 322 2011 380 Garihe—
2035 321 2094 382 A
2123 326 2259 378 sunt
2282 326 2340 379 et
2357 321 2592 380 deﬁnita
2619 321 2864 378 libenter
2887 321 3212 392 suscipiens
3249 319 3565 392 subscripsi
3593 334 3760 378 manu

363 417 450 486 lae,
478 416 671 471 omnia
696 430 821 487 qua:
849 416 908 471 in
941 419 1156 484 sancta,
1187 420 1294 470 etc.
2125 411 2374 482 pr0pria.

435 505 724 575 Leontius,
755 505 1152 561 misericordia
1175 503 1275 558 Dei
1304 502 1775 573 archiepiscopus
1799 503 2010 571 Neapo-
2189 501 2478 572 Tarasius,
2507 500 2906 558 misericordia
2943 496 3052 557 Dei"
3071 499 3376 571 episcopus
3405 497 3760 570 Nicopoleos,

363 593 504 666 leos,
532 595 724 650 omnia
750 608 876 664 quae
894 593 954 649 in
979 597 1175 649 sancta
1198 596 1255 648 et
1279 591 1592 649 universali
1621 590 1836 662 synodo
1859 589 2014 660 judi-
2121 591 2314 646 omnia
2338 605 2462 662 quae
2490 591 2548 646 in
2585 595 2779 647 sancta
2819 595 2876 646 et
2909 589 3224 646 universali
3261 587 3475 660 synodo
3509 587 3766 658 judicata

364 687 488 739 cata
513 688 648 740 sunt
685 687 741 739 et
777 682 1012 739 deﬁnita
1050 681 1295 738 libenter
1331 681 1656 750 suscipiens
1692 677 2010 748 subscripsi
2121 685 2257 736 sunt
2280 687 2337 736 et
2372 679 2607 736 deﬁnita
2634 679 2878 736 libenter
2902 679 3226 750 suscipiens
3251 677 3568 748 subscripsi
3595 689 3767 733 manu

368 787 538 830 manu
565 773 816 843 propria.
2121 770 2372 840 propria.

435 862 823 932 Theophanes,
852 859 1249 917 misericordia
1273 859 1374 914 Dei
1401 858 1706 930 episcopus
1735 855 2007 927 Tralleos,
2191 860 2481 933 Nicolaus,
2526 859 2923 916 misericordia
2964 857 3065 914 Dei
3115 857 3418 928 episcopus
3461 854 3766 929 Adramiae,

367 951 560 1007 omnia
598 965 724 1022 qua:
763 951 823 1006 in
863 953 1057 1006 sancta
1081 953 1137 1005 et
1176 947 1491 1007 universali
1518 947 1734 1020 synodo
1754 946 2014 1016 judicata
2121 950 2315 1007 omnia
2340 964 2465 1022 quae
2491 949 2551 1006 in
2577 952 2772 1006 sancta
2807 953 2866 1005 et
2906 947 3219 1004 universali
3260 945 3474 1018 synodo
3511 945 3770 1016 judicata

367 1043 504 1096 sunt
527 1043 584 1095 et
604 1038 841 1095 deﬁnita
865 1038 1111 1095 libenter
1134 1039 1458 1109 suscipiens
1483 1037 1802 1108 subscripsi
1840 1049 2012 1092 manu
2121 1045 2256 1096 sunt
2279 1045 2336 1096 et
2363 1039 2601 1096 deﬁnita
2623 1037 2869 1096 libenter
2893 1037 3218 1108 suscipiens
3255 1035 3572 1107 subscripsi
3596 1048 3769 1091 manu

369 1129 618 1200 propria.
2121 1129 2371 1201 propria.
2875 1119 2878 1124 ’

437 1219 700 1290 Michael,
753 1219 1152 1276 misericordia
1198 1219 1299 1274 Dei
1349 1219 1654 1290 episcopus
1703 1215 2010 1286 Adramiti,
2190 1221 2412 1290 Petrus,
2460 1217 2857 1275 misericordia
2914 1215 3016 1272 Dei
3075 1214 3380 1286 episcopus
3432 1212 3768 1284 Palicorum,

367 1309 559 1364 omnia
585 1323 710 1379 quae
749 1309 810 1364 in
836 1311 1030 1364 sancta
1065 1313 1121 1364 et
1159 1307 1470 1364 universali
1507 1307 1723 1378 synodo
1756 1307 2014 1377 judicata
2123 1311 2316 1368 omnia
2341 1323 2468 1382 quae
2508 1309 2568 1364 in
2603 1311 2800 1364 sancta
2838 1311 2894 1362 et
2938 1302 3773 1376 universalisynodojudicata

368 1401 505 1454 sunt
527 1401 582 1454 et
605 1396 840 1453 deﬁnita
875 1397 1120 1454 libenter
1143 1395 1468 1466 suscipiens
1493 1395 1812 1467 subscripsi
1840 1408 2012 1450 manu
2123 1404 2260 1458 sunt
2282 1403 2337 1456 et
2359 1399 2597 1455 deﬁnita
2626 1396 2872 1454 libenter
2889 1395 3214 1466 suscipiens
3241 1388 3560 1464 subscripsi
3597 1402 3774 1446 manu

370 1485 618 1555 propria.
2124 1489 2374 1560 propria.

438 1574 778 1645 Stephanus,
843 1573 1240 1630 misericordia
1303 1573 1402 1648 Dei
1457 1573 1762 1644 episcopus
1819 1572 2008 1646 Pyrgi,
2192 1577 2522 1648 Damianus,
2554 1575 2952 1632 misericordia
2973 1574 3075 1630 Dei
3121 1571 3425 1644 episcopus
3463 1569 3774 1639 Miletopo—

369 1663 561 1720 omnia
587 1677 714 1732 qua:
739 1664 799 1718 in
847 1667 1041 1718 sancta
1066 1668 1122 1718 et
1160 1661 1474 1720 universali
1501 1663 1716 1733 synodo
1753 1661 2012 1731 judicata
2043 1657 2096 1719 B
2123 1668 2259 1738 leos,
2301 1667 2492 1723 omnia
2517 1680 2645 1738 quae
2670 1665 2730 1722 in
2753 1669 2948 1721 sancta
2967 1668 3023 1721 et
3048 1661 3360 1720 universali
3382 1661 3596 1733 synodo
3616 1657 3774 1730 judi-

369 1756 505 1814 sunt
533 1755 589 1808 et
610 1752 845 1808 deﬁnita
871 1751 1116 1807 libenter
1147 1751 1469 1824 suscipiens
1494 1750 1812 1821 subscripsi
1841 1763 2012 1806 manu
2122 1761 2247 1813 cata
2271 1760 2408 1813 sunt
2451 1759 2508 1812 et
2552 1755 2788 1811 deﬁnita
2815 1753 3058 1811 libenter
3097 1752 3418 1822 suscipiens
3453 1748 3776 1820 subscripsi

372 1841 620 1911 propria.
2128 1859 2300 1902 manu
2327 1845 2576 1917 prepria.

439 1931 636 1986 Niceta
676 1930 1072 1987 misericordia
1109 1929 1210 1986 Dei
1236 1931 1540 2001 episcopus
1563 1931 1798 2000 Photite,
1824 1929 2016 1986 omnia
2199 1934 2529 2007 Gregorius,
2559 1932 2955 1990 misericordia
2990 1931 3092 1988 Dei
3117 1932 3421 2003 episcopus
3455 1928 3777 1999 Tripoleos,

371 2034 496 2090 qua:
519 2020 578 2076 in
604 2024 799 2077 sancta
838 2024 895 2075 et
939 2019 1250 2076 universali
1287 2022 1503 2092 synodo
1523 2020 1783 2090 judicata
1804 2025 1940 2077 sunt
1963 2027 2018 2078 et
2130 2024 2320 2080 omnia
2345 2037 2469 2094 quae
2496 2023 2556 2078 in
2582 2027 2778 2078 sancta
2800 2026 2857 2078 et
2904 2021 3216 2078 universali
3261 2019 3476 2090 synodo
3515 2017 3782 2088 judicata
3811 2080 3826 2086 ρ

369 2108 604 2164 deﬁnita
622 2108 868 2164 libenter
888 2109 1212 2178 suscipiens
1227 2108 1546 2180 subscripsi
1570 2122 1742 2166 manu
1759 2107 2010 2179 prOpria.
2129 2117 2265 2169 sunt
2287 2116 2345 2168 et
2365 2112 2602 2168 deﬁnita
2627 2111 2872 2168 libenter
2897 2111 3219 2181 suscipiens
3244 2107 3561 2179 subscripsi
3599 2119 3783 2162 manu

437 2197 730 2268 Nicolaus,
813 2197 1212 2254 misericordia
1286 2197 1386 2254 Dei
1464 2197 1768 2269 episcopus
1827 2200 2007 2269 Nysat,
2128 2203 2378 2272 pr0pria.

371 2287 562 2343 omnia
587 2301 713 2358 quae
739 2287 798 2342 in
838 2292 1032 2343 sancta
1069 2291 1126 2342 et
1151 2287 1463 2344 universali
1503 2287 1720 2358 synodo
1752 2287 2013 2358 judicata
2193 2291 2543 2363 Theodorus,
2592 2291 2992 2348 misericordia
3027 2291 3130 2347 Dei
3179 2289 3485 2360 episcopus
3527 2285 3811 2356 Rurippi'

372 2380 507 2431 sunt
531 2378 586 2430 et
608 2375 844 2430 deﬁnita
870 2374 1116 2431 libenter
1141 2375 1464 2446 suscipiens
1497 2375 1816 2445 subscripsi
1844 2389 2016 2432 manu
2129 2375 2263 2454 [al.,
2292 2381 2573 2453 Rurreppi
2591 2379 2636 2457 ],
2672 2381 2867 2439 omnia
2890 2395 3017 2453 quae
3041 2381 3100 2436 in
3144 2383 3339 2436 sancta
3380 2382 3439 2434 et
3461 2375 3782 2434 universali

374 2463 622 2532 ρνοιπίειο
2127 2470 2342 2542 synodo
2359 2471 2619 2541 judicata
2643 2475 2780 2528 sunt
2803 2476 2859 2526 et
2891 2469 3128 2527 deﬁnita
3172 2467 3416 2524 libenter
3449 2465 3785 2536 suscipiens

439 2551 667 2624 .loseph,
717 2552 1112 2609 misericordia
1174 2553 1274 2608 Dei
1321 2553 1626 2623 episcopus
1688 2551 2015 2610 Anchorum
2127 2557 2446 2630 subscripsi
2477 2573 2646 2616 manu
2671 2559 2920 2630 pr0pria.
3673 2553 3676 2556 ’

377 2635 753 2715 [Ancorum],
783 2641 974 2696 omnia
1000 2638 1124 2712 (iure
1151 2641 1208 2696 in
1254 2646 1449 2698 sancta
1494 2645 1548 2697 et
1592 2641 1901 2698 universali
1934 2657 2019 2712 sy-
2203 2645 2501 2720 Arsenius,
2544 2647 2942 2705 misericordia
2964 2646 3066 2702 Dei
3099 2645 3405 2718 episcopus
3443 2641 3792 2712 AureliOpo-

373 2729 522 2784 nodo
533 2729 790 2800 judicata
807 2734 944 2786 sunt
957 2736 1012 2786 et
1027 2730 1264 2788 deﬁnita
1282 2731 1526 2788 libenter
1546 2732 1872 2802 suscipiens
1887 2731 2017 2788 sub-
2125 2745 2262 2815 ιθοε⁷
2291 2740 2484 2798 omnia
2508 2751 2634 2810 qua;
2661 2738 2721 2792 in
2745 2740 2940 2793 sonora
2964 2740 3020 2792 oi
3041 2733 3353 2792 universali
3374 2731 3588 2804 synodo
3606 2729 3790 2800 moi.

375 2817 582 2888 scripsi
609 2831 780 2874 manu
807 2820 1058 2890 propria.

2194 2837 2250 2889 ta
2274 2833 2410 2888 sunt
2438 2833 2494 2885 et
2539 2826 2775 2884 deﬁnita
2817 2825 3062 2882 libenter
3099 2823 3424 2894 suscipiens
3455 2819 3781 2890 subscripsi

443 2906 814 2979 Athanasius,
843 2909 1239 2966 misericordia
1257 2909 1358 2966 Dei
1376 2910 1680 2981 episcopus
1695 2909 2015 2982 Magnesiae,
2129 2934 2300 2978 manu
2325 2917 2576 2990 propria.

375 2995 568 3050 omnia
595 3011 720 3065 quae
746 2997 806 3052 in
835 3002 1030 3054 sancta
1054 3003 1110 3053 et
1149 2998 1462 3055 universali
1509 2999 1726 3070 synodo
1762 2998 2020 3068 judicata
2049 2995 2098 3056 C
2199 3007 2539 3078 Xenophon,
2585 3003 2983 3062 misericordia
3023 3001 3124 3058 Dei
3181 3000 3486 3071 episcopus
3530 2997 3784 3068 Milassi,

375 3088 512 3139 sunt
539 3088 595 3140 et
617 3085 852 3140 deﬁnita
877 3085 1124 3142 libenter
1147 3087 1472 3156 suscipiens
1505 3086 1822 3156 subscripsi
1851 3099 2022 3142 manu
2130 3097 2322 3156 omnia
2343 3110 2468 3166 qua;
2513 3095 2574 3150 in
2616 3096 2811 3149 sancta
2833 3095 2892 3148 et
2931 3088 3246 3148 universali
3279 3087 3496 3159 synodo
3519 3085 3790 3156 judicata

379 3172 630 3242 Propria-
2133 3190 2270 3243 sunt
2287 3189 2344 3241 et
2361 3182 2598 3240 deﬁnita
2624 3181 2871 3238 libenter
2893 3179 3220 3250 suscipiens
3261 3175 3578 3245 subscripsi
3606 3187 3790 3231 manu

446 3261 724 3333 Ignatius,
777 3262 1174 3320 misericordia
1218 3265 1320 3321 Dei
1381 3265 1684 3336 episcopus
1743 3264 2022 3335 Timonis,
2137 3273 2383 3345 prOpria.

379 3349 571 3405 omnia
597 3365 723 3422 qua:
751 3351 809 3406 in
837 3358 1032 3408 sancta
1056 3358 1113 3408 et
1154 3353 1468 3410 universali
1518 3354 1732 3425 synodo
1766 3353 2026 3424 judicata
2205 3364 2334 3432 Leo,
2403 3358 2802 3418 misericordia
2869 3355 3000 3416 Dei.
3042 3355 3348 3426 episcopus
3405 3351 3784 3423 Daphnusite,

379 3442 515 3493 sunt
536 3442 594 3494 et
616 3439 851 3498 deﬁnita
876 3440 1124 3498 libenter
1155 3443 1483 3514 suscipiens
1507 3443 1825 3514 subscripsi
1854 3456 2024 3498 manu
2135 3451 2327 3507 omnia
2353 3463 2479 3520 qua;
2519 3451 2576 3504 et
2609 3452 2805 3504 sancta
2835 3450 2891 3502 et
2925 3443 3236 3502 universali
3277 3441 3492 3512 synodo
3524 3439 3795 3510 judicata

382 3529 632 3598 ριὀρΐίειι
1977 3559 1983 3564 ·
2136 3543 2272 3597 sunt
2293 3543 2350 3594 et
2373 3537 2608 3594 deﬁnita
2643 3536 2888 3592 libenter
2911 3533 3239 3604 suscipiens
3263 3530 3581 3602 subscripsi
3607 3543 3790 3586 manu

447 3617 750 3688 Arsapius,
791 3618 1191 3676 misericordia
1231 3621 1332 3675 Dei
1375 3617 1678 3690 episcopus
1715 3622 2024 3697 Erythreae,
2138 3629 2390 3700 propria.

379 3707 571 3763 omnia
611 3721 737 3778 qua:
763 3707 824 3762 in
855 3713 1050 3763 sancta
1073 3713 1130 3762 et
1167 3709 1478 3764 universali
1524 3709 1738 3780 synodo
1770 3710 2028 3780 judicata
2207 3721 2478 3789 Basilius,
2523 3714 2919 3772 misericordia
2981 3713 3082 3769 Dei
3147 3712 3455 3784 episcopus
3510 3707 3795 3780 Hadrani,

381 3801 518 3852 sunt
541 3801 597 3852 et
624 3795 861 3850 deﬁnita
886 3795 1133 3851 libenter
1157 3797 1482 3866 suscipiens
1507 3797 1828 3870 subscripsi
1857 3815 2029 3858 manu
2139 3811 2332 3868 omnia
2357 3824 2482 3882 quae
2505 3809 2564 3865 in
2591 3811 2787 3864 sancta
2825 3810 2881 3863 et
2924 3801 3235 3862 universali
3277 3800 3492 3872 synodo
3529 3798 3800 3868 judicata

385 3885 634 3955 Ρνοννίθ·
2141 3907 2277 3958 sunt
2299 3906 2356 3958 et
2375 3899 2612 3957 deﬁnita
2634 3897 2878 3954 libenter
2902 3893 3226 3963 suscipiens
3268 3888 3584 3959 subscripsi
3615 3900 3800 3944 manu

453 3973 758 4063 Macarius,
787 3973 1182 4063 misericordia
1223 3975 1324 4031 Dei
1373 3976 1676 4049 episcopus
1703 3979 2033 4037 Ehzomenm
2144 3991 2394 4063 propria.

388 4057 847 4136 [Chysomenae],
893 4063 1085 4118 omnia
1110 4079 1236 4134 qua:
1285 4066 1346 4121 in
1394 4074 1586 4124 sancta
1627 4074 1684 4124 et
1719 4070 2030 4128 universali
2144 4057 2160 4063 ’
2210 4057 2640 4148 Constantinus,
2684 4074 3078 4133 misericordia
3126 4073 3226 4128 Dei
3263 4071 3568 4142 episcopus
3590 4068 3808 4123 Nume-

385 4151 600 4222 synodo
619 4151 880 4221 judicata
905 4156 1041 4209 sunt
1063 4159 1119 4210 et
1156 4155 1393 4212 deﬁnita
1433 4157 1678 4215 libenter
1707 4161 2034 4232 suscipiens
2144 4171 2416 4240 ricorum,
2444 4167 2636 4224 omnia
2663 4181 2790 4238 quae
2838 4166 2898 4221 in
2929 4168 3125 4222 sancta
3157 4166 3214 4218 et
3235 4160 3546 4218 universali
3574 4159 3804 4230 synodo

387 4240 706 4311 SHbSCPiPSi
735 4256 906 4299 manu
936 4245 1187 4314 ρνορνίειι
2041 4318 2110 4330 m
2138 4259 2398 4330 judicata
2421 4263 2558 4316 sunt
2578 4263 2636 4314 et
2657 4256 2894 4313 deﬁnita
2926 4253 3171 4310 libenter
3195 4251 3520 4322 suscipiens
3543 4246 3808 4305 subscri-

458 4330 738 4430 Philetus,
775 4333 1204 4430 .misericordia
1279 4336 1382 4392 Dei
1457 4339 1764 4409 episcopus
1821 4318 2116 4415 Tabiana)
2138 4318 2234 4420 psi
2259 4361 2429 4405 manu
2453 4347 2704 4418 pr0pria.

388 4421 580 4476 omnia
605 4435 731 4491 quae
773 4421 834 4476 in
866 4427 1058 4478 sancta
1083 4428 1140 4480 et
1178 4425 1492 4482 universali
1525 4429 1739 4498 synodo
1777 4430 2036 4499 judicata
2214 4437 2556 4509 Stephanus,
2584 4434 2982 4492 misericordia
3013 4435 3116 4490 Dei
3143 4433 3448 4504 episcopus
3471 4427 3810 4486 Gordoser-

387 4514 526 4565 sunt
549 4513 605 4566 et
627 4510 858 4568 deﬁnita
886 4510 1132 4569 libenter
1164 4514 1489 4584 suscipiens
1513 4515 1832 4589 subscripsi
1865 4533 2036 4579 manu
2144 4541 2368 4596 vorum,
2393 4527 2586 4584 omnia
2620 4539 2746 4597 qua
2789 4525 2851 4581 in
2897 4521 3092 4580 sancta
3127 4528 3186 4581 et
3219 4521 3533 4580 universali
3578 4520 3812 4590 synodo

391 4601 642 4670 ρνορνίειι
2141 4617 2399 4687 judicata
2425 4620 2562 4674 sunt
2583 4619 2640 4671 et
2661 4614 2902 4671 deﬁnita
2923 4611 3168 4670 libenter
3190 4611 3517 4682 suscipiens
3546 4609 3813 4667 subscri-

463 4690 738 4777 lgnatius,
777 4691 1174 4748 misericordia
1205 4693 1307 4748 Dei
1339 4695 1643 4768 episcopus
1663 4699 2037 4774 Juliopoleos,
2150 4705 2239 4777 psi
2267 4702 2444 4762 manu
2469 4705 2717 4776 propria.

391 4775 584 4832 omnia
611 4791 736 4868 quae
762 4778 822 4868 in
849 4783 1046 4868 sancta
1073 4785 1129 4836 et
1171 4781 1484 4840 universali
1527 4788 1742 4857 synodo
1779 4789 2038 4859 judicata
2151 4775 2167 4777 θ
2217 4775 2518 4868 Georgius,
2569 4795 2966 4853 misericordia
3008 4793 3108 4850 Dei
3165 4793 3470 4864 episcopus
3507 4790 3810 4861 Dascillii,

393 4871 531 4957 sunt
553 4871 610 4968 et
631 4866 866 4924 deﬁnita
890 4867 1136 4926 libenter
1165 4872 1490 4943 suscipiens
1519 4876 1838 4950 subscripsi
1869 4893 2039 4938 manu
2150 4885 2342 4942 omnia
2368 4866 2495 4956 (iure
2517 4885 2578 4941 in
2603 4890 2799 4942 sancta
2841 4891 2896 4943 et
2944 4883 3258 4942 universali
3299 4884 3516 4956 synodo
3535 4879 3819 4952 judicata

397 4969 659 5046 propnai
2151 4979 2288 5032 sunt
2315 4979 2372 5030 et
2393 4975 2629 5031 deﬁnita
2659 4975 2903 5032 libenter
2927 4975 3251 5046 suscipiens
3281 4972 3601 5044 subscripsi
3625 4983 3820 5029 manu

465 5045 841 5144 Nicephorus,
871 5047 1272 5110 misericordia
1307 5054 1408 5112 Dei
1435 5057 1742 5129 episcopus
1771 5059 2040 5132 Asponis,
2155 5064 2404 5134 propria.

397 5135 588 5189 omnia
615 5148 742 5226 quae
765 5135 826 5226 in
862 5143 1055 5226 sancta
1087 5144 1144 5196 et
1181 5142 1493 5200 universali
1537 5147 1752 5217 synodo
1786 5148 2047 5216 judicata
2222 5153 2454 5225 Paulus,
2496 5153 2894 5210 misericordia
2932 5154 3034 5210 Dei
3072 5154 3376 5224 episcopus
3427 5152 3820 5226 Hyberorum,

397 5225 535 5277 sunt
561 5229 617 5323 et
640 5223 878 5280 deﬁnita
903 5225 1149 5284 libenter
1169 5231 1495 5302 suscipiens
1519 5234 1837 5306 subscripsi
1873 5250 2046 5292 manu
2158 5245 2351 5300 omnia
2372 5223 2498 5314 quae
2524 5244 2584 5300 in
2631 5247 2828 5299 sancta
2864 5247 2922 5299 et
2960 5223 3282 5300 universali
3305 5223 3520 5314 synodo
3540 5223 3826 5312 judicata

401 5323 651 5402 ννρριῖιει-
678 5401 686 5402 ί
2160 5337 2296 5389 sunt
2317 5337 2374 5388 et
2395 5329 2632 5387 deﬁnita
2665 5329 2910 5387 libenter
2933 5332 3260 5402 suscipiens
3284 5330 3604 5401 subscripsi
3631 5341 3828 5388 manu

471 5399 2050 5502 Sisinnius,misericordiaDeiepiscopusBerinopoleos,
2161 5421 2410 5494 propria.

403 5497 594 5546 omnia
621 5504 748 5561 quae
776 5497 834 5546 in
860 5499 1054 5550 sancta
1092 5500 1148 5550 et
1191 5497 1500 5554 universali
1547 5501 1763 5570 synodo
1801 5503 2062 5572 judicata
2233 5508 2910 5580 Michael,misericordia
2927 5511 3028 5566 Dei
3054 5510 3360 5582 episcopus
3376 5507 3827 5580 Leontopoleos,
