4018 6166
238 290 310 347 481
967 260 1515 322 INTERPRETATIO
1551 258 1804 315 SYNODI
1841 257 1960 313 VIII
1998 251 2481 310 GENERALIS.—
2507 248 2708 305 ACTIO
2746 249 2815 303 Χ.

3503 233 3606 292 482

233 414 382 474 omnia
415 419 533 480 quae
559 405 619 461 in
640 403 834 458 sancta
866 400 922 452 et
960 390 1273 452 universali
1316 386 1530 480 synodo
1574 384 1834 454 judicata
1859 383 1918 444 A
1947 384 2071 437 cata
2097 382 2232 436 sunt
2271 383 2327 433 et
2355 374 2590 431 deﬁnita
2630 371 2872 426 libenter
2910 364 3234 433 suscipiens
3277 359 3596 430 subscripsi

233 503 403 562 suntet
428 475 658 553 deﬁnita
695 489 938 546 libenter
962 481 1285 554 suscipiens
1314 475 1635 544 subscripsi
1661 486 1832 528 manu

233 589 434 665 propria.

285 688 483 753 Anthes,
515 674 916 737 misericordia
958 672 1059 727 Dei
1103 670 1407 740 episcopus
1452 662 1837 732 Iiinnopoleos

233 778 334 855 [al.,
355 763 779 841 Himiopoleos],
813 763 1004 819 omnia
1044 773 1168 831 qua:
1195 759 1255 813 in
1293 760 1488 812 sancta
1513 758 1568 808 et
1598 753 1838 808 univer—

229 839 816 934 sali'synodoijudicata
841 857 977 908 sunt
1003 855 1060 905 et
1091 848 1326 904 deﬁnita
1358 844 1603 900 libenter
1644 839 1838 897 susci—

228 959 355 1028 piens
389 946 698 1017 subscripsi
733 957 902 999 manu
941 939 1190 1010 propria.

277 1051 480 1119 Paulus,
526 1040 923 1101 misericordia
950 1039 1051 1093 Dei
1089 1037 1392 1106 episcopus
1436 1032 1613 1102 Melae,
1645 1030 1837 1086 omnia

223 1157 323 1215 qua:
349 1142 398 1196 in
427 1139 620 1193 sancta
648 1138 704 1188 et
735 1128 1043 1187 universali
1077 1125 1289 1198 synodo
1332 1123 1588 1194 judicata
1619 1125 1754 1175 sunt
1781 1124 1838 1174 et

221 1208 413 1288 deﬁnita
429 1226 673 1282 libenter
691 1218 1016 1288 suscipiens
1035 1214 1352 1283 subscripsi
1379 1225 1547 1266 manu
1581 1208 1830 1278 propria.

275 1329 584 1392 Germanus,
658 1315 1056 1374 misericordia
1120 1312 1220 1367 Dei
1305 1310 1607 1380 episcopus
1679 1306 1833 1361 Ectri

221 1413 463 1492 [Hectorei
492 1431 506 1484 ς
536 1412 636 1482 aL,
663 1404 875 1480 Cytri],
914 1404 1105 1460 omnia
1135 1416 1260 1472 qua:
1293 1401 1352 1455 in
1384 1404 1576 1454 sancta
1607 1403 1662 1451 et
1692 1397 1837 1452 uni-

218 1487 387 1561 versali
416 1500 628 1572 synodo
650 1497 906 1567 judicata
937 1497 1072 1549 sunt
1099 1495 1154 1546 et
1191 1488 1424 1544 deﬁnita
1456 1487 1700 1542 libenter
1745 1499 1837 1539 su-

215 1594 426 1664 scipiens
453 1586 774 1656 subscripsi
807 1597 979 1639 manu
1017 1579 1266 1651 propria.

267 1688 463 1759 Joseph,
514 1682 908 1741 misericordia
944 1679 1044 1734 Dei
1079 1677 1380 1746 episcopus
1409 1675 1610 1742 Berrte,
1643 1673 1833 1729 omnia
1872 1707 1922 1767 Β

213 1794 312 1850 quae
343 1779 396 1832 in
425 1782 621 1832 sancta
660 1777 718 1828 et
745 1768 1056 1826 universali
1088 1765 1301 1837 synodo
1335 1763 1592 1832 judicata
1623 1765 1758 1817 sunt
1779 1765 1835 1814 et

211 1867 409 1924 delinita
429 1857 675 1920 libenter
697 1859 1018 1929 suscipiens
1038 1853 1354 1923 subscripsi
1379 1865 1548 1906 manu
1581 1849 1827 1919 propria.

265 1964 516 2034 Basilius,
603 1955 998 2014 misericordia
1068 1953 1169 2008 Dei
1236 1951 1537 2021 episcopus
1612 1947 1828 2014 Zuruli,

209 2054 367 2108 omnia
396 2066 523 2122 quae
555 2050 614 2104 in
646 2050 840 2103 sancta
865 2049 920 2098 et
961 2041 1270 2098 universali
1320 2039 1533 2110 synodo
1576 2036 1834 2106 judicata

207 2149 316 2198 sunt
342 2148 391 2196 et
423 2139 665 2196 deﬁnita
696 2135 939 2190 libenter
961 2131 1284 2200 suscipiens
1313 2125 1630 2195 subscripsi
1664 2136 1834 2178 manu

209 2243 424 2300 propria.

258 2326 528 2395 Meletius,
584 2317 980 2377 misericordia
1028 2316 1128 2371 Dei
1185 2314 1488 2384 episcopus
1539 2310 1830 2381 Heraclim,

203 2416 366 2470 omnia
392 2427 522 2483 qua
557 2413 616 2467 in
648 2414 841 2466 sancta
885 2411 940 2462 et
971 2403 1282 2462 universali
1323 2402 1536 2473 synodo
1577 2399 1834 2470 judicata

202 2510 313 2560 sunt
338 2508 390 2560 et
416 2501 658 2559 deﬁnita
698 2499 941 2554 libenter
965 2495 1309 2565 suscipiens,
1333 2499 1438 2547 etc.

253 2599 672 2668 Constantinus,
733 2592 1129 2651 misericordia
1197 2591 1298 2646 Dei
1365 2589 1670 2659 episcopus
1718 2587 1830 2656 Tii,

198 2692 359 2746 omnia
388 2705 515 2762 qua:
556 2689 614 2744 in
646 2689 840 2743 sancta
881 2688 937 2739 et
983 2680 1298 2738 universali
1330 2679 1542 2750 synodo
1579 2677 1833 2747 judicata

199 2785 310 2836 sunt
334 2787 387 2834 et
413 2778 658 2834 deﬁnita
691 2775 934 2831 libenter
964 2770 1286 2840 suscipiens
1312 2765 1629 2836 subscripsi
1663 2777 1833 2819 manu

204 2870 420 2941 propria.
1428 2866 1430 2869 '

251 2960 481 3027 Cosmas,
557 2951 954 3010 misericordia
1005 2949 1104 3004 Dei
1162 2947 1468 3017 episcopus
1515 2944 1838 3000 Hadriano—

1949 485 2119 525 mauu
2145 467 2393 540 propria.

2017 557 2281 626 Michael,
2307 549 2704 611 misericordia
2734 547 2835 604 Dei
2867 545 3170 614 episcopus
3189 539 3596 608 Melitopoleos,

1947 649 2138 705 omnia
2167 659 2294 715 quae
2343 645 2402 699 in
2448 645 2641 696 sancta
2680 641 2735 692 et
2766 631 3080 690 universali
3107 628 3320 700 synodo
3346 627 3599 695 judicata

1947 741 2084 792 sunt
2112 740 2167 790 et
2189 714 2433 788 deﬁnita
2460 729 2704 784 libenter
2730 721 3056 791 suscipiens
3081 714 3397 784 subscripsi
3431 727 3597 768 manu

1949 824 2197 897 propria.

2017 911 2406 981 Theophanes,
2449 901 2847 961 misericordia
2891 899 2991 953 Dei
3022 896 3324 966 episcopus
3361 890 3603 945 Azaneo-

1946 1017 2095 1073 rum,
2129 999 2324 1056 omnia
2349 1011 2476 1068 qua:
2501 995 2561 1049 in
2589 994 2865 1048 sanctaet
2887 983 3197 1043 universali
3220 980 3433 1051 synodo
3450 977 3603 1047 judi-

1946 1065 2094 1147 cata,
2125 1092 2260 1145 sunt
2297 1091 2355 1142 et
2368 1065 2615 1141 deﬁnita
2660 1079 2900 1135 libenter
2929 1072 3250 1142 suscipiens
3280 1065 3597 1134 subscripsi

1948 1194 2119 1235 manu
2152 1177 2405 1248 propria.

2020 1276 2296 1348 Ignatius,
2353 1267 2751 1328 misericordia
2800 1263 2904 1319 Dei
2965 1260 3268 1330 episcopus
3329 1252 3594 1323 Dorylmi,

1947 1365 2136 1421 omnia
2169 1342 2294 1434 quae
2345 1362 2403 1416 in
2437 1363 2628 1414 sancta
2659 1361 2715 1410 et
2759 1348 3068 1409 universali
3101 1345 3314 1416 synodo
3340 1342 3600 1412 judicata

1946 1458 2083 1512 sunt
2102 1458 2156 1508 et
2184 1432 2417 1508 deﬁnita
2460 1447 2702 1502 libenter
2728 1439 3051 1508 suscipiens
3073 1432 3390 1502 subscripsi
3424 1443 3595 1485 manu

1944 1542 2196 1614 propria.

2012 1628 2440 1695 Constantinus,
2481 1619 2879 1678 misericordia
2906 1616 3007 1671 Dei
3055 1613 3360 1684 episcopus
3399 1607 3598 1678 Augu-

1945 1720 2248 1789 stopoleos,
2277 1694 2468 1771 omnia
2490 1727 2614 1782 qua:
2643 1711 2702 1764 in
2731 1712 2926 1763 sancta
2951 1709 3006 1759 et
3036 1699 3347 1758 universali
3379 1694 3592 1766 synodo

1939 1782 2196 1883 judicata
2225 1782 2362 1861 sunt
2389 1808 2445 1858 et
2467 1799 2702 1856 deﬁnita
2728 1796 2972 1851 libenter
3003 1789 3328 1858 suscipiens
3349 1782 3598 1841 subscri-

1946 1898 2032 1967 psi
2063 1910 2230 1952 mauu
2266 1891 2513 1963 propria.

2012 1986 2264 2053 Cericus,
2303 1961 2697 2037 misericordia
2733 1975 2834 2029 Dei
2860 1972 3163 2041 episcopus
3207 1961 3588 2021 Gordorinite,

1944 2075 2138 2131 omnia
2174 2050 2297 2143 quae
2325 2071 2382 2124 in
2409 2071 2603 2124 sancta
2637 2070 2693 2119 et
2733 2059 3044 2118 universali
3089 2054 3303 2126 synodo
3336 2050 3597 2120 judicata

1944 2167 2079 2219 sunt
2099 2166 2155 2217 et
2181 2140 2418 2216 deﬁnita
2443 2155 2688 2211 libenter
2724 2149 3048 2218 suscipiens
3077 2140 3395 2210 subscripsi
3424 2151 3596 2194 manu

1952 2251 2201 2322 propria.

2012 2319 2242 2408 Paulus,
2291 2330 2685 2391 misericordia
2722 2327 2822 2384 Dei
2865 2324 3168 2393 episcopus
3207 2319 3428 2385 Bareos,
3473 2327 3588 2369 om-

1945 2430 2041 2484 nia
2090 2404 2322 2499 quae'in
2372 2426 2566 2478 sancta
2610 2423 2667 2473 et
2712 2412 3025 2472 universali
3081 2409 3294 2480 synodo
3336 2404 3598 2474 judicata

1945 2522 2080 2575 sunt
2108 2493 2163 2571 et
2191 2512 2426 2570 deﬁnita
2467 2509 2710 2564 libenter
2730 2501 3053 2571 suscipiens
3075 2493 3392 2570 subscripsi
3425 2504 3596 2547 manu

1948 2605 2199 2677 propria.

2017 2697 2141 2762 Leo,
2177 2686 2571 2746 misericordia
2608 2683 2709 2738 Dei
2750 2681 3054 2750 episcopus
3074 2673 3363 2741 Seleucia,
3404 2668 3597 2725 omnia

1944 2797 2068 2854 quae
2115 2761 2172 2836 in
2217 2783 2409 2835 sancta
2447 2781 2502 2830 et
2545 2769 2855 2829 universali
2898 2765 3112 2836 synodo
3151 2761 3406 2831 judicata
3454 2761 3591 2812 sunt

1943 2850 1999 2927 et
2016 2869 2251 2926 deﬁnita
2282 2867 2524 2922 libenter
2553 2859 2876 2929 suscipiens
2915 2850 3234 2921 subscripsi
3258 2861 3428 2904 manu
3467 2860 3594 2916 pro-

1948 2961 2092 3031 pria.

254 3003 481 3027 υνυηωυ,
561 3003 954 3010 -----------ν-
1063 3003 1072 3004 κ
1199 3003 1215 3017 .
1361 3003 1378 3016 .
1989 3003 2092 3016 ...υ

201 3047 378 3116 Ροίθοδτ
419 3043 622 3101 omnia
673 3054 798 3113 (111³⁵
851 3040 910 3094 in
957 3042 1155 3092 saneta
1193 3040 1249 3090 εί
1285 3033 1594 3090 universa“
1623 3032 1836 3102 δΥηοάο
1869 3031 1917 3093 C
1950 3003 1981 3031 Υ
2017 3047 2286 3115 Basilius,
2329 3038 2724 3098 misericordia
2770 3034 2870 3089 Dei
2915 3003 3220 3102 episcopus
3242 3025 3591 3092 Adadorum,

195 3135 417 3203 judicata
463 3136 612 3190 sunt
668 3135 723 3186 et
763 3127 999 3184 deﬁnita
1053 3125 1297 3181 libenter
1348 3122 1672 3192 suscipiens
1709 3119 1842 3176 sub-

201 3223 349 3291 cripsi
395 3235 577 3276 manu
613 3216 863 3288 propria.

253 3320 506 3388 Basilius,
565 3312 962 3370 misericordia
998 3311 1097 3366 Dei
1138 3309 1440 3379 episcopus
1468 3307 1692 3374 Gratiae,
1725 3319 1839 3360 om-

200 3408 277 3462 nia
315 3422 434 3478 quae
499 3407 571 3462 in
617 3409 810 3459 sancta
856 3406 913 3456 et
961 3397 1270 3456 universali
1325 3396 1538 3466 synodo
1579 3394 1836 3463 judicata

198 3501 310 3551 sunt
333 3503 387 3551 et
425 3493 674 3551 deﬁnita
700 3490 945 3546 libenter
969 3486 1292 3556 suscipiens
1317 3483 1636 3553 subscripsi
1666 3496 1837 3538 manu

199 3587 418 3655 propria.

252 3675 617 3742 Eustachius,
676 3669 1072 3727 misericordia
1134 3666 1234 3722 Dei
1297 3666 1598 3735 episcopus
1661 3663 1842 3718 Emo-

197 3762 308 3830 niz,
338 3763 528 3818 omnia
554 3774 682 3831 qua:
705 3759 768 3814 in
799 3762 994 3814 sancta
1020 3760 1078 3812 et
1103 3754 1413 3812 universali
1440 3754 1654 3823 synodo
1675 3750 1844 3821 judi-

195 3855 300 3905 cata
343 3857 477 3906 sunt
507 3854 574 3905 et
599 3847 836 3904 deﬁnita
864 3845 1107 3901 libenter
1151 3842 1473 3912 suscipiens
1525 3839 1842 3911 subscripsi

195 3951 344 3994 manu
375 3937 640 4009 propria.

250 4036 614 4107 Euthymius,
649 4031 1046 4088 misericordia
1092 4030 1194 4085 Dei
1237 4028 1542 4098 episcopus
1577 4026 1841 4097 Sebastae,

196 4125 364 4179 omnia
394 4139 524 4195 quae
561 4124 625 4178 in
674 4125 869 4177 sancta
894 4124 950 4175 et
986 4118 1297 4174 universali
1339 4118 1552 4187 synodo
1586 4117 1847 4186 judicata

196 4218 311 4268 sunt
337 4218 392 4268 et
417 4212 669 4270 deﬁnita
691 4210 936 4266 libenter
965 4207 1290 4276 suscipiens
1329 4206 1646 4276 subscripsi
1678 4219 1847 4261 manu

198 4304 423 4370 propria.

1947 3138 2137 3195 omnia
2165 3113 2290 3205 quae
2331 3133 2389 3187 in
2429 3133 2621 3186 sancta
2660 3130 2715 3182 et
2741 3120 3052 3180 universali
3092 3117 3306 3188 synodo
3340 3113 3598 3182 judicata

1947 3230 2082 3283 sunt
2110 3230 2167 3279 et
2184 3203 2424 3278 deﬁnita
2456 3217 2700 3273 libenter
2724 3211 3048 3280 suscipiens
3079 3203 3397 3272 subscripsi
3426 3214 3597 3256 manu

1949 3313 2199 3384 pr0pria.

2015 3400 2306 3468 Nicolaus,
2335 3391 2731 3449 misericordia
2749 3388 2849 3444 Dei
2872 3385 3176 3454 episcopus
3194 3378 3462 3446 Docimii,
3483 3389 3600 3432 om-

1947 3491 2044 3546 nia
2071 3501 2195 3558 quae
2222 3466 2496 3540 in'sancta
2516 3484 2572 3535 et
2593 3473 2904 3534 universali
2932 3469 3146 3542 synodo
3171 3466 3429 3536 judicata
3461 3468 3598 3519 sunt

1947 3583 2003 3635 et
2020 3576 2257 3633 deﬁnita
2278 3573 2543 3638 libenter,
2565 3572 2671 3623 etc.

2018 3666 2427 3736 Tbeognostus,
2497 3651 2894 3712 misericordia
2939 3647 3040 3704 Dei
3103 3645 3406 3714 episcopus
3472 3641 3602 3694 Par-

1954 3754 2130 3824 nassi,
2163 3727 2353 3808 dmuia
2398 3727 2522 3818 (tua:
2566 3746 2625 3799 in
2679 3745 2874 3796 sancta
2921 3739 2976 3810 et
3025 3730 3334 3790 universali
3385 3727 3599 3798 synodo

1949 3814 2206 3915 judicata
2235 3842 2370 3895 sunt
2394 3814 2450 3892 et
2476 3833 2712 3890 deﬁnita
2738 3828 2981 3884 libenter
3005 3820 3329 3891 suscipiens
3353 3814 3605 3872 subscri-

1955 3933 2042 4002 psi
2083 3943 2254 3986 manu
2282 3925 2530 3997 propria.

2023 4026 2322 4098 Georgius,
2387 4016 2783 4076 misericordia
2836 4011 2939 4067 Dei
2991 4009 3295 4079 episcopus
3353 3999 3598 4068 Zetunii,

1956 4115 2148 4173 omnia
2175 4089 2318 4184 uuae.
2359 4111 2419 4165 in
2450 4112 2644 4163 sancta
2681 4108 2736 4160 et
2766 4097 3079 4158 universali
3106 4093 3320 4165 synodo
3345 4089 3603 4159 judicata

1957 4211 2094 4262 sunt
2117 4209 2172 4258 et
2196 4179 2432 4257 deﬁnita
2452 4197 2696 4252 libenter
2725 4189 3049 4258 suscipiens
3078 4179 3394 4249 subscripsi
3433 4190 3603 4232 manu

1959 4292 2208 4365 propria.

254 4391 684 4461 Constantinus,
729 4385 1127 4444 misericordia
1162 4384 1263 4440 Dei
1308 4383 1612 4453 episcopus
1647 4383 1840 4453 Synai,
1871 4369 1924 4430 D
1961 4354 1977 4365 ⁸
2025 4354 2374 4446 Tbeoclitus,
2430 4369 2825 4428 misericordia
2860 4365 2963 4420 Dei
3007 4361 3312 4432 episc0pus
3358 4354 3607 4410 Lacede—

195 4483 365 4536 omnia
408 4496 539 4553 quae
574 4481 635 4536 in
685 4482 879 4534 sancta
907 4481 963 4531 et
992 4472 1304 4530 universali
1336 4472 1549 4542 synodo
1587 4472 1843 4540 judicata

197 4574 384 4624 suntet
415 4569 662 4625 deﬁnita
691 4566 935 4622 libenter
963 4562 1286 4632 suscipiens
1315 4560 1630 4630 subscripsi
1674 4571 1842 4614 manu

197 4659 425 4728 propria.

253 4747 509 4817 Joannes,
543 4743 946 4802 misericordia
967 4741 1068 4797 Dei
1103 4740 1406 4810 episcOpus
1438 4737 1686 4807 Tampsi,
1733 4749 1849 4792 om-

195 4835 279 4890 nia
325 4851 448 4908 quaa
495 4837 560 4891 in
608 4837 804 4891 sancta
841 4834 899 4887 et
954 4829 1265 4887 universali
1325 4828 1539 4899 synodo
1590 4825 1847 4896 judicata

195 4930 314 4978 sunt
333 4931 390 4980 et
411 4924 659 4980 deﬁnita
698 4922 943 4978 libenter
965 4918 1292 4989 suscipiens
1319 4915 1637 4985 subscripsi
1676 4927 1848 4970 manu

197 5015 427 5082 propria.

252 5102 509 5173 Joannes,
571 5098 969 5156 misericordia
1017 5097 1117 5152 Dei
1160 5096 1464 5166 episcopus
1509 5091 1842 5160 Polemonii,

195 5190 367 5246 omnia
399 5204 532 5261 quae
569 5190 630 5244 in
659 5192 853 5244 sancta
889 5191 947 5242 et
993 5184 1303 5241 universali
1336 5183 1550 5253 synodo
1587 5181 1846 5251 judicata

197 5285 313 5332 sunt
335 5285 390 5333 et
408 5277 657 5334 deﬁnita
683 5276 929 5332 libenter
951 5274 1274 5344 suscipiens
1319 5271 1636 5340 subscripsi
1675 5282 1845 5324 manu

203 5368 428 5436 prepria.

258 5465 640 5535 Nicephorus.
694 5463 1090 5520 misericordia
1128 5462 1228 5516 Dei
1271 5460 1574 5530 episcopus
1629 5459 1854 5525 Neapo-

207 5546 320 5623 leos,
351 5555 554 5611 omnia
584 5567 711 5622 quae
741 5553 801 5607 in
823 5557 1018 5608 sancta
1037 5557 1093 5607 et
1120 5549 1431 5606 universali
1464 5547 1677 5616 synodo
1703 5543 1857 5613 judi-

1954 4471 2176 4541 moniae,
2219 4442 2410 4522 omnia
2437 4475 2561 4532 quae
2602 4461 2663 4514 in
2707 4458 2901 4513 sancta
2943 4455 2998 4508 et
3028 4445 3340 4506 universali
3391 4442 3604 4513 synodo

1947 4529 2205 4630 judicata
2229 4558 2364 4611 sunt
2392 4529 2705 4608 etdeﬁnita
2726 4545 2969 4601 libenter
2999 4537 3321 4606 suscipiens
3359 4529 3608 4588 subscri-

1957 4649 2042 4719 psi
2084 4660 2255 4702 manu
2295 4640 2544 4712 propria.

2025 4743 2400 4812 Nicephorus,
2444 4731 2842 4791 misericordia
2864 4727 2964 4783 Dei
2996 4725 3301 4795 episcopus
3327 4719 3584 4774 Crotona:

1956 4833 2148 4890 omnia
2179 4844 2305 4900 quze
2337 4807 2398 4882 in
2435 4829 2631 4881 sancta
2660 4825 2716 4876 et
2759 4815 3071 4875 universali
3103 4811 3316 4883 synodo
3349 4807 3608 4878 judicata

1958 4927 2094 4979 sunt
2121 4926 2177 4975 et
2196 4897 2435 4974 deﬁnita
2467 4914 2710 4969 libenter
2735 4906 3057 4975 suscipiens
3088 4897 3406 4968 subscripsi
3437 4908 3608 4951 manu

1962 5009 2211 5082 propria.

2029 5078 2402 5168 Nicephorus,
2460 5085 2855 5147 misericordia
2896 5083 2997 5137 Dei
3047 5081 3351 5150 episcopus
3411 5078 3616 5144 Zacyn-

1963 5189 2070 5258 thi,
2111 5186 2302 5243 omnia
2342 5197 2466 5254 quae
2498 5182 2557 5236 in
2605 5181 2798 5234 sancta
2827 5178 2884 5229 et
2920 5169 3232 5228 universali
3273 5164 3487 5237 synodo
3526 5163 3614 5231 ju-

1963 5250 2153 5334 dicata
2176 5279 2311 5331 sunt
2337 5250 2393 5328 et
2411 5269 2646 5328 deﬁnita
2678 5264 2921 5320 libenter
2943 5259 3267 5330 suscipiens
3291 5250 3610 5320 subscripsi

1965 5380 2136 5421 manu
2171 5361 2419 5433 propria.

2032 5452 2332 5522 Georgius,
2359 5443 2754 5503 misericordia
2783 5441 2883 5496 Dei
2916 5439 3218 5508 episcopus
3267 5432 3473 5485 sanctae
3518 5427 3616 5495 Cy-

1964 5545 2151 5610 riacae,
2175 5539 2366 5596 omnia
2396 5551 2521 5608 quae
2545 5535 2604 5589 in
2631 5536 2826 5588 sancta
2855 5534 2911 5582 et
2933 5520 3241 5598 universali
3279 5515 3491 5586 synodo
3525 5513 3619 5580 ju-
