4018 6166
383 275 487 334 483
1609 277 1969 335 ANASTASII
2019 279 2060 334 Β

2162 278 2558 336 ιΙΟΤΗΕΟΑΚῙΙ
3676 265 3768 325 εει

387 401 577 458 dicata
597 403 735 457 sunt
753 404 809 455 et
831 399 1067 455 deﬁnita
1098 398 1342 456 libenter
1367 399 1688 470 suscipiens
1713 399 2030 469 subscripsi
2059 401 2115 462 A
2142 410 2275 457 cens
2300 419 2314 455 :
2366 401 2506 467 Quia
2554 400 2908 455 incoluerunt
2959 413 3124 468 super
3169 411 3273 460 me,
3326 394 3460 449 dicit
3501 392 3766 453 Dominus,

385 502 557 545 manu
589 488 836 558 propria.
2141 491 2306 545 verba
2349 494 2549 544 vestra.
2596 491 2667 543 Et
2710 489 2969 547 dixistis:
3018 486 3162 553 Quid
3186 484 3351 539 locuti
3371 495 3557 537 sumus
3599 483 3770 533 contra

457 576 790 647 Gregorius,
840 576 1235 633 misericordia
1278 576 1379 632 Dei
1423 577 1728 647 episcopus
1781 576 2030 647 Mesinae,
2142 581 2354 634 te?-Et
2398 580 2654 633 dixistis:
2713 579 2900 633 Vanus
2945 581 3043 639 est,
3089 576 3186 645 qui
3228 573 3393 628 servit
3438 570 3697 625 Domino:
3727 573 3771 621 et

386 665 580 722 omnia
601 677 727 735 quae
767 664 826 719 in
866 670 1060 720 sancta
1083 670 1141 720 et
1178 665 1489 720 universali
1530 665 1743 734 synodo
1774 664 2034 734 judicata
2136 670 2288 737 quod
2328 669 2738 724 emolumentum
2778 668 2911 737 quia
2933 665 3316 721 custodivimus
3349 662 3620 732 praecepta
3644 657 3770 725 ejus,

387 757 523 809 sunt
548 758 604 808 et
622 752 857 808 deﬁnita
886 752 1132 808 libenter
1156 753 1480 823 suscipiens
1501 753 1818 823 subscripsi
1861 765 2033 808 manu
2141 762 2193 813 et
2246 759 2379 827 quia
2428 757 2823 811 ambulavimus
2868 757 3048 810 tristes
3099 767 3278 807 coram
3321 750 3546 805 Domino
3595 746 3777 801 sterci-

384 854 635 913 propria.

454 930 799 1001 Demetrius,
842 929 1239 987 misericordia
1274 930 1376 987 Dei
1412 931 1716 1001 episcopus
1752 927 2032 1000 Scyllatii,

385 1019 727 1089 omniaquae
761 1018 821 1074 in
848 1023 1041 1074 sancta
1078 1024 1135 1074 et
1173 1019 1484 1075 universali
1527 1018 1740 1090 synodo
1776 1017 2035 1088 judicata

386 1112 523 1163 sunt
542 1112 597 1162 et
615 1106 851 1162 deﬁnita
891 1106 1135 1163 libenter
1163 1107 1487 1178 suscipiens
1507 1105 1824 1176 subscripsi
1864 1117 2034 1160 manu

385 1196 634 1265 propria.

454 1285 716 1355 Michael,
795 1285 1191 1342 misericordia
1255 1286 1356 1341 Dei
1422 1286 1727 1357 episcopus
1784 1282 2033 1354 Cercyri,

386 1373 581 1428 omnia
620 1388 745 1443 qua:
772 1374 831 1429 in
873 1379 1064 1430 sancta
1108 1380 1163 1429 et
1190 1375 1502 1431 universali
1528 1374 1743 1445 synodo
1780 1372 2037 1442 judicata

387 1466 523 1516 sunt
559 1465 616 1516 et
637 1462 875 1518 deﬁnita
903 1462 1148 1518 libenter
1173 1463 1496 1532 suscipiens
1525 1461 1843 1531 subscripsi
1867 1472 2039 1515 manu

388 1549 643 1618 propria.

458 1639 585 1705 Leo,
629 1638 1024 1695 misericordia
1053 1640 1154 1695 Dei
1180 1639 1486 1710 episcopus
1525 1638 1807 1713 Agalassi,
1848 1636 2041 1693 omnia

2144 850 2297 900 tuum
2315 849 2344 900 ?
2371 847 2515 914 Ergo
2564 860 2711 900 nunc
2724 845 2914 899 'beatos
2943 842 3171 897 dicimus
3216 841 3579 907 arroganter;
3609 834 3778 903 siqui-

2145 934 2265 989 dem
2291 934 2545 1005 zdiﬁcati
2572 939 2701 988 sunt
2721 934 2980 1002 facientes
3002 931 3349 1001 impietatem,
3375 930 3427 980 et
3449 926 3779 981 tentaverimt

2141 1024 2332 1086 Deum,
2359 1028 2411 1077 et
2432 1023 2573 1077 salvi
2599 1024 2737 1090 facti
2780 1025 2926 1076 sunt.
2975 1022 3124 1075 Tunc
3170 1017 3336 1072 locuti
3375 1017 3505 1070 sunt
3549 1013 3780 1066 timentes

2142 1114 2331 1174 Deum,
2357 1113 2731 1181 unusquisque
2743 1111 2992 1179 promimo
3015 1122 3146 1162 suo:
3172 1107 3241 1160 Et
3264 1103 3478 1159 audivit
3509 1102 3779 1161 Dominus.

2101 1265 2108 1274 ,
2144 1204 2196 1253 et
2223 1200 2475 1262 attendit,
2520 1204 2570 1254 et
2614 1200 2848 1268 scriptus
2877 1202 2955 1251 est
2983 1196 3119 1250 liber
3140 1192 3472 1248 monumenti
3512 1204 3689 1244 coram
3711 1201 3781 1249 eo,

2146 1288 2456 1342 timentibus
2512 1290 2683 1342 Deum
2732 1290 2781 1340 et
2844 1283 3204 1353 cogitantibus
3265 1295 3457 1335 nomen
3516 1277 3656 1345 ejus.
3722 1274 3787 1327 Et

2146 1380 2307 1431 erunt
2331 1377 2485 1439 mihi,
2528 1378 2611 1430 ait
2646 1377 2903 1430 Dominus
2949 1374 3300 1432 exercituum,
3330 1370 3391 1422 in
3438 1366 3524 1421 die
3565 1380 3677 1434 qua
3704 1376 3787 1430 ego

2144 1468 2310 1533 facio,
2358 1467 2416 1518 in
2451 1465 2766 1533 peculium:
2785 1478 3013 1533 parcam
3054 1462 3150 1522 eis,
3182 1461 3323 1514 sicut
3358 1459 3546 1525 parcet
3576 1454 3664 1506 vir
3687 1450 3789 1520 ﬁlio

2149 1570 2246 1609 suo
2282 1554 2536 1608 servienti
2567 1552 2704 1605 sibi:
2743 1556 2796 1605 et
2839 1548 3230 1609 convertimini,
3276 1550 3326 1600 et
3367 1542 3620 1598 videbitis
3667 1536 3793 1609 quid

2151 1645 2223 1697 sit
2271 1644 2414 1696 inter
2430 1642 2646 1710 justum
2674 1643 2724 1694 et
2773 1640 3018 1709 impium,
3068 1640 3118 1691 et
3144 1637 3287 1689 inter
3328 1633 3644 1687 servientem
3690 1628 3796 1680 Do—

389 1739 516 1795 qua:
548 1727 608 1783 in
647 1733 840 1783 sancta
864 1732 920 1782 et
960 1728 1271 1783 universali
1298 1728 1514 1798 synodo
1532 1727 1793 1797 judicata
1818 1731 1954 1782 sunt
1987 1732 2043 1783 et
2071 1720 2126 1782 B
2153 1734 2299 1786 mino
2323 1735 2373 1785 et
2400 1745 2509 1783 non
2546 1730 2861 1783 servientem
2884 1728 2934 1781 ei
2962 1724 3221 1795 (Malach.
3252 1721 3363 1794 ιιι).
3394 1718 3609 1775 Jubilet
3652 1714 3796 1771 enim

388 1813 625 1871 deﬁnita
646 1816 890 1872 libenter
909 1817 1233 1886 suscipiens
1252 1816 1572 1886 subscripsi
1598 1829 1769 1871 manu
1788 1814 2039 1885 propria.

460 1906 752 1977 Leontius,
784 1906 1182 1961 misericordia
1218 1906 1318 1961 Dei
1345 1906 1648 1975 episcopus
1671 1904 1900 1976 Rhegii,
1932 1916 2047 1959 om-

392 1995 488 2049 nia
510 2008 636 2065 qua:
654 1995 713 2049 in
735 2000 929 2051 sancta
940 2001 996 2051 et
1012 1994 1323 2050 universali
1342 1995 1557 2066 synodo
1564 1994 1823 2064 judicata
1836 1997 1973 2049 sunt
1991 1996 2048 2047 et

390 2081 626 2138 deﬁnita
648 2082 893 2140 libenter
914 2083 1237 2154 suscipiens
1253 2083 1573 2153 subscripsi
1597 2095 1768 2138 manu
1791 2081 2041 2151 propria.

466 2171 694 2243 Paulus,
762 2172 1161 2228 misericordia
1201 2172 1302 2227 Dei
1358 2172 1663 2242 episcopus
1726 2170 2042 2241 Taurianae,

394 2259 587 2316 omnia
636 2274 761 2330 quae
788 2261 847 2316 in
875 2265 1069 2317 sancta
1093 2265 1149 2316 et
1192 2259 1506 2316 universali
1541 2258 1757 2330 synodo
1790 2258 2048 2328 judicata

395 2353 534 2405 sunt
555 2353 613 2404 et
634 2348 869 2405 deﬁnita
900 2349 1145 2405 libenter
1165 2348 1492 2419 suscipiens
1515 2347 1835 2418 subscripsi
1876 2360 2048 2403 manu

401 2439 633 2508 propria
651 2453 691 2492 ι.

401 2562 648 2631 Epistola
670 2563 941 2630 encyclica
960 2566 1161 2616 sanctas
1179 2577 1244 2615 ac
1262 2561 1588 2615 universalis
1616 2564 1815 2615 octavae
1832 2560 2046 2629 synodi.

471 2685 760 2740 Emsultate
825 2686 1051 2740 Domino
1115 2685 1363 2754 adjutori
1418 2687 1622 2747 nostro,
1662 2683 1901 2753 jubilate
1944 2686 2053 2737 Deo

401 2774 595 2829 Jacob:
621 2778 673 2829 et
707 2773 1048 2828 laudationes
1085 2775 1185 2828 Dei
1215 2774 1276 2827 in
1292 2774 1469 2843 portis
1491 2773 1620 2843 ﬁlia:
1655 2772 1787 2826 Sion
1825 2787 2056 2825 annun—

405 2865 536 2918 tiate
586 2864 827 2918 alacrius
856 2868 906 2917 et
938 2863 1299 2931 sufﬁcientius
1319 2860 1490 2932 (Psal.
1536 2860 1741 2931 LXXX).
1786 2860 2055 2915 Debitum

405 2956 512 3022 est,
549 2951 878 3007 charissimi
906 2950 1130 3021 fratres,
1158 2951 1226 3006 ad
1256 2948 1629 3005 reverentiam
1673 2952 1915 3004 vestram
1956 2948 2060 3003 di-

2158 1820 2423 1876 universa
2464 1816 2679 1872 Christi
2741 1819 2797 1870 ct
2837 1813 3147 1870 Salvatoris
3204 1808 3386 1867 nostri
3433 1806 3709 1877 Ecclesia,
3748 1807 3801 1859 et

2156 1907 2487 1981 gratiﬁcans
2525 1904 2578 1960 ei
2623 1903 3070 1976 gloriﬁcationes
3114 1901 3394 1969 decantet,
3447 1897 3657 1953 iterum
3701 1892 3804 1948 cla-

2157 2011 2317 2054 mans
2375 2009 2506 2051 cum
2579 1993 2851 2064 propheta
2904 1991 3115 2047 David:
3178 1989 3380 2043 Fidelis
3443 1987 3706 2041 Dominus
3748 1982 3804 2034 in

2156 2085 2403 2141 omnibus
2446 2082 2622 2137 verbis
2659 2084 2794 2143 suis,
2825 2085 2876 2135 et
2920 2084 3139 2135 sanctus
3181 2080 3241 2131 in
3281 2075 3526 2130 omnibus
3557 2070 3804 2143 operibus

2156 2177 2272 2230 suis
2296 2172 2468 2245 (Psal.
2505 2170 2717 2243 cxmv).
2745 2169 2855 2239 Qui
2882 2169 3033 2224 enim
3068 2166 3221 2223 dixit
3266 2165 3334 2220 ad
3371 2166 3598 2220 sanctos
3639 2157 3811 2215 disci-

2160 2262 2330 2334 pulos
2373 2264 2430 2316 et
2475 2258 2765 2330 apostolos
2807 2271 2981 2313 suos:
3026 2257 3099 2310 Et
3131 2270 3244 2309 ecce
3272 2268 3365 2321 ego
3393 2251 3670 2304 vobiscum
3697 2260 3811 2302 sum

2158 2350 2408 2405 omnibus
2468 2348 2676 2410 diebus,
2729 2361 2899 2416 usque
2949 2344 3024 2399 ad
3078 2342 3582 2397 consummationem
3631 2334 3814 2391 saeculi

2156 2438 2383 2511 (Matth.
2409 2434 2666 2507 xxxvui)
2688 2453 2703 2506 ς
2729 2439 2787 2491 et
2808 2435 2894 2489 ait
2911 2433 2980 2489 ad
3002 2433 3230 2487 Petrum
3250 2427 3638 2500 apostolorum
3666 2423 3818 2495 prin-

2159 2525 2574 2597 cipalissimam
2617 2522 3034 2579 summitatem:
3090 2521 3171 2573 Tu
3218 2534 3271 2572 es
3304 2519 3519 2577 Petrus,
3574 2518 3624 2568 et
3656 2525 3817 2582 super

2160 2616 2300 2669 hanc
2343 2617 2559 2683 petram
2617 2609 2891 2680 zdiﬁcabo
2946 2607 3241 2663 Ecclesiam
3291 2620 3485 2665 meam,
3545 2607 3596 2656 et
3646 2603 3819 2671 porta:

2161 2703 2330 2770 inferi
2368 2716 2477 2754 non
2521 2698 2897 2769 praevalebunt
2924 2697 3184 2751 adversus
3232 2709 3348 2748 eam
3384 2690 3605 2763 (Matth.
3663 2686 3812 2758 xvx):

2164 2789 2458 2846 multoties
2489 2787 2639 2843 alias
2670 2784 2839 2841 inferi
2868 2790 3080 2856 portas,
3125 2786 3350 2853 apertas
3390 2783 3588 2839 contra
3637 2775 3825 2833 Eccle-

2165 2879 2329 2948 siam,
2367 2881 2422 2932 et
2450 2876 2718 2931 devorare
2759 2886 2881 2929 eam
2904 2875 3203 2940 tentantes,
3242 2868 3551 2937 obstruxit,
3593 2863 3827 2922 contri-

2166 2967 2268 3035 vit,
2307 2970 2477 3036 atque
2516 2962 2824 3033 destruxit,
2864 2959 3159 3015 haereticus
3195 2957 3461 3013 videlicet
3494 2954 3823 3025 opiniones,

407 3053 534 3096 cere
576 3054 705 3097 cum
734 3040 1006 3110 propheta
1052 3038 1250 3109 David,
1277 3043 1333 3093 et
1359 3052 1562 3094 rursus
1607 3051 1736 3093 cum
1786 3038 2059 3107 prOpheta

2168 3059 2225 3111 et
2241 3054 2439 3124 iniqua
2462 3050 2783 3120 conamina,
2803 3062 2928 3120 quae
2947 3048 3007 3103 in
3030 3045 3338 3117 praeteritis
3354 3041 3828 3116 generationibus

409 3132 634 3191 Nahum
672 3128 867 3185 aﬁ'ari:
898 3128 1037 3195 Quia
1071 3144 1184 3182 ecce
1213 3128 1415 3181 veloces
1441 3126 1608 3196 pedes
1642 3126 2061 3193 evangelisantis

411 3228 463 3278 et
506 3220 892 3276 annuntiantis
940 3232 1131 3288 pacem
1151 3234 1169 3270 :
1217 3216 1456 3278 Celebra,
1513 3215 1681 3277 Juda,
1740 3216 2062 3282 festivitates

414 3317 578 3375 tuas;
617 3307 783 3362 redde
819 3310 927 3362 Deo
955 3310 1079 3360 vota
1104 3310 1220 3368 tua,
1240 3320 1339 3374 pro
1382 3320 1439 3358 eo
1481 3303 1627 3373 quod
1650 3317 1759 3356 non
1800 3302 2064 3371 adjicient

412 3399 583 3460 ultra,
623 3401 685 3451 ut
709 3399 992 3450 transeant
1023 3396 1083 3448 in
1122 3398 1457 3448 vetustatem.
1502 3390 1939 3445 Consummatum
1962 3394 2061 3453 est,

415 3487 692 3542 sublatum
753 3488 851 3547 est,
895 3482 1141 3538 ascendit
1196 3483 1490 3550 insufﬂans
1543 3483 1604 3536 in
1656 3480 1855 3547 faciem
1892 3483 2062 3541 tuam,

415 3576 652 3629 emimens
700 3573 766 3626 de
807 3571 1157 3625 tribulatione
1180 3589 1197 3624 :
1241 3586 1299 3623 eo
1344 3570 1491 3638 quod
1547 3572 1768 3623 verterit
1805 3569 2066 3623 Dominus

417 3661 796 3717 contumeliam
888 3658 1072 3720 Iacob,
1161 3657 1612 3726 quemadmodum
1693 3656 2068 3710 contumeliam

417 3752 591 3807 Israel
639 3747 1002 3820 (Nahum.1).
1044 3746 1193 3813 Quid
1259 3744 1413 3800 enim
1464 3744 1624 3800 aliud
1696 3744 1938 3815 gratius,
1982 3743 2067 3799 vel

422 3852 550 3909 qua:
601 3835 870 3906 specialis
915 3833 1292 3890 exultationis
1320 3827 1398 3888 ‘ac
1433 3832 1768 3888 dilectionis
1810 3832 2067 3896 materia,

422 3939 524 3981 seu
567 3924 901 3980 conciliatio
934 3928 1040 3991 est,
1063 3934 1232 3992 quam
1266 3921 1458 3976 videre
1488 3920 1666 3976 libere
1708 3926 1963 3991 agentem
1991 3920 2074 3976 ul-

423 4014 647 4069 tionum
694 4011 1021 4081 Dominum,
1070 4014 1127 4065 et
1170 4009 1438 4079 superbis
1484 4009 1920 4066 retributionem
1969 4009 2075 4078 ju-

426 4106 570 4159 stam
616 4105 674 4156 et
693 4099 1138 4167 convenientem,
1178 4104 1235 4153 et
1271 4097 1503 4153 zelotem
1554 4098 1859 4154 Dominum
1888 4099 2077 4154 vindi-

426 4195 647 4247 cantem
692 4189 962 4245 inimicos
1002 4188 1183 4245 suos?
1206 4189 1439 4258 Propter
1483 4188 1587 4245 hoc
1638 4187 1791 4243 enim
1833 4187 1981 4243 dicit
2020 4192 2077 4243 et

427 4279 764 4335 Psalmista:
806 4277 1102 4332 Letabitur
1133 4277 1343 4346 justus.
1382 4293 1503 4331 cum
1539 4277 1737 4331 viderit
1781 4277 2078 4331 vindictam

2172 3156 2270 3212 per
2292 3154 2394 3197 sua
2420 3145 2674 3209 tempora
2703 3142 2840 3193 sunt
2875 3142 3092 3205 exorta,
3124 3134 3219 3191 sed
3250 3132 3633 3189 nihilominus
3673 3134 3734 3185 et
3774 3129 3830 3184 in

2173 3229 2526 3299 instantibus
2556 3225 2911 3297 temporibus
2952 3223 3175 3280 inferno
3206 3221 3502 3293 proprium
3530 3233 3594 3275 os
3626 3222 3834 3275 contra

2171 3318 2479 3375 Ecclesiam
2507 3316 2723 3372 Christi
2760 3313 3050 3385 aperiente
3072 3317 3129 3368 et
3173 3311 3475 3379 dilatante,
3520 3307 3711 3363 simili
3746 3319 3838 3377 pa-

2174 3409 2341 3479 rique
2379 3406 2544 3463 modo
2585 3408 2869 3475 protector
2904 3403 3031 3472 ejus
3055 3400 3242 3457 factus
3263 3403 3350 3457 est
3381 3398 3650 3454 Christus
3685 3398 3839 3451 Deus

2175 3499 2386 3564 noster,
2406 3493 2506 3564 qui
2523 3491 3040 3562 desponsaviteam,
3059 3494 3117 3545 et
3131 3501 3231 3544 ora
3248 3486 3606 3558 loquentium
3629 3484 3842 3555 iniqua

2178 3579 2495 3637 multifaria
2552 3580 2865 3649 multisque
2903 3577 3089 3633 modis
3126 3575 3437 3641 obstruxit,
3487 3577 3544 3629 et
3582 3572 3738 3629 hanc
3770 3570 3841 3626 ab

2177 3682 2373 3725 eorum
2388 3667 2683 3723 laesioneet
2703 3665 3031 3737 pestilentia
3044 3663 3327 3720 liberavit.
3352 3664 3407 3717 Is
3424 3661 3579 3717 enim
3601 3661 3710 3731 qui
3735 3658 3845 3717 for-

2182 3770 2329 3812 mam
2354 3756 2585 3827 quidem
2606 3755 2839 3826 pietatis
2864 3754 3071 3809 habere
3091 3751 3431 3822 simulabat,
3452 3750 3730 3805 virtutem
3751 3762 3849 3805 au-

2180 3850 2291 3901 tem
2308 3846 2433 3915 ejus
2449 3844 2780 3917 abnegabat,
2797 3847 2852 3899 et
2865 3842 3180 3899 secundum
3191 3839 3595 3910 antiphraseos
3607 3843 3847 3909 tropum

2181 3935 2421 3990 Photius
2469 3932 2885 4004 appellabatur,
2931 3931 3111 3987 multa
3150 3934 3207 3986 et
3269 3928 3427 3984 varia
3490 3928 3733 3998 quidem
3778 3926 3852 3981 ab

2182 4027 2344 4078 aetate
2371 4021 2591 4091 impubi
2617 4025 2816 4076 contra
2843 4033 2965 4075 eam
2986 4017 3283 4075 adinvenit
3311 4015 3628 4086 molimina,
3663 4014 3854 4071 stoli—

2181 4109 2276 4165 dis
2304 4114 2360 4165 et
2383 4122 2625 4180 nequam
2651 4106 3039 4163 schismaticis
3075 4105 3449 4175 concordans,
3497 4107 3675 4172 atque
3717 4115 3857 4158 con-

2184 4198 2445 4268 cinnans,
2473 4202 2529 4253 et
2550 4195 2933 4266 persuasoriis
2969 4194 3159 4250 verbis
3190 4192 3404 4249 multos
3437 4191 3508 4247 ab
3528 4203 3594 4246 ea
3632 4202 3862 4261 seque-

2187 4293 2395 4355 strans,
2431 4292 2488 4340 et
2527 4286 2587 4340 in
2613 4284 2879 4355 laqueum
2907 4282 3254 4354 perditionis
3289 4280 3616 4336 attrahens:
3651 4276 3859 4335 vocari

428 4370 600 4441 (Psal.
644 4368 825 4439 Lvu):
880 4367 1170 4423 laetabitur
1219 4371 1431 4437 autem,
1482 4379 1593 4421 non
1643 4365 1891 4436 profecto
1939 4368 2158 4444 quiaD
2187 4380 2378 4432 autem
2424 4373 2603 4429 Rabbi
2646 4377 2849 4443 praeter
2890 4376 3110 4428 atatem
3158 4374 3275 4427 tota
3326 4369 3542 4425 virtute
3593 4371 3856 4436 tentans,

431 4460 562 4517 ﬁdei
598 4457 1021 4515 adversantium
1068 4462 1289 4512 caterva
1334 4455 1502 4526 perit.
1524 4460 1581 4511 et
1603 4456 1662 4510 in
1708 4462 1933 4525 peccato
1974 4471 2078 4514 suo

429 4550 678 4605 moritur
725 4547 974 4617 impius;
1020 4545 1116 4601 sed
1167 4545 1306 4615 quia
1344 4544 1650 4600 contritam
1693 4545 1847 4601 videt
1894 4560 2081 4616 pecca-

430 4645 621 4695 torum
664 4638 903 4708 virgam,
941 4649 1010 4691 ne
1036 4640 1093 4690 et
1134 4634 1279 4704 justi
1326 4647 1529 4689 manus
1579 4648 1713 4690 suas
1737 4635 1805 4690 ad
1851 4635 2082 4706 iniqui-

431 4733 576 4783 tates
633 4726 959 4794 extendant,
1027 4723 1399 4794 tranquillam
1468 4724 1814 4794 injustitiam
1877 4725 2078 4796 magis,

433 4828 605 4886 quam
678 4814 933 4870 divinam
1018 4812 1308 4883 justitiam
1380 4813 1687 4883 intuentes,
1747 4818 1804 4870 et
1859 4814 2083 4869 menda-

432 4905 587 4968 cium
648 4904 920 4959 adversus
965 4902 1261 4958 veritatem
1310 4903 1585 4959 continuo
1633 4904 1934 4973 praevalere
1987 4904 2082 4961 vi—

430 4993 646 5048 dentes.
698 4992 777 5047 Ac
822 5005 920 5062 per
966 4992 1072 5047 hoc
1113 4992 1342 5047 veniant
1399 4992 1469 5047 ad
1515 4998 1755 5049 mentem
1797 4994 1976 5065 illam,
2025 5000 2083 5051 et

431 5081 808 5153 cogitationes
845 5094 980 5137 suas
1022 5081 1295 5151 propheta
1337 5081 1647 5139 Malachias
1691 5082 1947 5139 insinuat
1999 5084 2086 5139 di-

499 5189 663 5260 INon
680 5192 735 5242 te
758 5186 1105 5260 scandalizet
1124 5186 1613 5260 subscribentium
1636 5189 1914 5258 paucitas,
1944 5190 2082 5260 quia

428 5260 564 5316 dum
609 5258 847 5313 Photius
886 5258 992 5313 diu
1032 5258 1389 5328 tyrannidem
1428 5260 1795 5329 exercuisset,
1840 5265 1896 5314 et
1944 5258 2083 5329 pene

425 5342 624 5403 omnes
643 5343 674 5384 a
697 5329 811 5398 piis
838 5329 1235 5403 decessoribus
1261 5329 1384 5385 suis
1411 5334 1663 5385 sacratos
1696 5330 2077 5403 deposuisset,

427 5406 483 5455 et
500 5400 559 5455 in
586 5400 707 5455 loca
727 5413 923 5455 eorum
946 5398 1198 5456 fautores
1218 5413 1355 5456 suos
1375 5398 2087 5470 tantummodo’provexisL

426 5477 531 5555 set,
560 5484 802 5553 quorum
841 5471 1038 5555 nullus
1062 5472 1120 5555 in
1153 5471 1256 5555 hac
1286 5472 1501 5541 synodo
1538 5476 1624 5526 est
1663 5477 1942 5555 receptus,
1980 5474 2076 5529 isti

426 5542 534 5631 soli
561 5555 630 5597 ex
661 5542 920 5612 priorum
950 5543 1403 5615 patriarcharum
1433 5542 1861 5600 consecratione
1886 5542 2080 5615 super-

2190 4463 2537 4535 quibusdam
2553 4460 2806 4531 prapriis
2822 4459 3057 4530 scriptis
3075 4463 3132 4515 et
3146 4456 3574 4529 chirographis,
3591 4455 3758 4511 sicut
3774 4467 3861 4524 se,

2189 4550 2573 4621 simpliciores
2611 4562 2860 4620 quoque,
2900 4548 3043 4618 quin
3072 4547 3267 4618 potius
3292 4546 3533 4601 leviores
3557 4543 3667 4599 sub
3715 4557 3862 4613 prai—

2189 4646 2348 4698 textu
2365 4639 2529 4711 quasi
2546 4638 2833 4695 discendae
2851 4635 3505 4706 disciplinadialecticae
3522 4632 3858 4689 vinciebat:

2189 4734 2337 4787 esset
2374 4726 2624 4799 profecto
2651 4726 2773 4796 ipse
2803 4725 3085 4796 insipiens
3116 4730 3175 4781 et
3201 4723 3359 4780 omni
3385 4723 3644 4793 privatus
3684 4719 3869 4777 intel-

2189 4818 2450 4891 ligentia,
2485 4808 2961 4888 quemadmodum
3008 4814 3207 4870 divina
3232 4812 3530 4882 Scriptura
3578 4815 3863 4879 testatur,

2188 4909 2479 4965 evidenter
2532 4918 2895 4962 asseverans:
2943 4906 3097 4960 Dixit
3153 4904 3414 4958 Dominus
3460 4902 3684 4963 homini,
3741 4914 3871 4954 ecce

2183 5001 2361 5069 pietas
2390 5002 2441 5050 et
2464 4996 2754 5066 sapientia,
2784 4993 3067 5048 abscedere
3085 4997 3266 5047 autem
3294 5007 3328 5045 a
3359 4991 3518 5045 malis
3551 4989 3870 5058 disciplina

2191 5085 2365 5157 (Psal.
2395 5083 2513 5157 cx).
2560 5084 2629 5139 Et
2679 5082 2921 5138 iterum:
2976 5082 3203 5135 Initium
3243 5081 3525 5150 sapientiae
3552 5079 3717 5132 timor
3759 5080 3877 5131 Do-

2192 5192 2358 5248 stites
2381 5195 2517 5246 sunt
2557 5187 2793 5243 inventi.
2844 5188 3049 5258 Verum
3076 5191 3360 5258 quotquot
3390 5184 3500 5258 sub
3523 5183 3780 5258 Nicolao
3809 5189 3874 5241 et

2191 5262 2443 5318 Adriano
2459 5260 2701 5317 summis
2720 5255 3364 5329 pontiﬁcibus—episcopi
3388 5255 3644 5329 fuerunt,
3668 5255 3877 5329 hujus

2192 5333 2393 5460 s'ynodi
2417 5331 2610 5416 sensui
2633 5326 3080 5414 consenserunt:
3108 5326 3241 5384 licet
3263 5326 3381 5383 haec
3405 5326 3663 5409 paucitas
3682 5328 3874 5410 gregi

2194 5421 2210 5460 ι
2241 5406 2281 5459 ιι
2313 5418 2410 5460 pro
2437 5418 2527 5459 Slll
2548 5408 2777 5460 iustitia
2807 5406 3188 5460 comparetur.
3215 5399 3310 5455 cui
3342 5401 3620 5454 Dominus
3658 5396 3835 5454 dicit
3855 5417 3873 5453 :

2266 5404 2281 5459 i
2313 5418 2410 5474 pro
2437 5403 2527 5459 sui
2547 5402 2788 5474 iustitia,
2807 5406 3188 5471 comparetur,
3215 5399 3310 5455 cui
3342 5396 3620 5454 Dominus
3658 5396 3835 5454 dicit
3855 5417 3873 5453 :

2190 5473 2369 5532 Nolite
2393 5476 2600 5535 timere,
2615 5473 2856 5543 pusillus
2886 5487 3039 5541 grex,
3065 5476 3172 5526 etc.
