4018 6166
226 298 312 356 485
933 288 1478 345 INTERPRETATIO
1513 289 1760 346 SYNODI
1798 291 1814 333 Ἰ

1956 289 2368 346 GENERALIS.
2389 321 2463 331 —
2499 291 2701 347 ACTIO
2739 293 2810 347 Χ.

3471 289 3574 347 486

223 425 356 478 mni:
400 417 695 472 intellectus
741 419 920 469 autem
969 413 1138 467 bonus
1193 413 1439 467 omnibus
1485 415 1814 481 facientibus
1841 415 1901 474 A
1931 413 2243 483 prasertim
2316 413 2445 468 vivo
2515 412 2701 467 adhuc
2771 413 3028 484 legitimo
3103 413 3354 469 ecclesia
3421 415 3564 470 viro.

218 527 313 564 eum
337 507 491 577 (Psal.
514 504 609 575 cx)
637 505 761 558 Non
781 503 932 557 enim
961 506 1183 556 tantum
1208 501 1328 570 ipse
1355 515 1463 557 non
1486 501 1762 557 abscessit
1782 516 1814 558 a

219 598 374 666 malis,
450 593 530 647 vel
591 598 792 661 prater
847 590 1152 645 canonicas
1229 590 1553 645 sanctiones
1609 605 1818 660 peper—

215 689 297 754 cit,
342 697 456 739 cum
510 685 658 735 esset
714 679 897 734 laicus
952 677 1368 733 didascalicum
1437 679 1550 733 sibi
1610 693 1811 734 nomen

215 777 484 844 imponere,
553 774 608 824 et
674 767 926 837 separari
982 779 1016 820 a
1072 765 1288 821 Christi
1362 766 1634 835 Ecclesia,
1715 767 1809 822 sed

212 870 255 920 et
305 863 462 917 Deum
527 857 714 912 colere
781 855 1048 924 volentes,
1129 855 1283 910 omni
1357 855 1812 911 machinamento

213 965 340 1017 usus,
417 947 636 1002 alienos
709 945 1060 1000 constitere
1118 956 1150 998 a
1207 944 1365 1012 justo
1438 947 1568 998 voto
1643 943 1814 999 festi-

209 1039 371 1109 navit;
439 1040 503 1091 ut
568 1034 624 1089 in
696 1033 799 1088 illo
874 1031 1208 1101 impleretur
1287 1036 1479 1101 aperte
1545 1032 1817 1088 Domini—

205 1141 307 1183 cum
358 1123 664 1194 eloquium,
723 1121 871 1192 quod
936 1120 1178 1175 asserit:
1242 1121 1334 1174 Va
1383 1121 1552 1182 vobis,
1614 1121 1815 1175 Scriba

202 1223 241 1271 et
274 1215 534 1275 Pharisaei,
575 1213 709 1280 quia
758 1227 850 1265 vos
888 1226 998 1264 non
1046 1211 1272 1265 intratis
1309 1212 1370 1264 in
1408 1226 1633 1278 regnum
1685 1211 1804 1271 Dei,

201 1306 278 1359 sed
309 1307 562 1357 intrantes
595 1300 896 1371 prohibetis
944 1297 1106 1370 (Luc.
1139 1299 1226 1370 x1)
1255 1317 1271 1352 :
1305 1299 1541 1369 insuper
1589 1305 1645 1354 et.
1693 1313 1816 1369 pec-

200 1399 353 1449 catum
399 1405 571 1460 super
615 1393 904 1460 peccatum
930 1388 1226 1459 copulans,
1274 1388 1590 1458 perstruxit
1638 1393 1700 1444 ut
1724 1403 1815 1444 ex-

203 1481 468 1552 pelleretur
493 1478 567 1533 ab
600 1478 851 1533 Ecclesia
901 1477 1196 1548 legitimus
1220 1483 1275 1532 et
1299 1477 1610 1532 canonicus
1647 1477 1811 1532 illius

199 1567 436 1640 pontifex,
466 1572 525 1622 et
562 1579 824 1622 summus
867 1563 1144 1635 pontifex,
1180 1570 1370 1634 pastor
1408 1565 1811 1620 sanctissimus

198 1657 483 1728 patriarcha
509 1655 800 1727 Ignatius:
828 1659 884 1708 et
911 1654 1152 1709 latronis
1177 1667 1351 1721 more,
1374 1659 1544 1723 atque
1559 1653 1805 1723 adulter,

1997 501 2079 557 Ad
2101 508 2414 556 extremum
2463 507 2652 556 autem
2685 515 2794 556 non
2843 501 3178 571 obaudiens,
3206 516 3238 555 a
3261 502 3490 557 Christo
3515 508 3571 558 et

1926 589 1998 645 ab
2027 591 2304 660 apostolis
2343 591 2562 659 accepit
2586 590 2903 644 anathema.
2933 591 3088 645 Tunc
3117 603 3269 661 ergo,
3299 596 3433 646 tunc
3459 605 3582 645 am-~

1926 679 2080 749 plius
2129 678 2344 749 furens,
2372 686 2427 734 et
2451 692 2481 733 a
2508 679 2634 734 suis
2658 678 2948 734 senstibus
2968 684 3022 734 et
3047 678 3118 733 ab
3143 679 3297 734 omni
3326 679 3570 734 rationa-

1924 767 2030 822 bili
2062 773 2245 822 mente
2262 768 2459 837 procul
2477 767 2729 838 eﬁ‘ectus,
2754 767 3008 839 linguam
3031 768 3260 822 exacuit
3280 768 3451 822 etiam
3477 769 3570 823 ad-

1921 870 2122 911 versus
2169 856 2449 924 eumdem,
2493 855 2889 912 beatissimum
2938 857 3205 912 videlicet
3251 870 3470 926 papam,
3511 860 3567 912 et

1924 943 2398 1015 quemadmodum
2423 942 2627 1000 fabula
2647 944 3126 1014 hippocentauros
3141 945 3566 1016 ettragelaphos

1925 1032 2148 1102 ﬁngunt
2189 1038 2246 1088 et
2270 1031 2536 1103 formant,
2589 1033 2667 1087 ita
2695 1046 2920 1102 quoque
2962 1037 3018 1088 et
3067 1033 3188 1102 ipse
3231 1034 3566 1089 stercorales

1925 1133 2182 1189 quosque
2205 1126 2260 1175 et
2285 1120 2556 1176 subulcos
2584 1134 2617 1176 a
2649 1121 2871 1190 plateis,
2899 1126 2955 1176 et
2993 1122 3160 1190 cujus
3188 1116 3348 1193 [fort
3379 1119 3561 1196 vicis]

1923 1209 2244 1264 conducens
2303 1209 2478 1276 viros,
2522 1214 2579 1264 et
2640 1209 2888 1264 vicarios
2929 1223 3026 1264 eos
3089 1208 3334 1265 aliarum
3389 1211 3564 1266 trium

1922 1297 2145 1352 sedium
2203 1297 2515 1369 appellans,
2570 1302 2742 1367 atque
2802 1311 3138 1367 proponens,
3200 1299 3566 1368 prasumpsit

1922 1386 2190 1455 synodale
2253 1387 2556 1456 imaginari
2619 1387 2907 1456 judicium
2973 1400 3240 1455 personas
3299 1401 3568 1443 accusan-

1923 1475 2068 1530 tium
2113 1480 2170 1530 et
2213 1480 2604 1531 accusatorum
2651 1482 2706 1530 et
2753 1476 3004 1544 testium,
3043 1483 3097 1530 et
3135 1476 3560 1546 imperatorum,

1921 1570 1976 1619 et
2020 1569 2366 1636 magnatum,
2411 1569 2467 1618 et
2502 1564 3092 1634 metropolitanorum,
3139 1564 3302 1633 quasi
3351 1565 3407 1619 in
3458 1583 3566 1623 su—

1921 1658 2141 1723 spectas
2198 1654 2415 1725 ﬁngens
2461 1659 2517 1709 et
2569 1653 2867 1724 simulans,
2917 1658 2973 1708 et
3022 1654 3438 1726 hujuscemodi,
3502 1661 3566 1712 ut

198 1748 242 1802 in
267 1745 414 1800 illius
437 1745 628 1800 sedem
659 1745 972 1814 ingressus,
999 1743 1236 1798 multam
1263 1741 1493 1813 quidem
1520 1746 1812 1811 tempesta-
1843 1741 1892 1800 Β
1923 1744 2175 1814 putabat,
2202 1743 2469 1812 deposuit
2517 1743 2911 1813 inverecunde,
2939 1748 2994 1797 et
3027 1743 3371 1798 anathemati
3422 1745 3568 1800 sub-

197 1842 284 1890 tem
306 1835 573 1889 adversus
591 1847 719 1888 eum
743 1832 1077 1887 commovit:
1109 1832 1302 1901 plures
1319 1835 1508 1886 autem
1537 1831 1812 1900 procellas

194 1929 236 1978 et
269 1929 427 1977 astus
475 1926 678 1978 contra
705 1921 1034 1975 resistentes
1085 1919 1222 1987 sibi,
1262 1923 1318 1973 et
1363 1925 1813 1990 propugnatores

195 2011 440 2078 veritatis,
467 2017 529 2065 et
567 2008 934 2064 valentiorem
985 2007 1390 2064 turbationem.
1417 2013 1474 2062 et
1498 2008 1811 2063 tumultum

193 2099 543 2155 saevissimum
573 2099 632 2153 in
659 2111 879 2153 omnem
909 2096 1095 2153 locum
1140 2096 1240 2166 qui
1267 2095 1376 2151 sub
1400 2096 1542 2152 calo
1566 2102 1651 2151 est
1683 2097 1816 2152 dis-

192 2190 378 2258 persit:
416 2202 537 2258 pra
563 2186 832 2242 omnibus
856 2187 916 2240 in
944 2190 1222 2255 pastorem
1266 2184 1494 2254 quidem
1524 2199 1809 2256 magnum,

197 2277 371 2332 deinde
394 2290 531 2332 vero
557 2279 753 2330 contra
801 2275 1164 2344 minoresque
1199 2280 1470 2343 pastores,
1499 2277 1812 2330 secundum

194 2366 565 2435 propheticum
592 2363 846 2432 aﬁ‘atum,
898 2364 1207 2419 extendens
1235 2365 1520 2434 propriam
1543 2363 1812 2438 |manum,

191 2454 575 2522 percutientem
602 2466 700 2508 eos
723 2456 779 2506 et
821 2452 1220 2524 ﬁagellantem,
1250 2459 1306 2508 et
1330 2455 1486 2510 varie
1507 2468 1570 2509 ac
1595 2455 1817 2509 diverse

187 2541 524 2614 aﬂligentem,
579 2547 636 2596 et
679 2546 1082 2612 coarctantem,
1133 2546 1190 2596 et
1238 2543 1403 2598 modo
1453 2543 1684 2614 quidem
1728 2557 1820 2613 po-

189 2637 340 2685 tentes
383 2632 683 2701 deponens
728 2630 799 2684 de
823 2629 1078 2699 sedibus,
1131 2631 1296 2686 modo
1321 2645 1452 2686 vero
1499 2633 1713 2687 carceri
1762 2637 1819 2687 et

188 2721 430 2775 custodia
456 2719 820 2790 mancipans,
848 2724 903 2774 et
928 2733 1028 2788 per
1045 2719 1383 2775 diuturnam
1413 2719 1614 2775 famem
1647 2721 1814 2776 morti

189 2810 580 2874 transmittens,
610 2821 1019 2878 nonnunquam
1065 2809 1237 2863 etiam
1266 2809 1590 2881 longissimi
1620 2815 1676 2864 et
1700 2825 1818 2866 sa—

190 2897 256 2952 vis
274 2898 486 2953 exilliis
518 2897 800 2969 relegans,
826 2901 882 2952 et
904 2897 973 2952 ad
1018 2897 1174 2967 ipsas
1198 2897 1433 2969 abigens
1459 2897 1618 2953 orbis
1643 2905 1820 2955 extre-

191 2988 419 3042 mitates:
475 2999 895 3057 nonnunquam
945 3000 1075 3042 vero
1123 2987 1370 3042 canosis
1415 2992 1472 3042 et
1511 2985 1708 3042 fetidis
1755 3002 1820 3042 ac

1924 1834 2086 1890 misit
2139 1832 2536 1887 beatissimum
2569 1844 2769 1900 papam
2811 1831 3127 1902 Nicolaum,
3157 1838 3211 1887 et
3235 1847 3429 1888 omnes
3475 1835 3563 1890 illi

1920 1921 2426 1991 communicantes,
2454 1934 2636 1991 neque
2656 1919 2973 1976 summitati
3004 1921 3148 1990 ejus,
3185 1935 3385 1992 neque,
3414 1923 3565 1992 quod

1924 2011 2104 2081 magis
2139 2015 2242 2080 est,
2295 2009 2559 2064 Ecclesia
2601 2022 2727 2078 qua
2751 2022 2782 2064 a
2821 2007 3035 2064 ﬁnibus
3062 2023 3242 2079 usque
3286 2010 3354 2064 ad
3400 2010 3565 2070 ﬁnem

1922 2105 2144 2154 constat
2170 2099 2289 2153 ullo
2321 2097 2487 2152 modo
2513 2110 2766 2166 parcens,
2809 2110 2935 2165 qua
2972 2097 3240 2152 videlicet
3263 2099 3376 2152 Deo
3401 2112 3568 2153 acce—

1925 2194 2020 2259 pto
2047 2187 2134 2242 illi
2157 2192 2212 2241 et
2235 2185 2450 2241 Christi
2477 2184 2754 2239 imitatori
2778 2189 2834 2238 et
2860 2197 3060 2254 magno
3085 2184 3339 2252 pontiﬁci
3371 2186 3565 2254 procul

1922 2279 2102 2334 dubio
2126 2275 2600 2344 communicabat,
2643 2275 2746 2330 Sed
2796 2273 3167 2330 scientiarum
3194 2274 3491 2345 Dominus,
3513 2279 3570 2329 et

1927 2367 2260 2424 manifestas
2300 2369 2428 2436 ejus
2471 2364 2780 2435 nequitias,
2817 2369 2874 2419 et
2911 2377 3037 2434 qua
3081 2362 3321 2418 latenter
3360 2361 3570 2419 fecerat

1927 2471 2096 2527 opera
2145 2455 2526 2524 tenebrarum,
2577 2453 2632 2508 id
2681 2457 2766 2508 est
2801 2451 2981 2507 libros
3025 2451 3383 2521 vaniloquos,
3426 2465 3571 2521 quos

1929 2547 2056 2601 ﬁcte
2075 2551 2271 2601 contra
2303 2543 2699 2598 beatissimum
2728 2553 2925 2611 papam
2965 2539 3130 2596 illum
3155 2545 3574 2608 conscripserat

1931 2635 2198 2703 intuens;
2229 2633 2378 2689 unde
2420 2631 2568 2687 dicit
2610 2629 2978 2700 propheticus
3008 2641 3226 2682 sermo:
3281 2627 3435 2681 Oculi
3476 2630 3576 2681 Do-

1927 2725 2064 2776 mini
2087 2722 2282 2775 earcelsi
2305 2723 2482 2790 aperti
2504 2722 2565 2773 in
2589 2733 2768 2772 omnes
2783 2719 2900 2772 vias
2925 2717 3220 2777 hominum,
3248 2719 3310 2768 ut
3333 2715 3422 2768 det
3454 2717 3574 2768 uni-

1929 2811 2440 2882 cuiqueZsccundum
2463 2810 2609 2862 uiam
2633 2823 2808 2868 suam,
2837 2810 2887 2860 et
2910 2805 3204 2860 secundum
3226 2807 3440 2871 fructus
3464 2805 3579 2857 ad—

1929 2903 2297 2954 inventionum
2323 2899 2440 2966 ejus
2465 2895 2640 2967 (Psal.
2667 2909 2773 2950 va
2791 2894 2827 2965 ),
2855 2893 3144 2949 commisit
3171 2892 3575 2961 imperatorum

1932 3001 2168 3059 regnum
2194 2986 2579 3056 principatum
2602 2983 2816 3039 Basilio
2854 2982 3196 3051 pheronymo
3221 2979 3474 3048 domino,
3505 2978 3576 3033 de

189 3076 472 3132 tenebrosis
501 3076 672 3137 locis,
700 3089 827 3145 qua
855 3076 1058 3130 mortis
1100 3075 1359 3131 umbram
1387 3077 1652 3132 convenit
1675 3077 1815 3147 dici,
1850 3061 1899 3125 C
1932 3075 2457 3147 quoaffariliquido
2471 3071 2866 3129 universitatis
2881 3072 3057 3125 Deum
3075 3068 3456 3124 arbitramur:
3489 3069 3578 3120 In-

187 3165 526 3235 concludens,
562 3164 949 3233 possessiones
968 3165 1225 3219 diversas
1254 3163 1539 3236 auferens,
1567 3179 1727 3220 casas
1759 3165 1817 3220 in

189 3253 448 3309 montibus
462 3253 679 3308 virtuti
697 3267 922 3322 operam
935 3253 1198 3308 dantium
1217 3258 1272 3308 et
1287 3253 1817 3324 philosophantium

187 3342 521 3412 comburens,
556 3346 631 3411 et,
663 3347 724 3396 ut
749 3341 1011 3397 absolute
1035 3341 1286 3411 dicatur,
1314 3357 1537 3398 omnem
1564 3343 1821 3399 afflictio-

189 3442 289 3482 nem
313 3437 365 3484 et
391 3417 834 3485 tribulationem
872 3429 1087 3485 faciens
1111 3431 1337 3500 corpori
1366 3431 1581 3486 Christi
1610 3437 1666 3486 et
1691 3433 1816 3504 Dei,

188 3518 270 3584 qui
288 3524 369 3574 est
393 3519 848 3588 caputomnium
873 3522 1161 3573 nostrum:
1193 3533 1304 3573 non
1330 3519 1482 3573 enim
1509 3519 1721 3575 habens
1751 3535 1818 3575 ex

186 3603 352 3674 aliqua
392 3606 772 3662 beneﬁcentia
828 3606 1281 3677 qualemcunque
1321 3608 1690 3663 reverentiam
1733 3609 1818 3664 vel

184 3691 238 3747 ad
256 3695 338 3748 sui
359 3694 746 3765 receptionem
759 3695 829 3749 de
851 3695 1179 3764 hujusmodi
1204 3695 1506 3751 conatibus
1521 3702 1578 3751 et
1599 3697 1822 3751 temeri-

186 3781 394 3851 tatibus,
409 3782 672 3838 stabiliri
688 3795 746 3837 se
769 3787 970 3850 prater
990 3781 1263 3838 rationem
1284 3790 1543 3853 oportere
1562 3784 1816 3853 putabat,

183 3882 289 3924 cum
313 3878 457 3926 esset
482 3871 772 3926 bonorum
804 3870 1088 3940 inexpers,
1111 3875 1166 3925 et
1185 3872 1463 3926 veraciter
1491 3871 1814 3940 imperitus.

187 3958 305 4012 Nam
340 3961 438 4028 qui
475 3958 766 4013 convertit
801 3958 1108 4027 prudentes
1157 3964 1490 4031 retrorsum,
1527 3966 1582 4015 et
1620 3962 1821 4016 consi-

185 4044 304 4100 lium
350 4061 552 4102 eorum
587 4045 855 4116 infatuat,
907 4052 971 4102 ut
1000 4048 1085 4102 ait
1134 4048 1405 4118 propheta
1452 4048 1596 4119 (Isa.
1628 4050 1815 4123 xuv),

182 4136 432 4190 convertit
458 4149 619 4207 eum,
647 4140 703 4189 et
749 4136 940 4191 omnia
969 4137 1185 4207 studia,
1235 4152 1362 4208 qua
1389 4139 1552 4210 quasi
1581 4140 1648 4194 ad
1681 4155 1820 4209 pro—

184 4222 339 4288 priam
359 4223 828 4279 commoditatem
876 4232 1190 4297 paraverat,
1217 4228 1284 4282 ad
1322 4226 1718 4284 confusionem
1761 4236 1817 4286 et

181 4311 531 4379 opprobrium
560 4317 619 4367 et
669 4313 1015 4369 eversionem
1055 4320 1227 4385 atque
1275 4316 1501 4372 ruinam
1537 4337 1548 4372 :
1602 4327 1815 4387 quanto

1927 3166 2052 3218 veni
2070 3167 2246 3217 virum
2266 3162 2560 3217 secundum
2580 3177 2669 3214 eor
2682 3175 2876 3227 meum,
2900 3160 2996 3228 qui
3011 3160 3177 3225 faciet
3195 3171 3372 3210 omnes
3391 3157 3578 3208 volun-

1930 3258 2066 3306 tates
2086 3268 2229 3306 meas
2252 3252 2318 3319 (Ι
2335 3253 2464 3317 Reg,
2493 3263 2588 3303 xvr
2609 3248 2647 3319 ),
2675 3249 2986 3303 secundum
3019 3246 3243 3301 beatum
3271 3258 3454 3315 regem
3475 3245 3577 3298 Da-

1929 3339 2047 3394 vid.
2070 3339 2173 3393 Hic
2197 3339 2350 3393 enim
2379 3337 2802 3392 meditationem
2823 3348 3038 3404 ponens
3060 3334 3120 3388 in
3141 3332 3309 3388 corde
3334 3345 3438 3386 suo
3463 3344 3576 3385 am-

1934 3427 2134 3482 bulare
2177 3425 2486 3481 secundum
2526 3425 2674 3479 viam
2717 3423 2839 3489 Dei,
2880 3427 2936 3477 et
2973 3421 3265 3476 custodire
3312 3419 3574 3473 mandata

1927 3516 2072 3585 ejus,
2103 3513 2344 3569 maxime
2365 3526 2493 3567 vero
2523 3511 2971 3581 experimentum
2995 3508 3207 3563 habens
3225 3519 3420 3561 eorum
3449 3519 3573 3574 qua

1931 3618 2113 3673 nuper
2157 3603 2369 3671 injuste
2393 3607 2449 3655 et
2489 3600 2686 3669 inique
2707 3603 2830 3653 acta
2869 3601 3022 3666 sunt,
3055 3595 3208 3650 clara
3247 3606 3485 3663 quaque
3516 3597 3573 3647 et

1933 3698 2085 3748 certa
2121 3689 2234 3746 sibi
2256 3699 2451 3744 earum
2480 3701 2604 3758 qua
2643 3700 2754 3742 non
2780 3684 3126 3756 apparebant
3151 3681 3286 3736 fecit
3329 3680 3564 3735 indicia.

1928 3783 1998 3836 Et
2020 3779 2278 3850 egregios
2299 3776 2531 3847 quidem
2555 3775 2870 3845 episcopos,
2889 3779 2946 3828 et
2967 3773 3233 3827 ductores
3252 3767 3569 3823 monachici

1929 3867 2173 3936 ordinis,
2195 3867 2518 3935 disjunctos
2541 3863 2674 3919 hinc
2701 3868 2758 3918 et
2779 3863 3071 3931 dispersos
3097 3859 3406 3929 aspiciens,
3431 3871 3572 3912 nec-

1932 3971 2040 4012 non
2063 3961 2120 4010 et
2151 3969 2248 4010 eos
2273 3953 2373 4024 qui
2417 3953 2477 4008 ih
2507 3952 2769 4008 solitaria
2808 3951 2924 4004 vita
2977 3948 3149 4019 positi
3176 3946 3490 4018 angelicam
3515 3950 3571 4000 et

1927 4045 2209 4100 caelestem
2246 4043 2466 4098 sincere
2494 4039 2978 4096 conversationem
3016 4036 3362 4107 dirigebant,
3393 4035 3572 4104 quin-

1930 4133 2044 4188 imo
2063 4139 2119 4187 et
2143 4133 2274 4188 illos
2302 4131 2400 4203 qui
2429 4135 2704 4200 potestate
2731 4142 2797 4184 ac
2825 4132 3118 4197 potentatu
3141 4124 3366 4194 praditi
3392 4124 3568 4178 bonas

1927 4222 2227 4292 opiniones
2261 4220 2533 4288 ferebant,
2565 4218 2846 4275 exsecrari
2881 4228 3231 4287 pervasorem
3261 4219 3318 4269 et
3339 4212 3572 4268 adulte—

1929 4326 2074 4382 rum,
2105 4312 2281 4368 veluti
2305 4311 2477 4366 aliam
2509 4308 2812 4380 quamdam
2852 4305 3334 4361 abominationem
3356 4302 3571 4357 desola-

180 4398 308 4454 enim
358 4401 456 4457 ille
507 4402 891 4472 persuadebat
936 4403 1048 4458 sibi
1099 4418 1225 4474 qua
1266 4406 1334 4460 ad
1386 4407 1673 4476 propriam
1718 4423 1817 4464 se—
1845 4399 1900 4458 D
1927 4397 2845 4470 tionisintuens,et,vidensquod
2865 4391 3570 4462 omnirationedigniuset

177 4488 454 4544 caritatem
508 4491 801 4560 pertinere
847 4491 1209 4563 videbantur,
1261 4499 1419 4550 tanto
1456 4498 1638 4567 magis
1686 4513 1818 4553 om-

180 4574 261 4628 nia
304 4580 668 4649 prospiciens
700 4579 924 4651 oculus,
971 4595 1034 4636 ea
1087 4581 1144 4636 in
1186 4584 1531 4639 contrariam
1579 4587 1817 4656 opinio—

179 4675 284 4718 nem
333 4668 612 4736 vertebat,
666 4669 970 4725 ostendens
1017 4683 1144 4726 eum
1181 4672 1250 4726 de
1285 4673 1381 4728 die
1433 4674 1491 4729 in
1526 4675 1702 4747 diem,
1751 4681 1816 4732 ut

178 4752 553 4812 terebinthum
596 4756 839 4825 abjectis
866 4756 1044 4827 foliis,
1074 4765 1129 4814 et
1154 4760 1306 4816 sicut
1333 4762 1561 4818 hortum
1607 4778 1814 4835 aquam

179 4841 383 4904 penitus
404 4858 522 4899 non
550 4843 873 4899 habentem.
899 4846 1004 4901 Sed
1030 4849 1299 4917 quoniam
1321 4850 1393 4904 ab
1416 4851 1812 4910 beatissimum

180 4938 349 4996 papam
376 4932 684 4988 Nicolaum
711 4934 962 4990 senioris
988 4936 1175 4992 Roma
1200 4938 1474 5008 epistolas
1499 4946 1555 4996 et
1600 4942 1814 5014 legatos

176 5029 300 5086 sape
325 5020 587 5090 mittens,
615 5027 673 5076 et
700 5021 1117 5092 huncjudicem
1146 5041 1316 5083 suum
1342 5029 1582 5102 eligens,
1611 5038 1666 5086 et
1693 5047 1816 5102 pro-

178 5116 387 5176 ponens,
461 5114 522 5162 et
594 5110 787 5166 omnia
859 5126 984 5182 qua
1056 5115 1416 5182 pertinebant
1481 5120 1548 5174 ad
1624 5119 1818 5188 justi—

175 5190 468 5252 ficationem
524 5198 642 5270 sui,
679 5206 736 5255 et
781 5201 849 5256 ad
879 5203 1233 5260 sanctissimi
1290 5209 1628 5275 patriarcha
1668 5225 1813 5266 con-

177 5281 597 5358 demnationem,
635 5288 787 5344 sicut
829 5291 1013 5346 voluit
1064 5293 1203 5366 ipse,
1234 5296 1358 5351 sine
1402 5297 1809 5367 impedimento

179 5369 384 5445 dicens;
437 5377 672 5447 quoties
721 5379 900 5447 misit,
939 5382 1110 5438 toties
1156 5384 1228 5439 ab
1252 5398 1318 5440 eo
1370 5388 1706 5456 reprobatus
1753 5396 1809 5445 et

181 5463 588 5533 condemnatus,
649 5471 704 5521 et
762 5473 825 5523 ut
881 5470 1153 5527 thronum
1211 5474 1809 5548 Constantinopolita—

187 5557 311 5621 num,
357 5558 564 5623 utpote
598 5555 841 5628 alienus,
889 5558 1230 5633 dimitteret,
1270 5578 1506 5633 prorsus
1559 5569 1805 5644 audivit,

1929 4491 2263 4561 pratentius
2283 4496 2388 4559 est,
2416 4491 2616 4545 videns
2664 4488 2812 4559 quod
2838 4488 3030 4543 senior
3053 4487 3227 4540 Roma
3267 4482 3570 4552 projiceret

1925 4595 2076 4650 eum,
2100 4586 2156 4635 et
2183 4580 2402 4636 crebris
2446 4578 2869 4650 redargutionis
2902 4591 3018 4632 sua
3065 4575 3272 4630 verbis.
3297 4577 3564 4642 tanquam

1927 4670 2269 4741 quibusdam
2289 4671 2520 4742 jaculis,
2549 4669 2844 4740 sauciarit,
2887 4667 3210 4723 transmisit
3231 4665 3395 4721 ocius
3416 4667 3566 4722 hunc

1925 4761 1994 4816 ad
2013 4759 2271 4815 debitum
2290 4761 2404 4816 sibi
2427 4760 2758 4832 ignominia
2776 4760 2982 4830 locum,
3002 4766 3058 4814 et
3077 4759 3284 4814 throno
3298 4756 3568 4812 Constan-

1925 4850 2246 4920 tinopoleos
2273 4852 2568 4920 proprium
2610 4852 2934 4920 pontiﬁcem
2965 4849 3276 4906 secundum
3324 4846 3568 4918 synodi-

1923 4955 2054 4997 cum
2101 4941 2391 5010 judicium
2444 4941 2824 4996 sanctissima
2872 4941 3251 4995 Romanorum
3299 4937 3566 4993 Ecclesia

1925 5029 2223 5085 restituit:
2259 5030 2326 5084 ad
2371 5027 2816 5084 manifestiorem
2860 5032 3048 5083 autem
3088 5027 3350 5083 veritatis
3388 5027 3569 5082 satis—

1925 5118 2326 5189 factionem,et
2368 5120 2720 5175 certudinem
2760 5119 2952 5186 etiam,
2979 5117 3087 5173 loci
3137 5124 3452 5173 servatores
3499 5129 3566 5170 ex

1923 5208 2190 5264 omnibus
2218 5209 2619 5278 patriarchicis
2639 5207 2875 5264 sedibus
2890 5208 3237 5274 convocavit,
3265 5213 3322 5262 et
3341 5219 3562 5262 omnem

1923 5298 2305 5354 nihilominus
2328 5299 2722 5368 episcoporum
2741 5297 3082 5368 catalogum,
3107 5299 3205 5368 qui
3233 5297 3340 5353 sub
3359 5296 3565 5351 throno

1918 5390 2486 5460 Constantinopoleos
2541 5388 2716 5460 degit,
2775 5389 3038 5456 adduxit,
3108 5387 3209 5458 qui
3270 5386 3454 5459 gratia
3509 5390 3565 5439 et

1919 5484 2316 5553 c'ooperatione
2355 5480 2821 5538 DominiChristi
2864 5480 2963 5534 Dei
2988 5479 3170 5533 nostri
3193 5482 3249 5533 et
3269 5475 3562 5531 sanctione

1917 5585 1983 5627 ac
2022 5571 2416 5628 sollicitudine
2435 5571 2689 5641 ejusdem
2709 5569 2924 5625 Christi
2948 5567 3223 5624 amatoris
3266 5567 3564 5634 imperato-
