4012 6162
423 238 564 298 487‘

1647 235 2004 294 ANASTASII
2041 235 2584 296 BIBLIOTHECARII

3713 247 3827 307 488

413 371 515 439 ris,
557 370 702 427 hanc
723 383 980 444 magnam
1001 377 1056 426 et
1092 368 1477 450 'universalem
1499 367 1854 425 celebrantes
1893 379 2060 438 syno-
2084 364 2142 425 A
2171 366 2408 441 polluta,
2430 372 2488 425 et
2509 369 2691 442 rami;
2723 370 2774 428 si
2823 370 3164 430 fermentum
3195 374 3504 444 pollutum,
3541 383 3600 434 et
3627 353 3824 438 massa

417 459 576 532 dum,
598 464 653 516 et
672 473 800 515 cum
823 459 1003 515 multo
1032 459 1316 516 scrutinio
1355 465 1410 514 et
1431 457 1766 528 probatione
1787 470 1914 527 qua
1933 461 2058 512 acta

419 555 554 606 sunt
590 547 998 610 examinantes,
1041 548 1362 619 reperimus
1400 552 1455 604 et
1491 546 1863 616 advertimus,
1905 543 2056 616 quod

416 637 648 708 injuste,
693 641 752 693 et
786 643 945 693 extra
968 637 1268 708 rationem,
1317 643 1373 693 et
1391 641 1596 708 prater
1643 635 1872 691 divinas
1911 633 2064 706 leges

415 739 480 782 ac
494 726 649 796 jura,
673 726 1076 782 sanctissimus
1105 726 1433 797 patriarcha
1454 723 1712 796 Ignatius
1739 736 1772 779 a
1793 723 2062 779 Constan-

415 814 927 886 tin0politanorum
967 815 1222 870 Ecclesia
1251 815 1332 870 sit
1359 818 1606 884 amotus,
1637 818 1694 868 et
1734 811 1972 881 injuste,
2005 814 2062 864 et

415 908 576 959 extra
615 903 853 975 ratione,
898 908 956 959 et
993 910 1198 974 prater
1236 903 1464 959 divinas
1505 902 1656 974 leges
1697 913 1763 956 ac
1801 901 1954 970 jura,
1999 898 2059 954 in

415 1006 536 1048 eam
576 1007 678 1063 pro
709 993 834 1063 ipso
883 993 1246 1050 introductus
1283 993 1362 1049 sit
1407 991 1664 1062 Photius,
1701 995 1758 1046 et
1793 1003 1826 1044 e
1862 991 2060 1044 contra

418 1083 858 1154 rationabiliter,
899 1089 954 1140 et
967 1083 1142 1154 juste,
1174 1095 1241 1139 ac
1279 1083 1577 1152 discreter,
1615 1095 1719 1137 seu
1765 1076 2059 1146 canonice,

414 1179 585 1243 atque
621 1173 890 1244 synodice
936 1174 1214 1244 receperit
1251 1171 1549 1243 proprium
1601 1169 1873 1227 thronum
1915 1177 2063 1236 sape

417 1267 760 1319 memoratus
825 1262 1226 1318 sanctissimus
1268 1259 1594 1333 patriarcha
1654 1258 1913 1331 Ignatius
1951 1273 1964 1309 :
2008 1261 2065 1311 et

417 1352 860 1424 rationabiliter,
901 1357 958 1408 et
999 1352 1173 1424 juste,
1213 1365 1280 1408 ac
1317 1351 1584 1421 discrete,
1625 1363 1728 1406 seu
1765 1349 2059 1421 canonice,

414 1448 586 1513 atque
610 1441 880 1513 synodice
909 1443 1196 1512 projectus
1234 1439 1312 1496 sit
1341 1439 1620 1509 Photius;
1653 1439 1733 1495 ita
1756 1443 1818 1496 ut
1847 1452 2065 1509 oppor-

413 1539 550 1588 tune
591 1531 795 1587 audire
837 1529 1072 1586 valeata
1105 1529 1399 1601 Pr0pheta
1439 1543 1572 1586 voce
1589 1529 1816 1586 dicente
1841 1546 1852 1582 :
1878 1527 2065 1594 Quem-

413 1621 707 1676 admodum
750 1621 951 1688 fecisti,
981 1621 1062 1674 ita
1087 1621 1190 1674 erit
1225 1619 1510 1674 retributio
1539 1621 1637 1673 tua
1663 1614 1844 1690 (Psal.
1873 1618 2060 1690 xxx);

417 1709 769 1766 retribuetur
793 1709 901 1766 tibi
934 1709 997 1766 in
1020 1715 1196 1781 c0put
1219 1714 1404 1766 tuum.
1437 1709 1621 1780 Igitur
1643 1714 1840 1765 sancta
1863 1707 1981 1762 hac
2006 1712 2064 1764 et

417 1799 764 1856 universalis
829 1799 1100 1870 synodus,
1152 1813 1301 1870 sape
1355 1799 1645 1856 adducens
1702 1809 2058 1870 pervasorem

415 1888 704 1959 Photium,
757 1893 813 1943 et
867 1889 1179 1958 permultas
1228 1893 1285 1945 et
1337 1888 1594 1944 diversas
1651 1884 2065 1957 interrogatio-

418 1989 519 2032 nes
580 1977 881 2047 depocens,
931 1991 1046 2047 quo
1093 1981 1350 2048 patenter
1390 1977 1758 2033 confiteretur
1819 1987 2066 2046 supera-

418 2064 629 2121 tionem
667 2060 824 2138 [fort.
841 2063 1334 2141 supputationem]
1360 2079 1542 2137 suam,
1579 2071 1636 2122 et
1657 2064 2065 2122 humiliaretur

418 2152 480 2208 in
501 2159 806 2224 conspectu
827 2153 1026 2226 gloria
1047 2155 1171 2225 Dei,
1193 2159 1251 2210 et
1275 2154 1695 2227 magnitudinis
1716 2153 2067 2226 patriarcha-

418 2241 562 2298 lium
589 2242 834 2313 sedium,
855 2247 974 2314 aut,
997 2243 1049 2298 si
1083 2243 1190 2300 hoc
1229 2243 1426 2315 nollet,
1451 2244 1781 2315 loqueretur
1798 2243 1981 2313 aliud,
2005 2248 2062 2299 et

417 2331 652 2388 duceret
669 2332 1058 2388 excusationis
1079 2332 1248 2389 verba
1271 2333 1341 2388 ad
1370 2333 1661 2404 propriam
1683 2331 2080 2406 stabilitatem.

417 2424 475 2474 et
492 2417 1001 2492 justlﬂcationem;
1033 2421 1410 2492 deprehendit
1428 2434 1558 2478 eum
1582 2419 2062 2478 inexecusabilem

421 2506 482 2562 in
505 2507 690 2566 modis
707 2509 995 2579 omnibus,
1017 2509 1233 2581 absque
1269 2523 1422 2581 voce,
1446 2523 1512 2566 ac
1538 2523 1639 2580 per
1655 2523 1826 2580 Opera
1847 2523 1950 2566 sua
1982 2509 2067 2565 in-

421 2593 737 2650 ﬁrmantcm
777 2595 891 2652 sibi
915 2597 1270 2667 proverbiale
1310 2597 1552 2666 dictum,
1578 2597 1727 2668 quod
1761 2597 2058 2668 perhibet:

419 2684 743 2752 Iniquitates
764 2699 876 2739 sua
910 2687 1134 2756 capiunt
1169 2688 1416 2756 impium,
1450 2687 1682 2741 vinculis
1723 2690 1903 2740 autem
1929 2702 2067 2756 pec—

421 2776 664 2828 catorum
683 2789 902 2828 suorum
922 2777 1298 2846 unusquisque
1327 2778 1719 2844 constringitur
1756 2775 1947 2846 (Prov.
1972 2789 2006 2829 v
2027 2775 2061 2848 ).

2088 1667 2141 1728 B

2172 456 2458 514 modicum
2490 471 2733 531 namque
2753 458 3091 519 fermentum
3123 468 3298 520 totam
3321 479 3566 524 massam
3579 467 3827 527 fermen-

2172 549 2270 601 tat.
2307 547 2479 602 Porro
2515 547 2838 618 coabjectus
2865 554 2952 606 est
2969 550 3041 607 ab
3062 551 3167 607 hac
3187 557 3382 610 sancta
3418 559 3477 610 et
3500 557 3822 616 universali

2173 634 2388 704 synodo
2423 635 2596 691 etiam
2643 638 2992 710 Theodorus,
3045 641 3484 700 lconomachica
3535 646 3825 706 hareseos

2175 723 2458 796 princeps,
2501 725 2600 795 qui
2624 735 2990 798 nuncupatus
3025 734 3114 786 est
3148 730 3469 804 Crithinus,
3503 738 3560 790 et
3579 736 3821 805 quidam

2170 811 2273 866 alii
2297 817 2804 872 consentaneorum
2828 815 3031 886 illius;
3056 818 3332 889 quosdam
3354 833 3486 878 vero
3505 823 3608 893 qui
3631 838 3824 882 susce-

2172 907 2378 970 perunt
2415 901 2646 959 verbum
2668 905 2928 962 veritatis
2967 907 3298 980 recipimus,
3321 914 3379 966 et
3413 909 3590 968 choro
3611 915 3828 972 ortho-

2169 989 2447 1060 doxorum
2468 993 3081 1052 connnumeravimus:
3116 997 3393 1066 quosdam
3413 1003 3605 1056 autem
3627 1002 3732 1073 qui
3760 1002 3823 1063 in

2171 1078 2363 1135 eadem
2408 1091 2770 1150 permansere
2817 1088 3020 1154 mente,
3076 1083 3288 1156 impios
3332 1091 3392 1143 et
3437 1102 3638 1158 pravos
3685 1104 3823 1148 cum

2173 1168 2519 1240 pheronymo
2573 1169 2858 1241 Crithino,
2914 1174 3390 1243 quemadmodum
3453 1177 3708 1247 paleatos
3765 1186 3827 1237 et

2172 1257 2507 1316 stercorales
2525 1273 2595 1315 ex
2615 1260 2995 1318 mundissimo
3015 1257 3300 1320 frumento
3319 1265 3586 1323 Ecclesia
3607 1281 3830 1338 peram-

2174 1345 2330 1416 plius
2348 1347 2851 1422 sequestravimus,
2871 1355 2931 1407 et
2957 1351 3348 1409 vehementius
3379 1355 3830 1414 anathematiza-
3918 1366 3922 1367 '

2172 1435 2361 1491 vimus
2379 1453 2394 1490 :
2417 1441 2763 1508 exponentes
2781 1443 2838 1495 et
2852 1452 3096 1497 canones
3118 1454 3354 1499 numero
3369 1443 3578 1516 viginti
3600 1450 3822 1516 septem

2173 1537 2274 1594 pro
2333 1526 2602 1582 Ecclesia
2671 1530 3091 1602 commoditate,
3155 1531 3620 1592 Christianorum
3683 1551 3828 1594 mu-

2173 1612 2412 1686 nimine,
2434 1629 2502 1670 ac
2519 1615 2724 1688 salute,
2749 1631 2964 1675 necnon
2987 1623 3046 1675 et
3083 1621 3397 1678 universali
3427 1623 3822 1684 ordinatione.

2168 1704 2295 1760 Hac
2323 1708 2513 1760 autem
2534 1705 2726 1762 omnia
2745 1713 3148 1779 cognoscentes
3175 1723 3298 1781 vos,
3335 1709 3540 1770 fratres
3587 1713 3832 1772 charis-

2170 1792 2329 1863 simi,
2351 1800 2407 1848 et
2427 1793 2536 1850 ﬁlii
2558 1800 2768 1852 sancta
2785 1795 3084 1853 catholica
3101 1803 3157 1855 et
3175 1800 3504 1870 apostolica
3527 1803 3822 1874 Ecclesia,

2170 1883 2584 1954 cujuscumque
2603 1889 2660 1940 et
2697 1885 3137 1958 qualiscumque
3171 1887 3481 1960 dignitatis
3515 1891 3602 1946 vel
3641 1893 3830 1949 moris

2170 1972 2331 2041 estis,
2361 1973 2730 2030 laudabiliter
2757 1975 2936 2030 Deum
2977 1974 3222 2046 laudate,
3256 1983 3630 2047 protectorem
3651 1981 3832 2038 vide-

2173 2062 2308 2118 licet
2328 2063 2654 2120 timentium
2682 2077 2764 2135 se,
2795 2070 2851 2120 et
2892 2063 3256 2122 liberatorem
3277 2067 3534 2124 omnium
3575 2071 3676 2140 qui
3697 2085 3831 2142 spe-

2173 2157 2302 2208 rant
2339 2152 2398 2206 in
2442 2166 2609 2208 eum:
2656 2157 2713 2208 et
2749 2153 3062 2208 secundum
3099 2153 3394 2212 decretum
3431 2160 3492 2212 et
3525 2157 3827 2228 judicium

2173 2245 2380 2297 sancta
2399 2254 2465 2297 ac
2490 2241 2836 2298 universalis
2873 2243 3096 2315 synodi,
3125 2244 3305 2302 malos
3327 2247 3566 2302 avertite
3599 2260 3698 2305 eos
3719 2249 3827 2320 qui

2173 2335 2310 2386 sunt
2334 2329 2470 2385 mali
2492 2343 2716 2399 sensus,
2746 2331 3161 2389 abominamini
3204 2333 3472 2406 injustos,
3497 2336 3560 2392 in
3587 2336 3830 2408 iniquos

2171 2418 2307 2474 odio
2329 2417 2607 2491 habetote,
2631 2419 2812 2476 libere
2831 2420 3048 2492 singuli
3069 2435 3202 2478 cum
3235 2422 3434 2480 divino
3451 2424 3630 2482 David
3661 2425 3832 2496 psal—

2173 2507 2388 2564 lentes:
2411 2509 2634 2577 Iniquos
2657 2509 2792 2564 odio
2809 2510 2996 2574 habui,
3041 2511 3208 2580 legem
3233 2517 3415 2568 autem
3455 2517 3608 2569 tuam
3652 2515 3834 2570 dilati

2173 2593 2349 2667 (Psal.
2375 2597 2604 2670 cxvm).
2635 2597 2926 2669 Scriptum
2954 2602 3042 2656 est
3087 2601 3263 2662 enim.
3289 2601 3466 2671 quia:
3527 2602 3632 2669 Qui
3683 2603 3827 2658 dicit

2173 2686 2403 2754 impium
2417 2685 2656 2754 justum,
2690 2691 2770 2742 est
2805 2688 3126 2744 maledictus
3153 2689 3215 2744 in
3253 2691 3498 2760 populis,
3529 2695 3580 2746 et
3603 2691 3832 2748 odibilis

2177 2775 2320 2828 inter
2347 2779 2528 2841 gentes
2557 2791 2594 2828 a
2615 2777 2841 2830 Domino
2871 2773 3062 2847 (Prov.
3115 2778 3306 2851 xnv).
3333 2780 3406 2834 Et
3448 2779 3692 2837 iterum:
3720 2781 3836 2847 Qui

421 2861 491 2916 Et
518 2861 707 2919 adhuc
727 2881 746 2917 :
792 2865 906 2919 Via
923 2869 1104 2920 autem
1131 2867 1422 2934 impiorum
1459 2865 1748 2920 tenebrosa
1767 2883 1786 2920 :
1824 2867 2072 2920 nesciunt
2167 2863 2386 2932 justum
2429 2865 2632 2919 dixerit
2659 2865 2950 2934 injustum,
2980 2867 3250 2935 injustam
3274 2883 3400 2923 vero
3443 2869 3680 2938 justum,
3729 2872 3836 2925 im-

421 2951 684 3020 quomodo
707 2953 990 3022 offendant
1005 2952 1022 3024 (
1037 2956 1194 3009 Prov.
1221 2955 1323 3027 ιν).

2175 2952 2414 3007 mundus
2443 2953 2826 3009 abominabilis
2871 2971 2906 3008 a
2932 2958 3042 3010 Deo
3069 2953 3253 3026 (Prov.
3288 2955 3446 3030 xvn)
3481 2957 3834 3016 Nullatenus

495 3040 730 3110 Propter
769 3041 888 3097 hac
907 3056 1042 3114 ergo
1079 3025 1597 3101 cuncta-nolentem
1635 3043 1978 3116 intelligere,
2004 3047 2070 3098 ut
2097 3025 2146 3086 (ἓ
2178 3053 2312 3112 ergo
2353 3041 2561 3096 audeat
2599 3042 2732 3112 quis
2781 3056 2980 3100 eorum
3023 3043 3125 3114 qui
3171 3025 3502 3102 Christiano
3551 3045 3832 3104 vocabulo

425 3127 568 3185 bene
581 3135 793 3202 ageret,
816 3145 998 3202 neque
1015 3132 1398 3190 obedientiam
1421 3135 1863 3206 praeligentem,
1887 3145 2072 3204 neque

425 3219 783 3275 conﬁtentem
849 3229 1140 3290 peccatum
1190 3237 1382 3294 suum,
1434 3223 1872 3294 iniquissimum
1920 3236 2075 3293 pra-

424 3307 697 3380 sulatum,
751 3309 848 3365 sed
899 3310 1318 3367 inobedientem
1360 3317 1416 3369 et
1457 3313 1816 3370 resistentem
1865 3317 2074 3369 sancta

427 3395 566 3452 huic
589 3402 646 3452 et
675 3397 986 3454 universali
1010 3402 1244 3472 synodo,
1290 3401 1629 3472 repulimus,
1653 3408 1710 3458 et
1737 3400 2074 3458 anthemati-

425 3487 700 3559 zavimus,
723 3493 894 3560 atque
912 3502 946 3544 a
967 3494 1084 3546 tota
1105 3490 1388 3546 catholica
1410 3496 1467 3546 et
1485 3491 1799 3562 apostolica
1820 3489 2073 3546 Ecclesia

426 3573 669 3633 fecimus
707 3577 981 3649 alienum,
1033 3592 1132 3648 per
1177 3579 1368 3636 datam
1417 3579 1585 3636 nobis
1624 3583 1954 3648 potestatem
2009 3577 2068 3632 in

427 3664 650 3734 Spiritu
671 3672 868 3722 sancto
886 3680 918 3722 a
940 3667 1126 3738 primo
1149 3673 1205 3724 et
1235 3682 1438 3740 magno
1482 3666 1752 3738 pontiﬁce
1772 3673 1983 3722 nostro.
2019 3671 2075 3722 et

427 3753 805 3810 deliberatore
841 3769 908 3811 ac
954 3756 1234 3812 salvatore
1281 3764 1662 3828 cunctorum;
1715 3756 2077 3827 quemadmo-

429 3845 568 3900 dum
623 3844 902 3913 scriptum
960 3849 1048 3900 est
1091 3846 1241 3914 apud
1297 3846 1655 3917 Deiloquum_
1689 3848 1963 3916 Moysen:
2004 3847 2076 3900 Et

432 3934 618 3986 anima
673 3935 846 3987 omnis
896 3949 1018 4002 qua
1064 3937 1255 4002 fecerit
1305 3937 1368 3990 in
1411 3951 1577 3990 manu
1641 3936 1948 4006 superbius,
2007 3936 2076 3990 ab

431 4022 705 4090 indigenis
749 4023 834 4077 vel
877 4038 912 4076 a
941 4025 1235 4092 proselytis
1304 4027 1540 4088 Domini,
1601 4029 1702 4082 iste
1745 4028 1970 4081 irritat:
2030 4031 2082 4082 et

433 4113 886 4167 exterminabitur
903 4114 1089 4168 anima
1107 4115 1207 4168 illa
1236 4116 1302 4170 de
1331 4117 1536 4186 populo
1557 4131 1674 4179 suo,
1700 4117 1833 4186 quia
1860 4116 2082 4171 verbum

433 4205 650 4258 Domini
669 4205 1007 4272 depravavit,
1037 4209 1089 4260 et
1106 4207 1369 4261 mandata
1398 4207 1516 4275 ejus
1540 4207 1862 4276 dissipavit:
1888 4208 2084 4260 contri-

433 4295 580 4348 tione
628 4298 930 4348 conteretur
979 4297 1166 4349 anima
1213 4296 1334 4358 illa,
1379 4301 1664 4365 peccatum
1711 4311 1871 4350 suum
1905 4297 1966 4350 in
2017 4312 2080 4350 ea

2179 3127 2342 3200 digni
2376 3133 2531 3192 sunt,
2581 3129 2798 3200 quique
2828 3131 3080 3202 regimen
3108 3133 3392 3202 pastorale
3429 3134 3620 3190 sortiti
3643 3139 3824 3192 sunt:

2181 3222 2283 3272 aut
2299 3216 2372 3272 ab
2391 3217 2508 3273 alio
2539 3217 2657 3289 regi
2681 3218 2967 3291 videntur,
3007 3221 3364 3278 contrarium
3405 3221 3718 3293 quidquam
3741 3238 3839 3296 ge-

2185 3318 2308 3360 rere
2345 3311 2554 3362 sancta
2591 3307 2730 3362 huic
2748 3311 2805 3363 et
2844 3307 3156 3365 universali
3196 3311 3433 3383 synodo,
3466 3324 3534 3366 ac
3576 3325 3675 3382 per
3723 3312 3837 3369 hoc

2187 3393 2514 3450 inveniatur
2533 3395 2790 3452 omnium
2809 3397 2921 3453 Deo
2941 3397 3362 3470 contradicens,
3383 3405 3442 3456 et
3461 3399 3626 3456 illius
3643 3401 3840 3457 consi-

2185 3481 2330 3537 lium
2350 3489 2405 3538 et
2413 3483 2703 3552 judicium
2725 3498 3016 3556 spernens.
3035 3487 3191 3543 Dicit
3209 3487 3364 3544 enim
3381 3488 3599 3546 alicubi
3617 3489 3837 3547 Paulus

2185 3584 2390 3642 mgnus
2411 3571 2742 3642 apostolus:
2773 3575 2954 3642 Igitur
2979 3579 3078 3646 qui
3103 3579 3314 3647 spernit
3349 3593 3468 3641 nos,
3499 3593 3608 3634 non
3650 3579 3840 3634 homi-

2181 3674 2303 3713 nem
2357 3663 2586 3729 spernit,
2618 3662 2716 3717 sed
2763 3665 2934 3719 Deum
2969 3667 3172 3730 vivum,
3225 3667 3323 3736 qui
3363 3667 3516 3722 dedit
3563 3667 3840 3738 Spiritum

2181 3753 2429 3804 sanctum
2456 3765 2617 3805 suum
2656 3753 2717 3807 in
2743 3767 2841 3807 nos
2883 3751 2974 3822 (II
3000 3755 3180 3810 Thess.
3215 3755 3312 3828 v1)
3352 3755 3506 3812 Dicit
3541 3761 3732 3812 autem
3775 3763 3841 3814 et

2183 3841 2417 3912 quidam
2447 3841 2849 3913 deiloquorum
2889 3847 3256 3900 nostrorum:
3297 3844 3358 3900 Si
3387 3845 3523 3915 quis
3559 3845 3838 3904 scissusa

2184 3930 2422 3988 veritate
2450 3929 2646 4002 fuerit,
2685 3945 2920 4004 regnum
2953 3933 3054 3988 Dei
3101 3946 3213 3989 non
3251 3933 3588 4004 possidebit,
3631 3935 3729 3991 sed
3770 3935 3840 3991 in

2188 4021 2500 4094 gehennam
2539 4019 3030 4078 condemnabitur.
3096 4022 3166 4078 Et
3209 4037 3450 4079 rursus:
3496 4023 3555 4079 Si
3594 4023 3729 4094 quis
3769 4024 3840 4080 in

2188 4110 2376 4166 aliena
2419 4110 2699 4166 sententia
2737 4111 3012 4183 ambulat,
3039 4111 3134 4168 hic
3155 4126 3268 4169 non
3311 4117 3400 4169 est
3416 4112 3634 4169 Christi
3661 4126 3840 4169 :cum

2190 4200 2519 4270 hujusmodi
2535 4213 2603 4256 ne
2614 4199 3123 4273 commisceamini,
3147 4206 3212 4258 ut
3233 4216 3346 4258 non
3357 4216 3488 4258 cum
3508 4215 3573 4258 eo
3587 4201 3843 4272 pereatis

2186 4290 2330 4360 Quis
2367 4290 2520 4346 enim
2561 4289 2776 4346 nesciat
2815 4289 2966 4359 quod
2999 4289 3060 4344 in
3105 4289 3292 4346 medio
3331 4294 3542 4346 sancta
3565 4289 3742 4359 hujus
3779 4294 3842 4346 et

435 4379 632 4453 (Num.
685 4383 828 4456 xv):
875 4385 1348 4454 quemadmodum
1397 4391 1452 4442 et
1497 4387 1834 4444 Dominicus
1883 4379 2158 4442 innuitD
2188 4378 2534 4435 universalis
2554 4378 2753 4449 synodi
2773 4375 3643 4448 fueritincomprehensibiliset
3662 4377 3845 4434 incir-

436 4486 640 4545 sermo,
666 4476 765 4548 qui
809 4484 1130 4546 peccantem
1155 4478 1213 4534 in
1255 4479 1599 4550 proximum,
1627 4485 1683 4536 et
1721 4490 2077 4550 nequaquam

434 4570 774 4638 correctum,
843 4567 937 4624 sed
1010 4569 1278 4626 Ecclesia
1340 4570 1442 4627 Dei
1505 4583 1617 4627 non
1701 4569 2077 4639 obedientem,

436 4663 624 4712 monet
643 4657 906 4728 deputari
929 4671 994 4714 ac
1013 4661 1238 4730 opinari
1279 4661 1434 4718 sicut
1471 4661 1763 4718 cthnicum
1785 4667 1840 4717 et
1879 4659 2083 4731 publi—

435 4757 639 4800 canum
661 4743 677 4817 (
696 4748 866 4802 Math.
893 4761 1036 4805 xvm
1063 4749 1098 4823 ).
1121 4751 1405 4808 Similiter
1433 4766 1660 4824 quoque
1679 4757 1736 4808 et
1754 4767 1852 4808 eos
1887 4751 1987 4822 qui
2009 4749 2080 4806 ab

437 4833 564 4903 ipso
593 4849 796 4894 manus
825 4839 1249 4910 impositionem
1289 4849 1646 4914 acceperunt,
1673 4849 1728 4898 et
1757 4841 1960 4899 arbore
1980 4855 2080 4912 pu-

435 4922 588 4978 trida
609 4923 833 4983 fructus
853 4929 1208 4999 putridiores
1235 4937 1644 5003 apparuerunt,
1666 4936 1723 4988 et
1742 4944 1926 5002 neque
1953 4935 2080 5002 post

435 5018 655 5070 stercus
677 5016 964 5073 meliorari
997 5018 1319 5090 voluerunt,
1351 5021 1711 5077 concidimus
1732 5021 1924 5093 gladio
1953 5020 2086 5090 spi—

437 5101 624 5158 ritus:
651 5103 834 5160 Omnis
859 5108 1001 5160 enim
1027 5107 1193 5160 arbor
1242 5124 1350 5162 non
1378 5111 1587 5177 faciens
1615 5111 1858 5177 fructum
1889 5110 2084 5165 bonum

436 5193 716 5246 eaeidetur
743 5199 793 5248 et
815 5196 876 5248 in
899 5197 1077 5263 ignem
1098 5199 1342 5252 mittetur
1377 5195 1585 5266 (Math.
1631 5197 1744 5272 ιιι),
1767 5198 2081 5254 secundum

437 5295 754 5338 sermonem
799 5283 1182 5340 Dominicum.
1245 5285 1304 5340 Si
1343 5286 1494 5342 enim
1546 5286 1712 5342 radix
1772 5293 1986 5358 sancta,
2027 5293 2084 5343 et

439 5372 624 5443 rami;
654 5371 778 5427 etsi
819 5370 1158 5428 fermentum
1197 5381 1457 5430 sanctum
1477 5380 1534 5429 et
1573 5387 1756 5430 massa
1805 5376 2085 5446 quemad—

441 5461 670 5516 modum
731 5461 944 5518 Paulus
1008 5475 1248 5533 magnus
1307 5463 1601 5532 apostolus
1633 5468 1826 5534 aperte
1875 5463 2083 5522 clamat

447 5547 626 5624 [Rom
655 5547 774 5625 x1],
817 5551 1180 5607 manifestum
1207 5557 1292 5608 est
1329 5553 1478 5622 quod
1518 5567 1548 5607 e
1585 5553 1831 5627 diverso,
1855 5555 1906 5610 si
1930 5555 2096 5616 radix

2186 4468 2572 4539 cumscriptus
2605 4467 2872 4524 Christus
2907 4481 2974 4524 ac
3014 4467 3295 4524 Dominus
3341 4468 3442 4538 qui
3491 4467 3681 4524 dixit:
3732 4468 3846 4523 Ubi

2186 4565 2315 4616 sunt
2357 4559 2464 4614 duo
2491 4557 2576 4612 vel
2615 4561 2723 4612 tres
2751 4559 2813 4612 in
2853 4559 3068 4612 nomine
3107 4573 3242 4621 meo,
3272 4557 3352 4612 ibi
3395 4573 3516 4613 sum
3555 4559 3616 4612 in
3657 4558 3842 4614 medio

2175 4667 2370 4707 eorum
2416 4647 2616 4722 (Math.
2649 4647 2871 4720 xvm):
2913 4651 2970 4703 et
3010 4646 3302 4704 voluntate
3339 4647 3528 4718 ipsius
3569 4646 3765 4703 omnia
3804 4661 3845 4704 ει

2187 4745 2301 4800 Deo
2350 4750 2499 4800 mota
2545 4743 2741 4798 sancta
2798 4739 2916 4794 hac
2962 4742 3019 4794 et
3074 4736 3425 4793 universalis
3480 4737 3734 4807 synodus
3781 4741 3846 4792 et

2189 4831 2517 4893 tractaverit
2529 4836 2586 4886 et
2601 4827 2804 4885 fecerit
2816 4828 2845 4882 ί(
2863 4829 2934 4884 Et
2953 4826 3225 4899 quoniam
3241 4825 3392 4882 dicit
3403 4825 3663 4882 omnium
3684 4826 3846 4883 Deus

2189 4940 2288 4998 per
2332 4923 2493 4980 Isaia
2523 4918 2846 4992 propheta:
2874 4930 3067 4974 vocem
3113 4917 3185 4970 Et
3212 4914 3353 4969 dabo
3404 4914 3608 4968 clavem
3645 4914 3846 4969 domus

2187 5015 2368 5071 David
2394 5026 2556 5080 super
2584 5010 2866 5064 humerum
2887 5007 3026 5075 ejus,
3058 5009 3110 5060 et
3132 5005 3373 5074 aperiet;
3399 5007 3450 5058 et
3471 5017 3582 5058 non
3609 5005 3712 5057 erit
3743 5005 3851 5073 qui

2191 5103 2447 5159 claudat:
2476 5105 2526 5156 et
2541 5099 2777 5162 claudet,
2793 5101 2845 5151 et
2867 5111 2976 5151 non
2995 5096 3100 5150 erit
3127 5095 3225 5164 qui
3251 5094 3465 5163 aperiat
3494 5090 3634 5162 (Isa.
3659 5091 3844 5165 1x11).

2188 5196 2289 5258 Et.
2312 5193 2522 5248 iterum
2563 5189 2860 5258 Scriptura
2875 5184 2978 5242 Job
3023 5183 3205 5241 dicit:
3239 5181 3301 5237 Si
3329 5181 3682 5243 destruaerit,
3714 5183 3851 5250 quis

2189 5281 2520 5353 adiﬁcabit?
2543 5282 2592 5334 si
2642 5277 2899 5334 clauserit
2945 5278 3136 5330 contra
3163 5273 3447 5334 hominem,
3479 5272 3604 5340 quis
3631 5273 3852 5339 aperiet

2191 5373 2320 5445 (Job
2351 5385 2434 5426 xu
2453 5370 2469 5444 )
2487 5369 2517 5424 ‘l
2543 5371 2771 5426 Certum
2793 5371 2899 5439 est,
2939 5365 3090 5436 quod
3137 5361 3408 5433 quisquis
3427 5359 3678 5418 voluerit
3695 5372 3853 5430 ape—

2193 5464 2310 5520 rire
2329 5463 2562 5532 januam
2584 5471 2754 5530 quam
2780 5459 2976 5513 sancta
2996 5453 3114 5509 hac
3131 5455 3189 5508 et
3209 5449 3554 5507 universalis
3583 5449 3854 5519 synodus

2194 5551 2427 5622 clausit,
2473 5549 2562 5606 vel
2599 5547 2866 5604 claudere
2908 5541 3210 5600 tentaverit
3237 5553 3408 5611 quam
3455 5537 3705 5608 aperuit,
3736 5538 3849 5592 Dei
