4018 6166
193 230 278 287 489

204 356 360 413 hostis
388 360 440 411 et
477 355 835 428 impugnator
873 357 1196 415 invenietur
1248 365 1305 416 et
1354 363 1704 433 ostendetur,
1739 369 1795 420 et

200 459 344 515 super
366 449 558 500 terram
584 450 640 499 et
672 446 732 500 in
757 446 936 502 caelis.
969 447 1074 504 Sed
1116 448 1232 519 fiat,
1263 455 1327 505 ut
1350 465 1545 508 omnes
1569 455 1668 523 qui
1698 454 1798 510 in—

197 538 365 591 vocant
393 547 579 589 nomen
600 535 830 590 Domini
860 537 1038 593 nostri
1067 539 1199 594 Iesu
1219 539 1456 612 Christi,
1479 543 1798 600 charitate-

195 637 284 693 que
319 621 471 677 illius
499 620 626 677 freti
653 623 914 680 timorem
957 626 1082 693 ejus
1108 641 1221 696 pra:
1246 629 1432 684 oculis
1463 630 1705 686 habeant
1735 633 1794 688 in

191 711 424 780 equitate
458 711 734 776 veritatis,
767 717 822 768 et
855 711 1340 788 fructusjustitiae
1369 717 1665 776 afferentes
1692 721 1791 776 in—

189 800 480 869 veniantur;
511 805 793 869 quatenus
812 816 1006 858 omnes
1029 805 1450 877 custodiantur,
1479 813 1535 862 et
1554 808 1797 866 efﬁcian-

187 893 266 942 tur
282 887 455 959 digni,
482 893 537 944 et
557 889 616 944 in
649 891 911 959 praesenti
939 893 1147 949 saeculo
1167 909 1413 964 superna
1436 898 1793 966 providentia

191 974 396 1047 perfrui,
422 981 479 1031 et
503 977 564 1032 in
590 975 788 1034 futuro
812 980 1019 1037 saeculo
1045 983 1427 1052 percipiamus
1453 985 1706 1042 coelestia
1739 995 1795 1044 et

183 1065 612 1134 incorruptibilia
647 1066 814 1132 bona,
847 1083 972 1138 qua:
1014 1070 1182 1126 nobis
1217 1072 1276 1127 in
1310 1074 1794 1142 promissionibus

175 1160 286 1211 sunt
305 1154 544 1223 reposita
569 1155 627 1210 in
645 1156 841 1212 eodem
861 1157 1090 1215 Christo
1109 1161 1224 1216 Deo
1250 1166 1464 1236 nostro,
1493 1164 1587 1220 cui
1607 1165 1791 1238 gloria

175 1245 224 1298 in
244 1242 434 1299 saecula
457 1245 823 1301 saeculorum.
849 1246 1045 1303 Amen.

171 1371 362 1441 Domino
403 1373 744 1426 sanctissimo
782 1378 832 1427 et
872 1375 1172 1441 coangelico
1202 1379 1438 1432 mam-imo
1463 1394 1666 1434 summo
1691 1397 1792 1434 sa—

226 1440 409 1514 cerdoti
431 1446 483 1495 et
527 1444 828 1498 universali
844 1461 1005 1514 papa
1040 1445 1314 1509 Adriano,
1345 1456 1533 1504 sancta
1562 1457 1612 1505 et
1651 1455 1786 1505 uni-

223 1513 430 1566 uersalis
453 1514 702 1580 synodus
727 1513 1195 1586 Constantinopoli
1231 1526 1552 1588 congregata
1575 1524 1636 1576 in
1674 1526 1790 1576 Do—

223 1585 347 1636 mino
365 1585 617 1638 salutem.

220 1599 347 1636 mmo
365 1598 617 1638 salutem.

217 1688 599 1759 Opportunum
674 1698 761 1748 est
814 1708 942 1750 cum
998 1697 1426 1766 sapientissimo
1489 1700 1786 1757 Salomone

165 1791 287 1832 nunc
308 1784 360 1833 et
385 1793 490 1835 nos
524 1781 804 1836 clamare:
835 1783 1118 1853 Sapientia
1155 1789 1215 1840 in
1241 1790 1472 1844 exilibus
1500 1791 1782 1854 laudatur,

162 1867 207 1918 in
229 1867 413 1936 plateis
451 1874 642 1924 autem
677 1872 932 1940 fiduciam
963 1876 1098 1942 agit,
1147 1878 1207 1930 in
1249 1881 1470 1934 summis
1506 1897 1785 1936 murorum

155 1956 473 2023 praedicatur,
503 1961 570 2013 in
580 1960 759 2028 portis
774 1968 953 2017 autem
965 1971 1248 2033 potentum
1269 1971 1494 2033 assistit,
1522 1974 1582 2025 in
1606 1975 1782 2041 portis

157 2049 303 2097 autem
325 2048 568 2101 civitatis
603 2050 871 2118 conﬁdens
897 2053 1067 2107 dicit:
1094 2055 1306 2120 Quanto
1349 2063 1580 2128 tempore
1614 2064 1782 2115 inno—

157 2138 298 2187 centes
316 2135 611 2191 abundant
619 2139 864 2206 justitia,
881 2157 992 2195 non
1016 2146 1422 2211 confundentur
1434 2167 1451 2212 ;
1463 2150 1780 2219 insipientes

156 2226 320 2284 autem,
374 2225 610 2292 injuriae
655 2231 942 2286 existentes
985 2233 1397 2298 desideratores,
1443 2239 1599 2308 impii
1643 2242 1782 2306 facti

162 2311 406 2365 scientiam
460 2314 706 2369 oderunt
757 2314 929 2387 (Prov.
979 2321 1057 2392 1):
1128 2323 1222 2378 hic
1276 2332 1362 2380 est
1429 2327 1781 2394 proverbalis

164 2410 326 2488 sermo.
358 2402 624 2458 Donatus
653 2405 806 2461 enim
831 2407 943 2463 Deo
963 2410 1232 2467 amabilis
1249 2413 1556 2483 episcopus
1579 2415 1773 2488 Ostiae,

153 2493 198 2540 et
217 2486 525 2558 Stephanus
547 2492 656 2548 Deo
678 2495 946 2552 amabilis
974 2498 1279 2570 episcopus
1298 2504 1483 2572 Nepae,
1508 2508 1564 2559 et
1593 2486 1778 2560 Mari?

158 2590 241 2632 nus
279 2578 827 2641 honorabilissimus
851 2585 1129 2643 diaconus
1155 2596 1364 2646 sanctae
1389 2593 1773 2649 Romanorum

155 2664 396 2736 Ecclesiae,
427 2670 792 2726 sanctissimi
820 2673 1021 2730 vicarii
1046 2679 1369 2735 sanctitatis
1399 2686 1616 2753 vestrae,
1642 2696 1771 2739 cum

155 2756 512 2813 essentdivina
535 2759 821 2828 sapientia
840 2764 1062 2832 repleti,
1091 2771 1145 2820 et
1165 2768 1461 2836 sapientia:
1485 2772 1773 2828 columnis

157 2844 355 2931 propriis
382 2847 602 2902 animae
625 2847 853 2906 domum
905 2850 1206 2911 fundantes
1231 2862 1286 2912 et
1311 2859 1690 2931 stabilientes,
1718 2867 1775 2916 et

155 2930 290 2988 Deum
331 2935 621 3007 omnium,
669 2939 768 3008 qui
813 2939 871 2996 in
916 2943 1197 3010 sapientia
1228 2949 1436 3002 terram
1487 2930 1768 3022 fundavit,

156 3033 240 3088 prae
263 3023 439 3079 oculis
470 3024 774 3098 habentes,
801 3029 1149 3087 ﬁducialiter
1172 3041 1438 3104 egerunt:
1477 3037 1532 3092 in
1569 3039 1772 3107 plateis

153 3110 357 3176 profecto
379 3112 721 3170 divinarum
743 3117 1192 3192 Scripturarum,
1219 3127 1276 3178 et
1303 3125 1565 3198 excelsis,
1589 3131 1644 3181 et
1665 3142 1772 3182 su—

153 3195 410 3271 blimibus,
437 3206 495 3256 et
525 3201 874 3261 fortissimis
918 3210 1102 3265 muris
1139 3212 1401 3269 veritatis
1441 3195 1771 3270 Dei'conci-

154 3285 264 3342 llum
317 3291 797 3367 praedicaverunt,
854 3300 911 3351 et
968 3300 1150 3367 portis
1201 3315 1311 3358 non
1350 3303 1537 3359 solum
1565 3308 1770 3373 poten—

153 3380 262 3447 tum,
287 3377 336 3432 id
367 3385 451 3435 est
487 3382 802 3440 auditibus
838 3399 1035 3443 eorum
1080 3390 1178 3459 qui
1232 3405 1436 3448 sensus
1483 3394 1769 3450 exercita-

150 3467 218 3518 tos
238 3465 295 3520 ad
335 3467 753 3527 discretionem
798 3475 1056 3532 melioris
1094 3491 1160 3533 ac
1178 3479 1503 3551 deterioris,
1550 3495 1766 3540 necnon

149 3556 192 3603 et
225 3552 536 3614 interiorem
587 3560 873 3617 hominem
933 3563 1242 3634 perfectum
1289 3569 1514 3641 habent,
1572 3571 1667 3626 sed
1714 3576 1770 3626 et

147 3651 304 3698 eorum
349 3648 446 3716 qui
486 3649 838 3723 imperfecti,
880 3657 936 3708 et
974 3655 1239 3712 sensibus
1281 3659 1501 3727 parvuli
1537 3664 1673 3715 sunt
1709 3660 1767 3716 in

148 3729 340 3788 civitate
373 3737 631 3793 viventis
673 3741 770 3795 Dei
817 3741 1138 3800 luculenter
1179 3748 1504 3816 aequitatem
1554 3750 1768 3806 divinae

145 3816 346 3910 iustitiae
395 3827 943 3901 annuntiaverunt;
990 3839 1047 3888 et
1093 3837 1493 3906 superioribus
1536 3841 1766 3910 quidem

151 3909 452 3998 manifestati
479 3920 646 3983 sunt,
678 3925 943 3975 accusata
966 3921 1186 3979 divinis
1210 3925 1434 3996 legibus
1472 3932 1527 3982 et
1553 3909 1769 3998 praece—

151 3994 239 4084 ptis
261 3997 547 4068 injustitia
590 4009 646 4059 et
684 4006 905 4063 malitia
934 4027 948 4078 ;
971 4023 1066 4066 eos
1087 4025 1218 4069 vero
1244 3994 1388 4084 quos
1414 3994 1768 4084 proverbiale

147 4081 326 4172 dictum
353 4090 694 4148 innocentes
714 4097 1050 4171 nominavit,
1082 4114 1179 4170 per
1222 4081 1594 4172 privati—onem
1617 4107 1767 4161 vide-

151 4168 257 4227 licet
295 4178 552 4253 malitiae,
609 4182 944 4242 inconfusos
975 4168 1241 4246 Dei—boni
1275 4194 1673 4261 cooperatione
1710 4202 1765 4250 et

148 4263 296 4355 gratia
323 4279 823 4328 conservaverunt.
858 4278 1210 4347 Insipientiaa
1234 4286 1420 4336 autem
1449 4284 1759 4355 operarios,

918 230 1462 292 INTERPRETATIO
1495 236 1743 294 SYNODI
1780 239 1898 295 VIII
1940 239 2352 297 GENERALIS.
2374 272 2447 283 —
2483 242 2682 299 ACTIO
2719 245 2790 300 X.

3448 246 3550 304 ’190

1819 366 1878 428 Α
1909 366 2077 422 homo
2101 368 2200 422 Dei
2229 368 2502 438 primitus
2529 370 2790 426 definivit
2813 376 2869 426 et
2907 371 3306 443 promulgavit,
3335 385 3551 428 necnon

1907 460 1964 510 et
1993 471 2212 511 summa
2264 459 2579 526 paternitas
2605 463 2700 514 tua
2724 460 2970 514 firmavit
3003 465 3059 515 et
3087 461 3354 530 synodice
3379 461 3555 517 robo—-

1906 545 2073 612 ravit,
2099 545 2178 600 ita
2199 549 2254 600 et
2277 547 2386 616 ipsi
2418 547 2535 602 haec
2563 548 3069 620 annuntiaverunt,
3097 553 3151 604 et
3165 554 3401 619 egerunt
3424 563 3552 604 am-

1907 634 2106 689 borum
2162 640 2412 691 vestrum
2454 638 2968 708 sanctissimorum,
3001 638 3268 692 videlicet
3307 637 3552 693 senioris

1906 725 2092 779 Romae
2119 726 2473 794 pontificum,
2508 741 2710 781 nomen
2734 732 2791 782 et
2823 727 3169 796 memoriale,
3198 726 3552 782 instantibus

1904 814 2258 882 temporibus
2274 818 2329 868 et
2357 816 2582 870 cunctis
2608 815 3092 885 generationibus,
3127 830 3252 886 quae
3284 816 3552 884 deinceps

1904 901 2112 958 futurae
2143 908 2296 974 sunt,
2327 903 2631 959 efﬁcientes
2657 904 2945 960 laudabile
2973 923 2985 958 :
3026 905 3104 959 ita
3148 909 3204 959 et
3235 905 3551 975 unicuique

1904 993 2159 1060 ipsorum
2198 996 2426 1061 aptetur
2464 994 2614 1063 quod
2642 993 2796 1048 dicit
2831 994 2888 1048 in
2922 993 3246 1064 Evangeliis
3286 993 3550 1049 Christus

1901 1082 2158 1137 omnium
2178 1088 2436 1138 nostrum
2459 1083 2745 1139 Salvator:
2777 1084 2908 1148 Quis
2932 1099 2966 1136 a
2992 1086 3267 1151 semetipso
3285 1083 3546 1151 loquitur,

1900 1171 2130 1238 gloriam
2165 1174 2450 1240 propriam
2492 1174 2688 1240 quaerit
2712 1191 2729 1226 :
2774 1174 2871 1240 qui
2898 1177 3077 1226 autem
3101 1173 3298 1240 quaerit
3318 1173 3548 1238 gloriam

1901 1260 2018 1328 ejus
2049 1262 2146 1328 qui
2167 1262 2316 1314 misit
2345 1262 2519 1323 illum,
2554 1263 2640 1315 hic
2666 1278 2836 1316 veram
2859 1266 2956 1322 est,
2989 1266 3040 1314 et
3063 1262 3341 1330 injustitia
3362 1263 3423 1314 in
3451 1261 3546 1312 illo

1900 1365 2008 1402 non
2038 1355 2116 1403 est
2143 1346 2317 1419 (Joan.
2355 1351 2474 1421 vn).
2516 1351 2619 1406 Sed
2660 1355 2716 1406 et
2743 1350 3077 1406 benedictus
3101 1352 3269 1420 Deus,
3304 1351 3404 1419 qui
3434 1362 3544 1406 non

1897 1439 2058 1494 dedit
2089 1453 2191 1495 nos
2215 1441 2272 1494 in
2295 1441 2612 1510 captionem
2637 1440 2908 1495 dentibus
2945 1440 3263 1495 odientium
3297 1453 3418 1511 nos,
3447 1441 3541 1497 sed

1898 1528 2384 1598 eripuitanimam
2417 1533 2666 1584 nostram
2711 1529 2864 1584 sicut
2909 1542 3190 1598 passerem
3231 1529 3300 1584 de
3340 1530 3545 1600 laqueo

1899 1619 2228 1674 venantium
2265 1631 2386 1672 eam
2416 1616 2580 1687 (Psal.
2626 1619 2841 1690 cxxm),
2875 1624 2932 1674 et
2960 1619 3216 1674 oratione
3265 1623 3451 1674 vestra
3489 1624 3546 1674 et

1819 1699 1870 1759 B
1899 1707 2163 1763 assiduas
2187 1693 2618 1778 redargutiones
2638 1713 2692 1762 et
2712 1707 3153 1777 admonitiones,
3184 1722 3326 1779 quas
3349 1709 3545 1778 phero-

1901 1808 2102 1866 nymus
2127 1796 2226 1851 ille
2253 1801 2307 1851 et
2334 1810 2572 1868 magnus
2605 1798 2703 1852 Dei
2739 1811 3111 1867 summusque
3139 1796 3391 1865 pontifex
3418 1798 3542 1854 bea-

1895 1885 2158 1940 tissimus
2203 1899 2343 1955 papa
2392 1885 2681 1942 Nicolaus.
2727 1887 2912 1941 Dilexi
2960 1887 3110 1941 enim
3148 1886 3364 1957 jugiter
3395 1886 3540 1943 ferre

1894 1974 2069 2030 labiis
2115 1975 2279 2031 illius
2313 1975 2463 2031 beati
2491 1989 2714 2046 nomen,
2746 1975 3114 2030 introducens
3150 1974 3418 2030 videlicet
3444 1991 3540 2046 per

1893 2062 2018 2133 hoc,
2046 2069 2101 2117 et
2135 2063 2321 2133 ipsius
2347 2079 2573 2135 quoque
2599 2065 2946 2134 memoriam,
2977 2066 3074 2136 qui
3119 2079 3218 2134 per
3246 2062 3537 2121 Christum

1890 2157 2097 2206 etcum
2124 2152 2353 2209 Christo
2383 2155 2655 2210 mundum
2688 2154 2864 2208 vicit:
2891 2161 2945 2209 et
2968 2155 3088 2224 ipse
3115 2157 3214 2226 qui
3241 2161 3296 2211 et
3327 2155 3538 2227 gradus

1891 2243 1947 2294 et
1975 2240 2280 2311 dignitatis
2309 2247 2365 2297 et
2396 2244 2574 2299 moris
2609 2244 2734 2312 ejus
2759 2258 3055 2299 successor
3081 2259 3160 2313 es,
3192 2259 3292 2314 pro
3317 2246 3538 2300 ecccle—

1890 2329 2121 2386 siastica
2162 2344 2294 2400 pace
2323 2331 2592 2387 alacriter
2622 2333 2984 2404 exercuistis,
3027 2334 3095 2388 ad
3140 2334 3535 2403 expellendum

1890 2418 2085 2488 lupum
2111 2419 2182 2473 ab
2207 2420 2345 2474 ovili
2372 2420 2608 2492 Christi,
2633 2426 2900 2492 tanquam
2918 2422 3035 2477 veri
3067 2427 3337 2494 pastores,
3367 2424 3537 2479 ratio-

1889 2507 2167 2564 nabilium
2189 2509 2380 2565 ovium
2401 2509 2638 2580 Christi,
2664 2511 2925 2580 quinimo
2947 2512 3156 2567 summi
3181 2516 3453 2585 pastores,
3480 2519 3536 2570 et

1887 2596 2176 2666 principes
2219 2600 2473 2655 omnium
2500 2600 2889 2656 ecclesiarum.
2931 2601 3035 2656 Sed
3059 2602 3128 2656 de
3160 2602 3368 2658 misero
3395 2605 3538 2674 qui-

1882 2685 2008 2740 dem
2031 2686 2252 2757 Photio,
2284 2691 2340 2742 et
2366 2688 2442 2743 iis
2473 2689 2571 2758 qui
2600 2689 2819 2744 seducti
2855 2694 2990 2744 sunt
3012 2689 3082 2744 ab
3102 2704 3188 2761 eo,
3215 2695 3272 2745 et
3291 2703 3536 2746 concor—-

1881 2771 2160 2829 daverunt
2193 2776 2269 2845 ei,
2296 2777 2689 2846 propheticum
2723 2778 2867 2832 illud
2895 2778 3200 2833 dicendum
3232 2781 3350 2833 est:
3393 2777 3532 2842 Quia

1884 2866 2042 2916 recta:
2067 2865 2170 2916 via:
2210 2866 2445 2926 Domini,
2479 2871 2528 2918 et
2553 2866 2700 2933 justi
2728 2866 3089 2919 ambulabunt
3117 2868 3177 2918 in
3221 2868 3296 2919 eis
3330 2884 3346 2930 ;
3377 2867 3534 2935 impii

1881 2955 2060 3004 autem
2092 2954 2520 3021 inﬁrmabuntur
2555 2952 2690 3023 (Ose.
2731 2952 2867 3025 xxv),
2907 2954 2990 3008 vel
3035 2954 3206 3008 etiam
3246 2952 3532 3009 offendent

1801 3011 1848 3072 Ο
1884 3038 1942 3092 in
1976 3039 2133 3108 illis;
2161 3040 2287 3095 suis
2305 3041 2458 3095 enim
2485 3041 2597 3096 viis
2620 3041 2890 3096 delectari
2920 3042 3121 3112 utique
3166 3055 3533 3110 pernecessa-

1881 3127 2032 3182 rium
2073 3133 2195 3183 erat
2223 3128 2326 3199 eis,
2369 3127 2592 3185 fructus
2621 3135 2676 3185 et
2702 3130 2847 3185 mala
2880 3131 3139 3185 accidere
3163 3132 3382 3199 justum
3410 3135 3533 3186 erat

1879 3215 1965 3270 eis
1993 3217 2303 3272 secundum
2330 3231 2499 3287 opera
2531 3232 2802 3274 manuum
2825 3233 3080 3289 suarum,
3111 3223 3176 3274 ut
3198 3219 3442 3288 quodam
3470 3220 3529 3274 in

1880 3304 2003 3359 loco
2049 3304 2197 3359 dicit
2240 3305 2606 3375 magnivocus
2644 3307 2838 3362 Isaias.
2873 3307 3015 3374 Quis
3046 3310 3234 3362 autem
3256 3307 3531 3362 amatoris

1876 3391 2092 3448 Christi
2119 3396 2177 3446 et
2200 3393 2674 3462 tranquillissimi
2704 3395 3067 3462 imperatoris
3093 3394 3274 3449 nostri
3301 3395 3530 3450 articu—

1878 3479 2098 3536 laribus
2135 3480 2430 3535 insinuare
2469 3481 2704 3535 vocibus
2734 3481 2963 3550 poterit,
2992 3481 3260 3537 omnibus
3295 3482 3526 3550 quidem

1877 3570 2034 3640 aliis,
2085 3570 2177 3625 sed
2239 3568 2522 3638 praecipue
2575 3571 2633 3625 in
2681 3570 3088 3627 ecclesiasticis
3144 3569 3314 3624 rebus
3357 3573 3528 3638 atque

1882 3662 2141 3731 personis
2187 3664 2670 3733 aequanimitatem
2714 3669 2769 3718 et
2818 3659 3207 3717 exercitium?
3247 3658 3345 3728 qui
3398 3658 3529 3727 pie—

1879 3751 2017 3806 tatis
2050 3751 2488 3806 deﬁnitionibus
2530 3757 2585 3807 et
2618 3752 2897 3807 virtutum
2941 3747 3389 3820 proprietatibus
3415 3760 3529 3801 om-

1880 3853 1978 3894 nes
2030 3853 2434 3910 supergressus
2483 3845 2568 3895 est
2629 3841 2726 3910 qui
2793 3844 2923 3894 ante
2982 3852 3041 3893 se
3098 3840 3520 3908 regnaverunt;

1880 3929 1960 3983 ita
2021 3932 2084 3983 ut
2142 3929 2324 3999 magis
2387 3928 2761 3984 directionem
2820 3929 2945 3997 ejus
3006 3925 3284 3996 moribus,
3355 3939 3523 3995 quam

1877 4019 2092 4075 nostris
2146 4019 2464 4075 virtutibus
2518 4019 2785 4074 ﬁduciam
2827 4018 3143 4088 capiamus,
3185 4030 3353 4087 quem
3397 4031 3528 4073 om-

1877 4109 2141 4178 nipotens
2185 4110 2336 4164 Deus
2402 4115 2458 4164 et
2501 4123 2599 4165 rex
2659 4110 3078 4178 universorum,
3125 4108 3225 4177 qui
3291 4121 3388 4176 per
3427 4122 3527 4162 so-

1875 4199 2097 4254 lertiam
2130 4203 2391 4267 vestram,
2442 4199 2932 4267 interventionem,
2979 4211 3043 4252 ac
3078 4196 3385 4266 judicium,
3424 4209 3524 4250 seu

1877 4289 2201 4361 synodicam
2234 4288 2671 4358 expositionem,
2706 4292 2819 4342 tam
2848 4299 3104 4356 magnam
3134 4290 3191 4339 et
3221 4285 3526 4339 universa—

148 4353 848 4450 tlfetnulatoresnequitite
869 4370 1137 4437 tanquam
1155 4371 1546 4428 conviciorum
1563 4353 1762 4431 avidos
1794 4373 1848 4432 D
1879 4353 1986 4434 lem
2039 4353 2324 4450 synodum
2357 4353 2700 4450 congregare
2741 4353 3014 4447 dignatus
3064 4379 3169 4446 est,
3211 4379 3266 4429 et
3300 4379 3522 4428 tantum

146 4437 433 4517 existentes,
463 4455 524 4503 et
547 4449 761 4520 impios
787 4451 986 4527 factos,
1011 4463 1365 4529 argumentis
1383 4464 1644 4521 veritatis
1673 4467 1767 4522 ob-

147 4530 316 4587 noxios
367 4540 767 4609 ostenderunt,
815 4547 1288 4615 quemadmodum
1349 4553 1498 4610 alios
1557 4556 1763 4612 iterum

146 4622 461 4714 proverbiale
487 4627 706 4686 fatetur
724 4632 1022 4705 eloquium
1048 4656 1060 4691 :
1094 4639 1163 4694 Et
1201 4643 1550 4699 examinatio
1577 4647 1766 4714 perdit

149 4709 362 4800 impios:
403 4718 683 4787 Operibus
718 4723 870 4778 enim
917 4726 1042 4781 suis
1082 4733 1502 4800 przepedierunt
1531 4709 1628 4791 eos
1652 4738 1765 4792 Deo

147 4798 383 4898 amabiles
432 4806 642 4864 vicarii
689 4817 936 4881 paternae
984 4798 1307 4879 sanctitatis
1353 4831 1571 4898 vestrae,
1613 4830 1763 4898 quod

150 4881 479 4952 hymnidicus
519 4899 695 4955 David
727 4903 851 4958 ait:
889 4906 985 4960 Ad
1023 4910 1258 4965 nihilum
1295 4881 1571 4970 deductus,

148 4987 389 5047 mnspectu
440 4985 568 5052 ejus
607 4991 880 5058 malignus
913 5012 930 5060 ;
974 4998 1216 5054 timentes
1258 5006 1439 5057 autem
1479 5007 1765 5062 Dominum

149 5063 586 5166 aleriﬁcattPsa—l.
617 5079 754 5151 xxv).
801 5083 940 5138 Nam
970 5091 1026 5140 et
1051 5088 1189 5158 quid
1235 5091 1394 5146 aliud
1441 5093 1546 5150 hos
1583 5110 1767 5166 appa—

153 5164 299 5212 rmsse
316 5162 672 5254 opinandum
693 5174 799 5237 est,
821 5185 989 5241 quam
1001 5175 1286 5235 derivatas
1309 5181 1589 5254 imagines
1600 5162 1637 5238 ῗί
1650 5162 1764 5242 imo

153 5251 250 5335 vero
277 5248 645 5335 characteres
669 5255 1052 5318 indissimiles
1082 5248 1457 5335 quarumdam
1486 5272 1761 5330 bonarum

156 5333 193 5432 tl
215 5334 613 5432 principalium
658 5345 983 5406 tabularum
1015 5333 1235 5409 Nicolai
1261 5356 1578 5416 beatissimi
1608 5376 1762 5432 papa:

159 5429 301 5517 revera
327 5425 641 5487 fortissimi
669 5435 902 5504 pietatis
923 5444 1226 5499 certatoris
1247 5446 1423 5504 simul
1459 5455 1515 5505 et
1539 5425 1763 5508 sancti-

161 5507 260 5562 latis
290 5518 396 5571 tua:
418 5517 448 5570 ‘?
478 5519 646 5576 Sicut
668 5524 821 5581 enim
854 5528 952 5583 ille
985 5529 1358 5592 beatissimus
1403 5544 1459 5594 et
1487 5507 1764 5600 veraciter

1876 4485 2020 4539 opus
2058 4472 2125 4526 ad
2169 4471 2335 4527 tinem
2375 4483 2706 4541 prosperum
2741 4468 3046 4538 perducere
3069 4464 3291 4535 maluit,
3324 4469 3525 4518 custo—

1875 4563 1998 4619 diat
2036 4564 2378 4620 incolumem
2401 4571 2712 4632 utrumque
2739 4576 2837 4633 per
2863 4559 3074 4615 multos
3094 4568 3376 4613 annorum
3399 4555 3525 4610 cir-

1875 4654 2090 4724 cuitus,
2133 4661 2188 4710 et
2212 4656 2305 4710 det
2336 4654 2626 4710 sanctitati
2668 4665 2896 4724 quoque
2937 4657 3135 4706 vestrm
3178 4647 3518 4718 condignam

1877 4745 2136 4802 laborum
2167 4746 2650 4815 vicissitudinem,
2675 4753 2882 4800 etcum
2907 4744 3068 4797 Petro
3093 4749 3148 4798 et
3171 4738 3348 4794 Paulo
3373 4736 3525 4807 prin-

1876 4838 2106 4907 cipibus
2125 4837 2513 4906 apostolorum
2539 4837 2766 4905 judices
2804 4850 2903 4891 vos
2927 4833 3293 4903 demonstret,
3328 4839 3384 4889 et
3409 4833 3525 4903 jam

1878 4927 1935 4982 in
1976 4926 2172 4981 futuro
2216 4927 2424 4982 saeculo
2457 4926 2763 4982 multarum
2795 4924 3050 4997 gentium
3084 4931 3140 4979 et
3184 4923 3524 4993 populorum

1876 5017 2128 5086 propriis
2148 5015 2315 5071 bonis
2340 5015 2630 5087 operibus,
2668 5015 2876 5086 impios
2901 5022 2956 5070 et
2987 5014 3209 5084 iniquis
3224 5013 3526 5082 judicatu-

1877 5120 1989 5175 ros,
2022 5105 2496 5174 quemadmodum
2517 5111 2572 5160 et
2594 5119 2746 5160 nunc
2769 5105 2960 5160 debite
2982 5102 3221 5173 fecistis,
3245 5114 3278 5156 a
3297 5099 3525 5156 Christo

1875 5193 2259 5266 gubernacula
2284 5200 2572 5249 sumentes
2596 5194 2999 5249 ecclesiastica:
3021 5194 3201 5248 navis.

1946 5284 2128 5354 Igitur
2158 5283 2402 5338 libenter
2439 5283 2648 5353 oppido
2695 5289 2750 5339 et
2775 5289 3059 5354 gratenter
3091 5281 3398 5337 imitatrice
3420 5278 3521 5334 Dei

1876 5371 2397 5429 sanctitate'vestra
2441 5373 2698 5428 omnium
2749 5380 3008 5429 nostrum
3051 5378 3431 5427 conventuum
3468 5375 3524 5423 et

1875 5460 2221 5516 universalis
2253 5461 2426 5530 hujus
2450 5470 2620 5533 atque
2635 5461 2931 5518 catholicae
2953 5461 3154 5531 synodi
3181 5470 3520 5514 consensum

1874 5556 1930 5603 et
1957 5551 2384 5604 consonantiam
2419 5553 2746 5622 recipiente,
2785 5553 3029 5621 przedica
3059 5566 3179 5607 eam
3226 5553 3424 5623 magis,
3454 5561 3519 5606 ac
