4018 6166
471 197 568 254 491

470 323 646 380 veluti
681 326 989 398 propriam,
1018 334 1074 384 et
1115 329 1433 389 sollicitius
1466 335 1737 392 confirma
1765 337 2116 409 coangelicis
2142 339 2200 400 A

472 414 954 482 przeceptionibus
979 422 1034 472 et
1057 418 1554 478 admonitionibus
1580 425 1804 498 vestris,
1832 432 1894 481 ut
1917 440 2016 495 per
2036 440 2121 482 sa-

474 501 900 571 pientissimum
929 506 1323 576 magisterium
1355 517 1602 566 vestrum
1635 514 1806 569 etiam
1828 514 1966 570 aliis
1998 515 2124 570 uni-

473 590 655 644 versis
685 591 942 647 ecclesiis
965 602 1244 664 personet,
1269 603 1324 652 et
1348 599 1704 669 suscipiatur
1725 602 1982 658 veritatis
2009 615 2124 655 ver-

473 678 608 733 bum
639 683 694 733 et
712 679 957 747 justitia:
977 682 1283 740 decretum.

514 817 642 866 Haec
673 820 890 881 epistola
925 823 1084 871 missa
1114 827 1192 872 est
1225 827 1289 874 ad
1322 841 1503 877 omnes
1534 831 1892 890 patriarchales
1924 833 2090 881 sedes.

543 953 803 1017 Basilius,
868 953 1254 1014 Constantinus
1322 966 1372 1016 et
1425 964 1549 1026 Leo,
1613 967 1672 1018 in
1733 967 1942 1020 Christo
2000 969 2127 1022 Jesu

656 1026 1005 1094 imperatores
1029 1030 1269 1097 Augusti
1279 1035 1552 1102 principes
1567 1037 1945 1091 Romanorum.

544 1139 933 1212 Diligentibus
952 1144 1128 1199 Deum
1152 1150 1442 1217 cooperari
1461 1151 1652 1206 omnia
1673 1152 1732 1206 in
1754 1152 1965 1210 bonum
1983 1155 2128 1210 divi-

476 1227 635 1283 nitus
651 1229 858 1286 clamat
874 1239 1126 1301 patenter
1141 1234 1447 1305 Apostolus
1461 1236 1626 1308 (Rom.
1645 1242 1768 1313 Vill)
1783 1260 1798 1310 ;
1813 1244 1954 1313 quin
1973 1252 2127 1314 etpe-

477 1320 683 1372 tentem
720 1319 995 1389 accipere,
1021 1328 1074 1377 et
1101 1330 1442 1392 quaerentem
1480 1326 1754 1400 invenire,
1783 1339 1838 1385 et
1869 1333 2122 1401 pulsanti

475 1408 686 1476 aperiri
704 1408 822 1477 spei
845 1412 1342 1478 portasDominica
1357 1429 1459 1470 vox
1473 1417 1772 1474 admonuit
1792 1417 1980 1490 (Apoc.
2002 1425 2084 1496 ill)
2108 1443 2123 1494 ς

478 1497 570 1552 his
587 1511 720 1569 ergo
734 1497 912 1552 dictis
929 1505 984 1554 et
999 1500 1286 1556 divinitus
1303 1503 1681 1573 gubernatum
1703 1507 2007 1576 imperium
2033 1525 2127 1567 no—

477 1591 659 1640 strum
686 1599 909 1656 parens,
940 1593 1002 1642 ut
1023 1589 1297 1656 possibile
1317 1590 1430 1645 sibi
1464 1591 1595 1661 fuit,
1623 1609 1845 1650 corona:
1873 1597 2124 1655 datorem

1698 211 2057 270 ANASTASII
2095 216 2636 276 BIBLIOTHECARII

3761 225 3848 286 492

2231 340 2607 401 beatitudinis
2637 351 2853 418 vestrae,
2879 347 3249 419 divinumque
3279 347 3477 420 legem,
3518 355 3732 406 natura:
3755 351 3850 408 ho-

2232 430 2449 486 minum
2471 435 2853 506 conjunctam,
2882 437 3223 492 honorantes
3244 452 3345 506 pro
3363 437 3609 508 viribus,
3634 453 3755 508 qua;
3774 454 3851 508 pa-

2232 518 2420 574 tribus
2441 522 2847 589 spiritualibus
2866 524 3286 592 vicissitudine,
3306 526 3466 593 juxta
3488 526 3702 581 cultum
3716 540 3852 582 vene-

2234 608 2498 680 rationis,
2531 611 2816 666 exsolvere
2837 612 3000 681 jubet
3021 613 3191 682 tilios,
3217 627 3436 682 semper
3463 614 3533 669 de
3559 615 3854 670 incolumi-

2236 704 2348 752 tate
2376 705 2560 754 vestra
2589 714 2925 772 cognoscere
2945 701 3229 772 volumus,
3253 709 3308 758 et
3327 703 3588 758 divinum
3611 703 3773 759 nobis
3797 717 3853 760 ac

2234 800 2457 843 sacrum
2498 794 2688 859 caput,
2721 790 2993 859 quoniam
3037 804 3146 846 non
3191 804 3496 860 possumus
3520 791 3850 861 carnalibus,

2234 877 2432 932 saltem
2480 877 2886 946 spiritualibus
2921 877 3092 934 labiis
3131 892 3231 948 per
3271 877 3501 934 atratum
3553 879 3855 935 litterarum

2233 965 2499 1034 amplecti
2515 964 2814 1033 ;debemus
2833 970 3020 1020 autem
3045 967 3169 1037 hoc,
3197 972 3253 1022 et
3274 971 3501 1036 propter
3523 967 3855 1036 praepositas,

2234 1066 2455 1119 causas,
2496 1059 2552 1108 et
2580 1060 2810 1122 propter
2851 1067 3098 1109 amorem
3137 1055 3263 1123 ejus
3301 1055 3401 1124 qui
3433 1055 3584 1110 circa
3621 1068 3724 1110 nos
3750 1062 3856 1124 est;

2235 1142 2335 1213 qui
2358 1141 2476 1196 zelo
2496 1141 2756 1196 veritatis
2774 1155 3116 1211 conspersus
3132 1143 3384 1198 ostendit
3408 1143 3637 1213 quidem
3661 1148 3860 1212 quanta

2235 1231 2313 1286 sit
2341 1243 2444 1286 sua
2467 1243 2599 1300 erga
2624 1231 2799 1284 Deum
2831 1230 3032 1298 pietas,
3066 1236 3392 1301 quantaque
3411 1231 3563 1286 circa
3587 1230 3860 1299 justitiam

2233 1318 2554 1389 diligentia,
2576 1324 2860 1388 etquanta
2882 1317 3187 1373 fraternam
3221 1332 3352 1390 erga
3369 1319 3734 1374 dilectionem
3768 1318 3865 1372 ila—

2237 1406 2477 1480 grantia.
2507 1404 2786 1473 Quoniam
2828 1420 2960 1462 vero
2983 1413 3038 1462 et
3059 1406 3380 1463 litterarum
3410 1407 3670 1479 gerulum
3703 1421 3867 1476 expe-

2235 1496 2420 1551 ditum
2443 1495 2510 1549 ad
2541 1495 2893 1565 peregrinam
2916 1493 3340 1564 profectionem,
3363 1501 3420 1550 et
3455 1496 3865 1566 magnanimum

2236 1585 2304 1638 ad
2336 1583 2612 1638 malorum
2655 1583 3013 1638 tolerantiam
3044 1585 3332 1639 consecuti
3358 1598 3577 1654 sumus,
3609 1583 3666 1638 id
3691 1583 3868 1654 ipsum

477 1689 647 1729 suum
672 1674 940 1746 diligens,
973 1690 1082 1732 non
1103 1677 1410 1734 destititde
1433 1660 1757 1737 inventione
1772 1685 2132 1743 ecclesiasti-
2162 1660 2212 1719 Β
2239 1670 2489 1740 optabile
2522 1670 2839 1742 habentem,
2871 1672 3122 1741 principi
3158 1672 3546 1741 apostolorum
3586 1677 3718 1726 ante
3747 1685 3873 1741 pro-

478 1776 556 1817 ca:
596 1763 980 1820 ordinationis
1019 1772 1244 1835 nostrae,
1271 1770 1529 1836 petendo.
1561 1774 1886 1843 quaerendo,
1914 1781 1969 1830 et
1993 1777 2133 1844 pul—

479 1852 677 1918 sando,
723 1866 1022 1922 quousque
1076 1855 1189 1908 Deo
1228 1858 1477 1926 acceptis
1516 1860 1880 1917 orationibus
1926 1865 2133 1919 vestris

481 1939 600 2008 spei
626 1938 918 1995 fructuum
945 1941 1210 2012 adeptum
1237 1951 1340 1999 est.
1366 1947 1716 2017 Incorruptie
1737 1949 1889 2004 enim
1922 1952 2135 2007 colum-

480 2041 565 2082 na
585 2029 978 2099 ecclesiarum,
1001 2033 1353 2088 sanctissimi
1377 2035 1645 2092 videlicet
1667 2039 1875 2092 summi
1911 2040 2137 2108 pontifi-

478 2129 571 2172 ces
592 2118 840 2172 senioris
865 2117 1072 2188 Romae,
1107 2121 1348 2176 multum
1371 2130 1500 2178 ante
1519 2125 1863 2194 arripientes
1885 2126 2133 2183 laborem

482 2220 582 2276 pro
603 2207 990 2263 ecclesiastica
1009 2210 1393 2282 ordinatione,
1415 2213 1664 2269 debitam
1687 2214 2013 2272 facultatem
2043 2233 2136 2274 no-

481 2294 620 2350 stris
640 2296 1009 2352 contulerunt
1033 2299 1297 2368 negotiis,
1324 2301 1402 2355 ita
1428 2308 1491 2357 ut
1526 2302 1960 2360 honoratissimi
1988 2307 2136 2362 vica-

483 2383 557 2437 rii
605 2390 811 2438 sanctae
865 2385 1128 2442 Romanae
1169 2389 1452 2459 Ecclesiae,
1500 2404 1629 2445 cum
1661 2395 2132 2451 reverendissimo

481 2469 591 2524 loci
633 2479 916 2528 servatorc
954 2475 1275 2531 sanctitatis
1322 2483 1452 2548 tum,
1495 2485 1550 2533 et
1587 2479 1832 2536 aliarum
1878 2483 2135 2550 patriar—

406 2637 409 2639 _
478 2557 733 2613 chalium
755 2560 998 2630 sedium,
1035 2563 1132 2616 Dei
1157 2564 1341 2633 gratia
1382 2572 1437 2620 et
1479 2569 1876 2637 cooperatione
1898 2568 2132 2626 facilius

477 2645 782 2703 evellerent
813 2649 1085 2718 nequitiae
1115 2651 1355 2723 zizania,
1383 2660 1438 2709 et
1470 2669 1570 2709 rus
1593 2657 1928 2728 exhiberem
1959 2673 2133 2715 mun-

475 2735 802 2792 dissimum.
828 2739 967 2793 Nam
990 2739 1459 2798 condemnatione
1488 2744 1713 2814 dignos,
1758 2752 1812 2802 et
1842 2748 2132 2804 turbatio-

478 2827 571 2882 nis
591 2834 852 2882 auctores
887 2840 1016 2882 cum
1050 2828 1250 2884 horum
1292 2832 1559 2900 acephalo
1595 2834 1799 2904 capite,
1844 2837 2133 2908 regulari—

485 2920 570 2970 ter
591 2921 760 2986 atque
791 2917 1060 2986 synodice
1083 2917 1578 2987 irreprehensibili
1601 2923 1826 2990 judicio
1858 2927 2132 2982 condem—

479 3011 756 3060 naverunt
794 3013 849 3060 et
881 3005 1325 3074 reprobaverunt
1358 3027 1370 3062 :
1406 3009 1458 3064 ei
1508 3017 1695 3065 autem
1739 3013 1836 3082 qui
1877 3020 2132 3083 patenter

486 3093 831 3161 injustitiam
865 3107 1069 3163 passus
1088 3102 1192 3166 est,
1232 3096 1490 3168 legitimo
1531 3099 1756 3156 scilicet
1786 3117 2006 3159 summo
2033 3118 2133 3159 sa-

479 3181 717 3252 cerdoti,
740 3188 795 3236 et
835 3182 912 3237 iis
951 3184 1050 3253 qui
1083 3184 1235 3239 circa
1275 3186 1462 3254 ipsum
1496 3195 1649 3258 sunt,
1678 3189 2050 3248 decreverunt
2077 3201 2132 3249 et

476 3269 1235 3344 contulerunttriumphum,
1261 3274 1637 3331 subtilitatem
1653 3285 1919 3346 praeterea
1932 3294 2129 3337 eorum

476 3372 602 3427 quae
651 3365 775 3414 acta
806 3366 939 3415 sunt
981 3361 1040 3415 in
1067 3363 1336 3431 superius
1364 3363 1651 3421 declarata
1690 3374 1882 3423 sancta
1913 3376 1968 3424 et
1991 3371 2132 3425 uni-

475 3446 649 3502 verali
695 3449 909 3518 synodo
957 3450 1245 3506 sanctitati
1289 3458 1400 3507 tua:
1463 3454 1792 3523 expressius
1837 3457 2131 3514 exhibebit

475 3541 762 3604 gestorum
787 3537 1039 3605 ejusdem
1061 3540 1263 3608 synodi
1283 3542 1478 3595 series.
1503 3543 1877 3613 Gratiasergo
1899 3553 2132 3614 agentes

473 3623 851 3694 omnipotenti
891 3626 1005 3679 Deo
1045 3641 1149 3694 pro
1191 3627 1577 3682 ecclesiastica
1617 3630 2026 3687 constitutione
2064 3647 2130 3688 ac

477 3709 680 3766 idonea
747 3713 946 3781 synodi
1019 3715 1441 3785 terminatione,
1507 3715 2010 3788 beatiﬁcantesque
2075 3730 2130 3778 et

475 3799 854 3868 suscipientes
891 3802 1172 3855 sinceram
1199 3802 1366 3857 nobis
1392 3817 1423 3856 a
1460 3803 1690 3860 Christo
1716 3807 1829 3861 Deo
1855 3807 2125 3866 collatam

471 3886 800 3943 divinorum
850 3903 1132 3944 canonum
1171 3891 1489 3947 custodiam
1537 3900 1592 3948 ct
1639 3897 2126 3954 conservationem

474 3976 799 4031 sanctitatis
833 3985 1074 4047 vestrae;
1120 3980 1256 4049 quia
1305 3980 1484 4036 salvat
1517 3982 1790 4051 operibus
1830 3985 1982 4040 circa
2025 4001 2128 4042 nos

473 4063 846 4136 benignitatis
880 4065 1164 4140 affectum,
1209 4067 1570 4124 manifestum
1621 4071 1672 4125 ei
1717 4081 2127 4140 priesentamus

473 4152 642 4208 laude
665 4153 904 4224 dignum
929 4164 1134 4211 sanctai
1162 4157 1336 4227 hujus
1359 4166 1414 4213 et
1446 4159 1794 4215 universalis
1823 4163 2023 4231 synodi
2053 4164 2129 4218 ti—

475 4257 620 4313 nem,
655 4251 937 4313 quatenus
966 4252 1020 4299 et
1049 4245 1171 4314 ipsa
1203 4246 1516 4317 gratiarum
1544 4249 1656 4303 Deo
1682 4263 1793 4304 una
1823 4251 2120 4307 nobiscum

472 4333 670 4389 offerat
693 4335 947 4390 actiones
985 4334 1268 4405 largitori,
1307 4335 1528 4392 scilicet
1566 4337 1723 4406 pacis
1747 4344 1802 4393 et
1824 4339 2003 4394 totius
2025 4355 2124 4396 sa—
2151 4320 2204 4380 D

474 4422 800 4478 luberrimie
825 4423 1210 4478 ordinationis
1234 4425 1487 4484 auctori:
1515 4438 1680 4479 orans
1699 4432 1754 4480 et
1780 4441 1881 4496 pro
1899 4428 2125 4482 divini—

473 4519 567 4568 tus
595 4513 900 4568 muniendo
926 4512 1166 4582 imperio
1200 4520 1412 4582 nostro,
1443 4513 1581 4568 bene
1608 4515 1792 4570 valere
1814 4516 2126 4573 sanctissi—

473 4615 620 4656 mam
670 4601 1063 4671 paternitatem
1110 4609 1285 4673 tuam,
1330 4603 1880 4673 tranquillissimum
1936 4606 2127 4674 impe—

473 4691 624 4746 rium
649 4698 902 4745 nostrum
925 4696 1168 4761 exoptat,
1189 4691 1337 4761 apud
1365 4691 1655 4747 Christum
1672 4693 2120 4749 mirabilissime.

470 4781 608 4835 Data
634 4780 950 4835 indictione
981 4780 1167 4834 tertia.

585 4905 774 4953 Postea
799 4905 1030 4967 sequitur
1053 4905 1210 4953 altera
1235 4905 1466 4966 epistola,
1499 4907 1648 4969 cujus
1671 4907 1876 4955 initium
1907 4911 1980 4955 cst
2007 4921 2019 4956 :

471 5023 537 5074 In
576 5023 788 5075 nomine
835 5023 1037 5083 Patris,
1084 5028 1133 5075 et
1174 5024 1322 5084 Filii,
1365 5027 1415 5076 et
1452 5023 1691 5092 Spir-itus
1722 5027 1916 5087 sancti,
1958 5027 2122 5079 unius

544 5098 593 5146 et
643 5093 811 5147 solius
855 5095 968 5146 veri
999 5095 1095 5146 Dei
1123 5096 1316 5155 nostri,
1347 5095 1606 5156 Basilius,
1641 5095 2029 5149 Constantinus
2074 5101 2125 5150 et

542 5166 665 5225 Leo,
710 5164 892 5232 ﬁdeles
955 5166 1013 5216 in
1067 5167 1292 5218 Domino
1348 5167 1694 5233 imperatores
1738 5168 2118 5230 Romanorum,

541 5236 793 5289 Adriano
837 5237 1176 5289 sanctissimo
1213 5252 1373 5306 papa:
1401 5238 1636 5290 Romano
1662 5238 1944 5305 spirituali
1966 5241 2122 5306 putri

543 5312 743 5360 nostro.

543 5413 961 5470 Indeficientem
987 5413 1255 5470 habentes
1287 5414 1346 5469 in
1372 5421 1554 5470 mente
1576 5419 1769 5470 nostra
1792 5417 2120 5472 memoriam

2241 1761 2480 1816 missum
2518 1773 2689 1815 causa
2725 1760 2996 1815 reddendi
3032 1767 3244 1831 votum,
3288 1761 3662 1830 eumdemque
3681 1767 3875 1815 vestra:

2241 1855 2488 1919 paterna:
2508 1847 2798 1903 sanctitati
2821 1850 3298 1919 commendamus,
3327 1863 3499 1918 super
3529 1849 3635 1904 hoc
3656 1862 3876 1919 quoque

2245 1937 2485 1992 multum
2508 1936 2984 2006 tranquillitatem
3001 1944 3241 1993 vestram
3265 1946 3572 2009 rogantem.
3595 1937 3752 1993 Idem
3777 1951 3881 1991 au-

2246 2032 2354 2080 tem
2379 2032 2465 2080 est
2509 2025 2603 2079 hic
2641 2026 3052 2096 Theognostus,
3091 2040 3256 2096 quem
3297 2033 3353 2082 ct
3389 2041 3488 2082 vos
3513 2026 3655 2081 bene
3677 2027 3877 2093 nostis,

2242 2116 2354 2169 Deo
2379 2113 2647 2168 amabilis
2678 2114 3030 2186 hegumenus
3050 2114 3534 2185 superlaudabilis
3556 2115 3653 2170 Dei
3679 2114 3882 2168 matris

2244 2203 2414 2273 Peges
2449 2214 2490 2271 ι,
2536 2209 2592 2258 et
2639 2217 2901 2259 vasorum
2953 2207 3148 2258 custos
3201 2216 3414 2274 magna:
3469 2202 3743 2258 ecclesiie.
3790 2203 3884 2257 Per

2246 2291 2432 2360 ipsum
2478 2305 2610 2363 ergo
2655 2307 2783 2363 qua).
2835 2293 3015 2348 nostri
3064 2293 3338 2348 desiderii
3393 2297 3527 2348 sunt
3569 2300 3887 2362 opportune

2241 2379 2554 2448 adimplere
2593 2381 3032 2451 conspeximus;
3087 2381 3459 2450 implorantes
3496 2381 3885 2451 coangelicam

2241 2469 2676 2525 sanctimoniam
2715 2478 2978 2541 vestram,
3007 2472 3067 2526 in
3108 2471 3313 2541 primis
3340 2471 3566 2540 quidem
3587 2470 3657 2525 de
3683 2469 3888 2538 habitu

2241 2566 2448 2628 vestro,
2493 2559 2592 2630 qui
2631 2561 2942 2616 secundum
2982 2562 3159 2616 Deum
3197 2567 3300 2632 est,
3345 2560 3552 2615 deinde
3593 2559 3775 2613 etiam
3825 2558 3893 2612 de

2239 2649 2353 2703 Deo
2389 2647 2724 2703 amabilium
2749 2648 3256 2718 apocrisiariorum
3289 2654 3343 2704 et
3372 2648 3722 2704 vicariorum
3758 2662 3893 2716 pro—

2242 2752 2405 2807 spero
2429 2736 2654 2807 itinere,
2676 2737 2889 2793 litteris
2918 2752 3017 2808 per
3047 2751 3176 2792 eum
3203 2736 3519 2808 significari
3545 2735 3714 2791 nobis
3743 2737 3895 2791 cele—

2244 2827 2386 2882 rius.
2444 2827 2564 2880 .Iam
2627 2826 2780 2880 enim
2838 2831 3062 2896 tempus
3121 2825 3396 2881 habemus
3436 2839 3547 2880 non
3594 2825 3889 2880 modicum

2241 2921 2647 2985 exspectantes,
2696 2921 2751 2970 ct
2795 2914 3082 2970 nescimus
3109 2914 3399 2970 evidenter
3426 2913 3725 2969 tarditatis
3752 2927 3898 2969 cau—

2163 2978 2210 3040 C
2243 2978 2380 3058 sani.
2427 3003 2529 3058 Sed
2563 2978 2705 3058 et'si
2749 3004 3021 3058 hactenus
3049 3004 3244 3058 deesse
3271 3002 3659 3072 clamaverint,
3692 3002 3895 3056 saltem

2241 3106 2364 3147 sero
2405 3092 2510 3147 hoc
2540 3092 2706 3147 nobis
2757 3092 3016 3164 agnitum
3057 3091 3182 3148 fiat,
3199 3090 3476 3161 Specialis
3502 3095 3694 3145 autem
3739 3096 3900 3159 pater

2241 3187 2433 3236 noster
2457 3187 2513 3236 et
2543 3195 2757 3252 magna-
2782 3180 3038 3236 civitatis
3059 3187 3266 3235 nostra:
3284 3178 3604 3249 patriarcha
3625 3178 3902 3246 postula—

2239 3271 2322 3325 vit
2350 3285 2382 3325 a
2423 3270 2589 3326 nobis
2623 3269 2872 3325 scribere
2906 3269 3195 3325 sanctitati
3230 3275 3339 3324 tute
3363 3269 3432 3323 de
3462 3267 3556 3321 his
3577 3266 3904 3321 lectoribus

2239 3360 2340 3431 qui
2363 3375 2395 3415 a
2418 3360 2618 3415 Pliotio
2641 3359 2883 3429 promoti
2899 3363 3053 3428 sunt,
3075 3358 3274 3413 multis
3286 3363 3340 3412 et
3364 3355 3902 3412 innumerabilibus

2238 3448 2618 3504 existentibus
2637 3448 2722 3502 eis
2742 3447 2799 3501 in
2821 3447 3066 3502 diversis
3090 3447 3430 3516 provinciis:
3451 3446 3905 3513 insuperautem

2238 3538 2381 3591 etde
2413 3536 2586 3592 Paulo
2626 3536 3099 3591 reverendissimo
3147 3534 3588 3590 bibliothecario
3637 3533 3821 3588 verbo
3851 3538 3907 3586 et

2239 3625 2354 3679 vita
2377 3624 2736 3696 praefulgido,
2758 3638 2823 3680 ac
2843 3625 3137 3680 Theodoro
3159 3623 3538 3692 metropolita,
3562 3622 3664 3692 qui
3693 3627 3756 3677 et
3782 3623 3908 3690 ipse

2241 3713 2417 3769 nimis
2439 3714 2700 3769 Ecclesiae
2725 3713 2890 3769 utilis
2919 3721 3023 3782 est,
3059 3719 3340 3782 quatenus
3359 3712 3721 3782 dispensatio
3749 3711 3858 3766 ﬁat
3878 3723 3909 3764 a

2240 3804 2543 3859 sanctitate
2571 3809 2756 3858 vestra
2779 3817 2950 3874 super
2983 3803 3145 3873 ipsis,
3181 3802 3524 3872 quibusdam
3559 3800 3808 3870 quidem
3836 3798 3907 3854 ad

2238 3907 2507 3949 ascensus
2562 3893 2802 3960 majores
2855 3906 3146 3948 sacrorum
3195 3893 3498 3962 graduum,
3541 3888 3914 3958 quibusdam

2238 3997 2367 4039 vero
2388 3983 2456 4036 ad
2501 3983 2875 4051 receptionem
2918 3981 3140 4036 sedium
3164 3995 3418 4050 suarum,
3448 3979 3514 4034 ad
3543 3979 3648 4033 hoc
3675 3991 3919 4049 rogan-

2236 4073 2393 4127 tibus
2413 4073 2513 4126 Dei
2543 4070 2907 4126 imitatricem
2930 4070 3198 4124 virtutem
3217 4083 3376 4124 suam
3394 4086 3409 4138 ;
3428 4069 3628 4124 horum
3654 4067 3919 4135 quidem

2237 4161 2686 4231 multitudinem,
2732 4159 2906 4227 hujus
2945 4172 3074 4213 vero
3121 4158 3362 4228 labores,
3410 4163 3466 4212 et
3506 4171 3608 4226 pro
3650 4156 3920 4210 veritate

2236 4252 2494 4319 sudores,
2522 4249 2686 4306 illius
2705 4255 2894 4305 autem
2917 4247 3099 4317 culpae
3122 4247 3637 4316 reprehensionem,
3663 4250 3727 4300 et
3747 4243 3919 4315 quod

2235 4356 2303 4396 ex
2328 4339 2600 4395 canonica
2628 4339 2704 4393 sit
2743 4351 2944 4392 manus
2969 4336 3335 4405 impositione
3367 4341 3662 4405 promotus
3689 4333 3927 4390 consia

2235 4430 2521 4484 derantem
2549 4445 2561 4480 :
2587 4431 2644 4481 et
2678 4439 2778 4496 pro
2802 4426 2894 4481 his
2935 4431 2990 4480 et
3021 4425 3325 4495 imperium
3378 4429 3636 4480 nostrum
3669 4423 3927 4494 ﬂagitat

2238 4518 2500 4588 pietatem
2520 4524 2672 4573 tuam
2693 4516 3130 4585 dispensandam
3153 4515 3376 4586 aliquid
3394 4515 3527 4568 hinc
3551 4513 3923 4569 humanius.

2236 4609 2380 4663 Bene
2408 4607 2548 4678 vale,
2580 4606 2654 4660 mi
2695 4604 3085 4660 amantissime
3108 4605 3302 4659 Pater:
3339 4602 3477 4657 bene
3501 4601 3643 4670 vale,
3676 4616 3930 4659 memor

2240 4699 2468 4771 imperii
2517 4696 2697 4752 nostri
2743 4696 2803 4751 in
2842 4697 2954 4750 Deo
2993 4694 3242 4764 acceptis
3284 4691 3551 4762 precibus
3593 4691 3722 4745 tuis
3773 4706 3927 4761 qua:

2238 4796 2373 4846 sunt
2400 4790 2468 4844 ad
2496 4788 2799 4844 Dominum
2826 4804 2838 4840 :
2871 4785 3134 4856 legimus.

2307 4877 2755 4933 Transmisimus
2775 4882 2963 4930 autem
2987 4871 3275 4937 sanctitati
3299 4876 3498 4926 vestra:
3528 4868 3722 4941 gratia
3757 4884 3942 4926 com-

2238 4967 2665 5023 memorationis
2711 4963 2940 5033 imperii
2982 4961 3183 5029 nostri,
3233 4967 3290 5016 et
3332 4958 3666 5015 dilectionis
3717 4973 3935 5028 quam

2233 5058 2387 5113 circa
2435 5056 2593 5110 illam
2630 5055 2922 5122 habemus,
2974 5066 3098 5122 quae
3147 5066 3246 5120 per
3275 5048 3491 5120 species
3521 5045 3938 5120 deferuntur,

2232 5147 2565 5200 vestimenta
2585 5144 2816 5212 diaspra
2849 5143 2982 5210 tria,
3004 5140 3346 5210 esophorum
3377 5138 3727 5194 dicitrinum
3760 5151 3946 5194 can—

2231 5236 2518 5304 cellatum,
2555 5233 2609 5288 id
2642 5239 2727 5288 est
2756 5232 3077 5297 chasdium,
3111 5230 3372 5286 crodium
3403 5227 3615 5282 habens
3635 5234 3953 5284 ornatu—

2233 5339 2349 5380 ram
2379 5337 2608 5380 auream
2637 5329 2692 5377 et
2713 5322 2892 5376 vellus
2915 5320 3228 5390 prasinum,
3260 5318 3314 5373 id
3339 5321 3424 5371 est
3445 5315 3654 5370 vilarni
3679 5316 3956 5384 pinni—

2234 5429 2369 5471 num
2403 5427 2504 5484 pro
2549 5411 2742 5467 casula
2773 5409 3048 5478 facienda,
3086 5409 3140 5464 id
3167 5413 3254 5463 est
3283 5407 3414 5463 usin
3448 5405 3683 5461 rubeum
3727 5419 3958 5465 {Brem

542 5513 772 5584 -Peges,
827 5512 883 5567 id
929 5517 1016 5567 est
1061 5513 1302 5568 Fontis:
1364 5513 1774 5568 monasterium
1824 5521 1909 5570 est
1970 5517 2121 5585 apud
2146 5509 2700 5580 Constantinopolim
2725 5509 2810 5564 sic
2837 5513 3113 5564 vocatum.
