4012 6162
171 292 242 349 193
827 292 1374 350 INTERPRETATIO
1410 294 1658 350 SYNODI
1695 296 1813 351 VIII
1839 295 2242 356 GENERALIS.
2275 331 2348 342 —
2384 303 2584 359 ACTlO
2623 305 2696 359 X.
3377 313 3478 371 194

167 422 410 482 habentem,
428 416 477 470 id
498 419 573 470 est
594 414 932 484 usinallum,
958 417 1014 471 id
1037 425 1124 472 est
1143 419 1514 489 mulchumat,
1539 420 1592 474 id
1622 426 1708 475 est
1741 416 1800 476 A
1825 418 2176 479 desiderium
2226 435 2495 500 vestrum,
2548 446 2714 502 quem
2753 439 2811 488 et
2858 435 3123 491 misimus
3155 452 3282 493 cum
3325 455 3477 508 prae—

171 505 393 577 planetilia
414 509 650 558 castanea
696 504 830 559 duo.
1826 513 1972 566 senti
2018 516 2258 584 epistola
2304 526 2495 575 nostra
2535 521 2926 594 visitaturum,
2973 531 3029 580 et
3072 504 3474 600 salutaturum,

165 618 679 695 Subsequensepistola
695 634 795 695 pro
813 620 1002 695 tribus
1017 623 1310 695 capitulis,
1343 638 1467 693 qua;
1483 625 1711 694 quidem
1826 614 1891 695 ac
1911 603 2284 662 adoraturum
2313 606 2618 665 fraternam
2648 613 3007 668 sanctitatem
3037 621 3308 670 vestram:
3341 631 3484 672 nun-

215 705 288 744 nec
311 703 474 744 omnes
497 689 914 764 patriarchales
955 689 1116 747 sedes
1153 689 1307 748 cum'
1333 689 1448 750 tota
1502 689 1715 764 synodo
1829 693 2104 749 tiaturum
2149 696 2320 750 etiam
2343 704 2398 752 et
2427 711 2458 752 a
2482 699 2712 755 Christo
2753 702 2918 757 nobis
2942 704 3208 759 donatam
3247 705 3484 760 incolu—

211 759 1718 858 ἓῗῗέἲηὶἓῗξὲθίῖἓξῖῗξ.ἱίέί¹η¹Ξί3¹ῐὶ¹¹ἷ¹..ἑ²ίῗέίὲ⁸ῖίίίί¹1θῖ“,νῗ¹’

1901 786 2081 836 ttatem
2112 783 2171 838 in
2197 785 2300 839 hac
2328 786 2443 840 vita
2467 789 2667 844 multis
2694 791 3062 858 passionibus
3082 798 3138 848 et
3159 759 3485 849 tribulatio-

311 831 320 841 ,
718 830 729 842 ,
1245 830 1260 834 -
1297 837 1308 846 ,
1619 830 1634 835 -
2197 830 2299 839 .-η
2335 830 2443 840 η...
2468 830 2667 844 ...ωηο
2696 830 3062 858 ,ηιυυωηωυο
3083 830 3138 848 υ.
3163 830 3200 846 υ.
3219 830 3485 849 ..ηιηιιιυ-

1068 837 1380 904 ³Ρ⁰⁵ί⁰¹¹⁰³
1403 850 1723 891 consume"
1831 869 2003 926 nibus
2029 871 2212 940 plena,
2239 878 2712 944 quemadmodum
2749 880 2868 949 ipse
2913 881 3172 936 voluitet
3201 882 3486 951 judicavit

1830 959 1929 1027 qui
1957 961 2148 1016 omnia
2176 963 2463 1032 sapienter
2485 972 2541 1020 et
2569 973 2949 1038 congruenter
2966 969 3280 1039 dispensat,
3304 977 3360 1026 et
3391 984 3488 1026 an-

356 1017 365 1025 .
578 1018 587 1027 .
657 1019 668 1028 .
803 1037 814 1052 ,
1068 1022 1078 1032 .
1146 1023 1160 1052 ._
1310 1049 1312 1052 τ
1433 1023 1450 1044 ,.
1629 1045 1636 1052 Ι
1848 1017 1863 1027 .
1918 1049 1929 1060 _
2492 1017 2538 1020 η
2575 1017 3461 1039 ---..----..-,---..

164 1019 1240 1131 P132332siZfifilmipitﬁii‘ﬁiﬁt’iffﬁ
1279 1025 1534 1131 ζζξξξζὶςὲί
1553 1038 1721 1131 £313;
1831 1052 1885 1103 ιθ
1917 1064 1974 1104 ιη
2007 1057 2104 1105 tua
2146 1067 2561 1123 ριιεειωοτιιως
2613 1061 2668 1110 οι
2707 1057 2936 1113 Christo
2962 1059 3301 1131 amicorum,
3344 1074 3408 1116 ac
3453 1075 3488 1118 ιι

207 1088 402 1162 ministro
434 1086 680 1162 Adriano
716 1090 1035 1162 beatissimo
1072 1109 1231 1162 papae
1280 1086 1506 1146 senioris
1548 1095 1721 1147 Roma
1829 1086 2936 1162 ξἰἶδξξξξῗῗῗξῖμῗιίηἻἯῗιυ
2962 1086 3301 1162 ί¹¹έ¹¹⁰ῗξ¹¹¹¹¹³
3344 1086 3382 1161 a.‘

205 1158 401 1223 [gnatm
435 1173 464 1208 α
499 1139 605 1210 Πρὸ
636 1139 1723 1217 ’,’,,,-gg,;,~,‘,5,:&,-g,jmrggseg‘daé"0,153;
1829 1139 1941 1193 Deo
1964 1139 2428 1213 gubernatorum,
2463 1149 2632 1214 atque
2656 1145 2942 1202 divinitus
2983 1148 3338 1204 munitorum
3369 1149 3488 1204 im-

203 1229 408 1306 piscepus
442 1227 970 1300 Constantinopoleos
1007 1248 1152 1287 nova:
1188 1236 1361 1288 Roma:
1395 1237 1455 1287 in
1497 1236 1721 1288 Domino
1834 1233 2156 1296 peratorum
2189 1237 2514 1288 nostrorum
2548 1235 2981 1304 prosperitatem
3007 1242 3063 1292 et
3083 1243 3312 1306 tropaea,
3343 1239 3486 1293 etin

204 1299 400 1352 salutem.
791 1299 805 1300 '7
1835 1316 2042 1372 melius
2060 1318 2129 1373 de
2160 1319 2254 1374 die
2279 1321 2336 1374 in
2359 1321 2512 1376 diem
2544 1337 2735 1378 rerum
2768 1324 3006 1380 Romani
3034 1326 3262 1396 imperii
3292 1331 3494 1382 trans-

205 1405 334 1473 Lapis
355 1406 443 1474 qui
464 1405 533 1461 de
553 1413 746 1464 monte
771 1409 1062 1466 abscissus
1087 1416 1173 1466 est
1199 1412 1327 1466 sine
1354 1411 1638 1476 manibus,
1669 1415 1725 1465 et
1835 1405 2124 1477 lationem,
2172 1413 2236 1464 ut
2261 1414 2316 1463 et
2358 1423 2456 1465 vos
2499 1412 2882 1482 gaudentibus
2914 1413 3081 1469 nobis
3119 1415 3494 1486 congratule—

159 1493 374 1560 percussit
397 1494 698 1567 imaginem
723 1497 881 1553 illam
906 1513 1163 1570 magnam
1192 1500 1500 1570 impiorum
1532 1513 1728 1570 regno-
1835 1494 1977 1549 mini
2004 1509 2100 1564 per
2140 1503 2392 1552 mutuam
2436 1499 2611 1555 unius
2635 1502 2895 1571 corporis
2922 1503 3284 1559 membrorum
3327 1501 3492 1558 coaf—

158 1594 244 1634 rum
269 1583 493 1637 omnium
519 1599 697 1654 super
736 1587 902 1655 pedes
928 1593 1135 1643 testeos
1161 1594 1216 1643 et
1245 1587 1476 1650 ferreos,
1506 1593 1560 1642 et
1586 1602 1728 1642 ven—
1836 1582 2155 1654 fectionem,
2185 1591 2242 1639 et
2264 1588 2734 1656 compassionem,
2761 1595 2817 1645 et
2840 1590 3047 1646 iterum
3075 1591 3175 1646 Dei
3204 1591 3340 1646 boni
3369 1603 3493 1662 gra-

158 1668 294 1724 tilavit
314 1683 418 1725 eam
443 1677 502 1726 ut
534 1673 824 1742 pulverem
847 1675 916 1729 ab
946 1689 1074 1730 area
1106 1677 1321 1746 :estiva,
1353 1681 1408 1731 et
1435 1675 1619 1731 factus
1643 1680 1728 1730 est
1759 1729 1810 1746 ἢ
1837 1674 1919 1728 tia
1960 1677 2017 1728 et
2052 1676 2450 1743 cooperatione
2487 1677 2555 1732 ad
2600 1679 3047 1735 mediocritatem
3092 1685 3340 1736 nostram
3365 1693 3495 1734 ma-

156 1757 194 1810 in
226 1764 430 1814 montem
468 1774 759 1833 magnum,
797 1768 853 1818 et
895 1764 1133 1834 replevit
1165 1766 1484 1820 universam
1520 1770 1724 1819 terram
1759 1729 1812 1789 B
1839 1763 2032 1818 turius
2058 1769 2460 1834 remeaturum,
2485 1770 2542 1820 et
2571 1766 2716 1822 bona
2741 1769 2942 1823 nuntia
2974 1769 3391 1825 amabilissima
3413 1767 3494 1822 vi-

157 1847 324 1914 pmpria
364 1851 758 1921 magnitudine
809 1859 864 1908 et
917 1853 1099 1925 gloria
1140 1852 1297 1924 (Dan.
1349 1853 1429 1925 n),
1465 1853 1729 1908 Christus
1839 1859 1909 1908 ta:
1947 1856 2144 1906 vestrae
2175 1851 2485 1910 allaturum
2511 1855 2578 1909 ad
2603 1856 2899 1912 ecclesiam
2945 1863 3219 1927 nostram,
3263 1862 3402 1914 utet
3433 1857 3493 1912 in

154 1933 370 2005 videlicet,
390 1938 484 2006 qui
505 1943 599 1994 est
621 1940 1040 1996 solusintinitae
1064 1942 1640 2011 potentiaeDominus,
1675 1946 1731 1995 et
1841 1941 1945 1996 hac
1997 1944 2153 2008 parte
2196 1941 2548 1998 collmtemur
2584 1943 2766 2013 vobis,
2795 1950 2852 2000 et
2889 1960 3039 2014 eum,
3078 1947 3178 2016 qui
3225 1947 3384 2002 solus
3407 1949 3497 2002 cst

155 2021 470 2092 Deusnoster;
497 2032 552 2082 et
575 2028 719 2083 olim
740 2029 969 2098 quidem
994 2031 1277 2086 illustrem
1297 2036 1352 2086 et
1374 2030 1729 2100 perspicuam
1844 2028 2265 2099 investiglbilis
2301 2031 2598 2100 Dominus,
2623 2038 2679 2086 et
2717 2033 3182 2102 sapientissimus
3218 2035 3501 2090 substan-

152 2117 352 2178 operatus
377 2119 458 2168 est
481 2121 730 2171 vestram
759 2131 1015 2189 magnam
1057 2119 1346 2174 civitatem
1372 2120 1601 2174 Romam
1637 2131 1733 2186 per
1842 2121 1864 2170 t
1892 2130 1939 2171 a‘
1961 2129 2055 2171 um
2079 2114 2277 2186 factor,
2301 2122 2358 2171 et
2382 2118 2693 2174 continuus
2717 2127 3051 2188 procurator
3073 2123 3492 2193 universorum,

156 2207 221 2250 eos
237 2205 428 2256 sanctos
456 2201 684 2271 lapides
708 2205 809 2274 qui
833 2205 904 2259 ab
934 2205 1154 2261 oriente
1191 2206 1259 2260 ad
1311 2219 1430 2260 eam
1478 2205 1730 2261 devoluti
1844 2203 2228 2273 gloriticemus
2270 2208 2325 2258 et
2369 2205 2815 2276 magmﬁcemus,
2854 2208 2952 2276 qui
3001 2209 3182 2279 magis
3223 2222 3288 2263 ac
3315 2209 3498 2280 magis

155 2291 260 2352 sunt,
298 2288 504 2344 Petrum
543 2292 648 2346 aio
681 2298 737 2346 et
776 2293 1031 2362 Paulum,
1064 2294 1331 2350 eximiam
1361 2294 1734 2364 principalem
1845 2291 2072 2346 roboret
2126 2292 2487 2346 sanc.itatem
2541 2299 2718 2363 tuam,
2774 2300 2830 2349 et
2871 2301 3165 2351 conservet
3203 2297 3498 2367 utrimque

157 2376 466 2440 apostolorum
488 2381 914 2436 summitatem:
942 2383 1034 2437 sed
1057 2383 1440 2439 nihilominus
1462 2388 1518 2437 et
1540 2383 1598 2437 in
1626 2396 1739 2438 no—
1847 2379 2267 2434 immaculatam
2291 2384 2461 2450 atque
2483 2381 2719 2436 illaesam
2746 2383 2813 2436 ad
2841 2383 3362 2440 ecclesiasticorum
3393 2399 3502 2440 ne—

157 2462 252 2517 stris
272 2468 633 2538 temporibus,
663 2470 806 2539 quin
839 2471 1030 2539 potius
1056 2478 1111 2527 et
1139 2472 1513 2529 illustriorem
1536 2478 1592 2527 et
1612 2473 1738 2527 cla-
1847 2468 2131 2538 gotiorum
2163 2482 2645 2539 personarumque
2669 2469 3005 2542 profectum,
3033 2477 3090 2526 et
3112 2472 3421 2528 utititatem
3445 2477 3504 2528 et

159 2551 302 2607 norem
336 2555 750 2613 demonstravit
793 2573 892 2628 per
914 2573 1010 2615 eos
1035 2560 1248 2630 quibus
1281 2562 1338 2616 in
1375 2562 1735 2633 generatione
1847 2555 2085 2624 gloriam
2137 2557 2544 2612 omnitenentis
2585 2558 2686 2613 Dei
2732 2559 3072 2628 principalis
3127 2560 3504 2631 benignitatis

156 2647 289 2697 nostra
316 2645 666 2713 pontificalia
694 2647 1075 2718 gubernacula
1104 2651 1229 2719 ejus
1252 2651 1554 2706 commissa
1581 2657 1737 2720 sunt,
1846 2643 1990 2711 ejus.
2053 2645 2212 2712 Quod
2265 2651 2476 2715 autem,
2531 2647 2916 2703 sanctissimis
2972 2648 3209 2704 vicariis
3259 2654 3506 2718 paterna:

158 2736 318 2786 sanctos
335 2739 385 2787 et
414 2735 704 2802 pretiosos
736 2749 924 2791 revera
952 2737 1189 2806 lapides,
1209 2738 1504 2793 Nicolaum
1527 2738 1743 2793 videli-
1847 2733 2174 2787 sanctitatis
2209 2738 2408 2788 vestrae
2431 2734 2620 2789 adhuc
2658 2736 3054 2807 praesentibus,
3100 2738 3330 2806 penitus
3372 2752 3510 2807 per-

157 2823 211 2870 cet
238 2817 618 2878 beatissimum
674 2829 731 2878 et
773 2821 1078 2880 fraternam
1127 2825 1484 2880 sanctitatem
1528 2832 1683 2881 tuam
1723 2844 1738 2895 -,
1851 2818 2059 2874 fectum
2089 2835 2200 2876 non
2240 2827 2344 2890 est,
2376 2836 2555 2892 neque
2583 2822 2749 2878 tinem
2774 2824 3011 2894 accepit,
3062 2839 3328 2896 rogamus
3352 2839 3505 2880 nunc

157 2906 219 2972 qui
257 2912 724 2977 quemadmodum
773 2927 805 2967 a
838 2914 1081 2982 quodam
1115 2913 1349 2968 sublimi
1393 2915 1515 2969 loco
1546 2918 1741 2969 contra
1853 2910 2172 2979 terminari,
2215 2915 2271 2964 et
2309 2910 2542 2979 disponi
2573 2910 2834 2981 perfecte,
2863 2926 2928 2967 ac
2975 2913 3193 2983 integre
3231 2913 3407 2969 scribi
3435 2913 3504 2968 ad

157 2991 388 3060 iniustitia:
417 3005 470 3054 et
503 3001 797 3056 mendacii
833 3002 1281 3057 machinamenta
1307 3003 1541 3058 demissi
1574 3009 1629 3058 et
1651 3002 1746 3058 de—
1772 3045 1820 3072 n
1853 2995 2238 3054 humilitatem
2262 3003 2512 3054 nostram
2533 3000 2604 3054 de
2626 2999 2719 3055 his
2745 3001 3059 3057 lectoribus
3081 3002 3180 3072 qui
3201 3001 3351 3057 tonsi
3375 3005 3513 3057 sunt

192 3045 387 3060 ,ηπ-,η
420 3045 470 3054 ν-
503 3045 797 3056 ..-νηηνη
833 3045 1281 3057 ι..π..........ν..,..
1307 3045 1541 3058 “usus...
1575 3045 1629 3058 ν.
1653 3045 1720 3058 ..ν
1856 3045 2238 3054 ηψπ-.-.πω
2535 3045 2603 3054 ,ν
2627 3045 2719 3055 -..υ
2745 3045 2910 3056 ,νυ-υ.
2928 3045 3059 3057 ..ων
3081 3045 3180 3072 ιι...
3204 3045 3351 3057 ww.
3376 3045 3513 3057 ω...-

155 3083 279 3139 voluti
312 3103 479 3157 usque
509 3091 583 3144 ad
625 3089 820 3145 urbem
863 3096 1113 3146 nostram
1159 3105 1258 3160 per
1286 3092 1743 3161 sapientissimas
1771 3045 1823 3111 Ο
1852 3100 1884 3141 a
1908 3086 2098 3141 Photii
2133 3100 2336 3141 manus
2369 3087 2770 3156 impositione:
2818 3089 2916 3159 qui
2942 3103 3070 3144 cum
3100 3090 3220 3145 sint
3246 3103 3384 3159 pene
3410 3090 3514 3144 in—

157 3169 362 3236 epistolas
399 3184 630 3233 vestras
658 3184 713 3232 et
745 3179 1087 3250 sanctiones,
1130 3180 1224 3234 sed
1255 3185 1312 3235 et
1350 3181 1743 3236 sanctissimos
1854 3175 2232 3230 numerabilis
2256 3175 2653 3230 multitudinis
2682 3177 2739 3232 in
2781 3178 3069 3233 universis
3097 3178 3431 3249 regionibus
3456 3183 3512 3234 et

154 3265 190 3310 et
208 3259 292 3316 Deo
308 3265 697 3321 amicissimos
727 3266 835 3321 ioci
869 3273 1201 3337 servatores,
1234 3268 1592 3324 conti-hisiis
1614 3283 1747 3324 om-
1852 3262 2189 3318 civitatibus
2206 3263 2491 3333 Ecclesia,
2516 3265 2809 3332 postulant
2825 3279 2892 3319 ex
2910 3267 3246 3322 necessitate
3262 3266 3512 3321 aliorum

156 3358 223 3399 nes
243 3352 504 3408 machinas
533 3360 600 3409 et,
631 3355 950 3410 munimina
971 3355 1395 3411 adversantium
1417 3357 1665 3426 veritati,
1690 3362 1746 3413 ei
1855 3350 1976 3404 ﬁeri
1998 3349 2400 3404 sacerdotalem
2427 3355 2750 3418 provectum
2775 3371 2788 3405 :
2820 3358 2885 3407 ut
2901 3367 3312 3424 cognoscamus
3333 3353 3504 3408 etiam

154 3447 260 3490 nunc
284 3441 562 3508 paciﬁcam
605 3443 1078 3499 constitutionem
1113 3451 1342 3516 agentes
1375 3459 1473 3514 per
1501 3446 1750 3500 misera—
1854 3443 1911 3493 et
1937 3450 2106 3506 super
2142 3437 2246 3491 hac
2281 3450 2340 3490 re
2361 3441 2603 3491 vestram
2631 3438 2975 3493 voluntatem
3018 3446 3190 3510 atque
3215 3441 3508 3496 decretum

156 3521 292 3580 tiones
312 3535 362 3582 et
376 3531 630 3601 gratiam
653 3531 752 3601 qui
771 3545 897 3586 vere
920 3532 1184 3602 princeps
1205 3533 1362 3602 pacis
1389 3538 1446 3588 et
1476 3533 1748 3603 paciﬁcus
1853 3525 2176 3582 certissime
2206 3529 2262 3578 et
2289 3522 2772 3590 manifestissime,
2798 3532 2990 3581 utrum
3019 3527 3138 3582 sint
3161 3528 3324 3599 digni
3367 3541 3511 3596 pro-

152 3616 208 3664 est
225 3614 458 3674 Christus
483 3621 647 3675 Deus
669 3625 878 3689 noster,
905 3625 960 3674 et
990 3634 1088 3690 per
1116 3620 1476 3692 diligentiam
1506 3627 1747 3677 vestram
1859 3614 2069 3670 moveri
2092 3613 2160 3669 ad
2211 3613 2451 3681 majores
2489 3612 2792 3668 sacerdotii
2835 3615 3066 3684 gradus,
3094 3629 3165 3670 an
3194 3629 3305 3672 non
3348 3616 3467 3671 sint
3495 3631 3514 3669 :

153 3709 194 3750 ac
213 3705 614 3776 excitationem,
667 3709 881 3779 gratias
909 3709 1136 3779 agimus
1181 3711 1437 3766 omnium
1470 3711 1749 3766 bonorum
1859 3702 2100 3758 dubium
2149 3701 2301 3756 enim
2367 3701 2472 3755 hoc
2539 3704 2759 3754 tantum
2789 3701 3170 3759 dimiserunt:
3211 3709 3268 3759 et
3327 3705 3516 3759 adhuc

152 3793 318 3848 auctori
346 3800 396 3850 et
426 3797 982 3854 misericordissima
1010 3799 1272 3869 Domino,
1301 3804 1357 3854 et
1376 3799 1657 3854 Salvatori
1689 3813 1755 3855 ac
1865 3791 2226 3860 postulamus
2244 3789 2415 3845 etiam
2437 3789 2507 3843 de
2532 3788 2736 3845 intimo
2755 3789 2876 3845 filio
2903 3797 3098 3848 nostro
3118 3798 3174 3849 et
3200 3792 3518 3849 fortissimo

152 3874 454 3951 Redemptori
476 3887 910 3956 univcrsorum,
935 3887 1036 3956 qui
1059 3893 1311 3942 sanctam
1332 3887 1675 3943 catholicam
1701 3893 1758 3942 et
1866 3879 2126 3935 veritatis
2153 3877 2434 3949 agonista,
2463 3875 2638 3932 Paulo
2661 3877 2931 3935 videlicet
2949 3881 3409 3952 chartophylace,
3430 3886 3516 3952 ut,

152 3969 459 4033 apostolicam
495 3973 819 4030 Ecclesiam
857 3974 1242 4043 desponsavit,
1271 3980 1327 4030 et
1350 3980 1520 4044 caput
1542 3989 1602 4031 se
1642 3976 1760 4031 hu—
1867 3969 1916 4024 si
1943 3974 2029 4024 est
2074 3965 2373 4038 possibilis
2399 3964 2458 4018 in
2499 3977 2627 4019 eum
2653 3965 3108 4035 dispensationis
3127 3971 3324 4041 aliqua
3347 3970 3517 4040 ratio,

150 4053 217 4118 jus
237 4062 507 4119 nominare
537 4064 822 4135 dignatus
845 4068 953 4134 est,
979 4069 1036 4119 et
1072 4064 1321 4119 membra
1346 4064 1605 4134 corporis
1635 4066 1761 4134 ejus
1869 4059 2109 4127 recipiat
2152 4055 2490 4126 dignitatem
2534 4053 2918 4127 episcopatus,
2957 4059 3432 4128 quemadmodum
3466 4063 3522 4114 et

156 4153 222 4198 vos
236 4154 280 4201 et
298 4163 393 4206 nos
411 4152 468 4206 in
493 4166 620 4207 uno
643 4152 858 4222 spiritu
884 4153 1276 4224 compaginata
1292 4158 1348 4208 et
1367 4154 1758 4209 convenientia
1869 4154 2032 4203 antea
2060 4147 2118 4201 in
2147 4143 2359 4200 litteris
2389 4141 2602 4196 nostris
2640 4142 3094 4216 eﬂlagitavimus.
3123 4149 3340 4204 Deinde
3373 4163 3526 4219 quo-

155 4243 224 4296 Der
249 4241 625 4304 operationem
663 4241 847 4295 sancti
887 4241 1140 4310 Spiritus
1179 4245 1234 4296 et
1257 4241 1532 4297 alternam
1571 4256 1766 4298 conso-
1873 4251 1981 4308 que
2009 4250 2182 4306 super
2206 4231 2517 4300 Theodoro,
2568 4237 2730 4310 quia
2758 4235 2924 4292 nobis
2966 4237 3191 4306 quidem
3219 4252 3526 4294 consecra—

156 4324 360 4381 nantiam
398 4336 453 4382 et
493 4329 1027 4398 conspiramentum
1068 4329 1352 4385 exhibuit.
1396 4330 1668 4399 Quinimo
1709 4336 1764 4386 et
1793 4380 1845 4399 ἢ
1873 4334 1968 4382 tus
2011 4331 2098 4381 est
2141 4328 2501 4397 metropolita
2521 4328 2702 4383 Cariae
2729 4326 2969 4381 multum
2998 4331 3185 4380 autem
3221 4325 3521 4398 laboravit,

151 4380 450 4472 beatitudini
1793 4380 1847 4440 D
1951 4414 2198 4470 aﬂlictus
2218 4421 2304 4471 est
2319 4380 2389 4471 ab
2407 4417 2580 4472 initio
2609 4416 2839 4485 injustas
2861 4428 2925 4470 ac
2949 4413 3163 4484 iniquae
3185 4380 3526 4483 dejectionis

155 4505 592 4578 commendamus,
634 4511 934 4562 exorantes
967 4521 1186 4577 semper
1223 4509 1293 4563 ad
1333 4509 1530 4578 Deum,
1554 4509 1654 4578 qui
1682 4513 1768 4564 est.
1877 4509 2104 4573 nostra,
2137 4504 2195 4558 in
2224 4504 2554 4560 novissimis
2575 4518 2704 4560 vero
2755 4517 2884 4559 cum
2911 4502 3119 4558 misero
3157 4502 3360 4557 Photio
3382 4516 3530 4558 con—

152 4601 286 4656 super
304 4597 488 4650 omnia
508 4598 692 4665 Deus,
717 4611 829 4664 quo
851 4597 1208 4652 sanctitatem
1226 4601 1470 4652 vestram
1493 4597 1768 4652 ccelestiis
1874 4594 2126 4663 veniens,
2183 4601 2412 4664 propter
2445 4595 2572 4663 ejus
2605 4594 2881 4650 immensa
2928 4595 3207 4647 tormenta
3250 4605 3376 4662 quae
3409 4591 3522 4647 sibi

155 4680 438 4750 etpmpriis
479 4683 788 4740 laboribus
822 4689 879 4740 et
900 4686 1313 4744 certaminibus
1331 4686 1529 4758 dignis
1567 4691 1622 4740 et
1641 4699 1770 4741 con-
1877 4682 2286 4737 resistentibus
2308 4682 2604 4750 inferebat,
2635 4681 2946 4749 consensit,
2977 4686 3033 4736 et
3078 4694 3258 4750 usque
3282 4681 3350 4736 ad
3379 4680 3531 4736 ulti-

153 4768 1472 4845 gruisrecompensetvicissitudinibus;quippe
1489 4774 1588 4845 qui
1613 4774 1770 4830 solus
1881 4786 2033 4827 mum
2072 4771 2261 4841 ipsius
2295 4773 2448 4828 diem
2490 4771 2854 4841 repmnitens,
2899 4768 3283 4826 nihilominus
3327 4785 3531 4826 rursus

156 4855 382 4914 estdator
400 4866 455 4914 et
481 4860 733 4932 largitor
759 4874 1088 4932 magnarum
1115 4867 1172 4918 et
1191 4877 1290 4918 vos
1326 4863 1650 4918 decentium
1693 4877 1773 4918 re—
1879 4861 2049 4916 corde
2069 4860 2319 4916 contrito
2340 4866 2394 4916 et
2429 4861 2641 4930 spiritu
2669 4859 3020 4916 humilitatis
3053 4859 3274 4915 veniam
3305 4859 3535 4929 expeti—

155 4942 519 5003 tributionum.
545 4941 947 5004 Verumtamen
961 4953 1221 5005 etnostra
1243 4951 1542 5007 humilitas
1561 4965 1772 5007 memor
1880 4949 1981 5004 vit.
2009 4949 2432 5005 Prohibuerunt
2457 4949 2609 5004 enim
2628 4963 2756 5004 eum
2779 4949 3098 5004 sacerdotio
3119 4947 3282 5021 fungi
3303 4963 3536 5020 quoquo

159 5030 640 5091 charitatisvestrm
657 5049 722 5090 ac
742 5036 1009 5092 amabilis
1027 5052 1192 5107 quem
1209 5038 1361 5093 circa
1386 5053 1487 5095 nos
1516 5038 1776 5094 habetaf-
1883 5037 2049 5092 modo
2089 5037 2441 5092 sanctissimi
2475 5036 2677 5091 vicarii
2719 5037 2999 5092 almitatis
3036 5043 3255 5103 vestrae,
3283 5043 3338 5093 et
3381 5037 3533 5108 quod

159 5113 316 5192 fectus,
341 5128 397 5177 et
415 5125 486 5179 ad
523 5124 637 5179 hoc
677 5124 864 5193 ipsum
889 5125 1234 5181 voluntatem
1271 5132 1327 5181 et
1350 5127 1774 5183 meditationem
1884 5125 2294 5196 subscripserit
2339 5131 2402 5182 ut
2424 5124 2750 5180 fatebantur
2795 5125 2854 5180 in
2894 5139 3036 5196 eam,
3089 5141 3215 5196 qua:
3257 5125 3404 5183 facta
3450 5132 3538 5182 est

161 5203 346 5279 habens,
373 5211 606 5268 invenit
626 5218 1043 5284 procurantem,
1073 5219 1136 5269 ut
1159 5214 1486 5270 mitteretur
1519 5215 1577 5270 in
1602 5216 1772 5285 viam,
1883 5213 1954 5268 ab
1983 5213 2382 5270 infelicissimo
2406 5213 2605 5269 Photio
2633 5213 2794 5284 quasi
2831 5213 3117 5283 depositio
3142 5214 3458 5271 beatissimi
3481 5222 3540 5272 et

166 5306 255 5359 qua
273 5305 352 5354 est
373 5302 440 5355 ad
473 5301 673 5371 magni
715 5301 968 5356 nominis
993 5301 1246 5372 Romam,
1275 5303 1557 5358 orationis
1579 5317 1773 5365 causa,
1887 5303 2092 5372 Optimi
2128 5303 2311 5358 Patris
2356 5302 2537 5357 nostri
2579 5302 2798 5358 Nicolai
2853 5303 3170 5358 decessoris
3213 5304 3538 5359 sanctitatis

170 5378 389 5463 intimum
416 5388 615 5443 tilium
656 5394 912 5444 nostrum
958 5390 1493 5445 reverendissimum
1520 5391 1777 5447 abbatem
1892 5395 2023 5446 tua-3.
2059 5393 2183 5446 Haec
2211 5398 2348 5446 sunt
2379 5392 2449 5446 de
2490 5390 2706 5461 quibus
2745 5405 3009 5463 rogamus
3044 5391 3402 5447 sanctitatem
3438 5407 3540 5447 ve-

173 5462 335 5544 Fantis,
378 5481 436 5529 et
475 5475 893 5545 scevophylaca
933 5490 1149 5548 magnae
1189 5477 1444 5533 ecclesia:
1479 5478 1778 5535 dominum
1892 5486 2092 5549 stram,
2122 5479 2284 5550 ut,si
2322 5479 2596 5549 possibile
2625 5479 2720 5549 sit,
2751 5462 2947 5534 utatur
2970 5479 3139 5534 verbo
3163 5479 3542 5550 dispensatio-

175 5552 573 5634 Theognostum,
600 5569 656 5618 et
679 5563 898 5619 idcirco
919 5564 1100 5635 magis
1125 5565 1456 5622 studuimus
1471 5566 1785 5636 adimplere
1899 5568 1990 5625 nis
2014 5574 2070 5624 et
2091 5567 2502 5624 misericordiae:
2530 5567 2588 5623 in
2614 5566 2726 5636 his,
2753 5580 2882 5623 cum
2907 5567 3022 5622 alia
3046 5567 3239 5624 omnia
3259 5567 3539 5638 optimum
