4012 6162
475 297 577 358 495

1694 288 2050 346 ANASTASII
2096 286 2638 343 BIBLIOTHECARII

3762 277 3864 335 496

468 443 524 493 et
552 431 908 491 commodum
949 429 1114 483 ﬁnem
1148 439 1214 480 ac
1253 421 1688 492 dispositionem
1733 419 2106 489 susceperint.
2137 417 2342 478 Adem
2377 415 2660 486 coaptavit
2713 413 3114 484 substantiam,
3159 416 3215 466 et
3255 408 3528 478 continet,
3566 410 3624 462 et
3664 405 3861 475 salvat,

467 527 740 581 therum
777 521 924 574 dona
965 515 1130 572 nobis
1157 517 1380 568 sanctas
1418 515 1631 567 etcum
1670 511 1783 565 Deo
1817 509 2111 578 loquentes

2223 517 2319 573 per
2339 509 2563 560 sanctas
2593 503 2880 559 orationes
2919 507 3048 557 tuas
3073 499 3333 570 paciﬁcet
3369 497 3552 569 magis
3576 508 3640 550 ac
3664 493 3864 565 magis,

470 613 758 670 orationes
800 614 948 675 tuas,
986 602 1348 660 sanctissime
1390 608 1446 655 et
1495 601 1751 655 imitator
1792 598 1891 652 Dei
1937 598 2112 652 frater
2218 597 2272 646 et
2300 598 2701 649 consonantem
2741 606 2805 647 ac
2836 592 3011 646 unius
3049 589 3345 659 opinionis
3378 600 3409 640 a
3446 585 3870 675 ﬁnibusiusque

472 706 663 758 noster
685 717 697 752 :
722 699 892 753 donet
917 670 966 749 is
988 692 1154 747 nobis
1181 705 1278 760 per
1309 689 1487 744 multa
1513 701 1791 743 annorum
1817 687 2110 741 curricula
2219 681 2288 735 ad
2321 681 2460 736 ﬁnes
2499 686 2748 736 sanctam
2778 680 3118 736 catholicam
3162 683 3219 733 et
3255 674 3629 746 apostolicam
3670 670 3871 726 Eccle-

471 791 762 857 utrimque
791 783 1122 840 incolumes.
1152 779 1373 834 Indicia
1398 791 1527 832 vero
1552 790 1765 848 magna:
1786 781 1839 830 et
1860 789 2003 830 carie
2027 775 2113 829 di-

470 877 734 934 lectionis
757 879 961 930 nostrae
985 869 1249 924 misimus
1273 866 1562 922 sanctitati
1596 870 1706 920 tuae
1732 865 1858 920 ista.
1881 866 2114 920 Graeco-

471 969 714 1025 latinum
739 961 1093 1032 evangelium
1128 955 1574 1028 diligentissime
1607 960 1944 1023 correctum,
1978 967 2117 1008 ora—-

473 1059 624 1115 rium
645 1055 1002 1119 deauratum,
1029 1046 1279 1103 casulam
1310 1044 1603 1113 optimam,
1634 1042 1943 1097 theriacam
1977 1055 2118 1111 pro-

472 1145 848 1206 batissimam.
873 1142 1023 1194 Deus
1047 1141 1236 1192 autem
1263 1133 1362 1203 qui
1391 1133 1581 1188 omnia
1606 1131 1885 1202 condidit,
1909 1135 1965 1185 et
1989 1145 2119 1187 con-

474 1236 780 1295 trariarum
804 1227 1148 1301 qualitatum
1191 1222 1573 1293 operationem
1597 1221 1654 1276 in
1694 1233 1863 1276 unam
1883 1225 1940 1275 et
1957 1233 2119 1275 eam—

2221 771 2364 826 siam
2391 770 2596 826 habere
2616 771 2903 841 dignetur.

2227 897 2252 927 «
2290 876 2578 930 Adrianus
2625 878 2922 945 episcopus,
2964 891 3151 930 servus
3179 873 3595 945 smorum‘Dei,
3642 870 3874 945 dilectisf

2293 949 2443 1000 simis
2493 963 2556 1000 ac
2605 942 2984 1016 spiritualibus
3017 947 3146 1016 ﬁliis
3175 946 3400 1005 Basilio,
3443 942 3794 1016 Constantino
3825 943 3876 992 et

2295 1020 2478 1079 Leoni,
2503 1012 2769 1086 piissimis
2800 1024 2850 1072 et
2875 1012 3342 1087 tranquillissimis
3364 1012 3796 1084 imperatoribus.

2297 1144 2322 1175 «
2370 1125 2554 1185 Lectis
2575 1126 2907 1182 excellentis
2928 1123 3156 1194 imperii
3179 1122 3422 1178 vestri...
3449 1138 3474 1170 »
3504 1120 3730 1187 Reliqua
3751 1117 3874 1170 vide

2225 1221 2546 1288 Patrologiz
2573 1224 2712 1273 tomo
2743 1230 2920 1279 cxxn,
2960 1217 3104 1269 inter
3143 1213 3399 1283 epistolas
3428 1209 3672 1264 Adriani
3687 1221 3872 1277 papae.

1913 1629 2433 1735 SANCTA

521 1885 636 2025 S
674 1881 1487 2033 YNODUS
1627 1881 2528 2031 SEPTIMA
2661 1870 3817 2025 GENERALIS

1759 2157 2095 2230 NICA‘INA
2183 2157 2570 2230 SECUNDA

1083 2325 1642 2426 Anastasio
1729 2323 2552 2425 Bibliothecario
2621 2319 3232 2454 interprete.

1487 2518 1667 2580 (Apud
1713 2517 2000 2579 Labbeum,
2039 2517 2196 2568 Conc.
2231 2520 2357 2567 tom.
2408 2516 2561 2577 VIII,
2596 2529 2711 2580 pag.
2745 2515 2852 2577 29).

1957 2670 2352 2681 -——————————

956 2812 1466 2881 PR/EFATIO
1559 2811 2073 2882 ANASTASII
2165 2812 2251 2880 IN
2355 2811 2844 2880 SEPTIMAM

2951 2808 3417 2881 SYNODUM

1418 2975 1510 3029 AD
1554 2974 1873 3031 JOANNEM
1921 2976 2037 3030 VIII
2085 2974 2330 3029 PONTIF
2333 2973 2498 3029 ICEM
2554 2973 2916 3030 MAXIMUM.

1963 3135 2360 3146 —_—————.

540 3263 782 3320 Domino
801 3261 1127 3334 coangelico
1144 3263 1346 3318 Joanni
1377 3263 1631 3333 pontiﬁci
1665 3276 1887 3318 summo
1917 3268 1971 3317 et
1996 3261 2122 3317 uni-
2152 3261 2204 3321 B
2237 3265 2383 3336 dari,
2409 3279 2535 3320 cum
2570 3265 2789 3320 videam
2817 3263 3142 3335 posteriori,
3177 3263 3234 3318 id
3275 3267 3360 3319 est
3392 3266 3606 3332 octava,
3652 3259 3893 3331 magni-

469 3352 673 3408 versali
704 3367 858 3422 papa:
885 3352 1224 3408 Anastasius
1253 3353 1514 3423 exiguus.

535 3443 618 3498 Ex
649 3442 1019 3511 interpretata
1063 3456 1243 3511 nuper
1272 3442 1556 3498 decessori
1584 3446 1784 3497 vestra:
1819 3440 2126 3496 beatitudi-

470 3532 562 3588 nis
590 3532 842 3587 Adriano
861 3544 882 3571 ι
905 3532 1219 3587 reverenda
1246 3532 1530 3587 memoriae
1568 3545 1722 3600 papae
1754 3535 1947 3585 sancta
1977 3533 2127 3585 octa-

467 3634 532 3676 va
562 3624 618 3676 et
643 3620 953 3676 universali
987 3620 1220 3689 synodo,
1253 3619 1582 3674 indecorum
1609 3623 1665 3673 et
1718 3617 2121 3673 inconveniens

467 3709 783 3764 arbitratus
820 3722 945 3764 sum
988 3708 1287 3776 septimam
1341 3707 1617 3777 synodum
1651 3705 1868 3776 b,qu:e
1914 3706 2123 3776 praesi—

465 3799 635 3854 dente
670 3797 730 3850 in
787 3795 1023 3851 vicariis
1066 3796 1189 3850 suis
1224 3794 1398 3850 beata:
1444 3795 1858 3852 recordationis
1897 3795 2122 3864 praede—

466 3899 687 3941 cessore
710 3889 896 3941 vestro
915 3883 1166 3939 Adriano
1199 3895 1224 3924 ο
1248 3885 1396 3953 apud
1429 3885 1671 3938 Nicaeam
1701 3884 1948 3940 secundo
1974 3898 2121 3940 con—

467 3974 700 4029 veniens
753 3973 859 4028 sub
906 3975 1059 4028 [rene
1106 3987 1205 4029 seu
1247 3973 1619 4029 Constantino
1673 3974 2118 4042 imperatoribus

466 4061 746 4119 celebrata
771 4067 874 4130 est,
900 4076 1010 4117 non
1037 4061 1240 4118 habere
1265 4063 1512 4118 Latinos.
1542 4064 1680 4116 Nam
1707 4063 1862 4118 nulla
1896 4063 2116 4118 ratione

467 4157 660 4208 octava
690 4151 908 4207 dicitur
955 4151 1039 4207 vel
1071 4153 1248 4207 teneri
1297 4153 1526 4224 poterit,
1577 4152 1676 4208 ubi
1715 4151 1958 4221 septima
2001 4164 2116 4207 non

467 4240 742 4297 habetur:
794 4254 904 4296 non
949 4241 1097 4310 quod
1136 4247 1265 4298 ante
1307 4256 1408 4299 nos
1448 4242 1683 4297 minime
1723 4241 1897 4297 fuerit
1929 4241 2119 4296 inter--

465 4335 702 4400 pretata,
739 4331 835 4386 sed
859 4331 1006 4402 quod
1052 4331 1332 4400 interpres
1371 4345 1509 4400 pene
1531 4345 1629 4401 per
1662 4330 1890 4401 singula
1913 4330 2112 4387 relicto

466 4419 771 4489 utriusque
805 4419 1018 4492 linguae
1060 4420 1346 4490 idiomate,
1383 4419 1524 4474 adeo
1563 4418 1739 4474 fuerit
1773 4419 2005 4474 verbum
2029 4432 2053 4460 ο
2083 4434 2113 4475 e

463 4507 633 4564 verbo
672 4515 922 4579 secutus,
966 4514 1030 4564 ut
1068 4508 1206 4578 quid
1233 4509 1290 4562 in
1327 4508 1518 4563 eadem
1553 4507 1806 4563 editione
1831 4507 2112 4580 intelliga-

2237 3354 2604 3410 ﬁcentissime
2623 3354 2901 3411 decorari.
2939 3354 3258 3410 Praesertim
3290 3367 3418 3408 cum
3450 3365 3623 3407 sacrae
3660 3349 3892 3404 biblio-

2236 3446 2410 3500 thecae
2465 3452 2681 3513 vestrae,
2741 3445 2909 3514 cujus
2960 3443 3222 3500 minister
3287 3448 3470 3498 vestra
3544 3440 3890 3511 dignatione

2232 3533 2504 3602 consisto,
2535 3547 2602 3588 ex
2639 3533 2744 3588 hoc
2783 3533 2932 3603 quod
2961 3533 3204 3602 desuper
3239 3531 3382 3586 mihi
3421 3531 3617 3586 datum
3644 3533 3748 3597 est,
3771 3528 3891 3582 de—

2234 3623 2386 3677 bitor
2423 3636 2548 3676 sum
2593 3621 2954 3677 ministrare:
2995 3622 3044 3676 si
3069 3627 3254 3676 tamen
3289 3619 3590 3675 aemulatus
3625 3617 3886 3687 Aposto—

2234 3711 2373 3777 lum,
2418 3710 2804 3766 ministerium
2845 3724 3030 3765 meum
3077 3711 3335 3765 studeam
3383 3709 3678 3764 honorare.
3731 3707 3888 3762 Sane

2232 3799 2541 3855 notandum
2564 3805 2668 3870 est,
2685 3799 2937 3870 quaedam
2965 3800 3020 3853 in
3047 3799 3149 3853 hac
3171 3798 3384 3868 synodo
3405 3811 3472 3852 ex
3488 3795 3891 3866 apostolorum

2229 3896 2283 3944 et
2304 3895 2472 3944 sextae
2513 3888 2856 3944 universalis
2897 3888 3097 3959 synodi
3135 3886 3452 3942 canonibus
3486 3891 3542 3941 et
3576 3884 3891 3940 sententiis

2233 3977 2500 4047 inveniri,
2537 3991 2661 4047 quae
2702 3991 2872 4046 penes
2910 3992 3012 4033 nos
3049 3977 3415 4046 interpretata
3457 3989 3556 4030 nec
3596 3972 3895 4028 habentur

2229 4079 2330 4122 nec
2349 4066 2754 4122 admittuntur.
2781 4067 2848 4121 Et
2871 4071 3020 4121 certe
3039 4066 3108 4121 de
3129 4065 3516 4134 apostolorum
3555 4061 3892 4118 canonibus

2228 4154 2452 4224 liquido
2471 4155 2755 4226 novimus,
2773 4155 3042 4224 quoniam
3059 4154 3151 4210 his
3169 4153 3400 4223 quidam
3418 4151 3583 4207 facile
3603 4148 3888 4225 [facilem]

2225 4243 2338 4300 non
2367 4243 2655 4314 praebuere
2676 4257 3031 4300 consensum.
3061 4243 3164 4298 Sed
3195 4249 3252 4298 et
3291 4242 3669 4313 praedecessor
3689 4246 3892 4295 vester

2225 4332 2592 4388 beatissimus
2637 4346 2778 4403 papa
2815 4333 3135 4403 Stephanus
3179 4345 3290 4388 non
3329 4345 3396 4386 ex
3437 4329 3528 4386 bis
3568 4330 3886 4399 plusquam

2225 4421 2644 4492 quinquaginta
2711 4421 3067 4490 recipiendos
3126 4419 3394 4490 synodice
3451 4416 3884 4489 promulgavit;

2226 4508 2358 4564 licet
2377 4509 2633 4578 quadam
2655 4509 2966 4566 constituta
2990 4509 3322 4580 pontiﬁcum
3357 4522 3424 4564 ex
3460 4507 3608 4578 ipsis
3626 4505 3893 4561 canoni—

465 4601 579 4666 tur,
614 4603 714 4652 aut
747 4597 842 4652 vix
875 4603 976 4652 aut
1012 4610 1303 4666 nunquam
1342 4596 1521 4666 possit
1558 4596 1795 4668 adverti,
1836 4596 1894 4652 in
1936 4595 2110 4652 fasti—
2139 4585 2188 4647 C
2221 4597 2330 4652 bus
2351 4605 2636 4668 assumpta
2659 4611 2781 4653 esse
2803 4599 3118 4654 videantur.
3163 4598 3320 4653 Unde
3339 4597 3661 4667 apostolatu
3684 4601 3890 4651 vestro

462 4684 741 4755 diumque
760 4699 919 4741 versa
955 4686 1286 4756 legentium,
1328 4699 1466 4755 pene
1488 4684 1558 4740 ab
1581 4685 1850 4742 omnibus
1872 4685 1975 4740 hac
2006 4701 2108 4757 pro

463 4786 635 4827 causa
692 4779 1106 4829 contemnatur.
1149 4773 1305 4828 Unde
1343 4787 1373 4828 a
1433 4774 1777 4844 quibusdam
1842 4787 1943 4829 nec
1984 4775 2108 4844 ipsa

464 4861 726 4930 lectione,
751 4868 815 4917 ut
836 4875 945 4917 non
967 4863 1151 4917 dicam
1177 4864 1637 4934 transcriptione,
1668 4863 1842 4934 digna
1878 4864 2108 4933 penitus

457 4950 790 5022 judicatur:
831 4951 980 5020 quod
1024 4951 1146 5021 ipse
1179 4952 1426 5021 intuens,
1471 4967 1571 5008 nec
1607 4954 1838 5024 proprio
1881 4951 2108 5010 inﬁrmo

463 5040 685 5109 corpori
710 5054 964 5108 parcens,
997 5041 1312 5096 auxiliante
1332 5043 1572 5099 Domino
1612 5043 1756 5098 hanc
1793 5043 1958 5098 nisus
1979 5057 2108 5101 sum

464 5129 825 5198 interpretari
848 5129 1086 5199 Latinis,
1109 5131 1375 5186 indecens
1396 5139 1451 5186 et
1478 5132 1854 5202 incongruum
1873 5146 2110 5188 censens

463 5225 703 5274 vestram
735 5219 977 5272 maxime
1006 5220 1263 5274 omnium
1302 5220 1686 5276 Ecclesiarum
1751 5220 2102 5292 magistram,

462 5308 766 5362 Romanam
791 5307 1054 5362 videlicet
1073 5308 1400 5378 Ecclesiam,
1437 5309 1625 5363 eadem
1651 5309 1864 5378 synodo
1885 5309 2110 5365 defrau-

533 5465 553 5491 ι
574 5449 864 5506 Adrianus
886 5453 928 5505 ll
954 5449 1046 5504 hic
1068 5456 1205 5506 erat.

533 5519 561 5562 ι)
591 5521 993 5577 Universalem.

542 5609 568 5639 c
585 5593 663 5650 De
683 5592 934 5651 Adriano
957 5592 1218 5666 loquitur
1240 5593 1414 5665 hujus
1435 5595 1686 5652 nominis
1707 5596 1912 5668 primo,

2219 4686 2554 4742 decernente
2577 4701 2686 4743 non
2709 4687 2893 4742 solum
2920 4687 3051 4744 illos
3072 4687 3224 4743 solos
3245 4685 3668 4757 quinquaginta
3709 4697 3893 4739 cano-

2220 4789 2319 4831 nes
2339 4775 2588 4832 Ecclesia
2629 4776 2852 4846 recipit,
2877 4775 3016 4833 ‘sed
3039 4783 3095 4833 et
3133 4791 3327 4832 omnes
3357 4789 3552 4832 eorum
3592 4782 3634 4846 θ,
3676 4777 3891 4842 utpote

2218 4864 2471 4933 Spiritus
2499 4867 2677 4921 sancti
2716 4865 3003 4938 tubarum,
3047 4865 3188 4936 quin
3236 4872 3292 4921 et
3338 4865 3594 4921 omnium
3635 4863 3891 4920 omnino

2222 4954 2606 5022 probabilium
2638 4957 2887 5026 Patrum,
2911 4962 2966 5011 et
3002 4961 3325 5010 sanctorum
3365 4953 3749 5010 conciliorum
3779 4966 3891 5007 re-

2221 5043 2384 5114 gulas
2417 5049 2473 5098 et
2511 5043 2906 5099 institutiones
2942 5044 3215 5112 admittit,
3260 5043 3390 5098 illas
3430 5043 3709 5097 duntaxat
3743 5056 3888 5112 quae

2220 5145 2319 5186 nec
2342 5138 2504 5187 rectae
2536 5132 2690 5203 ﬁdei,
2715 5147 2815 5188 nec
2837 5132 3031 5202 probis
3067 5133 3325 5188 moribus
3353 5131 3604 5200 obviant,
3629 5131 3725 5186 sed
3768 5145 3888 5186 nec

2219 5221 2373 5276 sedis
2397 5221 2657 5277 Romana:
2688 5223 2932 5278 decretis
2965 5222 3031 5278 ad
3060 5222 3343 5278 modicum
3383 5221 3521 5292 quid
3563 5219 3888 5277 resultant.

2219 5312 2319 5382 qui
2367 5312 2559 5382 potius
2598 5313 2973 5385 adversarios,
3024 5313 3078 5368 id
3119 5319 3205 5368 est
3247 5312 3562 5380 hmreticos,
3607 5316 3893 5383 potenter

2289 5456 2312 5494 ἀ
2331 5457 2583 5511 Canones
2603 5457 3008 5525 apostolorum.

2289 5533 2311 5561 °
2332 5528 2390 5584 Id
2413 5533 2499 5584 est
2523 5528 2858 5599 pontiﬁcum
2880 5529 3278 5586 Romanorum.
