4018 6166
196 277 265 336 l9"!
529 279 1076 338 INTERPRETATIO
1110 279 1359 341 SYNODI
1395 286 1491 342 VII
1523 285 1708 343 GENE
1721 286 1940 344 RALIS.
1972 319 2047 329 —
2080 286 2433 346 ACTIONUM
2472 292 2849 347 INDICULUM
2885 290 3123 347 BREVE.

3418 287 3520 348 498

205 404 480 474 impugnant.
506 403 651 476 Ergo
681 403 927 478 regulas,
961 422 1103 479 quas
1120 409 1303 466 Graeci
1324 414 1530 466 asexta
1554 411 1768 481 synodo
1794 413 1853 473 A
1876 415 2195 470 Praesertim
2226 428 2355 470 cum
2387 414 2534 470 nulli
2565 415 2644 470 sit
2674 414 2759 471 fas
2785 428 2817 470 a
2847 430 2951 470 suo
2981 413 3166 483 capite
3193 412 3517 469 discidendi

210 491 438 563 perhibent
456 492 652 564 editas,
683 495 763 551 ita
790 496 848 552 in
871 497 977 553 hac
1003 499 1216 570 synodo
1243 500 1583 570 principalis
1609 500 1769 555 sedes

201 580 412 650 admittit,
438 581 491 635 ui
521 582 852 641 nullatenus
875 600 942 641 ex
978 586 1072 643 his
1097 587 1211 643 illae
1242 589 1613 659 recipiantur,
1642 602 1768 659 qua:

202 669 429 738 prioribus
468 672 785 729 canonibus
825 675 911 731 vel
956 675 1201 733 decretis
1241 684 1566 735 sanctorum
1612 680 1767 735 sedis

202 757 333 826 hujus
368 759 704 833 pontiﬁcum,
755 769 856 818 aut
903 769 1053 820 certe
1098 765 1267 822 bonis
1313 767 1570 824 moribus
1618 768 1769 823 inve-

198 846 385 901 niuntur
411 848 686 904 adversae:
726 853 988 923 quamvis
1020 858 1213 912 omnes
1240 856 1514 913 hactenus
1546 871 1613 912 ex
1647 860 1765 913 toto

199 938 401 989 maneant
421 937 562 1004 apud
590 939 825 997 Latinos
851 940 1174 1015 incOgnitaa,
1203 945 1339 1015 quia
1366 959 1467 1000 nec
1494 945 1768 1015 interpre-

191 1028 316 1093 tata;
341 1023 422 1078 sed
448 1038 546 1081 nec
573 1026 633 1081 in
661 1032 991 1086 camerarum
1019 1032 1491 1102 patriarchalium
1517 1034 1760 1105 sedium,

190 1109 289 1165 licet
321 1110 488 1168 Graeca
534 1120 775 1173 utantur
812 1118 1032 1192 lingua,
1074 1122 1437 1192 reperiantur
1471 1122 1760 1178 archivis:

185 1199 404 1255 nimirum
428 1201 564 1271 quia
590 1204 749 1261 nulla
774 1220 969 1264 earum
995 1223 1125 1266 cum
1157 1210 1482 1282 ederentur,
1516 1216 1618 1266 aut
1644 1226 1768 1281 pro-

186 1287 411 1360 mnlgans,
447 1295 547 1347 aut
590 1296 974 1369 consentiens,
1015 1299 1346 1355 aut-saltem
1398 1313 1646 1369 praesens
1685 1300 1767 1354 in-

181 1381 303 1431 venta
324 1382 417 1449 est,
455 1393 784 1452 quanquam
804 1386 1030 1441 eosdem
1056 1388 1251 1444 Patres
1277 1388 1408 1444 illas
1435 1388 1616 1444 Graeci
1643 1401 1766 1457 pro-

179 1464 406 1537 mulgasse
445 1470 800 1545 perhibeant,
837 1475 938 1545 qui
980 1476 1039 1531 in
1080 1481 1236 1533 sexta
1271 1478 1484 1548 synodo
1510 1483 1645 1533 sunt
1668 1476 1767 1531 in—

175 1554 289 1609 venti
308 1572 322 1609 :
342 1555 429 1611 sed
450 1557 562 1615 hoc
584 1560 765 1617 nullis
787 1559 1027 1632 probare
1044 1565 1219 1620 certis
1241 1568 1480 1635 possunt
1501 1564 1759 1620 indiciis.

173 1641 289 1698 lneo
319 1657 457 1716 sane,
512 1661 625 1718 quo
648 1647 977 1721 frequenter
1019 1653 1398 1710 universalem
1444 1653 1767 1709 meumeni—

1880 498 2275 577 [discedendi],
2306 517 2408 559 nec
2428 503 2577 574 quod
2604 508 2845 560 vestram
2866 503 3075 559 viderit
3099 508 3289 558 tenere
3308 503 3515 572 sedem,

1878 605 2003 661 qua:
2028 593 2286 648 omnium
2319 599 2405 649 est
2432 594 2723 665 magistra,
2764 592 3163 663 quoquomodo
3190 591 3514 661 respuendi.

1875 679 2009 749 Quae
2030 681 2183 736 enim
2207 696 2379 751 super
2404 682 2816 738 venerabilium
2847 682 3160 753 imaginum
3191 680 3523 737 adoratione

1876 782 2123 837 praesens
2159 771 2412 841 synodus
2443 771 2626 842 docet,
2658 772 2773 825 hac
2803 774 2856 826 et
2888 770 3202 845 apostolica
3238 770 3397 825 sedes
3422 783 3523 825 ve—

1876 860 2014 929 stra,
2031 858 2472 914 sicutnonnulla
2485 859 2808 928 conscripta
2825 859 3094 930 innuunt,
3110 858 3525 929 antiquituste—

1877 946 2025 1016 nuit,
2048 952 2105 1002 et
2135 947 2480 1002 universalis
2512 948 2765 1003 Ecclesia
2801 961 3020 1017 semper
3053 952 3315 1003 venerata
3341 952 3444 1017 est,
3469 953 3524 1003 et

1877 1033 2152 1091 hactenus
2209 1042 2555 1093 veneratur:
2592 1037 2937 1108 quibusdam
2991 1036 3270 1092 duntaxat
3321 1036 3526 1093 Gallo—

1878 1137 2004 1177 rum
2027 1125 2300 1195 exceptis,
2330 1125 2543 1195 quibus
2573 1126 2775 1196 utique
2798 1126 3052 1183 nondum
3079 1129 3166 1181 est
3190 1126 3392 1181 harum
3417 1124 3527 1181 uti-

1876 1209 2013 1267 litas
2035 1213 2297 1269 revelata.
2325 1212 2506 1270 Aiunt
2533 1228 2776 1285 namque
2798 1215 2946 1285 quod
2980 1229 3092 1270 non
3124 1214 3203 1269 sit
3231 1212 3527 1283 quodlibet

1874 1313 2021 1370 opus
2048 1314 2320 1358 manuum
2352 1302 2651 1360 hominum
2683 1304 3036 1360 adorandum
3064 1321 3081 1373 ς
3105 1302 3270 1372 quasi
3298 1316 3412 1358 non
3446 1301 3525 1357 sit

1874 1389 2049 1444 codex
2075 1391 2513 1462 Evangeliorum
2545 1406 2692 1462 opus
2718 1406 2988 1447 manuum
3013 1391 3329 1462 hominum,
3354 1403 3522 1461 quem

1875 1478 2136 1550 quotidie
2199 1478 2525 1535 osculantes
2583 1479 2870 1550 adorant;
2915 1479 3303 1535 venerabilior
3362 1491 3519 1547 cane,

1875 1582 2042 1640 quem
2064 1581 2175 1624 non
2199 1580 2323 1623 esse
2343 1582 2490 1639 opus
2516 1582 2788 1625 manuum
2816 1568 3113 1625 hominum
3141 1566 3525 1638 proculdubio

1875 1671 1987 1714 non
2038 1656 2347 1730 negabunt.
2402 1657 2687 1713 Similiter
2731 1663 2787 1713 et
2826 1656 3007 1713 forma
3055 1661 3262 1713 sach
3308 1655 3522 1724 crucis,

169 1745 265 1787 cum
293 1733 343 1789 in
370 1733 469 1790 hac
496 1738 715 1806 synodo
740 1740 921 1796 Graeci
949 1741 1335 1811 patriarcham
1359 1756 1527 1798 suum
1556 1743 1766 1797 incon—
1791 1746 1844 1807 B
1877 1760 2043 1818 quam
2068 1761 2127 1803 se
2146 1746 2383 1803 adorare
2415 1761 2611 1803 omnes
2643 1747 2859 1818 ubique
2886 1746 3211 1802 Christiani
3238 1740 3519 1803 fatentur:

171 1821 405 1878 venienter
439 1825 753 1897 appellant,
798 1830 1152 1898 apostolatus
1208 1836 1393 1887 vester
1426 1829 1764 1888 adulationi

167 1910 340 1966 veniam
373 1912 481 1983 det,
518 1928 664 1984 saepe
688 1917 943 1986 praelatis
986 1920 1113 1975 suis
1142 1933 1257 1976 non
1291 1920 1416 1976 sine
1455 1919 1768 1990 reprehen—

165 1997 288 2055 sione
320 2000 538 2071 placere
575 2005 951 2063 studentium.
994 2010 1200 2065 Verum
1241 2024 1371 2066 cum
1404 2010 1557 2079 apud
1582 2009 1768 2064 Cons—

166 2087 520 2159 tantinopolim
553 2094 778 2162 positus
822 2094 1149 2167 frequenter
1187 2096 1414 2154 Graecos
1447 2110 1620 2166 super
1660 2096 1767 2152 hoc

162 2175 385 2234 vocabulo
423 2181 921 2256 reprehenderem,
968 2191 1025 2241 et
1063 2184 1246 2243 fastus
1290 2187 1375 2244 vel
1426 2185 1768 2257 arrogantiae

165 2262 503 2338 redarguerem
541 2290 557 2342 ;
589 2273 935 2346 asserebant,
973 2276 1123 2346 quod
1157 2290 1270 2333 non
1303 2276 1431 2332 ideo
1464 2274 1771 2331 (ecumeni-

161 2366 273 2423 cum,
297 2371 451 2426 quem
480 2361 658 2417 multi
689 2362 1064 2421 universalem
1097 2365 1456 2436 interpretati
1484 2368 1638 2435 sunt,
1669 2362 1772 2418 di—

163 2448 311 2498 cerent
332 2448 740 2523 patriarcham,
771 2453 919 2523 quod
948 2452 1202 2510 universi
1234 2452 1396 2509 orbis
1422 2457 1609 2509 teneat
1636 2466 1773 2521 prae-

165 2529 396 2606 sulatum;
420 2538 520 2593 sed
552 2539 701 2609 quod
725 2540 952 2597 cuidam
980 2541 1128 2611 parti
1158 2542 1357 2612 praesit
1377 2541 1555 2613 orbis,
1587 2554 1712 2612 quae
1738 2553 1772 2595 a

161 2616 455 2681 Christianis
482 2626 873 2685 inhabitatur.
897 2631 1036 2687 Nam
1055 2630 1205 2701 quod
1223 2630 1405 2687 Graeci
1423 2642 1770 2687 mcumenem

164 2715 335 2783 vocant,
357 2727 390 2769 a
423 2716 657 2772 Latinis
695 2731 809 2775 non
844 2718 1028 2775 solum
1062 2718 1242 2792 orbis,
1270 2733 1302 2776 a
1339 2720 1509 2790 cujus
1549 2718 1774 2775 univer-

163 2795 291 2854 sitate
309 2803 660 2861 universalis
683 2806 1023 2877 appellatur,
1048 2822 1244 2865 verum
1265 2808 1437 2865 etiam
1466 2807 1770 2881 habitatio,

162 2889 218 2945 vel
234 2890 375 2949 locus
404 2892 756 2950 habitabilis
785 2901 1169 2966 nuncupatur.
1202 2898 1306 2954 Sed
1328 2902 1384 2954 et
1410 2896 1553 2953 illud
1578 2900 1774 2952 notan-

159 2976 276 3050 dum,
324 2982 599 3053 quoniam
649 2983 979 3055 ubicunque
1022 2986 1082 3041 in
1132 2986 1308 3055 hujus
1353 2985 1555 3056 synodi
1608 2988 1767 3040 textu

160 3065 555 3127 subsistentiam
584 3072 772 3143 posui,
802 3087 1097 3143 personam
1132 3073 1381 3145 intelligi
1407 3074 1583 3129 volui.
1613 3071 1773 3141 Quod

161 3156 277 3211 enim
300 3160 485 3217 Graece
515 3161 854 3231 hypostasis
882 3162 1120 3234 dicitur,
1156 3162 1264 3218 hoc
1293 3162 1558 3219 nonnulli
1592 3174 1778 3232 perso-

159 3253 279 3317 nam,
302 3249 570 3322 nonnulli
596 3263 729 3306 vero
760 3249 1193 3306 subsistentiam
1224 3246 1583 3321 interpretati
1619 3253 1770 3306 sunt.

156 3328 295 3388 Porro
334 3336 778 3394 subsistentiam
825 3337 995 3395 multi
1052 3352 1369 3409 personam,
1427 3338 1597 3395 multi
1646 3352 1776 3394 vero

157 3420 491 3482 substantiam
522 3426 706 3483 etiam
744 3427 1165 3485 intellexerunt.
1196 3426 1272 3482 At
1303 3427 1436 3483 illos
1462 3440 1564 3499 ego
1598 3440 1774 3483 secu—

155 3512 241 3579 tus,
258 3514 346 3581 qui
360 3515 807 3573 subsistentiam
822 3530 935 3574 non
950 3516 1351 3586 substantiam,
1367 3516 1461 3572 sed
1479 3529 1775 3585 personam

156 3594 364 3673 intelligi
395 3604 718 3662 voluerunt
755 3603 965 3678 (magni
999 3605 1211 3677 quippe
1240 3604 1413 3677 sunt),
1447 3603 1776 3675 ubicunque

151 3684 306 3747 Graece
337 3692 395 3749 in
437 3694 551 3752 hoc
596 3694 795 3751 codice
839 3694 1188 3765 hypostasim
1229 3693 1435 3764 reperi,
1476 3693 1535 3748 in
1576 3692 1778 3749 subsi—

151 3779 379 3836 stentiam
435 3783 745 3855 transtuli,
782 3783 944 3839 hanc
997 3796 1313 3855 personam,
1370 3782 1523 3838 sicut
1569 3786 1626 3837 et
1671 3780 1775 3837 alii

151 3868 554 3942 quamplurimi,
590 3870 786 3927 volens
808 3870 1077 3944 intelligi.
1102 3872 1278 3928 Tanta
1310 3870 1493 3942 igitur
1516 3869 1780 3926 auctori—

150 3955 238 4008 tate
257 3964 441 4014 sancta
468 3959 737 4021 Ecclesia
762 3959 1000 4030 praedita
1026 3974 1139 4016 non
1166 3964 1350 4029 potest
1372 3957 1772 4014 dissimulare:

148 4052 234 4097 non
249 4050 428 4114 potest
448 4049 712 4119 quisque
731 4053 911 4105 semet
935 4046 1360 4105 rationabiliter
1374 4046 1445 4102 ab
1464 4045 1778 4117 imaginum

1878 1835 1937 1891 in
1966 1850 2080 1906 quo
2105 1836 2373 1891 videlicet
2396 1837 2760 1893 considerare
2787 1836 2947 1906 libet,
2972 1836 3110 1906 quia
3130 1837 3181 1892 si
3210 1834 3527 1907 quamlibet

1875 1938 2101 1981 crucem
2117 1938 2346 1980 auream
2365 1925 2450 1981 vel
2471 1930 2793 1997 argenteam
2810 1930 2912 1981 aut
2928 1926 3174 1997 ligneam
3198 1926 3522 1995 adoramus,

1877 2028 2004 2084 qua:
2043 2013 2246 2083 utique
2279 2026 2393 2071 non
2426 2014 2619 2070 eadem
2656 2019 2743 2070 est
2774 2014 2895 2083 ipsa
2926 2027 3087 2085 crux,
3125 2014 3186 2068 in
3219 2026 3331 2083 qua
3370 2011 3527 2070 salus

1878 2107 2071 2160 nostra
2108 2106 2328 2171 patrata
2362 2107 2469 2174 est,
2509 2102 2606 2159 sed
2646 2103 2829 2174 ﬁgura
2853 2108 2910 2159 et
2941 2104 3127 2174 imago
3156 2103 3318 2171 ejus;
3353 2113 3528 2170 quare

1878 2205 1991 2249 non
2021 2192 2325 2248 adoremus
2358 2193 2596 2265 ﬁguram
2624 2198 2679 2248 et
2715 2192 3021 2265 imaginem
3059 2194 3204 2264 ejus,
3239 2193 3338 2263 qui
3366 2204 3529 2246 eam—

1876 2280 2004 2336 dem
2039 2281 2281 2337 salutem
2316 2287 2583 2351 operatus
2607 2285 2693 2336 est
2725 2281 2786 2336 in
2821 2281 3007 2349 medio
3032 2286 3196 2336 terrae
3225 2279 3254 2334 ‘2
3278 2281 3530 2337 Venera—

1878 2367 2056 2425 bilior
2090 2382 2333 2439 namque
2370 2371 2457 2424 est
2486 2369 2585 2439 qui
2627 2368 2869 2424 salutem
2908 2374 3175 2438 operatus
3207 2370 3315 2438 est,
3358 2379 3528 2436 quam

1880 2469 1945 2511 ea
1979 2456 2238 2526 materia,
2273 2457 2333 2511 in
2373 2469 2486 2526 qua
2526 2455 2677 2511 idem
2715 2455 2957 2511 salutem
2996 2459 3264 2525 operatus
3303 2457 3407 2509 est.
3450 2452 3530 2508 Ac

1882 2558 1982 2614 per
2007 2544 2111 2600 hoc
2143 2544 2326 2617 magis
2348 2543 2684 2600 adoratione
2707 2543 2883 2616 digna
2912 2544 3100 2615 imago
3118 2542 3336 2598 Christi
3364 2541 3530 2597 salu—

1881 2636 1993 2689 tem
2042 2633 2351 2702 operantis,
2409 2646 2579 2703 quam
2630 2632 2816 2704 imago
2867 2632 3059 2687 crucis
3102 2630 3346 2687 salutem
3394 2634 3531 2685 tan—-

1884 2720 2176 2776 tummodo
2211 2719 2543 2789 bajulantis.
2574 2718 2972 2788 Quamobrem,
3004 2718 3335 2774 beatissime
3361 2729 3524 2788 papa,

1882 2821 2056 2877 super
2085 2812 2329 2863 montem
2361 2807 2646 2863 excelsum
2676 2806 2935 2877 ascende,
2964 2810 3050 2863 sta
3079 2806 3137 2860 in
3165 2803 3527 2875 fortitudine,

1884 2896 2051 2967 quasi
2084 2895 2222 2952 tuba
2258 2909 2448 2951 vocem
2482 2896 2688 2951 exalta.
2730 2897 2871 2951 Ecce
2916 2895 3069 2951 enim
3112 2895 3227 2950 Deo
3269 2896 3523 2963 auctore,

1882 2983 2085 3055 angelo
2117 2986 2236 3054 tua,
2268 2986 2335 3039 ut
2356 2983 2642 3053 quondam
2667 2982 2819 3038 Petri
2846 2980 2987 3054 (Act.
3018 2981 3143 3055 x11),
3177 2979 3533 3052 percutiente

1804 3075 1851 3137 C
1886 3071 2064 3128 latera
2102 3071 2407 3128 surrexisti
2438 3089 2453 3141 ς
2481 3070 2707 3127 lumbos
2741 3070 3068 3142 accinxisti,
3107 3070 3396 3125 lucernam
3431 3082 3535 3123 ac—

1885 3161 2153 3233 cendisti,
2203 3161 2322 3217 zelo
2362 3160 2461 3215 Dei
2507 3158 2836 3216 comederis.
2874 3159 3142 3228 Superest
3183 3162 3428 3221 tantum,
3470 3158 3536 3211 ut

1887 3249 2052 3305 fidem
2125 3263 2294 3320 quam
2355 3247 2562 3318 credis,
2634 3246 3058 3316 doceas;viam
3120 3259 3289 3317 quam
3352 3249 3530 3314 tenes,

1885 3337 2112 3393 cunctis
2162 3335 2463 3392 ostendas:
2500 3338 2782 3405 quatenus
2832 3335 2945 3389 Deo
2997 3337 3247 3403 auctore,
3300 3338 3355 3388 te
3411 3331 3531 3388 tilio

1885 3438 2277 3494 excussorum,
2324 3422 2728 3493 prophetarum
2772 3421 2996 3476 scilicet
3027 3426 3083 3476 et
3116 3420 3527 3491 apostolorum,

1884 3512 2142 3583 ductore,
2178 3526 2277 3582 per
2312 3511 2466 3569 invia
2503 3524 2607 3565 nos
2645 3522 2841 3564 omnes
2871 3508 3086 3563 Christi
3127 3521 3258 3563 oves
3287 3506 3534 3562 solertiae

1886 3606 2000 3659 tua:
2042 3615 2141 3672 per
2177 3602 2404 3657 Petrum
2436 3604 2492 3655 et
2533 3599 2594 3653 in
2640 3603 2797 3669 petra
2834 3597 3173 3673 commissae,
3232 3594 3531 3651 inoll'ensis

1885 3690 2181 3764 gressibus
2229 3688 2583 3757 incedamus,
2624 3690 2682 3742 et
2724 3687 2793 3741 ad
2836 3698 3058 3741 amoena
3096 3684 3228 3740 vitae
3267 3682 3535 3753 perennis

1885 3792 2094 3850 pascua
2117 3777 2347 3834 Christo
2376 3777 2686 3847 aperiente,
2713 3774 2813 3845 qui
2840 3774 3025 3829 claves
3060 3772 3218 3845 regni
3248 3772 3308 3827 in
3330 3771 3455 3842 ipso
3480 3777 3537 3827 et

1886 3880 1985 3937 per
2010 3867 2200 3937 ipsum
2231 3865 2340 3921 tibi
2363 3864 2625 3934 tradidit,
2657 3862 2907 3919 feliciter
2939 3861 3163 3933 ingredi
3197 3873 3533 3916 mereamur.

1884 3953 2278 4025 Apostolatum
2304 3956 2554 4009 vestrum
2584 3965 2649 4006 ac
2672 3950 3074 4007 exaltationem
3100 3948 3366 4005 Ecclesia:
3396 3962 3534 4020 suae,

1887 4055 1953 4097 ac
1983 4055 2337 4099 communem
2374 4044 2633 4096 nostrum
2665 4038 2929 4108 salutem,
2972 4051 3072 4107 per
3111 4036 3324 4093 multos
3356 4049 3539 4092 annos

157 4141 409 4191 sacrarum
438 4136 787 4193 adoratione
809 4143 1074 4193 avertere.
1108 4135 1384 4206 Alioquin
1410 4138 1596 4191 vestra
1616 4132 1783 4189 debet
1889 4132 2074 4204 gratia
2107 4142 2353 4201 superna
2378 4127 2687 4197 custodiat,
2716 4126 2949 4184 domine
2978 4125 3341 4182 sanctissime
3370 4134 3533 4195 papa.

146 4216 220 4285 pia
246 4221 504 4282 doctrina
535 4226 762 4298 doceri,
800 4238 1154 4297 censuraque
1191 4224 1506 4296 apostolica
1543 4222 1779 4293 corrigi.

1688 4568 2015 4639 TITULI

782 4726 1222 4818 Designantcs
1276 4727 1352 4797 in
1419 4725 1605 4794 brevi
1661 4745 1804 4814 qua
1850 4725 1927 4793 in
1976 4722 2092 4792 hoc
2141 4717 2362 4788 codice
2416 4717 2861 4786 continentur.

1634 4883 2058 4898 ’ἢ

196 5001 368 5065 Prima
394 5009 561 5066 actio
596 5009 854 5067 continet
884 5009 1215 5066 testimonia
1246 5008 1602 5066 diversarum
1639 5022 1781 5079 pro-
1808 5004 1864 5066 D
1896 5020 2023 5063 rum
2055 5003 2298 5060 Adriani
2340 5015 2496 5072 papae
2537 5000 2797 5072 Romani,
2838 5004 2896 5056 et
2932 4999 3246 5058 secundum
3290 5002 3541 5056 tenorem

146 5086 392 5152 babilium
417 5098 885 5170 Scripturarum,
904 5097 1119 5169 quibus
1139 5097 1463 5155 ostenditur
1483 5097 1780 5154 haereticos

145 5176 198 5231 ab
222 5180 414 5242 haeresi
446 5187 522 5243 ad
561 5186 935 5243 orthodoxam
967 5186 1132 5243 fidem
1162 5201 1465 5243 conversos
1497 5199 1659 5256 posse
1689 5201 1781 5242 su-

150 5270 282 5339 scipi.
303 5274 610 5331 Similiter
626 5279 684 5331 et
702 5289 819 5347 eos,
843 5275 942 5346 qui
964 5290 1093 5334 cum
1116 5275 1334 5333 fuerint
1354 5277 1570 5332 sinteve
1589 5275 1776 5332 ortho.

150 5353 273 5500 ﬁxi,
316 5377 533 5421 manus
561 5369 752 5420 tamen
797 5364 1223 5436 impositionem
1254 5364 1324 5421 ab
1352 5364 1638 5421 haereticis
1668 5365 1780 5420 ha—

208 5460 376 5500 erunt-

208 5460 377 5509 erunt.

203 5534 446 5599 Secunda
489 5554 635 5599 vero
676 5541 934 5600 continet
972 5543 1126 5601 actio
1170 5542 1473 5602 lectionem
1519 5542 1781 5614 epistola-

1892 5108 2087 5151 earum
2127 5095 2464 5149 cunctorum
2501 5089 2859 5146 sacerdotum
2889 5089 2990 5159 qui
3021 5087 3410 5144 interfuerunt
3438 5102 3543 5158 sy-

1892 5183 2060 5255 nodo,
2105 5180 2511 5253 professionem
2547 5184 2602 5235 et
2632 5178 3166 5251 promulgationem.

1960 5272 2150 5327 Tertia
2192 5275 2381 5326 autem
2412 5270 2563 5325 actio
2601 5268 2858 5324 continet
2898 5268 3275 5337 receptionem
3316 5265 3543 5321 antisti-

1891 5365 2013 5418 tum
2051 5359 2123 5416 ab
2176 5359 2377 5415 haeresi
2427 5371 2851 5423 conversurum,
2901 5360 2957 5412 et
2998 5355 3271 5427 synodica
3317 5353 3539 5409 Tarasii

1893 5449 2251 5521 patriarchae,
2296 5452 2353 5504 et
2404 5447 2684 5517 rescripta
2736 5444 3103 5502 orientalium
3157 5444 3535 5511 sacerdotum,

1891 5552 1994 5597 nec
2011 5552 2123 5595 non
2138 5542 2194 5596 et
2209 5536 2666 5609 subscriptiones
2680 5536 3100 5606 episcoporum,
3119 5529 3361 5588 Adriani
3381 5543 3448 5600 pa
3454 5541 3539 5599 pa:
