4012 6162
477 246 579 304 499

474 384 540 426 ac
564 370 941 427 Orientalium
969 369 1302 439 pontiﬁcum
1335 367 1548 436 scripta
1577 365 2037 436 approbantium,
2061 366 2116 418 et
2143 365 2203 425 A

479 460 558 515 ita
593 473 651 514 se
689 472 884 528 sapere
920 457 1330 527 proﬁtentium.

545 548 756 616 Quarta
795 546 1004 601 dehinc
1036 545 1187 600 actio
1221 543 1554 601 circumfert
1583 542 1911 598 testimonia
1946 555 2118 596 sacra:

474 635 783 703 Scriptura:
829 648 894 688 ac
944 634 1302 688 diversorum
1356 637 1683 687 sanctorum
1739 633 1966 686 Patrum
2017 642 2118 698 pro

476 723 847 794 imaginibus.

545 811 756 880 Quinta
788 815 1055 879 praeterea
1085 810 1341 865 continet
1377 808 1528 864 actio
1564 807 1894 862 testimonia
1921 809 2120 860 osten-

475 899 690 970 dentia,
720 898 1120 954 Iconomachos
1149 897 1392 968 aaqualia
1423 910 1595 966 super
1627 894 1982 966 imaginibus
2023 907 2120 948 re-

477 985 674 1056 probis
709 986 1035 1056 quibusque
1069 986 1291 1056 operari
1315 985 1398 1040 vel
1430 998 1625 1054 sapere
1668 982 1969 1038 haereticis.

547 1076 710 1130 Sexta
750 1088 879 1129 vero
912 1075 1178 1146 designat
1223 1074 1374 1129 actio
1409 1072 1808 1127 haereticorum
1847 1069 2121 1140 blasphe—

479 1164 643 1235 mias,
681 1167 736 1219 et
774 1163 978 1218 harum
1017 1163 1263 1218 validam
1304 1160 1773 1216 destructionem.

1694 237 2051 295 ANASTASII
2093 235 2634 293 BIBLIOTHECARII
3749 232 3838 290 200

2297 363 2547 432 Septima
2582 374 2750 432 porro
2779 359 3112 416 circumfert
3143 360 3295 416 actio
3321 360 3628 416 terminum
3661 366 3841 416 sanctae

2227 451 2429 521 synodi
2455 451 2646 520 hujus,
2664 449 3118 518 subscriptiones
3137 449 3557 519 episcoporum,
3577 449 3842 519 epistolam

2228 540 2428 609 synodi
2460 538 2903 608 imperatoribus
2931 537 3181 592 missam.
3209 540 3344 592 Item
3367 537 3538 591 aliam
3562 537 3626 591 ad
3657 537 3845 593 clerum

2226 626 2924 696 Constantinopolitanum
2957 642 2972 694 ;
3007 638 3323 680 sermonem
3369 624 3759 695 laudatorium,
3797 631 3846 680 et

2228 729 2472 770 canones
2492 714 2562 769 ab
2583 714 2777 790 eadem
2803 713 3018 783 synodo
3051 712 3458 783 promulgatos.
3495 715 3630 767 Item
3650 713 3850 782 episto—

2229 803 2339 859 lam
2379 803 2598 858 Tarasii
2649 801 3002 857 sanctissimi
3056 800 3398 871 patriarcha
3439 801 3509 856 ad
3561 800 3850 857 Adrianum

2229 905 2513 949 summum
2555 891 2878 961 pontiﬁcem
2921 903 3022 959 pro
3061 890 3294 960 synodo.
3339 891 3477 944 Item
3517 889 3753 959 ejusdem
3786 889 3850 944 ad

2227 981 2486 1036 eumdem
2506 979 2575 1034 de
2599 992 2709 1036 non
2739 978 3080 1034 ordinandis
3110 977 3522 1034 ecclesiasticis
3552 977 3743 1034 oﬁlciis
3763 991 3855 1048 per

2230 1068 2520 1139 pecunias.
2578 1069 2713 1122 Item
2762 1067 3015 1136 ejusdem
3053 1065 3122 1120 ad
3161 1067 3432 1122 Joannem
3465 1065 3853 1137 presbyterum.

2231 1157 2610 1228 hegumenum
2645 1160 2701 1210 et
2729 1154 3148 1224 anachoretam,
3181 1167 3284 1223 pro
3318 1154 3511 1210 cadem
3545 1168 3621 1209 re.

1329 1511 1985 1584 CONSTANTINI
2077 1511 2191 1578 ET
2291 1510 2638 1580 IRENES
2725 1510 3015 1581 AUGG.

1843 1643 1936 1703 ΠΙ
1951 1640 2189 1702 VALIS
2259 1641 2534 1703 SACRA

681 1759 787 1826 Ad
840 1756 1356 1824 sanctissimum
1403 1760 1471 1820 et
1515 1751 2000 1819 beatissimum
2050 1748 2441 1816 Adrianum
2495 1771 2743 1835 papam
2786 1751 3078 1816 senioris
3129 1751 3366 1816 Roma:
3418 1749 3694 1815 directa.

551 2042 710 2111 Quia
733 2039 974 2095 Domino
997 2043 1190 2094 nostro
1213 2038 1344 2092 Jesu
1378 2035 1605 2091 Christo
1625 2046 1756 2088 vero
1778 2033 1892 2086 Deo
1929 2032 2125 2084 nostro
2152 2028 2203 2088 B
2235 2047 2392 2098 quem
2455 2036 2743 2102 acquisivit
2790 2037 3014 2104 proprio
3081 2037 3346 2102 sanguine
3410 2035 3578 2107 (Rom.
3641 2035 3743 2106 xv).
3802 2036 3878 2092 Et

482 2129 813 2198 suscipiunt
838 2127 956 2182 sive
987 2125 1214 2195 imperii
1245 2125 1603 2196 dignitatem,
1634 2121 1752 2176 sive
1784 2117 2126 2189 principalis

482 2217 787 2273 sacerdotii
816 2216 1106 2284 honorem,
1139 2213 1344 2270 debent
1369 2226 1494 2283 quae
1527 2210 1613 2266 illi
1647 2209 1856 2278 placita
1888 2211 2041 2275 sunt,
2073 2211 2129 2260 et

483 2307 735 2378 cogitare
767 2310 823 2360 et
859 2318 1080 2375 curare,
1109 2308 1166 2358 et
1193 2302 1442 2358 creditos
1475 2301 1588 2356 sibi
1625 2300 1695 2354 ab
1736 2299 1840 2354 illo
1885 2295 2128 2368 populos

485 2395 798 2450 secundum
819 2394 944 2462 ejus
963 2392 1309 2448 voluntatem
1334 2404 1525 2462 regere
1546 2395 1603 2445 et
1622 2389 1957 2460 gubernare.
1981 2388 2128 2456 Ergo

485 2483 741 2538 debitum
779 2481 947 2536 nobis
976 2485 1031 2535 et
1063 2480 1244 2548 vobis,
1277 2494 1310 2535 o
1341 2479 1770 2534 sanctissimum
1801 2480 1990 2546 caput,
2024 2476 2130 2530 hoc

487 2575 592 2640 est,
633 2574 696 2625 ut
727 2567 1313 2639 irreprehensibiliter
1346 2581 1468 2638 quae
1496 2567 1623 2635 ejus
1652 2571 1787 2621 sunt
1817 2564 2126 2634 sapiamus,

489 2663 545 2713 et
579 2657 636 2711 in
669 2656 793 2712 suis
821 2670 1129 2725 versemur,
1163 2660 1357 2726 utpote
1385 2656 1454 2710 ab
1486 2656 1609 2725 ipso
1641 2669 1742 2711 nos
1772 2653 2000 2724 quidem
2034 2653 2135 2706 im-

493 2746 735 2816 perium,
772 2760 872 2801 vos
904 2759 1034 2800 vero
1070 2745 1412 2815 principalis
1444 2744 1751 2800 sacerdotii
1791 2742 2131 2814 dignitatem

492 2834 891 2904 suscipientes.
935 2834 1248 2903 Incipimus
1287 2847 1418 2904 ergo
1461 2833 1596 2888 hinc
1636 2845 1969 2888 sermonem.
2015 2831 2134 2886 Scit

495 2926 680 2976 vestra
715 2926 947 2990 paterna
977 2920 1270 2976 beatitudo
1299 2935 1425 2991 qua:
1464 2921 1682 2989 pridem
1719 2917 1867 2974 facta
1902 2922 2036 2974 sunt
2073 2917 2133 2973 in

499 3010 602 3064 hac
673 3015 868 3065 nostra
938 3010 1094 3080 regia
1168 3008 1400 3064 civitate
1473 3012 1703 3078 propter
1785 3007 2137 3062 venerabiles

501 3096 826 3168 imagines;
869 3097 1118 3167 qualiter
1187 3096 1284 3167 qui
1359 3101 1490 3152 ante
1561 3111 1664 3152 nos
1733 3099 2133 3166 regnaverunt,

497 3199 594 3241 eas
631 3186 1058 3257 destruxerunt,
1100 3190 1156 3240 et
1200 3185 1259 3240 in
1298 3185 1721 3241 dehonestatem
1765 3191 1935 3254 atque
1976 3184 2140 3252 inju—

2236 2125 2502 2191 tanquam
2538 2137 2705 2179 verus
2736 2124 2958 2192 primus
2988 2124 3269 2193 sacerdos,
3307 2130 3363 2179 et
3390 2124 3441 2179 is
3471 2124 3570 2194 qui
3597 2123 3654 2178 in
3676 2122 3792 2178 loco
3816 2128 3879 2178 et

2237 2210 2366 2264 sede
2383 2211 2561 2266 sancti
2582 2216 2636 2266 et
2654 2211 3142 2281 superlaudabilis
3161 2213 3405 2281 apostoli
3424 2212 3575 2267 Petri
3595 2211 3876 2281 praesidet,

2237 2298 2389 2353 sicut
2420 2300 2638 2355 dictum
2673 2305 2778 2370 est,
2823 2301 3111 2372 ascendat,
3149 2306 3205 2356 et
3242 2301 3416 2357 simul
3448 2315 3578 2356 cum
3614 2299 3882 2356 omnibus

2238 2388 2651 2459 sacerdotibus,
2692 2390 2788 2459 qui
2826 2389 2920 2444 hic
2955 2394 3111 2459 sunt,
3152 2389 3499 2458 inveniatur,
3533 2393 3588 2444 et
3618 2388 3884 2444 voluntas

2237 2477 2465 2532 Domini
2500 2477 2630 2532 fiat:
2661 2479 2763 2532 Ubi
2791 2480 2932 2532 enim
2956 2483 3085 2532 sunt
3116 2478 3222 2531 duo
3249 2479 3333 2531 vel
3358 2482 3464 2532 tres
3495 2479 3795 2544 congregati
3818 2478 3887 2529 in

2239 2569 2452 2620 nomine
2487 2582 2620 2628 meo,
2658 2567 2810 2621 sicut
2843 2566 3162 2638 evangelice
3196 2566 3530 2636 didicimus,
3564 2566 3644 2619 ibi
3675 2581 3791 2619 sum
3819 2568 3888 2618 in

2238 2655 2414 2708 medio
2471 2671 2651 2708 eorum
2712 2654 2922 2725 (Matth.
2986 2655 3168 2726 xvm).
3228 2654 3586 2710 Certiﬁcetur
3631 2653 3777 2709 enim
3825 2658 3893 2708 et

2241 2743 2609 2798 conﬁrmetur
2623 2757 2655 2798 a
2673 2757 2837 2814 magn
2889 2744 3002 2798 Deo
3019 2747 3074 2798 et
3091 2757 3238 2815 rege,
3259 2743 3630 2812 omniumque
3643 2742 3893 2797 Domino

2244 2837 2435 2888 nostro
2480 2833 2611 2887 Jesu
2651 2831 2900 2903 Christo,
2941 2835 2997 2887 et
3037 2845 3070 2886 a
3110 2830 3276 2886 nobis
3313 2831 3496 2886 servis
3543 2831 3686 2900 ejus,
3731 2831 3889 2900 quod

2240 2919 2632 2974 ascendentem
2670 2924 2912 2974 vestram
2956 2924 3248 2988 paternam
3283 2923 3340 2974 et
3375 2932 3592 2974 sacram
3632 2917 3898 2973 beatitu—

2241 3007 2434 3062 dinem
2467 3007 2577 3062 huc
2615 3021 2745 3062 cum
2780 3007 2935 3062 omni
2975 3007 3190 3063 honore
3219 3012 3275 3062 et
3308 3007 3492 3078 gloria
3523 3006 3798 3062 habemus
3831 3013 3899 3062 et

2247 3096 2658 3166 suscipere,et
2704 3110 2829 3166 quae
2889 3101 3205 3165 opportuna
3264 3101 3400 3152 sunt
3454 3095 3764 3165 impartiri.
3821 3097 3903 3149 Et

2250 3185 2455 3239 iterum
2473 3184 2694 3253 expleto
2712 3184 2986 3254 capitulo,
3008 3184 3156 3253 quod
3178 3183 3534 3253 beneplacito
3550 3183 3647 3237 Dei
3671 3182 3899 3237 Christi

498 3273 642 3328 riam
673 3278 1022 3343 posuerunt:
1058 3271 1299 3343 (utinam
1335 3273 1455 3328 illis
1486 3286 1598 3328 non
1638 3274 1991 3342 imputetur;
2016 3286 2142 3327 me—
2248 3286 2544 3342 speramus
2581 3272 2725 3342 ﬁeri,
2763 3285 2892 3327 cum
2930 3271 3142 3326 honore
3172 3276 3228 3326 et
3258 3271 3654 3343 magnitudine
3688 3271 3904 3341 praeire

497 3361 614 3416 lius
645 3361 796 3416 enim
834 3361 1023 3417 fuerat
1056 3375 1167 3416 non
1199 3361 1425 3416 mittere
1460 3374 1664 3417 manus
1693 3376 1826 3416 suas
1862 3361 1919 3415 in
1957 3362 2140 3418 Eccle—
2169 3349 2217 3411 C
2251 3360 2407 3415 illam
2445 3359 2720 3416 habemus
2757 3360 2825 3414 ad
2868 3359 3232 3415 remeandum
3261 3359 3330 3414 ad
3370 3359 3619 3428 propria.
3652 3359 3710 3414 Si
3739 3359 3904 3414 enim

495 3449 638 3504 siam
669 3449 780 3521 :)et
800 3464 1018 3506 omnem
1050 3451 1324 3520 populum
1357 3450 1456 3520 qui
1490 3450 1584 3505 hic
1614 3455 1718 3520 est,
1754 3450 1868 3506 imo
1896 3451 2138 3506 orienta-

497 3539 605 3594 lem
638 3539 831 3594 eodem
864 3540 1028 3595 modo
1059 3539 1428 3608 seduxerunt,
1451 3543 1506 3592 et
1530 3539 1588 3592 in
1623 3539 1911 3607 propriam
1943 3539 2139 3594 volun-

494 3632 664 3681 tatem
707 3631 1067 3682 retraxerunt
1099 3645 1112 3694 ;
1154 3639 1453 3696 usquequo
1490 3627 1641 3680 Deus
1694 3626 1998 3680 suscitavit
2033 3640 2137 3681 nos

494 3728 728 3786 regnare
769 3715 827 3769 in
871 3715 980 3783 his,
1024 3715 1124 3784 qui
1166 3715 1226 3768 in
1265 3715 1501 3769 veritate
1541 3714 1854 3784 qumrimus
1893 3715 2134 3785 gloriam

491 3803 636 3870 ejus,
667 3807 723 3856 et
753 3807 942 3857 tenere
971 3815 1096 3870 qua)
1127 3803 1340 3856 tradita
1370 3807 1506 3858 sunt
1533 3802 1603 3856 ab
1633 3803 1910 3872 apostolis
1939 3803 2063 3862 suis
2081 3809 2137 3858 et

491 3889 760 3944 omnibus
817 3889 942 3944 suis
989 3890 1340 3945 doctoribus.
1393 3889 1552 3944 Unde
1601 3905 1752 3946 nunc
1808 3896 2137 3946 constanter

490 3990 620 4032 cum
652 3977 864 4032 mundo
893 3977 1060 4032 corde
1082 3982 1138 4033 et
1169 3992 1298 4034 vero
1319 3980 1500 4047 cultu,
1536 3993 1659 4048 quae
1688 3979 1756 4034 ad
1791 3981 1968 4034 Deum
2000 3993 2138 4050 per-

492 4065 695 4136 tinent,
746 4077 855 4120 una
898 4079 1028 4121 cum
1076 4066 1346 4123 omnibus
1394 4067 1648 4122 subditis
1689 4068 1904 4123 nostris
1946 4073 2002 4123 et
2042 4068 2136 4123 his

491 4152 883 4210 sacerdotibus
911 4155 1286 4226 doctissimis,
1316 4154 1492 4211 locuti
1525 4171 1745 4226 sumus,
1771 4161 1828 4212 et
1852 4171 1980 4212 cum
2008 4170 2135 4212 con-

490 4241 626 4298 silio
655 4242 1032 4314 decrevimus,
1061 4248 1125 4301 ut
1156 4244 1314 4300 ﬁeret
1345 4245 1667 4301 universale
1697 4245 2029 4302 concilium.
2063 4248 2132 4302 Et

492 4343 758 4401 rogamus
785 4336 1027 4388 vestram
1065 4338 1353 4401 paternam
1386 4333 1799 4389 beatitudinem
1825 4353 1840 4405 ;
1867 4335 1981 4391 imo
2002 4350 2133 4392 vero

488 4419 758 4475 dominus
786 4421 936 4476 Deus
963 4425 1142 4492 rogat,
1175 4423 1272 4489 qui
1293 4422 1410 4475 vult
1439 4437 1618 4475 omnes
1647 4423 1825 4476 salvos
1848 4426 1968 4492 ﬁeri
1995 4430 2046 4479 et
2073 4427 2133 4479 in

488 4510 818 4575 agnitionem
840 4511 1084 4563 veritatis
1102 4512 1283 4563 venire
1309 4507 1355 4579 (Ι
1367 4513 1512 4564 Rom.
1542 4510 1634 4582 ll);
1656 4516 1719 4566 ut
1734 4513 1829 4567 det
1850 4525 1908 4567 se
1929 4513 2129 4584 ipsam,

489 4601 544 4649 et
566 4596 782 4652 nullam
804 4598 1129 4652 tarditatem
1153 4596 1348 4670 faciat,
1373 4604 1428 4652 et
1447 4599 1714 4654 ascendat
1739 4600 1850 4658 huc
1875 4601 1933 4655 in
1959 4601 2133 4656 stabi-

2254 3463 2362 3504 non
2405 3449 2660 3519 potuerit
2714 3448 3020 3503 ascendere
3081 3447 3192 3504 huc
3241 3447 3412 3518 (quod
3461 3453 3733 3518 putamus
3784 3463 3909 3505 non

2245 3538 2366 3594 ﬁeri
2393 3557 2404 3592 :
2432 3537 2648 3592 scimus
2677 3536 2830 3591 enim
2851 3549 2982 3590 eum
3005 3535 3331 3591 studiosum
3353 3550 3476 3591 esse
3497 3536 3650 3591 circa
3672 3536 3911 3608 divina)

2245 3627 2422 3698 eligat
2480 3626 2635 3680 viros
2691 3624 3055 3680 honorabiles
3080 3667 3095 3693 ,
3138 3625 3409 3681 habentes
3463 3625 3766 3680 scientiam
3792 3668 3808 3695 ,
3839 3633 3907 3682 et

2242 3716 2458 3787 dirigat
2488 3728 2600 3770 una
2630 3728 2758 3769 cum
2785 3713 3040 3784 syllabis,
3067 3719 3131 3769 ut
3153 3714 3516 3770 invenientur
3545 3729 3612 3769 ex
3648 3729 3906 3784 persona

2244 3819 2416 3862 sacrae
2435 3809 2492 3858 et
2513 3809 2756 3873 paterna:
2789 3807 2988 3858 vestrae
3017 3802 3397 3859 beatitudinis
3427 3803 3542 3858 hic.
3578 3805 3907 3859 Verumta—

2245 3908 2368 3950 men
2391 3891 2861 3949 convenientibus
2884 3891 3027 3961 ipsis
3049 3881 3176 3948 cum
3200 3891 3470 3948 omnibus
3490 3893 3912 3948 sacerdotibus

2245 3983 2345 4052 qui
2369 3982 2463 4037 hic
2485 3986 2638 4051 sunt,
2668 3980 2936 4051 synodice
2969 3979 3338 4036 conﬁrmetur
3371 3981 3608 4050 antiqua
3652 3981 3914 4037 traditio

2243 4077 2568 4127 sanctorum
2596 4071 2825 4124 Patrum
2863 4077 3212 4139 nostrorum,
3237 4075 3292 4124 et
3314 4067 3704 4125 confundatur
3729 4084 3918 4126 omne

2243 4152 2524 4218 zizanium
2544 4159 2688 4214 male
2700 4160 3036 4230 plantatum,
3060 4159 3351 4214 etDomini
3379 4159 3557 4215 nostri
3581 4159 3920 4215 Salvatoris

2239 4251 2372 4304 Jesu
2387 4248 2604 4304 Christi
2627 4247 2862 4303 verbum
2887 4247 3212 4317 impleatur,
3244 4247 3514 4317 quoniam
3528 4252 3707 4318 porta?
3726 4251 3922 4316 inferi

2242 4353 2350 4391 non
2386 4337 2764 4406 praevalebunt
2813 4336 3076 4390 adversus
3121 4352 3237 4390 eam
3279 4335 3490 4405 (Matth.
3535 4336 3674 4408 xw).
3717 4338 3796 4392 Et
3841 4352 3922 4394 ex

2245 4426 2350 4482 hoc
2404 4439 2516 4481 non
2562 4426 2640 4482 sit
2682 4425 2931 4481 schisma
2978 4431 3034 4480 et
3076 4425 3361 4494 separatio
3415 4426 3472 4480 in
3525 4439 3635 4481 una
3694 4433 3924 4482 sancta

2242 4515 2525 4570 catholica
2544 4520 2601 4570 et
2618 4515 2932 4584 apostolica
2966 4514 3238 4586 Ecclesia,
3275 4515 3444 4584 cujus
3462 4519 3549 4575 est
3567 4519 3753 4585 caput
3779 4516 3924 4586 ipse

2240 4603 2505 4659 Christus
2537 4617 2704 4659 verus
2733 4605 2880 4659 Deus
2913 4608 3127 4659 noster.
3160 4603 3596 4660 Constantinum
3620 4610 3926 4673 prmterea

490 4683 706 4739 litatem
728 4691 784 4739 et
806 4685 1129 4740 ﬁrmitatem
1160 4686 1411 4756 antiquze
1433 4687 1765 4744 traditionis
1786 4703 1958 4758 super
1975 4703 2134 4746 vene-
2159 4695 2210 4755 D
2241 4691 2668 4748 sanctissimum
2679 4691 3008 4762 episcopum
3029 4692 3365 4748 Leontinum
3388 4688 3725 4767 [Leontinae]
3741 4693 3931 4748 Chri-

489 4771 776 4828 rabilibus
802 4773 1186 4844 imaginibus:
1219 4774 1475 4830 debitum
1505 4777 1656 4832 enim
1689 4777 1778 4832 illi
1809 4783 1896 4832 est
1926 4777 2030 4832 hoc
2056 4777 2133 4833 fa-

487 4873 614 4916 cere
637 4879 652 4930 ;
679 4863 939 4933 agnoscit
966 4877 1096 4920 vero
1127 4863 1262 4933 quia
1297 4864 1575 4934 scriptum
1597 4871 1716 4920 est:
1744 4866 2127 4929 Consolamini,

488 4950 840 5003 consolamini
861 4952 1128 5020 populum
1155 4968 1330 5006 meum
1359 4955 1677 5017 sacerdotes,
1711 4955 1844 5009 dicit
1870 4958 2130 5010 Dominus

487 5034 610 5106 (Isa.
643 5038 751 5110 XL).
780 5039 846 5094 Et
872 5058 884 5094 :
918 5041 1091 5094 Labia
1119 5043 1456 5095 sacerdotum
1489 5043 1799 5097 custodiunt
1827 5046 2128 5109 scientiam,

483 5132 533 5180 et
563 5127 628 5180 de
656 5143 745 5180 ore
774 5129 892 5196 ejus
918 5131 1220 5196 egredietur
1251 5132 1356 5192 leas,
1385 5134 1642 5199 quoniam
1669 5133 1894 5200 angelus
1917 5137 2134 5188 Domini

486 5217 815 5269 emercituum
844 5222 920 5270 est
950 5216 1201 5287 (Malach.
1239 5218 1318 5289 Il).
1353 5221 1422 5274 Et
1449 5220 1654 5274 iterum
1685 5220 1919 5276 divinus
1947 5226 2002 5277 et
2031 5238 2134 5279 ve—

486 5304 680 5359 ritatis
723 5306 1061 5374 praedicator
1097 5306 1422 5376 Apostolus,
1465 5308 1564 5377 qui
1611 5308 1680 5362 ab
1726 5310 2035 5366 Jerusalem
2075 5319 2131 5368 et

485 5393 736 5448 circuitu
761 5409 942 5464 usque
961 5395 1252 5464 Illyricum
1278 5395 1609 5464 praedicavit
1629 5398 2016 5469 Evangelium,
2043 5402 2128 5456 sic

486 5481 808 5538 mandavit:
841 5484 1050 5538 Pascite
1098 5500 1310 5552 gregem
1363 5486 1578 5554 Domini
1634 5501 1755 5539 cum
1809 5487 2125 5558 disciplina,

2241 4787 2330 4838 sto
2372 4781 2642 4838 amabilis
2687 4781 2907 4836 Siciliae
2956 4785 3162 4837 nostra:
3216 4781 3439 4851 insulae,
3497 4795 3665 4851 quem
3723 4783 3928 4838 etiam

2241 4871 2428 4926 noscit
2459 4875 2690 4939 paterna
2719 4875 2902 4925 vestra
2931 4869 3244 4939 beatitudo,
3281 4870 3628 4926 adduximus
3660 4871 3740 4926 ad
3780 4885 3928 4941 nos,

2237 4964 2295 5014 et
2315 4957 2459 5014 facie
2478 4960 2546 5014 ad
2571 4958 2771 5014 faciem
2801 4959 3096 5028 loquentes
3124 4958 3444 5015 direximus
3464 4973 3593 5014 cum
3618 4961 3933 5028 praesenti

2240 5052 2434 5103 nostra
2472 5047 2782 5102 venerabili
2814 5047 3072 5116 jussione
3107 5048 3172 5103 ad
3211 5062 3326 5104 vos.
3365 5047 3474 5116 Qui
3502 5061 3634 5103 cum
3671 5049 3942 5103 venerit

2239 5135 2307 5190 ad
2348 5149 2466 5205 vos,
2509 5135 2782 5191 continuo
2828 5134 3054 5191 absolve
3094 5149 3245 5200 eum,
3290 5141 3354 5191 ut
3396 5140 3604 5190 remeet
3644 5135 3726 5190 ad
3783 5151 3934 5207 nos,

2239 5223 2494 5279 scribens
2530 5223 2698 5279 nobis
2729 5237 2826 5292 per
2854 5223 3043 5293 ipsum
3075 5225 3401 5294 adventum,
3443 5228 3627 5295 tuam,
3675 5224 3944 5294 quibus

2237 5313 2442 5369 diebus
2496 5313 2663 5368 habet
2706 5314 2916 5370 moveri
2960 5313 3125 5369 illinc
3178 5320 3234 5370 et
3273 5313 3560 5384 proﬁcisci
3615 5313 3696 5368 ad
3757 5328 3937 5370 nos:

2240 5416 2406 5472 porro
2421 5402 2843 5459 sanctissimum
2857 5403 3184 5472 episcopum
3196 5403 3634 5472 Neapolitanum
3652 5403 3948 5458 omnino

2238 5495 2427 5547 tenere
2477 5489 2663 5562 habet,
2716 5495 2781 5548 ut
2817 5504 2946 5548 cum
2988 5492 3112 5562 ipso
3164 5493 3435 5548 ascendat
3472 5491 3603 5550 huc.
3659 5492 3943 5548 Etenim
