4012 6162
197 235 282 293 204

790 239 1334 296 INTERPRETATIO
1377 236 1626 295 SYNODI
1661 236 1756 291 VII
1791 234 2290 291 GENERALIS.—
2323 238 2595 295 TARASII
2634 239 3011 297 APOLOGET.

3492 239 3600 299 202

193 369 290 424 iter
311 373 571 426 veStrum
594 384 695 440 per
716 370 1010 440 Neapolim
1032 374 1089 426 et
1110 370 1367 426 Siciliam
1399 368 1566 425 habet
1588 367 1709 423 ﬁeri
1735 386 1750 433 ς
1782 372 1838 422 et
1863 368 1922 427 A
1951 372 2181 436 paterna
2206 367 2501 425 beatitudo
2522 371 2589 425 ad
2633 384 2753 426 nos.
2782 369 2799 441 (
2810 370 3122 443 Legimus.)
3144 373 3281 427 Data
3308 387 3362 427 1v
3403 374 3601 429 Kalen-

191 472 345 528 super
371 458 483 514 hoc
502 465 755 531 stratego
776 459 988 514 Siciliae
1003 460 1305 530 jussimus,
1331 457 1592 515 utomnis
1614 454 1833 526 requiei

189 554 235 604 et
268 548 514 604 honoris
543 548 745 629 vestri.
761 563 956 604 curam
1000 548 1223 614 habeat,
1274 562 1387 619 quo
1425 547 1615 603 veniat
1651 549 1835 602 vestra

1945 456 2049 511 das
2076 456 2445 528 Septembris,
2484 458 2799 516 indictione
2817 455 2873 531 7,
2900 473 2933 515 a
2967 459 3122 531 regia
3162 460 3317 515 urbe.

1518 789 2271 859 APOLOGETICUS

186 931 289 999 Ad
297 933 645 1020 populum
674 955 719 998 a
749 935 1052 1001 TARASIO
1083 955 1125 1022 α
1155 931 1418 1022 secretis
1451 929 1907 1022 compendiose
1939 928 2150 1022 dictus
2180 928 2286 996 die
2314 952 2449 1018 qua
2475 930 2955 1022 z'ntimaverant
2982 934 3385 1022 imperantes
3418 935 3604 999 [rene

264 1017 331 1087 εὶ
368 1017 856 1089 Constantinus
886 1021 1175 1110 populis,
1206 1032 1286 1086 ut
1312 1021 1511 1110 ﬁeret
1532 1017 1925 1109 patriarcha
1946 1041 1969 1085 :
2006 1020 2126 1107 qui
2147 1032 2208 1085 et
2224 1017 2583 1109 promotus
2626 1034 2720 1089 est
2748 1017 3106 1089 indictione
3135 1036 3393 1104 octava,
3428 1043 3605 1088 anno

261 1133 304 1176 a
330 1112 676 1177 creatione
707 1109 945 1177 mundi
972 1109 1170 1178 6293.

248 1309 641 1365 Immaculata:
695 1309 827 1365 ﬁdei
872 1313 1097 1379 nostra),
1154 1310 1211 1366 id
1252 1313 1339 1366 est
1380 1309 1841 1365 Christianorum

192 1398 474 1467 custodes,
507 1403 565 1453 et
602 1412 798 1453 eorum
822 1412 947 1468 quae
988 1397 1046 1453 in
1069 1398 1309 1470 gloriam
1332 1398 1430 1452 Dei
1455 1398 1599 1453 ﬁunt
1619 1398 1845 1453 aemula-

195 1492 353 1557 tores,
396 1486 596 1543 ﬁdeles
638 1487 1007 1556 imperatores
1034 1488 1237 1559 nostri,
1276 1493 1546 1558 tanquam
1584 1486 1843 1542 omnium

1952 1307 2272 1377 anathema,
2307 1309 2505 1379 procul
2535 1322 2565 1365 a
2586 1310 2699 1365 Deo
2720 1310 2953 1381 emittit,
2978 1315 3033 1366 et
3062 1324 3092 1366 e
3130 1324 3303 1382 regno
3332 1310 3606 1366 caelorum

1955 1397 2338 1468 persequitur,
2362 1405 2417 1453 et
2451 1398 2613 1453 ducit
2646 1400 2705 1453 in
2745 1399 3006 1455 tenebras
3043 1400 3374 1455 exteriores.
3416 1400 3609 1455 Nescit

1954 1486 2221 1542 Ecclesia:
2244 1487 2331 1542 lex
2358 1488 2441 1542 vel
2467 1489 2747 1544 terminus
2772 1496 2981 1545 sectam
3010 1489 3130 1544 sive
3153 1488 3608 1558 contentionem;

196 1575 247 1631 in
283 1576 716 1645 beneplacitum
762 1577 907 1648 ejus,
956 1581 1013 1632 et
1056 1577 1115 1631 in
1153 1576 1511 1632 commodum
1561 1581 1842 1640 nostrum,
1878 1574 1929 1633 B
1957 1576 2054 1631 sed
2078 1576 2685 1632 sicutnovitconﬁteri
2712 1593 2887 1634 unum
2908 1579 3209 1648 baptisma,
3232 1592 3400 1633 uuam
3421 1578 3608 1649 tidem,

197 1664 652 1720 Christianorum
678 1664 946 1720 videlicet
970 1679 1164 1721 curam
1197 1664 1486 1737 facientes,
1518 1671 1574 1720 et
1604 1665 1849 1721 maxime

200 1768 338 1810 nunc
386 1754 783 1810 ecclesiastica
830 1754 1055 1826 negotia
1110 1754 1420 1827 diligenter
1479 1760 1537 1809 et
1598 1754 1848 1809 sollicite

197 1843 641 1914 considerantes,
690 1857 803 1912 quo
845 1858 1105 1899 summus
1152 1844 1414 1899 sacerdos
1451 1843 1510 1898 in
1539 1843 1643 1899 hac
1680 1843 1849 1915 regia

197 1931 326 1986 urbe
368 1945 476 1987 sua
532 1932 1002 2001 constitueretur,
1060 1932 1118 1986 in
1158 1945 1276 1987 sua:
1315 1931 1548 2001 pietatis
1588 1931 1848 1986 animum

197 2033 274 2074 me
286 2025 751 2090 assumpseruut,
776 2026 853 2087 et,
879 2026 942 2074 ut
957 2017 1321 2075 manifestum
1345 2019 1487 2074 mihi
1521 2020 1853 2074 redderetur

195 2109 335 2179 quod
366 2107 669 2163 consiliati
691 2114 852 2175 sunt,
875 2114 1281 2178 praeceperunt.
1313 2108 1451 2163 Cum
1489 2121 1590 2178 ego
1618 2107 1721 2163 hoc
1765 2120 1852 2162 me

196 2199 495 2271 indignum
536 2211 661 2253 esse
692 2198 1147 2267 pronuntiarem,
1174 2202 1231 2253 et
1260 2198 1474 2253 nullam
1517 2198 1853 2253 condescen-

194 2288 407 2343 sionem
457 2284 700 2341 facerem
745 2283 971 2356 (utpote
1009 2287 1110 2357 qui
1148 2288 1353 2357 jugum
1394 2287 1569 2356 hujus
1612 2286 1853 2341 sarcina:

196 2381 419 2445 portare
443 2366 500 2429 et
522 2374 761 2430 sufferre
785 2388 896 2430 non
920 2375 1185 2447 possem),
1206 2376 1507 2445 jusserunt
1530 2388 1615 2429 me
1640 2374 1849 2429 adduci

194 2471 315 2519 ante
354 2463 565 2535 faciem
605 2468 877 2523 vestram.
899 2478 1001 2533 pro
1025 2478 1091 2519 eo
1116 2465 1266 2535 quod
1294 2469 1351 2519 et
1390 2464 1565 2533 hujus
1616 2463 1850 2519 consilii

196 2553 505 2623 participes
525 2552 709 2608 effecti
729 2551 881 2608 sitis.
904 2554 973 2607 Et
998 2566 1169 2621 nunc,
1193 2552 1303 2607 Vil‘l
1327 2552 1631 2607 Dominum
1655 2552 1854 2607 timen-

194 2648 286 2712 tes,
332 2646 394 2696 et
441 2655 573 2697 eum
623 2654 847 2713 semper
882 2642 939 2696 in
986 2641 1261 2698 cordibus
1309 2641 1515 2717 vestris
1559 2640 1875 2710 habentes,~

194 2748 283 2787 vos
340 2732 460 2801 aio,
515 2732 618 2802 qui
657 2732 875 2788 Christi
916 2732 1245 2800 vocatione,
1286 2731 1404 2785 veri
1446 2730 1715 2785 videlicet
1752 2732 1852 2787 Dei

192 2820 390 2889 nostri,
439 2820 826 2875 nominamini
848 2819 1193 2888 Christiani;
1216 2818 1414 2874 audite
1436 2818 1623 2874 brevis
1649 2833 1857 2875 sermo-

193 2910 275 2964 nis
303 2908 376 2964 ab
399 2909 724 2979 exiguitate
749 2922 814 2964 ac
841 2908 1169 2964 humilitate
1196 2913 1389 2963 nostra
1412 2907 1709 2962 rationem.
1738 2908 1854 2978 Ego

193 2998 421 3068 quidem
445 2986 735 3067 quidquid
779 2996 1067 3066 piissimis
1095 2994 1540 3066 imperatoribus
1564 2994 1778 3051 nostris
1798 3001 1856 3051 et

192 3100 284 3155 per
302 3085 502 3141 omnia
528 3084 869 3140 orthodoxis
893 3083 1304 3154 responderim,
1338 3083 1510 3138 etiam
1538 3083 1599 3138 in
1624 3098 1857 3154 conspe-

188 3180 279 3229 ctu
300 3180 493 3229 vestro
519 3172 766 3228 rationis
805 3186 941 3227 mea:
960 3172 1224 3244 apologia
1265 3171 1595 3242 respondeo.
1629 3172 1855 3227 Timore

186 3262 482 3333 deprimor
505 3261 576 3316 ad
600 3261 1074 3316 consentiendum
1122 3260 1259 3316 huic
1301 3260 1590 3328 electioni,
1614 3264 1671 3315 et
1709 3274 1857 3315 reve-

186 3365 309 3406 rcor
364 3366 401 3406 a
460 3349 609 3406 facie
652 3349 751 3405 Dei
804 3363 1035 3405 currere
1080 3349 1275 3404 taliter
1322 3354 1379 3404 et
1425 3348 1856 3419 quomodolibet

189 3440 691 3509 incircumspecte,
716 3444 781 3494 ut
807 3452 920 3494 non
943 3437 1195 3493 terribili
1217 3437 1573 3493 damnationi
1599 3451 1856 3492 succum-

185 3529 331 3584 bam.
356 3529 422 3583 Si
444 3528 603 3583 enim
625 3527 839 3583 Paulus
858 3526 1094 3582 divinus
1114 3526 1428 3596 apostolus,
1457 3526 1555 3596 qui
1578 3526 1855 3580 Deivoces

183 3617 433 3688 audivit,
457 3615 783 3685 caelumque
796 3614 1001 3670 habuit
1021 3619 1399 3683 correptorem
1419 3609 1523 3685 [Gr
1567 3613 1844 3681 scholam;

182 3706 282 3767 aL,
331 3700 818 3777 correptionem],
883 3707 939 3758 et
986 3702 1237 3771 paradisi
1292 3692 1579 3773 inspector
1621 3702 1856 3758 effectus

182 3800 287 3863 est,
327 3793 677 3863 audivitque
696 3805 904 3848 arcana
947 3790 1133 3860 verba,
1158 3797 1214 3846 et
1239 3791 1485 3861 portavit
1506 3805 1707 3847 nomen
1752 3790 1851 3846 Dei

186 3881 242 3936 in
263 3886 581 3951 conspectu
606 3880 907 3936 nationum
929 3884 983 3934 et
1009 3893 1227 3951 regum,
1248 3879 1569 3934 Corinthiis
1598 3879 1855 3935 scribens

183 3969 447 4025 dicebat:
506 3970 588 4023 Ne
616 3972 758 4036 forte
808 3984 930 4022 cum
977 3968 1103 4022 aliis
1152 3967 1588 4038 praadicavcrim,
1624 3968 1735 4037 ipse
1776 3985 1857 4022 re-

176 4060 387 4126 probus
443 4060 660 4128 efﬁciar
707 4056 763 4128 (Ι
810 4056 928 4111 Cor.
978 4055 1102 4129 Ix);
1162 4057 1445 4126 quomodo
1503 4070 1604 4127 ego
1645 4057 1744 4127 qui
1795 4058 1853 4112 in

188 4149 402 4203 mundo
450 4153 846 4214 conversatus,
885 4150 942 4201 et
989 4160 1119 4202 cum
1164 4145 1333 4200 laicis
1382 4150 1849 4216 connumeratus,

187 4237 585 4309 imperatoriis
626 4235 1159 4292 ministrationibus
1199 4234 1467 4300 militavi,
1514 4234 1598 4289 sic
1641 4234 1855 4304 absque

184 4327 613 4397 dijudicatione
633 4332 809 4398 atque
831 4325 1346 4396 circumspectione
1369 4338 1600 4394 possum
1629 4324 1855 4379 insilire

184 4417 251 4472 ad
289 4417 604 4473 sacerdotii
648 4414 1157 4488 magnitudinem?
1188 4413 1544 4469 llorrendum
1582 4426 1853 4468 conamen

182 4507 252 4561 ad
314 4507 698 4580 exiguitatem
750 4517 953 4576 meam,
1010 4508 1066 4559 et
1122 4502 1490 4559 temerarium
1553 4502 1849 4572 studium;

182 4609 355 4654 causa
395 4611 533 4653 vero
570 4595 826 4667 timoris,
868 4600 925 4649 et
963 4608 1097 4650 mea:
1138 4580 1526 4663 refutationis,
1575 4592 1693 4647 hazc
1730 4595 1846 4646 est:

178 4684 418 4756 Aspicio
459 4685 619 4741 enim
657 4689 714 4740 et
773 4684 942 4740 video
998 4682 1331 4752 Ecclesiam,
1383 4694 1508 4752 qua:
1546 4694 1719 4749 super
1765 4694 1855 4749 pe-

179 4778 325 4829 tram
345 4775 652 4830 Christum
692 4774 873 4828 Deum
897 4776 1155 4828 nostrum
1198 4768 1436 4824 fundata
1477 4773 1582 4837 est,
1612 4768 1851 4823 scissam

175 4875 329 4919 nunc
349 4869 410 4920 et
432 4863 708 4933 divisam,
732 4866 790 4916 et
825 4874 929 4916 nos
948 4860 1095 4915 alias
1122 4864 1294 4929 atque
1322 4858 1491 4913 aliter
1532 4857 1848 4928 loquentes,

171 4958 228 5008 et
241 4953 423 5009 aliter
442 4966 546 5008 eos
564 4950 934 5007 Christianos
954 4948 1055 5019 qui
1081 4948 1139 5003 in
1177 4948 1409 5004 Oriente
1453 4946 1630 5002 unius
1664 4946 1852 5003 nobis~

168 5056 299 5099 cum
322 5047 470 5099 sunt
492 5040 629 5096 ﬁdei
650 5057 666 5109 ;
693 5040 790 5096 sed
815 5044 872 5094 et
892 5038 986 5094 his
1005 5038 1415 5094 concordantes
1432 5036 1845 5106 Occidentales,

166 5137 223 5185 et
245 5146 352 5188 nos
371 5130 451 5186 ab
475 5128 752 5186 omnibus
784 5128 909 5183 illis
946 5127 1244 5197 alienatos,
1269 5132 1325 5182 et
1361 5140 1394 5182 a
1416 5141 1475 5182 se
1515 5140 1615 5198 per
1656 5127 1852 5200 singu-

171 5217 255 5275 los
298 5221 439 5277 dies
496 5217 1015 5274 anathematizatos
1070 5216 1292 5272 habere.
1356 5216 1493 5272 Dira
1559 5230 1723 5286 ptena
1763 5220 1852 5273 est

582 5502 827 5559 Parnm”
872 5500 1126 5556 CXXIX.

1959 1664 2040 1721 ita
2064 1672 2120 1720 et
2157 1667 2518 1721 concordiam
2553 1682 2718 1723 unam
2755 1668 2813 1722 in
2836 1668 2990 1723 omni
3018 1668 3406 1723 ecclesiastico
3433 1681 3613 1739 nego-

1960 1755 2062 1810 tio.
2087 1755 2247 1810 Nihil
2290 1756 2442 1810 enim
2482 1762 2568 1811 est
2595 1756 2655 1813 in
2676 1762 2982 1827 conspectu
3028 1758 3128 1813 Dei
3156 1763 3271 1813 tam
3318 1763 3610 1826 acceptum

1959 1849 2130 1915 atque
2157 1843 2455 1913 placabile,
2486 1860 2653 1916 quam
2685 1852 2748 1901 ut
2770 1861 2947 1901 unum
2971 1847 3174 1917 simus,
3195 1852 3252 1903 et
3278 1860 3389 1902 una
3412 1845 3616 1902 eﬁicia-

1962 1948 2090 1987 mur
2127 1932 2380 1988 Ecclesia
2418 1934 2719 1999 catholica,
2769 1936 3244 2004 quemadmodum
3287 1936 3343 1990 in
3378 1934 3615 1990 sincera:

1962 2027 2168 2077 nostrai
2211 2021 2340 2076 ﬁdei
2382 2021 2637 2092 symbolo
2680 2024 3035 2079 conﬁtemur.
3082 2026 3151 2079 Et
3200 2024 3447 2093 petimus
3490 2036 3613 2087 nos,

1964 2109 2185 2179 fratres,
2212 2115 2277 2164 ut
2304 2123 2430 2164 reor
2449 2115 2505 2165 et
2523 2125 2642 2181 vos,
2674 2111 2942 2181 quoniam
2967 2111 3086 2166 scio
3107 2126 3205 2166 vos
3229 2111 3488 2166 timorem
3511 2108 3615 2164 Dei

1963 2198 2188 2268 habere,
2219 2212 2251 2253 a
2288 2198 2572 2267 piissimis
2591 2203 2647 2254 et
2667 2199 3001 2255 orthodoxis
3041 2198 3482 2269 imperatoribus
3524 2211 3621 2253 no-

1963 2288 2102 2343 stris
2122 2287 2399 2358 synodum
2420 2274 2796 2344 universalem
2818 2288 3014 2360 colligi
3039 2306 3052 2342 :
3080 2287 3469 2344 uteﬁiciamur
3491 2299 3612 2354 nos,

1964 2376 2063 2446 qui
2089 2376 2378 2432 uniusDei
2393 2392 2613 2445 sumus,
2631 2391 2839 2445 unum;
2861 2382 2916 2432 et
2939 2375 3619 2447 quiTrinitatiscultores

1962 2465 2287 2536 existimas,
2304 2465 2455 2520 uniti
2469 2471 2524 2521 et
2541 2465 2840 2521 unanimes
2860 2470 2916 2521 et
2933 2466 3191 2538 collegas;
3209 2471 3266 2521 et
3287 2464 3385 2535 qui
3408 2462 3619 2533 capitis

1964 2554 2145 2611 nostri
2158 2554 2373 2610 Christi
2392 2569 2613 2624 sumus,
2629 2554 2942 2610 efﬁciamur
2953 2569 3162 2624 corpus
3178 2568 3375 2624 unum,
3399 2567 3622 2623 compa-

1964 2649 2117 2700 ctum
2137 2648 2309 2713 atque
2329 2657 2679 2703 connexum:
2705 2648 2761 2699 et
2781 2643 2882 2714 qui
2907 2644 3091 2699 sancti
3115 2644 3369 2714 Spiritus
3395 2658 3618 2710 sumus,

1964 2731 2279 2787 efﬁciamur
2307 2745 2418 2786 non
2429 2736 2624 2787 contra
2641 2732 2905 2803 invicem,
2920 2732 3014 2787 sed
3031 2746 3131 2801 pro
3149 2732 3415 2787 invicem:
3443 2736 3499 2786 et
3519 2730 3619 2802 qui

1966 2820 2228 2876 veritatis
2253 2820 2578 2891 existimus,
2612 2820 2927 2877 efﬁciamur
2955 2821 3207 2890 idipsum
3235 2819 3521 2890 sapientes
3544 2822 3624 2873 at-

1886 2938 1935 2999 α
1968 2909 2395 2979 quediscentes.
2419 2913 2474 2963 et
2495 2922 2607 2964 non
2624 2909 2773 2963 sit-in
2789 2909 2956 2964 nobis
2971 2900 3257 2964 certamen
3274 2907 3393 2963 sive
3412 2908 3628 2999 dissen-

1968 2997 2056 3052 sio
2073 3015 2085 3050 :
2105 3003 2167 3052 ut
2180 3011 2289 3067 pax
2301 2996 2424 3065 Dei,
2441 3012 2565 3068 qua}
2577 3003 2883 3067 exsuperat
2899 3011 3120 3053 omnem
3137 3010 3388 3066 sensum,
3406 2994 3629 3052 muniat

1964 3100 2160 3142 omnes
2180 3100 2282 3142 nos
2305 3105 2317 3141 :
2347 3092 2401 3142 et
2426 3087 2474 3143 si
2500 3087 2731 3157 quidem
2747 3079 3033 3155 jusserint
3048 3085 3404 3141 orthodoxiae
3422 3097 3630 3154 propu-

1967 3181 2253 3245 gnatores,
2297 3176 2668 3246 imperatores
2697 3176 2964 3230 videlicet
3000 3174 3203 3245 nostri,
3246 3172 3626 3244 postulationi

1966 3275 2101 3316 mea:
2126 3262 2298 3330 justa:
2341 3276 2612 3333 annuere,
2649 3262 2946 3317 consentio
2989 3267 3045 3316 et
3068 3276 3191 3333 ego,
3225 3268 3281 3317 et
3304 3263 3627 3331 jussionem

1963 3363 2161 3405 eorum
2210 3350 2490 3421 implebo:
2540 3350 2632 3405 sin
2676 3354 2886 3417 autem,
2944 3349 3304 3418 impossibile
3348 3351 3492 3405 mihi
3541 3357 3629 3408 est

1967 3438 2073 3494 hoc
2117 3438 2319 3511 facere,
2382 3452 2450 3494 ne
2494 3438 2773 3507 subjiciar
2827 3438 3199 3508 anathemati,
3255 3443 3313 3493 et
3365 3439 3626 3495 inveniar

1964 3528 2376 3584 condemnatus
2405 3529 2463 3583 in
2487 3528 2583 3582 die
2624 3527 2855 3583 Domini
2900 3527 3082 3581 nostri
3107 3532 3162 3581 et
3194 3527 3341 3596 justi
3365 3527 3622 3597 judicis;

1968 3617 2064 3673 ubi
2102 3632 2285 3688 neque
2325 3618 2634 3686 imperator
2659 3611 3112 3689 [imperatores],
3157 3629 3339 3686 neque
3361 3617 3626 3672 sacerdos

1969 3701 2379 3779 [sacerdotes],
2415 3719 2597 3775 neque
2624 3704 2890 3774 princeps
2915 3699 3295 3778 [principes],
3323 3718 3505 3775 neque
3535 3704 3631 3761 ho-

1967 3795 2186 3850 minum
2229 3793 2540 3850 multitudo
2582 3792 2794 3862 poterit
2840 3791 3061 3861 eripere
3087 3806 3211 3863 me;
3253 3796 3311 3847 et
3337 3791 3623 3862 quidquid

1966 3881 2245 3952 placuerit
2308 3881 2491 3951 vobis,
2543 3879 2769 3950 fratres,
2824 3879 2954 3935 date
2997 3879 3276 3952 apologiaa
3316 3894 3469 3948 meas,
3511 3880 3627 3936 imo

1963 3985 2094 4026 vero
2135 3969 2403 4039 petitioni
2456 3983 2591 4024 mea:
2639 3982 2995 4037 responsum.
3041 3970 3109 4023 Et
3150 3968 3395 4023 libenter
3436 3968 3630 4024 audie-

1966 4063 2101 4114 runt
2139 4072 2336 4113 omnes
2375 4072 2500 4127 qua:
2537 4057 2690 4113 dicta
2714 4062 2868 4127 sunt,
2906 4071 3245 4112 consensum
3289 4056 3622 4127 przcbentes,

1964 4152 2028 4201 ut
2060 4146 2218 4201 ﬁeret
2245 4145 2513 4215 synodus.
2546 4145 2787 4213 Quidam
2820 4150 3009 4199 autem
3055 4144 3324 4215 perpauci
3370 4160 3438 4200 ex
3486 4145 3627 4201 insi-

1964 4235 2258 4305 pientibus
2284 4233 2640 4289 differebant.
2674 4232 2745 4287 At
2767 4248 2896 4288 vero
2920 4233 3017 4304 qui
3048 4248 3080 4288 a
3107 4234 3366 4303 secretis,
3394 4250 3624 4290 rursum

1963 4324 2030 4379 ad
2083 4324 2358 4394 populum
2397 4323 2701 4394 disputans
2748 4321 3143 4393 respondebat,
3188 4322 3323 4392 quia
3349 4322 3624 4378 dominus

1966 4416 2070 4469 Leo
2116 4413 2422 4482 imperator
2480 4412 2759 4468 subvertit
2810 4411 3124 4482 imagines;
3163 4417 3219 4466 et
3270 4412 3497 4481 quando
3536 4430 3628 4484 sy-

1965 4502 2149 4558 nodus
2195 4500 2341 4557 facta
2391 4505 2497 4571 est,
2547 4500 2850 4556 subversas
2895 4499 3026 4555 illas
3072 4499 3320 4554 invenit:
3373 4504 3431 4554 et
3468 4502 3618 4571 quod

1963 4596 2195 4662 propter
2240 4590 2665 4661 imperatoriam
2716 4603 2945 4644 manum
2991 4587 3275 4644 subversae
3317 4594 3471 4663 sunt,
3521 4591 3621 4647 ite-

1964 4695 2090 4737 rum
2123 4680 2496 4750 quaestionem
2536 4679 2704 4734 habet
2749 4679 2897 4734 idem
2937 4677 3295 4749 capitulum;
3343 4680 3616 4749 quoniam

1962 4770 2257 4841 antiquam
2299 4768 2773 4824 consuetudinem
2802 4768 2860 4823 in
2897 4767 3149 4823 Ecclesia
3177 4768 3446 4824 traditam
3479 4785 3620 4841 prae-

1962 4864 2350 4935 sumpserant,
2398 4858 2551 4913 sicut
2605 4858 2691 4912 eis
2743 4857 2976 4913 libitum
3032 4855 3164 4927 fuit,
3213 4858 3612 4931 exterminare,

1962 4950 2057 5005 sed
2098 4948 2310 5004 veritas
2350 4947 2451 5002 Dei
2493 4960 2605 5002 non
2645 4951 2731 5001 est
2775 4946 3029 5018 alligata.
3084 4947 3381 5003 Promotus
3425 4952 3615 5004 autem

1961 5038 2198 5108 scripsit
2226 5037 2525 5108 synodicas
2574 5036 2796 5091 litteras
2847 5036 3213 5108 patriarchis,
3246 5037 3453 5107 Romae,
3493 5037 3616 5093 Ale-

1960 5127 2235 5194 xandriae,
2263 5125 2596 5195 Antiochize,
2626 5128 2682 5180 et
2706 5130 2914 5180 sancta:
2961 5124 3236 5196 civitatis,
3284 5139 3426 5196 quas
3466 5125 3607 5181 inve

1962 5217 2088 5273 nies
2115 5213 2151 5271 2
2169 5220 2225 5271 et
2245 5213 2280 5271 3
2299 5215 2523 5271 actione
2552 5228 2681 5271 cum
2709 5214 3009 5284 rescriptis
3036 5228 3252 5271 eorum.
