  <div class='ocr_page' id='page_1' title='image "/cluster/home/n/w/nwhite01/storage/ocr_20150623/129/hvd.32044054759907/107.png"; bbox 0 0 4012 6162; ppageno 0'>
   <div class='ocr_carea' id='block_1_1' title="bbox 383 279 490 337">
    <p class='ocr_par' dir='ltr' id='par_1_1' title="bbox 383 279 490 337">
     <span class='ocr_line' id='line_1_1' title="bbox 383 279 490 337; baseline -0.009 0"><span class='ocrx_word' id='word_1_1' title='bbox 383 279 490 337; x_wconf 75' lang='grc'><strong>203</strong></span> 
     </span>
    </p>
   </div>
   <div class='ocr_carea' id='block_1_2' title="bbox 1609 275 2567 335">
    <p class='ocr_par' dir='ltr' id='par_1_2' title="bbox 1609 275 2567 335">
     <span class='ocr_line' id='line_1_2' title="bbox 1609 275 2567 335; baseline -0.003 -1"><span class='ocrx_word' id='word_1_2' title='bbox 1609 279 1967 335; x_wconf 64' lang='grc' dir='ltr'><strong>ΑΝΑΞΤΑειι</strong></span> <span class='ocrx_word' id='word_1_3' title='bbox 2027 275 2567 333; x_wconf 80' lang='lat' dir='ltr'><strong>BIBLIOTHECARII</strong></span> 
     </span>
    </p>
   </div>
   <div class='ocr_carea' id='block_1_3' title="bbox 3695 267 3800 325">
    <p class='ocr_par' dir='ltr' id='par_1_3' title="bbox 3695 267 3800 325">
     <span class='ocr_line' id='line_1_3' title="bbox 3695 267 3800 325; baseline -0.01 0"><span class='ocrx_word' id='word_1_4' title='bbox 3695 267 3800 325; x_wconf 57' lang='grc' dir='ltr'><strong>θοι</strong></span> 
     </span>
    </p>
   </div>
   <div class='ocr_carea' id='block_1_4' title="bbox 1601 565 2526 638">
    <p class='ocr_par' dir='ltr' id='par_1_4' title="bbox 1601 565 2526 638">
     <span class='ocr_line' id='line_1_4' title="bbox 1601 565 2526 638; baseline -0.002 0"><span class='ocrx_word' id='word_1_5' title='bbox 1601 566 2160 638; x_wconf 81' lang='lat' dir='ltr'><strong>CONSCBIPTIO</strong></span> <span class='ocrx_word' id='word_1_6' title='bbox 2226 565 2526 638; x_wconf 82' lang='lat' dir='ltr'><strong>BREVIS</strong></span> 
     </span>
    </p>
   </div>
   <div class='ocr_carea' id='block_1_5' title="bbox 1303 774 2871 868">
    <p class='ocr_par' dir='ltr' id='par_1_5' title="bbox 1303 774 2871 868">
     <span class='ocr_line' id='line_1_5' title="bbox 1303 774 2871 868; baseline -0.003 -23"><span class='ocrx_word' id='word_1_7' title='bbox 1303 777 1604 846; x_wconf 73' lang='lat' dir='ltr'><strong>Indicam</strong></span> <span class='ocrx_word' id='word_1_8' title='bbox 1653 799 1801 868; x_wconf 76' lang='lat' dir='ltr'><strong>quae</strong></span> <span class='ocrx_word' id='word_1_9' title='bbox 1854 777 2050 866; x_wconf 82' lang='lat' dir='ltr'><strong>facta</strong></span> <span class='ocrx_word' id='word_1_10' title='bbox 2111 789 2269 845; x_wconf 84' lang='lat' dir='ltr'><strong>sunt</strong></span> <span class='ocrx_word' id='word_1_11' title='bbox 2311 789 2466 844; x_wconf 85' lang='lat' dir='ltr'><strong>ante</strong></span> <span class='ocrx_word' id='word_1_12' title='bbox 2511 774 2871 868; x_wconf 79' lang='lat' dir='ltr'><strong>synodum.</strong></span> 
     </span>
    </p>
   </div>
   <div class='ocr_carea' id='block_1_6' title="bbox 447 1109 3806 1186">
    <p class='ocr_par' dir='ltr' id='par_1_6' title="bbox 447 1109 3806 1186">
     <span class='ocr_line' id='line_1_6' title="bbox 447 1109 3806 1186; baseline -0.001 -11"><span class='ocrx_word' id='word_1_13' title='bbox 447 1115 822 1175; x_wconf 84' lang='lat' dir='ltr'><strong>Venientibus</strong></span> <span class='ocrx_word' id='word_1_14' title='bbox 843 1115 1034 1186; x_wconf 83' lang='lat' dir='ltr'><strong>itaque</strong></span> <span class='ocrx_word' id='word_1_15' title='bbox 1058 1128 1091 1170; x_wconf 91' lang='lat' dir='ltr'><strong>a</strong></span> <span class='ocrx_word' id='word_1_16' title='bbox 1123 1114 1298 1170; x_wconf 83' lang='lat' dir='ltr'><strong>Roma</strong></span> <span class='ocrx_word' id='word_1_17' title='bbox 1329 1113 1558 1185; x_wconf 85' lang='lat' dir='ltr'><strong>quidem</strong></span> <span class='ocrx_word' id='word_1_18' title='bbox 1582 1113 1748 1170; x_wconf 90' lang='lat' dir='ltr'><strong>Petro</strong></span> <span class='ocrx_word' id='word_1_19' title='bbox 1771 1117 1829 1169; x_wconf 90' lang='lat' dir='ltr'><strong>et</strong></span> <span class='ocrx_word' id='word_1_20' title='bbox 1863 1113 2028 1168; x_wconf 92' lang='lat' dir='ltr'><strong>Petro</strong></span> <span class='ocrx_word' id='word_1_21' title='bbox 2053 1109 2114 1168; x_wconf 87' lang='grc' dir='ltr'><strong>Λ</strong></span> <span class='ocrx_word' id='word_1_22' title='bbox 2139 1111 2430 1182; x_wconf 87' lang='lat' dir='ltr'><strong>synodicis</strong></span> <span class='ocrx_word' id='word_1_23' title='bbox 2467 1112 2830 1184; x_wconf 86' lang='lat' dir='ltr'><strong>conscriptis,</strong></span> <span class='ocrx_word' id='word_1_24' title='bbox 2874 1127 3002 1184; x_wconf 71' lang='lat' dir='ltr'><strong>qua:</strong></span> <span class='ocrx_word' id='word_1_25' title='bbox 3039 1111 3344 1184; x_wconf 82' lang='lat' dir='ltr'><strong>perhibent</strong></span> <span class='ocrx_word' id='word_1_26' title='bbox 3384 1127 3498 1170; x_wconf 90' lang='lat' dir='ltr'><strong>non</strong></span> <span class='ocrx_word' id='word_1_27' title='bbox 3539 1120 3806 1186; x_wconf 81' lang='lat' dir='ltr'><strong>Oportere</strong></span> 
     </span>
    </p>
   </div>
   <div class='ocr_carea' id='block_1_7' title="bbox 374 1200 2032 1274">
    <p class='ocr_par' dir='ltr' id='par_1_7' title="bbox 374 1200 2032 1274">
     <span class='ocr_line' id='line_1_7' title="bbox 374 1200 2032 1274; baseline -0.004 -10"><span class='ocrx_word' id='word_1_28' title='bbox 374 1211 490 1264; x_wconf 92' lang='lat' dir='ltr'><strong>Deo</strong></span> <span class='ocrx_word' id='word_1_29' title='bbox 508 1204 882 1263; x_wconf 89' lang='lat' dir='ltr'><strong>amicissimis</strong></span> <span class='ocrx_word' id='word_1_30' title='bbox 910 1202 1276 1274; x_wconf 84' lang='lat' dir='ltr'><strong>presbyteris,</strong></span> <span class='ocrx_word' id='word_1_31' title='bbox 1307 1207 1364 1258; x_wconf 92' lang='lat' dir='ltr'><strong>et</strong></span> <span class='ocrx_word' id='word_1_32' title='bbox 1399 1200 1789 1258; x_wconf 77' lang='lat' dir='ltr'><strong>deferentibus</strong></span> <span class='ocrx_word' id='word_1_33' title='bbox 1837 1201 2032 1272; x_wconf 66' lang='lat' dir='ltr'><strong>praela-</strong></span> 
     </span>
    </p>
   </div>
   <div class='ocr_carea' id='block_1_8' title="bbox 375 1291 2032 1363">
    <p class='ocr_par' dir='ltr' id='par_1_8' title="bbox 375 1291 2032 1363">
     <span class='ocr_line' id='line_1_8' title="bbox 375 1291 2032 1363; baseline -0.005 -9"><span class='ocrx_word' id='word_1_34' title='bbox 375 1303 465 1354; x_wconf 89' lang='lat' dir='ltr'><strong>tas</strong></span> <span class='ocrx_word' id='word_1_35' title='bbox 503 1296 754 1352; x_wconf 83' lang='lat' dir='ltr'><strong>litteras:</strong></span> <span class='ocrx_word' id='word_1_36' title='bbox 779 1293 850 1349; x_wconf 90' lang='lat' dir='ltr'><strong>ab</strong></span> <span class='ocrx_word' id='word_1_37' title='bbox 879 1291 1110 1349; x_wconf 88' lang='lat' dir='ltr'><strong>Oriente</strong></span> <span class='ocrx_word' id='word_1_38' title='bbox 1157 1305 1310 1363; x_wconf 89' lang='lat' dir='ltr'><strong>vero,</strong></span> <span class='ocrx_word' id='word_1_39' title='bbox 1357 1292 1572 1348; x_wconf 79' lang='lat' dir='ltr'><strong>Joanne</strong></span> <span class='ocrx_word' id='word_1_40' title='bbox 1615 1297 1673 1348; x_wconf 92' lang='lat' dir='ltr'><strong>et</strong></span> <span class='ocrx_word' id='word_1_41' title='bbox 1697 1291 1910 1347; x_wconf 90' lang='lat' dir='ltr'><strong>Thoma</strong></span> <span class='ocrx_word' id='word_1_42' title='bbox 1949 1303 2032 1345; x_wconf 88' lang='lat' dir='ltr'><strong>re-</strong></span> 
     </span>
    </p>
   </div>
   <div class='ocr_carea' id='block_1_9' title="bbox 373 1379 2032 1452">
    <p class='ocr_par' dir='ltr' id='par_1_9' title="bbox 373 1379 2032 1452">
     <span class='ocr_line' id='line_1_9' title="bbox 373 1379 2032 1452; baseline -0.004 -12"><span class='ocrx_word' id='word_1_43' title='bbox 373 1381 808 1441; x_wconf 86' lang='lat' dir='ltr'><strong>verendissimis</strong></span> <span class='ocrx_word' id='word_1_44' title='bbox 855 1380 1202 1452; x_wconf 83' lang='lat' dir='ltr'><strong>presbyteris</strong></span> <span class='ocrx_word' id='word_1_45' title='bbox 1257 1385 1314 1437; x_wconf 90' lang='lat' dir='ltr'><strong>et</strong></span> <span class='ocrx_word' id='word_1_46' title='bbox 1351 1379 1647 1437; x_wconf 86' lang='lat' dir='ltr'><strong>monachis</strong></span> <span class='ocrx_word' id='word_1_47' title='bbox 1684 1385 1856 1450; x_wconf 90' lang='lat' dir='ltr'><strong>atque</strong></span> <span class='ocrx_word' id='word_1_48' title='bbox 1905 1393 2032 1450; x_wconf 89' lang='lat' dir='ltr'><strong>syn-</strong></span> 
     </span>
    </p>
   </div>
   <div class='ocr_carea' id='block_1_10' title="bbox 375 1461 2031 1545">
    <p class='ocr_par' dir='ltr' id='par_1_10' title="bbox 375 1461 2031 1545">
     <span class='ocr_line' id='line_1_10' title="bbox 375 1461 2031 1545; baseline -0.004 -14"><span class='ocrx_word' id='word_1_49' title='bbox 375 1474 540 1531; x_wconf 90' lang='lat' dir='ltr'><strong>cellis</strong></span> <span class='ocrx_word' id='word_1_50' title='bbox 586 1471 1042 1545; x_wconf 83' lang='lat' dir='ltr'><strong>patriarcharum</strong></span> <span class='ocrx_word' id='word_1_51' title='bbox 1094 1469 1306 1526; x_wconf 88' lang='lat' dir='ltr'><strong>ibidem</strong></span> <span class='ocrx_word' id='word_1_52' title='bbox 1355 1461 1747 1541; x_wconf 85' lang='lat' dir='ltr'><strong>existentium,</strong></span> <span class='ocrx_word' id='word_1_53' title='bbox 1793 1473 1850 1524; x_wconf 93' lang='lat' dir='ltr'><strong>et</strong></span> <span class='ocrx_word' id='word_1_54' title='bbox 1884 1467 2031 1538; x_wconf 92' lang='lat' dir='ltr'><strong>ipsis</strong></span> 
     </span>
    </p>
   </div>
   <div class='ocr_carea' id='block_1_11' title="bbox 374 1557 2034 1636">
    <p class='ocr_par' dir='ltr' id='par_1_11' title="bbox 374 1557 2034 1636">
     <span class='ocr_line' id='line_1_11' title="bbox 374 1557 2034 1636; baseline -0.005 -16"><span class='ocrx_word' id='word_1_55' title='bbox 374 1563 500 1636; x_wconf 91' lang='lat' dir='ltr'><strong>pari</strong></span> <span class='ocrx_word' id='word_1_56' title='bbox 537 1561 703 1618; x_wconf 91' lang='lat' dir='ltr'><strong>modo</strong></span> <span class='ocrx_word' id='word_1_57' title='bbox 743 1558 1132 1616; x_wconf 83' lang='lat' dir='ltr'><strong>deferentibus</strong></span> <span class='ocrx_word' id='word_1_58' title='bbox 1175 1564 1517 1629; x_wconf 71' lang='lat' dir='ltr'><strong>praenotatas</strong></span> <span class='ocrx_word' id='word_1_59' title='bbox 1555 1557 1800 1622; x_wconf 79' lang='lat' dir='ltr'><strong>litteras,</strong></span> <span class='ocrx_word' id='word_1_60' title='bbox 1831 1570 2034 1628; x_wconf 63' lang='lat' dir='ltr'><strong>praece-</strong></span> 
     </span>
    </p>
   </div>
   <div class='ocr_carea' id='block_1_12' title="bbox 375 1642 2034 1724">
    <p class='ocr_par' dir='ltr' id='par_1_12' title="bbox 375 1642 2034 1724">
     <span class='ocr_line' id='line_1_12' title="bbox 375 1642 2034 1724; baseline -0.005 -16"><span class='ocrx_word' id='word_1_61' title='bbox 375 1656 584 1724; x_wconf 91' lang='lat' dir='ltr'><strong>perunt</strong></span> <span class='ocrx_word' id='word_1_62' title='bbox 625 1650 1038 1706; x_wconf 89' lang='lat' dir='ltr'><strong>instauratores</strong></span> <span class='ocrx_word' id='word_1_63' title='bbox 1070 1642 1512 1721; x_wconf 86' lang='lat' dir='ltr'><strong>[moderatores]</strong></span> <span class='ocrx_word' id='word_1_64' title='bbox 1565 1645 1795 1716; x_wconf 89' lang='lat' dir='ltr'><strong>imperii</strong></span> <span class='ocrx_word' id='word_1_65' title='bbox 1837 1658 2034 1702; x_wconf 90' lang='lat' dir='ltr'><strong>conve-</strong></span> 
     </span>
    </p>
   </div>
   <div class='ocr_carea' id='block_1_13' title="bbox 375 1735 2037 1810">
    <p class='ocr_par' dir='ltr' id='par_1_13' title="bbox 375 1735 2037 1810">
     <span class='ocr_line' id='line_1_13' title="bbox 375 1735 2037 1810; baseline -0.004 -13"><span class='ocrx_word' id='word_1_66' title='bbox 375 1741 502 1797; x_wconf 88' lang='lat' dir='ltr'><strong>nire</strong></span> <span class='ocrx_word' id='word_1_67' title='bbox 529 1739 846 1810; x_wconf 90' lang='lat' dir='ltr'><strong>episcopos.</strong></span> <span class='ocrx_word' id='word_1_68' title='bbox 879 1735 986 1805; x_wconf 91' lang='lat' dir='ltr'><strong>Qui</strong></span> <span class='ocrx_word' id='word_1_69' title='bbox 1023 1750 1154 1792; x_wconf 91' lang='lat' dir='ltr'><strong>cum</strong></span> <span class='ocrx_word' id='word_1_70' title='bbox 1198 1735 1588 1807; x_wconf 82' lang='lat' dir='ltr'><strong>pervenissent</strong></span> <span class='ocrx_word' id='word_1_71' title='bbox 1625 1735 1686 1790; x_wconf 90' lang='lat' dir='ltr'><strong>in</strong></span> <span class='ocrx_word' id='word_1_72' title='bbox 1741 1747 2037 1791; x_wconf 55' lang='lat' dir='ltr'><strong>conservae</strong></span> 
     </span>
    </p>
   </div>
   <div class='ocr_carea' id='block_1_14' title="bbox 373 1823 2033 1899">
    <p class='ocr_par' dir='ltr' id='par_1_14' title="bbox 373 1823 2033 1899">
     <span class='ocr_line' id='line_1_14' title="bbox 373 1823 2033 1899; baseline -0.005 -12"><span class='ocrx_word' id='word_1_73' title='bbox 373 1835 488 1887; x_wconf 89' lang='lat' dir='ltr'><strong>tam</strong></span> <span class='ocrx_word' id='word_1_74' title='bbox 513 1843 547 1886; x_wconf 92' lang='lat' dir='ltr'><strong>a</strong></span> <span class='ocrx_word' id='word_1_75' title='bbox 573 1831 686 1885; x_wconf 91' lang='lat' dir='ltr'><strong>Deo</strong></span> <span class='ocrx_word' id='word_1_76' title='bbox 712 1832 768 1884; x_wconf 88' lang='lat' dir='ltr'><strong>et</strong></span> <span class='ocrx_word' id='word_1_77' title='bbox 805 1827 1020 1899; x_wconf 83' lang='lat' dir='ltr'><strong>regiam</strong></span> <span class='ocrx_word' id='word_1_78' title='bbox 1059 1825 1278 1896; x_wconf 88' lang='lat' dir='ltr'><strong>urbem,</strong></span> <span class='ocrx_word' id='word_1_79' title='bbox 1322 1825 1474 1896; x_wconf 91' lang='lat' dir='ltr'><strong>apud</strong></span> <span class='ocrx_word' id='word_1_80' title='bbox 1513 1823 1813 1880; x_wconf 84' lang='lat' dir='ltr'><strong>Thraciam</strong></span> <span class='ocrx_word' id='word_1_81' title='bbox 1846 1836 2033 1879; x_wconf 90' lang='lat' dir='ltr'><strong>moras</strong></span> 
     </span>
    </p>
   </div>
   <div class='ocr_carea' id='block_1_15' title="bbox 375 1913 2035 1986">
    <p class='ocr_par' dir='ltr' id='par_1_15' title="bbox 375 1913 2035 1986">
     <span class='ocr_line' id='line_1_15' title="bbox 375 1913 2035 1986; baseline -0.005 -11"><span class='ocrx_word' id='word_1_82' title='bbox 375 1917 658 1975; x_wconf 85' lang='lat' dir='ltr'><strong>faciebant</strong></span> <span class='ocrx_word' id='word_1_83' title='bbox 715 1915 1098 1986; x_wconf 85' lang='lat' dir='ltr'><strong>potentissimi</strong></span> <span class='ocrx_word' id='word_1_84' title='bbox 1144 1914 1455 1985; x_wconf 88' lang='lat' dir='ltr'><strong>principes.</strong></span> <span class='ocrx_word' id='word_1_85' title='bbox 1505 1913 1708 1968; x_wconf 90' lang='lat' dir='ltr'><strong>Plures</strong></span> <span class='ocrx_word' id='word_1_86' title='bbox 1747 1917 1934 1968; x_wconf 89' lang='lat' dir='ltr'><strong>autem</strong></span> <span class='ocrx_word' id='word_1_87' title='bbox 1967 1925 2035 1966; x_wconf 87' lang='lat' dir='ltr'><strong>ex</strong></span> 
     </span>
    </p>
   </div>
   <div class='ocr_carea' id='block_1_16' title="bbox 375 2000 2036 2080">
    <p class='ocr_par' dir='ltr' id='par_1_16' title="bbox 375 2000 2036 2080">
     <span class='ocr_line' id='line_1_16' title="bbox 375 2000 2036 2080; baseline -0.005 -17"><span class='ocrx_word' id='word_1_88' title='bbox 375 2007 524 2079; x_wconf 90' lang='lat' dir='ltr'><strong>ipsis</strong></span> <span class='ocrx_word' id='word_1_89' title='bbox 565 2001 909 2080; x_wconf 88' lang='lat' dir='ltr'><strong>[episcopis]</strong></span> <span class='ocrx_word' id='word_1_90' title='bbox 941 2005 1001 2060; x_wconf 93' lang='lat' dir='ltr'><strong>in</strong></span> <span class='ocrx_word' id='word_1_91' title='bbox 1031 2003 1232 2059; x_wconf 73' lang='lat' dir='ltr'><strong>haeresi</strong></span> <span class='ocrx_word' id='word_1_92' title='bbox 1258 2002 1620 2058; x_wconf 90' lang='lat' dir='ltr'><strong>Christianos</strong></span> <span class='ocrx_word' id='word_1_93' title='bbox 1639 2000 2036 2058; x_wconf 81' lang='lat' dir='ltr'><strong>accusantium</strong></span> 
     </span>
    </p>
   </div>
   <div class='ocr_carea' id='block_1_17' title="bbox 374 2091 2033 2162">
    <p class='ocr_par' dir='ltr' id='par_1_17' title="bbox 374 2091 2033 2162">
     <span class='ocr_line' id='line_1_17' title="bbox 374 2091 2033 2162; baseline -0.004 -10"><span class='ocrx_word' id='word_1_94' title='bbox 374 2095 616 2152; x_wconf 85' lang='lat' dir='ltr'><strong>volutati</strong></span> <span class='ocrx_word' id='word_1_95' title='bbox 697 2093 1114 2150; x_wconf 89' lang='lat' dir='ltr'><strong>conturbabant</strong></span> <span class='ocrx_word' id='word_1_96' title='bbox 1175 2105 1286 2148; x_wconf 90' lang='lat' dir='ltr'><strong>una</strong></span> <span class='ocrx_word' id='word_1_97' title='bbox 1337 2105 1466 2147; x_wconf 89' lang='lat' dir='ltr'><strong>cum</strong></span> <span class='ocrx_word' id='word_1_98' title='bbox 1521 2091 1868 2162; x_wconf 90' lang='lat' dir='ltr'><strong>quibusdam</strong></span> <span class='ocrx_word' id='word_1_99' title='bbox 1922 2103 2033 2145; x_wconf 92' lang='lat' dir='ltr'><strong>non</strong></span> 
     </span>
    </p>
   </div>
   <div class='ocr_carea' id='block_1_18' title="bbox 373 2177 2039 2256">
    <p class='ocr_par' dir='ltr' id='par_1_18' title="bbox 373 2177 2039 2256">
     <span class='ocr_line' id='line_1_18' title="bbox 373 2177 2039 2256; baseline -0.005 -16"><span class='ocrx_word' id='word_1_100' title='bbox 373 2198 557 2256; x_wconf 90' lang='lat' dir='ltr'><strong>pauco</strong></span> <span class='ocrx_word' id='word_1_101' title='bbox 588 2197 824 2240; x_wconf 88' lang='lat' dir='ltr'><strong>numero</strong></span> <span class='ocrx_word' id='word_1_102' title='bbox 855 2182 1040 2254; x_wconf 85' lang='lat' dir='ltr'><strong>laicis,</strong></span> <span class='ocrx_word' id='word_1_103' title='bbox 1075 2195 1186 2238; x_wconf 90' lang='lat' dir='ltr'><strong>non</strong></span> <span class='ocrx_word' id='word_1_104' title='bbox 1229 2180 1645 2236; x_wconf 89' lang='lat' dir='ltr'><strong>admittendum</strong></span> <span class='ocrx_word' id='word_1_105' title='bbox 1677 2179 1746 2235; x_wconf 91' lang='lat' dir='ltr'><strong>ad</strong></span> <span class='ocrx_word' id='word_1_106' title='bbox 1795 2177 2039 2234; x_wconf 80' lang='lat' dir='ltr'><strong>efﬁcien-</strong></span> 
     </span>
    </p>
   </div>
   <div class='ocr_carea' id='block_1_19' title="bbox 373 2265 2038 2344">
    <p class='ocr_par' dir='ltr' id='par_1_19' title="bbox 373 2265 2038 2344">
     <span class='ocr_line' id='line_1_19' title="bbox 373 2265 2038 2344; baseline -0.005 -15"><span class='ocrx_word' id='word_1_107' title='bbox 373 2274 501 2330; x_wconf 91' lang='lat' dir='ltr'><strong>dam</strong></span> <span class='ocrx_word' id='word_1_108' title='bbox 529 2272 830 2344; x_wconf 86' lang='lat' dir='ltr'><strong>synodum,</strong></span> <span class='ocrx_word' id='word_1_109' title='bbox 863 2272 958 2328; x_wconf 91' lang='lat' dir='ltr'><strong>sed</strong></span> <span class='ocrx_word' id='word_1_110' title='bbox 991 2269 1459 2326; x_wconf 90' lang='lat' dir='ltr'><strong>consentiendum</strong></span> <span class='ocrx_word' id='word_1_111' title='bbox 1485 2267 1833 2338; x_wconf 90' lang='lat' dir='ltr'><strong>depositioni</strong></span> <span class='ocrx_word' id='word_1_112' title='bbox 1866 2270 1923 2322; x_wconf 91' lang='lat' dir='ltr'><strong>et</strong></span> <span class='ocrx_word' id='word_1_113' title='bbox 1953 2265 2038 2321; x_wconf 86' lang='lat' dir='ltr'><strong>in-</strong></span> 
     </span>
    </p>
   </div>
   <div class='ocr_carea' id='block_1_20' title="bbox 369 2355 2032 2431">
    <p class='ocr_par' dir='ltr' id='par_1_20' title="bbox 369 2355 2032 2431">
     <span class='ocr_line' id='line_1_20' title="bbox 369 2355 2032 2431; baseline -0.005 -14"><span class='ocrx_word' id='word_1_114' title='bbox 369 2361 542 2431; x_wconf 71' lang='lat' dir='ltr'><strong>juria:</strong></span> <span class='ocrx_word' id='word_1_115' title='bbox 597 2359 1012 2416; x_wconf 88' lang='lat' dir='ltr'><strong>venerabilium</strong></span> <span class='ocrx_word' id='word_1_116' title='bbox 1067 2357 1426 2430; x_wconf 83' lang='lat' dir='ltr'><strong>imaginum;</strong></span> <span class='ocrx_word' id='word_1_117' title='bbox 1473 2361 1530 2412; x_wconf 90' lang='lat' dir='ltr'><strong>et</strong></span> <span class='ocrx_word' id='word_1_118' title='bbox 1587 2355 1864 2411; x_wconf 84' lang='lat' dir='ltr'><strong>factiones</strong></span> <span class='ocrx_word' id='word_1_119' title='bbox 1919 2367 2032 2410; x_wconf 90' lang='lat' dir='ltr'><strong>non</strong></span> 
     </span>
    </p>
   </div>
   <div class='ocr_carea' id='block_1_21' title="bbox 2139 1197 3806 1272">
    <p class='ocr_par' dir='ltr' id='par_1_21' title="bbox 2139 1197 3806 1272">
     <span class='ocr_line' id='line_1_21' title="bbox 2139 1197 3806 1272; baseline 0.002 -18"><span class='ocrx_word' id='word_1_120' title='bbox 2139 1197 2452 1270; x_wconf 86' lang='lat' dir='ltr'><strong>aliquando</strong></span> <span class='ocrx_word' id='word_1_121' title='bbox 2483 1200 2761 1271; x_wconf 87' lang='lat' dir='ltr'><strong>synodum</strong></span> <span class='ocrx_word' id='word_1_122' title='bbox 2789 1200 3170 1257; x_wconf 90' lang='lat' dir='ltr'><strong>universalem</strong></span> <span class='ocrx_word' id='word_1_123' title='bbox 3195 1199 3318 1256; x_wconf 81' lang='lat' dir='ltr'><strong>ﬁeri</strong></span> <span class='ocrx_word' id='word_1_124' title='bbox 3343 1208 3548 1272; x_wconf 69' lang='lat' dir='ltr'><strong>prteter</strong></span> <span class='ocrx_word' id='word_1_125' title='bbox 3568 1217 3806 1259; x_wconf 88' lang='lat' dir='ltr'><strong>consen-</strong></span> 
     </span>
    </p>
   </div>
   <div class='ocr_carea' id='block_1_22' title="bbox 2141 1289 3802 1360">
    <p class='ocr_par' dir='ltr' id='par_1_22' title="bbox 2141 1289 3802 1360">
     <span class='ocr_line' id='line_1_22' title="bbox 2141 1289 3802 1360; baseline 0.003 -17"><span class='ocrx_word' id='word_1_126' title='bbox 2141 1302 2270 1343; x_wconf 91' lang='lat' dir='ltr'><strong>sum</strong></span> <span class='ocrx_word' id='word_1_127' title='bbox 2341 1293 2674 1346; x_wconf 68' lang='lat' dir='ltr'><strong>caaterorum</strong></span> <span class='ocrx_word' id='word_1_128' title='bbox 2735 1289 3230 1347; x_wconf 86' lang='lat' dir='ltr'><strong>sanctissimorum</strong></span> <span class='ocrx_word' id='word_1_129' title='bbox 3297 1290 3802 1360; x_wconf 86' lang='lat' dir='ltr'><strong>patriarcharum:</strong></span> 
     </span>
    </p>
   </div>
   <div class='ocr_carea' id='block_1_23' title="bbox 2139 1377 3808 1453">
    <p class='ocr_par' dir='ltr' id='par_1_23' title="bbox 2139 1377 3808 1453">
     <span class='ocr_line' id='line_1_23' title="bbox 2139 1377 3808 1453; baseline 0.004 -22"><span class='ocrx_word' id='word_1_130' title='bbox 2139 1389 2386 1448; x_wconf 88' lang='lat' dir='ltr'><strong>cumque</strong></span> <span class='ocrx_word' id='word_1_131' title='bbox 2415 1377 2738 1449; x_wconf 83' lang='lat' dir='ltr'><strong>legerentur</strong></span> <span class='ocrx_word' id='word_1_132' title='bbox 2775 1379 2912 1450; x_wconf 60' lang='lat' dir='ltr'><strong>haec,</strong></span> <span class='ocrx_word' id='word_1_133' title='bbox 2951 1377 3097 1435; x_wconf 89' lang='lat' dir='ltr'><strong>facta</strong></span> <span class='ocrx_word' id='word_1_134' title='bbox 3120 1383 3208 1435; x_wconf 86' lang='lat' dir='ltr'><strong>est</strong></span> <span class='ocrx_word' id='word_1_135' title='bbox 3235 1377 3404 1435; x_wconf 92' lang='lat' dir='ltr'><strong>turba</strong></span> <span class='ocrx_word' id='word_1_136' title='bbox 3431 1379 3710 1453; x_wconf 89' lang='lat' dir='ltr'><strong>militum,</strong></span> <span class='ocrx_word' id='word_1_137' title='bbox 3749 1387 3808 1438; x_wconf 89' lang='lat' dir='ltr'><strong>et</strong></span> 
     </span>
    </p>
   </div>
   <div class='ocr_carea' id='block_1_24' title="bbox 2138 1466 3810 1538">
    <p class='ocr_par' dir='ltr' id='par_1_24' title="bbox 2138 1466 3810 1538">
     <span class='ocr_line' id='line_1_24' title="bbox 2138 1466 3810 1538; baseline 0.004 -18"><span class='ocrx_word' id='word_1_138' title='bbox 2138 1471 2269 1520; x_wconf 90' lang='lat' dir='ltr'><strong>ante</strong></span> <span class='ocrx_word' id='word_1_139' title='bbox 2295 1466 2504 1536; x_wconf 90' lang='lat' dir='ltr'><strong>januas</strong></span> <span class='ocrx_word' id='word_1_140' title='bbox 2542 1467 2847 1524; x_wconf 84' lang='lat' dir='ltr'><strong>venerandi</strong></span> <span class='ocrx_word' id='word_1_141' title='bbox 2880 1467 3078 1538; x_wconf 89' lang='lat' dir='ltr'><strong>templi</strong></span> <span class='ocrx_word' id='word_1_142' title='bbox 3119 1467 3471 1524; x_wconf 86' lang='lat' dir='ltr'><strong>simultatem</strong></span> <span class='ocrx_word' id='word_1_143' title='bbox 3502 1475 3558 1526; x_wconf 90' lang='lat' dir='ltr'><strong>et</strong></span> <span class='ocrx_word' id='word_1_144' title='bbox 3595 1469 3810 1527; x_wconf 87' lang='lat' dir='ltr'><strong>clamo-</strong></span> 
     </span>
    </p>
   </div>
   <div class='ocr_carea' id='block_1_25' title="bbox 2138 1547 3809 1632">
    <p class='ocr_par' dir='ltr' id='par_1_25' title="bbox 2138 1547 3809 1632">
     <span class='ocr_line' id='line_1_25' title="bbox 2138 1547 3809 1632; baseline 0.004 -22"><span class='ocrx_word' id='word_1_145' title='bbox 2138 1567 2256 1610; x_wconf 91' lang='lat' dir='ltr'><strong>rem</strong></span> <span class='ocrx_word' id='word_1_146' title='bbox 2287 1553 2591 1629; x_wconf 89' lang='lat' dir='ltr'><strong>faciebant,</strong></span> <span class='ocrx_word' id='word_1_147' title='bbox 2631 1557 2729 1628; x_wconf 91' lang='lat' dir='ltr'><strong>qui</strong></span> <span class='ocrx_word' id='word_1_148' title='bbox 2757 1572 2826 1614; x_wconf 89' lang='lat' dir='ltr'><strong>ex</strong></span> <span class='ocrx_word' id='word_1_149' title='bbox 2858 1557 3246 1614; x_wconf 88' lang='lat' dir='ltr'><strong>submissione</strong></span> <span class='ocrx_word' id='word_1_150' title='bbox 3280 1547 3660 1630; x_wconf 79' lang='lat' dir='ltr'><strong>quorumdam</strong></span> <span class='ocrx_word' id='word_1_151' title='bbox 3683 1560 3809 1632; x_wconf 90' lang='lat' dir='ltr'><strong>epi-</strong></span> 
     </span>
    </p>
   </div>
   <div class='ocr_carea' id='block_1_26' title="bbox 2137 1646 3804 1720">
    <p class='ocr_par' dir='ltr' id='par_1_26' title="bbox 2137 1646 3804 1720">
     <span class='ocr_line' id='line_1_26' title="bbox 2137 1646 3804 1720; baseline 0.004 -20"><span class='ocrx_word' id='word_1_152' title='bbox 2137 1657 2458 1715; x_wconf 89' lang='lat' dir='ltr'><strong>sc0porum,</strong></span> <span class='ocrx_word' id='word_1_153' title='bbox 2499 1646 2598 1717; x_wconf 91' lang='lat' dir='ltr'><strong>qui</strong></span> <span class='ocrx_word' id='word_1_154' title='bbox 2629 1647 2688 1702; x_wconf 92' lang='lat' dir='ltr'><strong>in</strong></span> <span class='ocrx_word' id='word_1_155' title='bbox 2727 1647 2943 1718; x_wconf 88' lang='lat' dir='ltr'><strong>synodo</strong></span> <span class='ocrx_word' id='word_1_156' title='bbox 2991 1647 3139 1703; x_wconf 90' lang='lat' dir='ltr'><strong>male</strong></span> <span class='ocrx_word' id='word_1_157' title='bbox 3184 1647 3523 1720; x_wconf 89' lang='lat' dir='ltr'><strong>sentiebant,</strong></span> <span class='ocrx_word' id='word_1_158' title='bbox 3574 1649 3643 1704; x_wconf 91' lang='lat' dir='ltr'><strong>ad</strong></span> <span class='ocrx_word' id='word_1_159' title='bbox 3693 1649 3804 1706; x_wconf 88' lang='lat' dir='ltr'><strong>hoc</strong></span> 
     </span>
    </p>
   </div>
   <div class='ocr_carea' id='block_1_27' title="bbox 2139 1733 3798 1808">
    <p class='ocr_par' dir='ltr' id='par_1_27' title="bbox 2139 1733 3798 1808">
     <span class='ocr_line' id='line_1_27' title="bbox 2139 1733 3798 1808; baseline 0.004 -20"><span class='ocrx_word' id='word_1_160' title='bbox 2139 1733 2300 1806; x_wconf 86' lang='lat' dir='ltr'><strong>moti,</strong></span> <span class='ocrx_word' id='word_1_161' title='bbox 2329 1734 2536 1804; x_wconf 89' lang='lat' dir='ltr'><strong>reperti</strong></span> <span class='ocrx_word' id='word_1_162' title='bbox 2583 1741 2720 1792; x_wconf 91' lang='lat' dir='ltr'><strong>sunt</strong></span> <span class='ocrx_word' id='word_1_163' title='bbox 2753 1749 2895 1792; x_wconf 91' lang='lat' dir='ltr'><strong>esse.</strong></span> <span class='ocrx_word' id='word_1_164' title='bbox 2928 1735 3154 1805; x_wconf 90' lang='lat' dir='ltr'><strong>Quibus</strong></span> <span class='ocrx_word' id='word_1_165' title='bbox 3179 1736 3443 1806; x_wconf 87' lang='lat' dir='ltr'><strong>peractis,</strong></span> <span class='ocrx_word' id='word_1_166' title='bbox 3486 1735 3798 1808; x_wconf 88' lang='lat' dir='ltr'><strong>imperium</strong></span> 
     </span>
    </p>
   </div>
   <div class='ocr_carea' id='block_1_28' title="bbox 2139 1822 3804 1895">
    <p class='ocr_par' dir='ltr' id='par_1_28' title="bbox 2139 1822 3804 1895">
     <span class='ocr_line' id='line_1_28' title="bbox 2139 1822 3804 1895; baseline 0.002 -17"><span class='ocrx_word' id='word_1_167' title='bbox 2139 1837 2239 1893; x_wconf 91' lang='lat' dir='ltr'><strong>per</strong></span> <span class='ocrx_word' id='word_1_168' title='bbox 2253 1822 2680 1880; x_wconf 89' lang='lat' dir='ltr'><strong>cubicularium</strong></span> <span class='ocrx_word' id='word_1_169' title='bbox 2696 1825 2852 1880; x_wconf 91' lang='lat' dir='ltr'><strong>omni</strong></span> <span class='ocrx_word' id='word_1_170' title='bbox 2883 1825 3096 1895; x_wconf 90' lang='lat' dir='ltr'><strong>synodo</strong></span> <span class='ocrx_word' id='word_1_171' title='bbox 3117 1825 3296 1894; x_wconf 88' lang='lat' dir='ltr'><strong>jussit</strong></span> <span class='ocrx_word' id='word_1_172' title='bbox 3317 1825 3538 1880; x_wconf 87' lang='lat' dir='ltr'><strong>dicere:</strong></span> <span class='ocrx_word' id='word_1_173' title='bbox 3561 1826 3804 1882; x_wconf 86' lang='lat' dir='ltr'><strong>Interim</strong></span> 
     </span>
    </p>
   </div>
   <div class='ocr_carea' id='block_1_29' title="bbox 2137 1911 3812 1985">
    <p class='ocr_par' dir='ltr' id='par_1_29' title="bbox 2137 1911 3812 1985">
     <span class='ocr_line' id='line_1_29' title="bbox 2137 1911 3812 1985; baseline 0.002 -17"><span class='ocrx_word' id='word_1_174' title='bbox 2137 1911 2444 1985; x_wconf 87' lang='lat' dir='ltr'><strong>abscedite,</strong></span> <span class='ocrx_word' id='word_1_175' title='bbox 2488 1919 2552 1970; x_wconf 91' lang='lat' dir='ltr'><strong>ut</strong></span> <span class='ocrx_word' id='word_1_176' title='bbox 2602 1913 2800 1984; x_wconf 90' lang='lat' dir='ltr'><strong>populi</strong></span> <span class='ocrx_word' id='word_1_177' title='bbox 2853 1913 3244 1970; x_wconf 89' lang='lat' dir='ltr'><strong>inordinatum</strong></span> <span class='ocrx_word' id='word_1_178' title='bbox 3296 1913 3569 1985; x_wconf 87' lang='lat' dir='ltr'><strong>impetum</strong></span> <span class='ocrx_word' id='word_1_179' title='bbox 3607 1916 3812 1972; x_wconf 87' lang='lat' dir='ltr'><strong>evada-</strong></span> 
     </span>
    </p>
   </div>
   <div class='ocr_carea' id='block_1_30' title="bbox 2139 2001 3804 2074">
    <p class='ocr_par' dir='ltr' id='par_1_30' title="bbox 2139 2001 3804 2074">
     <span class='ocr_line' id='line_1_30' title="bbox 2139 2001 3804 2074; baseline 0.002 -18"><span class='ocrx_word' id='word_1_180' title='bbox 2139 2015 2302 2073; x_wconf 90' lang='lat' dir='ltr'><strong>mus;</strong></span> <span class='ocrx_word' id='word_1_181' title='bbox 2335 2007 2392 2057; x_wconf 91' lang='lat' dir='ltr'><strong>et</strong></span> <span class='ocrx_word' id='word_1_182' title='bbox 2416 2001 2650 2072; x_wconf 89' lang='lat' dir='ltr'><strong>posthac</strong></span> <span class='ocrx_word' id='word_1_183' title='bbox 2690 2001 2958 2058; x_wconf 90' lang='lat' dir='ltr'><strong>voluntas</strong></span> <span class='ocrx_word' id='word_1_184' title='bbox 2999 2002 3226 2058; x_wconf 92' lang='lat' dir='ltr'><strong>Domini</strong></span> <span class='ocrx_word' id='word_1_185' title='bbox 3274 2002 3400 2058; x_wconf 85' lang='lat' dir='ltr'><strong>fiet:</strong></span> <span class='ocrx_word' id='word_1_186' title='bbox 3429 2003 3624 2060; x_wconf 89' lang='lat' dir='ltr'><strong>taliter</strong></span> <span class='ocrx_word' id='word_1_187' title='bbox 3649 2005 3804 2074; x_wconf 90' lang='lat' dir='ltr'><strong>quod</strong></span> 
     </span>
    </p>
   </div>
   <div class='ocr_carea' id='block_1_31' title="bbox 2140 2089 3810 2163">
    <p class='ocr_par' dir='ltr' id='par_1_31' title="bbox 2140 2089 3810 2163">
     <span class='ocr_line' id='line_1_31' title="bbox 2140 2089 3810 2163; baseline 0.001 -17"><span class='ocrx_word' id='word_1_188' title='bbox 2140 2089 2504 2146; x_wconf 90' lang='lat' dir='ltr'><strong>antistitibus</strong></span> <span class='ocrx_word' id='word_1_189' title='bbox 2527 2104 2558 2146; x_wconf 89' lang='lat' dir='ltr'><strong>e</strong></span> <span class='ocrx_word' id='word_1_190' title='bbox 2597 2090 2809 2161; x_wconf 90' lang='lat' dir='ltr'><strong>templo</strong></span> <span class='ocrx_word' id='word_1_191' title='bbox 2839 2089 3290 2163; x_wconf 81' lang='lat' dir='ltr'><strong>egredientibus,</strong></span> <span class='ocrx_word' id='word_1_192' title='bbox 3325 2091 3561 2162; x_wconf 92' lang='lat' dir='ltr'><strong>quidam</strong></span> <span class='ocrx_word' id='word_1_193' title='bbox 3601 2105 3810 2148; x_wconf 89' lang='lat' dir='ltr'><strong>eorum</strong></span> 
     </span>
    </p>
   </div>
   <div class='ocr_carea' id='block_1_32' title="bbox 2142 2179 3813 2254">
    <p class='ocr_par' dir='ltr' id='par_1_32' title="bbox 2142 2179 3813 2254">
     <span class='ocr_line' id='line_1_32' title="bbox 2142 2179 3813 2254; baseline 0.003 -20"><span class='ocrx_word' id='word_1_194' title='bbox 2142 2179 2368 2236; x_wconf 84' lang='lat' dir='ltr'><strong>veritati</strong></span> <span class='ocrx_word' id='word_1_195' title='bbox 2419 2179 2748 2236; x_wconf 89' lang='lat' dir='ltr'><strong>resistentes</strong></span> <span class='ocrx_word' id='word_1_196' title='bbox 2805 2193 2937 2234; x_wconf 91' lang='lat' dir='ltr'><strong>cum</strong></span> <span class='ocrx_word' id='word_1_197' title='bbox 2985 2179 3154 2234; x_wconf 91' lang='lat' dir='ltr'><strong>turba</strong></span> <span class='ocrx_word' id='word_1_198' title='bbox 3197 2180 3703 2254; x_wconf 85' lang='lat' dir='ltr'><strong>concinnaverant,</strong></span> <span class='ocrx_word' id='word_1_199' title='bbox 3748 2188 3813 2239; x_wconf 85' lang='lat' dir='ltr'><strong>et</strong></span> 
     </span>
    </p>
   </div>
   <div class='ocr_carea' id='block_1_33' title="bbox 2143 2265 3813 2342">
    <p class='ocr_par' dir='ltr' id='par_1_33' title="bbox 2143 2265 3813 2342">
     <span class='ocr_line' id='line_1_33' title="bbox 2143 2265 3813 2342; baseline 0.002 -20"><span class='ocrx_word' id='word_1_200' title='bbox 2143 2267 2320 2338; x_wconf 90' lang='lat' dir='ltr'><strong>impie</strong></span> <span class='ocrx_word' id='word_1_201' title='bbox 2347 2267 2818 2324; x_wconf 87' lang='lat' dir='ltr'><strong>declamationem</strong></span> <span class='ocrx_word' id='word_1_202' title='bbox 2851 2265 3136 2324; x_wconf 89' lang='lat' dir='ltr'><strong>faciebant</strong></span> <span class='ocrx_word' id='word_1_203' title='bbox 3168 2269 3588 2342; x_wconf 89' lang='lat' dir='ltr'><strong>pseudosyllogi</strong></span> <span class='ocrx_word' id='word_1_204' title='bbox 3613 2267 3667 2341; x_wconf 83' lang='grc' dir='ltr'><strong>(ι</strong></span> <span class='ocrx_word' id='word_1_205' title='bbox 3695 2271 3813 2326; x_wconf 86' lang='lat' dir='ltr'><strong>Sed</strong></span> 
     </span>
    </p>
   </div>
   <div class='ocr_carea' id='block_1_34' title="bbox 2141 2357 3814 2430">
    <p class='ocr_par' dir='ltr' id='par_1_34' title="bbox 2141 2357 3814 2430">
     <span class='ocr_line' id='line_1_34' title="bbox 2141 2357 3814 2430; baseline 0.003 -20"><span class='ocrx_word' id='word_1_206' title='bbox 2141 2357 2432 2412; x_wconf 80' lang='lat' dir='ltr'><strong>catholicus</strong></span> <span class='ocrx_word' id='word_1_207' title='bbox 2471 2359 2704 2427; x_wconf 80' lang='lat' dir='ltr'><strong>scriptor</strong></span> <span class='ocrx_word' id='word_1_208' title='bbox 2756 2358 3122 2412; x_wconf 69' lang='lat' dir='ltr'><strong>haereticorum</strong></span> <span class='ocrx_word' id='word_1_209' title='bbox 3173 2359 3613 2423; x_wconf 77' lang='lat' dir='ltr'><strong>conciliabulum,</strong></span> <span class='ocrx_word' id='word_1_210' title='bbox 3656 2360 3814 2430; x_wconf 84' lang='lat' dir='ltr'><strong>quod</strong></span> 
     </span>
    </p>
   </div>
   <div class='ocr_carea' id='block_1_35' title="bbox 374 2443 3811 2530">
    <p class='ocr_par' dir='ltr' id='par_1_35' title="bbox 374 2443 3811 2530">
     <span class='ocr_line' id='line_1_35' title="bbox 374 2443 3811 2530; baseline -0.001 -25"><span class='ocrx_word' id='word_1_211' title='bbox 374 2463 604 2520; x_wconf 85' lang='lat' dir='ltr'><strong>paucas,</strong></span> <span class='ocrx_word' id='word_1_212' title='bbox 637 2455 692 2504; x_wconf 86' lang='lat' dir='ltr'><strong>et</strong></span> <span class='ocrx_word' id='word_1_213' title='bbox 737 2447 1168 2503; x_wconf 84' lang='lat' dir='ltr'><strong>susurrationes</strong></span> <span class='ocrx_word' id='word_1_214' title='bbox 1195 2450 1392 2501; x_wconf 87' lang='lat' dir='ltr'><strong>contra</strong></span> <span class='ocrx_word' id='word_1_215' title='bbox 1446 2443 1833 2515; x_wconf 88' lang='lat' dir='ltr'><strong>patriarcham</strong></span> <span class='ocrx_word' id='word_1_216' title='bbox 1884 2456 2112 2530; x_wconf 84' lang='lat' dir='ltr'><strong>com-B</strong></span> <span class='ocrx_word' id='word_1_217' title='bbox 2141 2448 2266 2499; x_wconf 81' lang='lat' dir='ltr'><strong>ante</strong></span> <span class='ocrx_word' id='word_1_218' title='bbox 2303 2445 2443 2500; x_wconf 88' lang='lat' dir='ltr'><strong>hanc</strong></span> <span class='ocrx_word' id='word_1_219' title='bbox 2499 2446 2770 2514; x_wconf 82' lang='lat' dir='ltr'><strong>synodum</strong></span> <span class='ocrx_word' id='word_1_220' title='bbox 2821 2449 3030 2514; x_wconf 84' lang='lat' dir='ltr'><strong>factum</strong></span> <span class='ocrx_word' id='word_1_221' title='bbox 3072 2450 3170 2510; x_wconf 86' lang='lat' dir='ltr'><strong>est,</strong></span> <span class='ocrx_word' id='word_1_222' title='bbox 3212 2447 3462 2516; x_wconf 83' lang='lat' dir='ltr'><strong>quodque</strong></span> <span class='ocrx_word' id='word_1_223' title='bbox 3518 2451 3811 2518; x_wconf 83' lang='lat' dir='ltr'><strong>septimam</strong></span> 
     </span>
    </p>
   </div>
   <div class='ocr_carea' id='block_1_36' title="bbox 374 2532 2030 2608">
    <p class='ocr_par' dir='ltr' id='par_1_36' title="bbox 374 2532 2030 2608">
     <span class='ocr_line' id='line_1_36' title="bbox 374 2532 2030 2608; baseline -0.005 -14"><span class='ocrx_word' id='word_1_224' title='bbox 374 2537 691 2608; x_wconf 90' lang='lat' dir='ltr'><strong>movebant,</strong></span> <span class='ocrx_word' id='word_1_225' title='bbox 741 2537 823 2594; x_wconf 90' lang='lat' dir='ltr'><strong>ita</strong></span> <span class='ocrx_word' id='word_1_226' title='bbox 862 2543 924 2592; x_wconf 88' lang='lat' dir='ltr'><strong>ut</strong></span> <span class='ocrx_word' id='word_1_227' title='bbox 970 2534 1366 2592; x_wconf 89' lang='lat' dir='ltr'><strong>conventicula</strong></span> <span class='ocrx_word' id='word_1_228' title='bbox 1422 2532 1690 2590; x_wconf 87' lang='lat' dir='ltr'><strong>facerent.</strong></span> <span class='ocrx_word' id='word_1_229' title='bbox 1729 2533 1858 2588; x_wconf 57' lang='lat' dir='ltr'><strong>Haec</strong></span> <span class='ocrx_word' id='word_1_230' title='bbox 1895 2545 2030 2605; x_wconf 87' lang='lat' dir='ltr'><strong>ergo</strong></span> 
     </span>
    </p>
   </div>
   <div class='ocr_carea' id='block_1_37' title="bbox 372 2621 2028 2694">
    <p class='ocr_par' dir='ltr' id='par_1_37' title="bbox 372 2621 2028 2694">
     <span class='ocr_line' id='line_1_37' title="bbox 372 2621 2028 2694; baseline -0.004 -12"><span class='ocrx_word' id='word_1_231' title='bbox 372 2625 820 2683; x_wconf 88' lang='lat' dir='ltr'><strong>consiliantibus</strong></span> <span class='ocrx_word' id='word_1_232' title='bbox 845 2625 988 2694; x_wconf 90' lang='lat' dir='ltr'><strong>illis,</strong></span> <span class='ocrx_word' id='word_1_233' title='bbox 1015 2638 1182 2680; x_wconf 90' lang='lat' dir='ltr'><strong>aures</strong></span> <span class='ocrx_word' id='word_1_234' title='bbox 1205 2637 1314 2678; x_wconf 92' lang='lat' dir='ltr'><strong>non</strong></span> <span class='ocrx_word' id='word_1_235' title='bbox 1344 2622 1516 2678; x_wconf 89' lang='lat' dir='ltr'><strong>latuit</strong></span> <span class='ocrx_word' id='word_1_236' title='bbox 1542 2621 1902 2692; x_wconf 61' lang='lat' dir='ltr'><strong>patriarchas,</strong></span> <span class='ocrx_word' id='word_1_237' title='bbox 1931 2621 2028 2677; x_wconf 90' lang='lat' dir='ltr'><strong>sed</strong></span> 
     </span>
    </p>
   </div>
   <div class='ocr_carea' id='block_1_38' title="bbox 371 2708 2032 2780">
    <p class='ocr_par' dir='ltr' id='par_1_38' title="bbox 371 2708 2032 2780">
     <span class='ocr_line' id='line_1_38' title="bbox 371 2708 2032 2780; baseline -0.003 -11"><span class='ocrx_word' id='word_1_238' title='bbox 371 2713 559 2770; x_wconf 91' lang='lat' dir='ltr'><strong>adhuc</strong></span> <span class='ocrx_word' id='word_1_239' title='bbox 589 2711 974 2768; x_wconf 88' lang='lat' dir='ltr'><strong>conciliabula</strong></span> <span class='ocrx_word' id='word_1_240' title='bbox 1000 2725 1103 2767; x_wconf 89' lang='lat' dir='ltr'><strong>sua</strong></span> <span class='ocrx_word' id='word_1_241' title='bbox 1135 2709 1500 2780; x_wconf 82' lang='lat' dir='ltr'><strong>facientibus,</strong></span> <span class='ocrx_word' id='word_1_242' title='bbox 1521 2708 1738 2764; x_wconf 86' lang='lat' dir='ltr'><strong>direxit</strong></span> <span class='ocrx_word' id='word_1_243' title='bbox 1762 2709 1868 2780; x_wconf 90' lang='lat' dir='ltr'><strong>eis,</strong></span> <span class='ocrx_word' id='word_1_244' title='bbox 1891 2708 2032 2778; x_wconf 92' lang='lat' dir='ltr'><strong>quia</strong></span> 
     </span>
    </p>
   </div>
   <div class='ocr_carea' id='block_1_39' title="bbox 371 2797 2034 2871">
    <p class='ocr_par' dir='ltr' id='par_1_39' title="bbox 371 2797 2034 2871">
     <span class='ocr_line' id='line_1_39' title="bbox 371 2797 2034 2871; baseline -0.004 -13"><span class='ocrx_word' id='word_1_245' title='bbox 371 2801 898 2871; x_wconf 85' lang='lat' dir='ltr'><strong>Constantinopolis</strong></span> <span class='ocrx_word' id='word_1_246' title='bbox 935 2799 1265 2871; x_wconf 90' lang='lat' dir='ltr'><strong>episcopum</strong></span> <span class='ocrx_word' id='word_1_247' title='bbox 1303 2799 1488 2870; x_wconf 87' lang='lat' dir='ltr'><strong>habet,</strong></span> <span class='ocrx_word' id='word_1_248' title='bbox 1541 2803 1597 2854; x_wconf 89' lang='lat' dir='ltr'><strong>et</strong></span> <span class='ocrx_word' id='word_1_249' title='bbox 1643 2802 1846 2868; x_wconf 65' lang='lat' dir='ltr'><strong>praeter</strong></span> <span class='ocrx_word' id='word_1_250' title='bbox 1889 2797 2034 2854; x_wconf 87' lang='lat' dir='ltr'><strong>noti-</strong></span> 
     </span>
    </p>
   </div>
   <div class='ocr_carea' id='block_1_40' title="bbox 374 2884 2034 2960">
    <p class='ocr_par' dir='ltr' id='par_1_40' title="bbox 374 2884 2034 2960">
     <span class='ocr_line' id='line_1_40' title="bbox 374 2884 2034 2960; baseline -0.005 -12"><span class='ocrx_word' id='word_1_251' title='bbox 374 2891 514 2948; x_wconf 86' lang='lat' dir='ltr'><strong>tiam</strong></span> <span class='ocrx_word' id='word_1_252' title='bbox 559 2890 686 2960; x_wconf 87' lang='lat' dir='ltr'><strong>ejus</strong></span> <span class='ocrx_word' id='word_1_253' title='bbox 734 2903 845 2945; x_wconf 93' lang='lat' dir='ltr'><strong>non</strong></span> <span class='ocrx_word' id='word_1_254' title='bbox 885 2894 971 2944; x_wconf 89' lang='lat' dir='ltr'><strong>est</strong></span> <span class='ocrx_word' id='word_1_255' title='bbox 1011 2887 1174 2945; x_wconf 87' lang='lat' dir='ltr'><strong>vobis</strong></span> <span class='ocrx_word' id='word_1_256' title='bbox 1221 2887 1454 2943; x_wconf 89' lang='lat' dir='ltr'><strong>licentia</strong></span> <span class='ocrx_word' id='word_1_257' title='bbox 1503 2885 1901 2943; x_wconf 84' lang='lat' dir='ltr'><strong>conventicula</strong></span> <span class='ocrx_word' id='word_1_258' title='bbox 1957 2884 2034 2940; x_wconf 90' lang='lat' dir='ltr'><strong>fa-</strong></span> 
     </span>
    </p>
   </div>
   <div class='ocr_carea' id='block_1_41' title="bbox 371 2972 2034 3046">
    <p class='ocr_par' dir='ltr' id='par_1_41' title="bbox 371 2972 2034 3046">
     <span class='ocr_line' id='line_1_41' title="bbox 371 2972 2034 3046; baseline -0.005 -12"><span class='ocrx_word' id='word_1_259' title='bbox 371 2978 584 3034; x_wconf 92' lang='lat' dir='ltr'><strong>ciendi.</strong></span> <span class='ocrx_word' id='word_1_260' title='bbox 615 2980 754 3034; x_wconf 90' lang='lat' dir='ltr'><strong>Nam</strong></span> <span class='ocrx_word' id='word_1_261' title='bbox 787 2977 1100 3033; x_wconf 88' lang='lat' dir='ltr'><strong>secundum</strong></span> <span class='ocrx_word' id='word_1_262' title='bbox 1131 2989 1376 3032; x_wconf 85' lang='lat' dir='ltr'><strong>canones</strong></span> <span class='ocrx_word' id='word_1_263' title='bbox 1405 2974 1754 3046; x_wconf 89' lang='lat' dir='ltr'><strong>depositioni</strong></span> <span class='ocrx_word' id='word_1_264' title='bbox 1797 2972 2034 3043; x_wconf 90' lang='lat' dir='ltr'><strong>subjici-</strong></span> 
     </span>
    </p>
   </div>
   <div class='ocr_carea' id='block_1_42' title="bbox 374 3061 2032 3136">
    <p class='ocr_par' dir='ltr' id='par_1_42' title="bbox 374 3061 2032 3136">
     <span class='ocr_line' id='line_1_42' title="bbox 374 3061 2032 3136; baseline -0.004 -14"><span class='ocrx_word' id='word_1_265' title='bbox 374 3066 540 3122; x_wconf 90' lang='lat' dir='ltr'><strong>mini.</strong></span> <span class='ocrx_word' id='word_1_266' title='bbox 573 3067 696 3136; x_wconf 91' lang='lat' dir='ltr'><strong>Quo</strong></span> <span class='ocrx_word' id='word_1_267' title='bbox 753 3066 954 3122; x_wconf 88' lang='lat' dir='ltr'><strong>audito</strong></span> <span class='ocrx_word' id='word_1_268' title='bbox 999 3064 1254 3135; x_wconf 90' lang='lat' dir='ltr'><strong>episc0pi</strong></span> <span class='ocrx_word' id='word_1_269' title='bbox 1298 3071 1660 3120; x_wconf 84' lang='lat' dir='ltr'><strong>retraxerunt</strong></span> <span class='ocrx_word' id='word_1_270' title='bbox 1713 3077 1772 3118; x_wconf 92' lang='lat' dir='ltr'><strong>se</strong></span> <span class='ocrx_word' id='word_1_271' title='bbox 1826 3061 2032 3118; x_wconf 89' lang='lat' dir='ltr'><strong>timore</strong></span> 
     </span>
    </p>
   </div>
   <div class='ocr_carea' id='block_1_43' title="bbox 374 3150 2026 3228">
    <p class='ocr_par' dir='ltr' id='par_1_43' title="bbox 374 3150 2026 3228">
     <span class='ocr_line' id='line_1_43' title="bbox 374 3150 2026 3228; baseline -0.004 -15"><span class='ocrx_word' id='word_1_272' title='bbox 374 3157 619 3228; x_wconf 91' lang='lat' dir='ltr'><strong>quodam</strong></span> <span class='ocrx_word' id='word_1_273' title='bbox 668 3155 904 3212; x_wconf 91' lang='lat' dir='ltr'><strong>obsessi.</strong></span> <span class='ocrx_word' id='word_1_274' title='bbox 941 3153 1296 3210; x_wconf 79' lang='lat' dir='ltr'><strong>latrantibus</strong></span> <span class='ocrx_word' id='word_1_275' title='bbox 1327 3153 1522 3224; x_wconf 91' lang='lat' dir='ltr'><strong>itaque</strong></span> <span class='ocrx_word' id='word_1_276' title='bbox 1561 3150 2026 3222; x_wconf 89' lang='lat' dir='ltr'><strong>imperatoribus,</strong></span> 
     </span>
    </p>
   </div>
   <div class='ocr_carea' id='block_1_44' title="bbox 372 3238 2031 3316">
    <p class='ocr_par' dir='ltr' id='par_1_44' title="bbox 372 3238 2031 3316">
     <span class='ocr_line' id='line_1_44' title="bbox 372 3238 2031 3316; baseline -0.005 -14"><span class='ocrx_word' id='word_1_277' title='bbox 372 3251 428 3302; x_wconf 91' lang='lat' dir='ltr'><strong>et</strong></span> <span class='ocrx_word' id='word_1_278' title='bbox 457 3244 655 3316; x_wconf 91' lang='lat' dir='ltr'><strong>populi</strong></span> <span class='ocrx_word' id='word_1_279' title='bbox 683 3243 1006 3312; x_wconf 89' lang='lat' dir='ltr'><strong>ordinibus,</strong></span> <span class='ocrx_word' id='word_1_280' title='bbox 1035 3241 1342 3298; x_wconf 89' lang='lat' dir='ltr'><strong>scholariis</strong></span> <span class='ocrx_word' id='word_1_281' title='bbox 1369 3241 1658 3312; x_wconf 89' lang='lat' dir='ltr'><strong>videlicet,</strong></span> <span class='ocrx_word' id='word_1_282' title='bbox 1685 3238 2031 3296; x_wconf 88' lang='lat' dir='ltr'><strong>excubitori-</strong></span> 
     </span>
    </p>
   </div>
   <div class='ocr_carea' id='block_1_45' title="bbox 371 3328 2025 3406">
    <p class='ocr_par' dir='ltr' id='par_1_45' title="bbox 371 3328 2025 3406">
     <span class='ocr_line' id='line_1_45' title="bbox 371 3328 2025 3406; baseline -0.004 -16"><span class='ocrx_word' id='word_1_283' title='bbox 371 3332 502 3406; x_wconf 89' lang='lat' dir='ltr'><strong>bus,</strong></span> <span class='ocrx_word' id='word_1_284' title='bbox 528 3339 584 3390; x_wconf 91' lang='lat' dir='ltr'><strong>et</strong></span> <span class='ocrx_word' id='word_1_285' title='bbox 602 3333 824 3389; x_wconf 71' lang='lat' dir='ltr'><strong>caeteris</strong></span> <span class='ocrx_word' id='word_1_286' title='bbox 849 3332 1082 3388; x_wconf 90' lang='lat' dir='ltr'><strong>militiis</strong></span> <span class='ocrx_word' id='word_1_287' title='bbox 1103 3345 1229 3403; x_wconf 68' lang='lat' dir='ltr'><strong>quae</strong></span> <span class='ocrx_word' id='word_1_288' title='bbox 1255 3330 1582 3386; x_wconf 89' lang='lat' dir='ltr'><strong>militabant</strong></span> <span class='ocrx_word' id='word_1_289' title='bbox 1603 3330 1664 3384; x_wconf 93' lang='lat' dir='ltr'><strong>in</strong></span> <span class='ocrx_word' id='word_1_290' title='bbox 1687 3329 1844 3402; x_wconf 85' lang='lat' dir='ltr'><strong>regia</strong></span> <span class='ocrx_word' id='word_1_291' title='bbox 1867 3328 2025 3399; x_wconf 91' lang='lat' dir='ltr'><strong>urbe,</strong></span> 
     </span>
    </p>
   </div>
   <div class='ocr_carea' id='block_1_46' title="bbox 371 3419 2030 3493">
    <p class='ocr_par' dir='ltr' id='par_1_46' title="bbox 371 3419 2030 3493">
     <span class='ocr_line' id='line_1_46' title="bbox 371 3419 2030 3493; baseline -0.004 -13"><span class='ocrx_word' id='word_1_292' title='bbox 371 3423 647 3480; x_wconf 83' lang='lat' dir='ltr'><strong>deﬁnitur</strong></span> <span class='ocrx_word' id='word_1_293' title='bbox 674 3421 796 3478; x_wconf 86' lang='lat' dir='ltr'><strong>ﬁeri</strong></span> <span class='ocrx_word' id='word_1_294' title='bbox 829 3422 1082 3493; x_wconf 87' lang='lat' dir='ltr'><strong>synodus</strong></span> <span class='ocrx_word' id='word_1_295' title='bbox 1130 3421 1190 3476; x_wconf 91' lang='lat' dir='ltr'><strong>in</strong></span> <span class='ocrx_word' id='word_1_296' title='bbox 1222 3419 1534 3476; x_wconf 88' lang='lat' dir='ltr'><strong>venerabili</strong></span> <span class='ocrx_word' id='word_1_297' title='bbox 1571 3419 1781 3490; x_wconf 89' lang='lat' dir='ltr'><strong>templo</strong></span> <span class='ocrx_word' id='word_1_298' title='bbox 1812 3423 2030 3474; x_wconf 89' lang='lat' dir='ltr'><strong>sancto-</strong></span> 
     </span>
    </p>
   </div>
   <div class='ocr_carea' id='block_1_47' title="bbox 373 3507 2026 3580">
    <p class='ocr_par' dir='ltr' id='par_1_47' title="bbox 373 3507 2026 3580">
     <span class='ocr_line' id='line_1_47' title="bbox 373 3507 2026 3580; baseline -0.005 -11"><span class='ocrx_word' id='word_1_299' title='bbox 373 3525 500 3569; x_wconf 89' lang='lat' dir='ltr'><strong>rum</strong></span> <span class='ocrx_word' id='word_1_300' title='bbox 521 3517 577 3567; x_wconf 90' lang='lat' dir='ltr'><strong>et</strong></span> <span class='ocrx_word' id='word_1_301' title='bbox 599 3509 980 3566; x_wconf 90' lang='lat' dir='ltr'><strong>laudabilium</strong></span> <span class='ocrx_word' id='word_1_302' title='bbox 1006 3509 1415 3579; x_wconf 88' lang='lat' dir='ltr'><strong>apostolorum.</strong></span> <span class='ocrx_word' id='word_1_303' title='bbox 1437 3509 1621 3580; x_wconf 82' lang='lat' dir='ltr'><strong>Igitur</strong></span> <span class='ocrx_word' id='word_1_304' title='bbox 1642 3507 1830 3578; x_wconf 92' lang='lat' dir='ltr'><strong>pridie</strong></span> <span class='ocrx_word' id='word_1_305' title='bbox 1856 3520 2026 3577; x_wconf 90' lang='lat' dir='ltr'><strong>quam</strong></span> 
     </span>
    </p>
   </div>
   <div class='ocr_carea' id='block_1_48' title="bbox 372 3595 2028 3667">
    <p class='ocr_par' dir='ltr' id='par_1_48' title="bbox 372 3595 2028 3667">
     <span class='ocr_line' id='line_1_48' title="bbox 372 3595 2028 3667; baseline -0.004 -9"><span class='ocrx_word' id='word_1_306' title='bbox 372 3607 558 3658; x_wconf 89' lang='lat' dir='ltr'><strong>status</strong></span> <span class='ocrx_word' id='word_1_307' title='bbox 585 3599 711 3656; x_wconf 87' lang='lat' dir='ltr'><strong>dies</strong></span> <span class='ocrx_word' id='word_1_308' title='bbox 744 3598 1086 3667; x_wconf 83' lang='lat' dir='ltr'><strong>advenisset,</strong></span> <span class='ocrx_word' id='word_1_309' title='bbox 1119 3611 1218 3667; x_wconf 92' lang='lat' dir='ltr'><strong>per</strong></span> <span class='ocrx_word' id='word_1_310' title='bbox 1249 3597 1544 3652; x_wconf 89' lang='lat' dir='ltr'><strong>meridiem</strong></span> <span class='ocrx_word' id='word_1_311' title='bbox 1573 3595 1841 3651; x_wconf 89' lang='lat' dir='ltr'><strong>commoti</strong></span> <span class='ocrx_word' id='word_1_312' title='bbox 1893 3601 2028 3651; x_wconf 91' lang='lat' dir='ltr'><strong>sunt</strong></span> 
     </span>
    </p>
   </div>
   <div class='ocr_carea' id='block_1_49' title="bbox 371 3683 2028 3756">
    <p class='ocr_par' dir='ltr' id='par_1_49' title="bbox 371 3683 2028 3756">
     <span class='ocr_line' id='line_1_49' title="bbox 371 3683 2028 3756; baseline -0.004 -10"><span class='ocrx_word' id='word_1_313' title='bbox 371 3689 590 3746; x_wconf 89' lang='lat' dir='ltr'><strong>milites</strong></span> <span class='ocrx_word' id='word_1_314' title='bbox 623 3687 817 3744; x_wconf 92' lang='lat' dir='ltr'><strong>furore</strong></span> <span class='ocrx_word' id='word_1_315' title='bbox 847 3686 1145 3756; x_wconf 87' lang='lat' dir='ltr'><strong>ferventes,</strong></span> <span class='ocrx_word' id='word_1_316' title='bbox 1184 3685 1584 3755; x_wconf 90' lang='lat' dir='ltr'><strong>insaniamque</strong></span> <span class='ocrx_word' id='word_1_317' title='bbox 1621 3683 1942 3754; x_wconf 84' lang='lat' dir='ltr'><strong>spirantes;</strong></span> <span class='ocrx_word' id='word_1_318' title='bbox 1971 3690 2028 3740; x_wconf 92' lang='lat' dir='ltr'><strong>et</strong></span> 
     </span>
    </p>
   </div>
   <div class='ocr_carea' id='block_1_50' title="bbox 372 3773 2022 3844">
    <p class='ocr_par' dir='ltr' id='par_1_50' title="bbox 372 3773 2022 3844">
     <span class='ocr_line' id='line_1_50' title="bbox 372 3773 2022 3844; baseline -0.004 -9"><span class='ocrx_word' id='word_1_319' title='bbox 372 3779 662 3834; x_wconf 86' lang='lat' dir='ltr'><strong>venientes</strong></span> <span class='ocrx_word' id='word_1_320' title='bbox 710 3776 779 3831; x_wconf 91' lang='lat' dir='ltr'><strong>ad</strong></span> <span class='ocrx_word' id='word_1_321' title='bbox 835 3775 1072 3831; x_wconf 89' lang='lat' dir='ltr'><strong>luterem</strong></span> <span class='ocrx_word' id='word_1_322' title='bbox 1132 3780 1338 3830; x_wconf 74' lang='lat' dir='ltr'><strong>sancta:</strong></span> <span class='ocrx_word' id='word_1_323' title='bbox 1391 3773 1689 3830; x_wconf 64' lang='lat' dir='ltr'><strong>catholica:</strong></span> <span class='ocrx_word' id='word_1_324' title='bbox 1735 3773 2022 3844; x_wconf 61' lang='lat' dir='ltr'><strong>Ecclesiae,</strong></span> 
     </span>
    </p>
   </div>
   <div class='ocr_carea' id='block_1_51' title="bbox 372 3835 2098 3936">
    <p class='ocr_par' dir='ltr' id='par_1_51' title="bbox 372 3835 2098 3936">
     <span class='ocr_line' id='line_1_51' title="bbox 372 3835 2098 3936; baseline -0.002 -14"><span class='ocrx_word' id='word_1_325' title='bbox 372 3867 533 3922; x_wconf 91' lang='lat' dir='ltr'><strong>aliud</strong></span> <span class='ocrx_word' id='word_1_326' title='bbox 567 3871 738 3936; x_wconf 88' lang='lat' dir='ltr'><strong>atque</strong></span> <span class='ocrx_word' id='word_1_327' title='bbox 784 3863 944 3920; x_wconf 91' lang='lat' dir='ltr'><strong>aliud</strong></span> <span class='ocrx_word' id='word_1_328' title='bbox 983 3861 1320 3918; x_wconf 88' lang='lat' dir='ltr'><strong>clamabant.</strong></span> <span class='ocrx_word' id='word_1_329' title='bbox 1369 3862 1473 3919; x_wconf 90' lang='lat' dir='ltr'><strong>Sed</strong></span> <span class='ocrx_word' id='word_1_330' title='bbox 1522 3877 1629 3919; x_wconf 85' lang='lat' dir='ltr'><strong>vox</strong></span> <span class='ocrx_word' id='word_1_331' title='bbox 1675 3863 1930 3920; x_wconf 92' lang='lat' dir='ltr'><strong>omnium</strong></span> <span class='ocrx_word' id='word_1_332' title='bbox 1964 3835 2024 3918; x_wconf 81' lang='lat' dir='ltr'><strong>in</strong></span> <span class='ocrx_word' id='word_1_333' title='bbox 2049 3835 2098 3899; x_wconf 68' lang='grc' dir='ltr'><strong>Ο</strong></span> 
     </span>
    </p>
   </div>
   <div class='ocr_carea' id='block_1_52' title="bbox 374 3952 2028 4024">
    <p class='ocr_par' dir='ltr' id='par_1_52' title="bbox 374 3952 2028 4024">
     <span class='ocr_line' id='line_1_52' title="bbox 374 3952 2028 4024; baseline -0.002 -13"><span class='ocrx_word' id='word_1_334' title='bbox 374 3969 552 4012; x_wconf 91' lang='lat' dir='ltr'><strong>unum</strong></span> <span class='ocrx_word' id='word_1_335' title='bbox 602 3953 1036 4023; x_wconf 90' lang='lat' dir='ltr'><strong>terminabatur,</strong></span> <span class='ocrx_word' id='word_1_336' title='bbox 1070 3952 1207 4024; x_wconf 91' lang='lat' dir='ltr'><strong>quia</strong></span> <span class='ocrx_word' id='word_1_337' title='bbox 1254 3953 1521 4010; x_wconf 89' lang='lat' dir='ltr'><strong>videlicet</strong></span> <span class='ocrx_word' id='word_1_338' title='bbox 1559 3967 1671 4010; x_wconf 93' lang='lat' dir='ltr'><strong>non</strong></span> <span class='ocrx_word' id='word_1_339' title='bbox 1730 3959 1877 4010; x_wconf 90' lang='lat' dir='ltr'><strong>esset</strong></span> <span class='ocrx_word' id='word_1_340' title='bbox 1907 3967 2028 4023; x_wconf 91' lang='lat' dir='ltr'><strong>per-</strong></span> 
     </span>
    </p>
   </div>
   <div class='ocr_carea' id='block_1_53' title="bbox 373 4041 2023 4112">
    <p class='ocr_par' dir='ltr' id='par_1_53' title="bbox 373 4041 2023 4112">
     <span class='ocr_line' id='line_1_53' title="bbox 373 4041 2023 4112; baseline -0.001 -13"><span class='ocrx_word' id='word_1_341' title='bbox 373 4044 614 4100; x_wconf 90' lang='lat' dir='ltr'><strong>missum</strong></span> <span class='ocrx_word' id='word_1_342' title='bbox 638 4041 758 4098; x_wconf 82' lang='lat' dir='ltr'><strong>fieri</strong></span> <span class='ocrx_word' id='word_1_343' title='bbox 783 4042 1079 4112; x_wconf 89' lang='lat' dir='ltr'><strong>synodum.</strong></span> <span class='ocrx_word' id='word_1_344' title='bbox 1105 4043 1280 4098; x_wconf 93' lang='lat' dir='ltr'><strong>Porro</strong></span> <span class='ocrx_word' id='word_1_345' title='bbox 1298 4043 1621 4112; x_wconf 89' lang='lat' dir='ltr'><strong>patriarcha</strong></span> <span class='ocrx_word' id='word_1_346' title='bbox 1649 4043 1824 4098; x_wconf 86' lang='lat' dir='ltr'><strong>relata</strong></span> <span class='ocrx_word' id='word_1_347' title='bbox 1850 4057 2023 4100; x_wconf 91' lang='lat' dir='ltr'><strong>causa</strong></span> 
     </span>
    </p>
   </div>
   <div class='ocr_carea' id='block_1_54' title="bbox 372 4131 2026 4204">
    <p class='ocr_par' dir='ltr' id='par_1_54' title="bbox 372 4131 2026 4204">
     <span class='ocr_line' id='line_1_54' title="bbox 372 4131 2026 4204; baseline -0.002 -15"><span class='ocrx_word' id='word_1_348' title='bbox 372 4131 836 4204; x_wconf 88' lang='lat' dir='ltr'><strong>imperatoribus,</strong></span> <span class='ocrx_word' id='word_1_349' title='bbox 879 4145 1235 4204; x_wconf 88' lang='lat' dir='ltr'><strong>nequaquam</strong></span> <span class='ocrx_word' id='word_1_350' title='bbox 1282 4131 1611 4202; x_wconf 89' lang='lat' dir='ltr'><strong>prohibitus</strong></span> <span class='ocrx_word' id='word_1_351' title='bbox 1653 4138 1759 4202; x_wconf 88' lang='lat' dir='ltr'><strong>est,</strong></span> <span class='ocrx_word' id='word_1_352' title='bbox 1805 4133 2026 4202; x_wconf 89' lang='lat' dir='ltr'><strong>quomi-</strong></span> 
     </span>
    </p>
   </div>
   <div class='ocr_carea' id='block_1_55' title="bbox 373 4221 2028 4292">
    <p class='ocr_par' dir='ltr' id='par_1_55' title="bbox 373 4221 2028 4292">
     <span class='ocr_line' id='line_1_55' title="bbox 373 4221 2028 4292; baseline -0.001 -13"><span class='ocrx_word' id='word_1_353' title='bbox 373 4237 486 4279; x_wconf 90' lang='lat' dir='ltr'><strong>nus</strong></span> <span class='ocrx_word' id='word_1_354' title='bbox 511 4223 668 4278; x_wconf 84' lang='lat' dir='ltr'><strong>fieret</strong></span> <span class='ocrx_word' id='word_1_355' title='bbox 694 4222 1089 4292; x_wconf 90' lang='lat' dir='ltr'><strong>episcoporum</strong></span> <span class='ocrx_word' id='word_1_356' title='bbox 1121 4227 1432 4278; x_wconf 89' lang='lat' dir='ltr'><strong>conventus</strong></span> <span class='ocrx_word' id='word_1_357' title='bbox 1465 4222 1521 4277; x_wconf 88' lang='lat' dir='ltr'><strong>in</strong></span> <span class='ocrx_word' id='word_1_358' title='bbox 1555 4221 1828 4291; x_wconf 70' lang='lat' dir='ltr'><strong>prtedicto</strong></span> <span class='ocrx_word' id='word_1_359' title='bbox 1867 4235 2028 4277; x_wconf 57' lang='lat' dir='ltr'><strong>vene.</strong></span> 
     </span>
    </p>
   </div>
   <div class='ocr_carea' id='block_1_56' title="bbox 375 4307 2028 4386">
    <p class='ocr_par' dir='ltr' id='par_1_56' title="bbox 375 4307 2028 4386">
     <span class='ocr_line' id='line_1_56' title="bbox 375 4307 2028 4386; baseline -0.001 -18"><span class='ocrx_word' id='word_1_360' title='bbox 375 4311 546 4368; x_wconf 89' lang='lat' dir='ltr'><strong>rabili</strong></span> <span class='ocrx_word' id='word_1_361' title='bbox 578 4312 788 4382; x_wconf 91' lang='lat' dir='ltr'><strong>templo</strong></span> <span class='ocrx_word' id='word_1_362' title='bbox 819 4307 942 4386; x_wconf 85' lang='lat' dir='ltr'><strong>[Gr.</strong></span> <span class='ocrx_word' id='word_1_363' title='bbox 967 4312 1124 4374; x_wconf 85' lang='lat' dir='ltr'><strong>add.,</strong></span> <span class='ocrx_word' id='word_1_364' title='bbox 1156 4311 1257 4367; x_wconf 89' lang='lat' dir='ltr'><strong>aed</strong></span> <span class='ocrx_word' id='word_1_365' title='bbox 1290 4311 1569 4380; x_wconf 91' lang='lat' dir='ltr'><strong>postridie</strong></span> <span class='ocrx_word' id='word_1_366' title='bbox 1590 4309 1736 4366; x_wconf 87' lang='lat' dir='ltr'><strong>facta</strong></span> <span class='ocrx_word' id='word_1_367' title='bbox 1783 4316 1871 4366; x_wconf 90' lang='lat' dir='ltr'><strong>est</strong></span> <span class='ocrx_word' id='word_1_368' title='bbox 1897 4324 2028 4366; x_wconf 88' lang='lat' dir='ltr'><strong>con-</strong></span> 
     </span>
    </p>
   </div>
   <div class='ocr_carea' id='block_1_57' title="bbox 377 4397 2024 4474">
    <p class='ocr_par' dir='ltr' id='par_1_57' title="bbox 377 4397 2024 4474">
     <span class='ocr_line' id='line_1_57' title="bbox 377 4397 2024 4474; baseline -0.001 -18"><span class='ocrx_word' id='word_1_369' title='bbox 377 4401 630 4474; x_wconf 86' lang='lat' dir='ltr'><strong>gregatio</strong></span> <span class='ocrx_word' id='word_1_370' title='bbox 651 4401 1046 4472; x_wconf 90' lang='lat' dir='ltr'><strong>episcoporum</strong></span> <span class='ocrx_word' id='word_1_371' title='bbox 1071 4399 1128 4455; x_wconf 93' lang='lat' dir='ltr'><strong>in</strong></span> <span class='ocrx_word' id='word_1_372' title='bbox 1151 4397 1342 4474; x_wconf 88' lang='lat' dir='ltr'><strong>ipso];</strong></span> <span class='ocrx_word' id='word_1_373' title='bbox 1371 4399 1652 4470; x_wconf 86' lang='lat' dir='ltr'><strong>factisque</strong></span> <span class='ocrx_word' id='word_1_374' title='bbox 1677 4399 2024 4470; x_wconf 88' lang='lat' dir='ltr'><strong>quibusdam</strong></span> 
     </span>
    </p>
   </div>
   <div class='ocr_carea' id='block_1_58' title="bbox 376 4488 2024 4559">
    <p class='ocr_par' dir='ltr' id='par_1_58' title="bbox 376 4488 2024 4559">
     <span class='ocr_line' id='line_1_58' title="bbox 376 4488 2024 4559; baseline -0.001 -13"><span class='ocrx_word' id='word_1_375' title='bbox 376 4489 830 4547; x_wconf 89' lang='lat' dir='ltr'><strong>allocutionibus</strong></span> <span class='ocrx_word' id='word_1_376' title='bbox 873 4496 983 4546; x_wconf 89' lang='lat' dir='ltr'><strong>tam</strong></span> <span class='ocrx_word' id='word_1_377' title='bbox 1009 4503 1042 4546; x_wconf 91' lang='lat' dir='ltr'><strong>a</strong></span> <span class='ocrx_word' id='word_1_378' title='bbox 1073 4489 1438 4546; x_wconf 87' lang='lat' dir='ltr'><strong>sanctissimo</strong></span> <span class='ocrx_word' id='word_1_379' title='bbox 1477 4488 1820 4559; x_wconf 89' lang='lat' dir='ltr'><strong>patriarcha,</strong></span> <span class='ocrx_word' id='word_1_380' title='bbox 1854 4501 2024 4558; x_wconf 90' lang='lat' dir='ltr'><strong>quam</strong></span> 
     </span>
    </p>
   </div>
   <div class='ocr_carea' id='block_1_59' title="bbox 376 4577 2026 4650">
    <p class='ocr_par' dir='ltr' id='par_1_59' title="bbox 376 4577 2026 4650">
     <span class='ocr_line' id='line_1_59' title="bbox 376 4577 2026 4650; baseline -0.001 -14"><span class='ocrx_word' id='word_1_381' title='bbox 376 4593 410 4636; x_wconf 90' lang='lat' dir='ltr'><strong>a</strong></span> <span class='ocrx_word' id='word_1_382' title='bbox 445 4580 560 4637; x_wconf 90' lang='lat' dir='ltr'><strong>Deo</strong></span> <span class='ocrx_word' id='word_1_383' title='bbox 588 4579 937 4637; x_wconf 89' lang='lat' dir='ltr'><strong>amabilibus</strong></span> <span class='ocrx_word' id='word_1_384' title='bbox 981 4577 1364 4650; x_wconf 87' lang='lat' dir='ltr'><strong>antistitibus,</strong></span> <span class='ocrx_word' id='word_1_385' title='bbox 1396 4583 1452 4634; x_wconf 90' lang='lat' dir='ltr'><strong>et</strong></span> <span class='ocrx_word' id='word_1_386' title='bbox 1480 4577 1646 4634; x_wconf 87' lang='lat' dir='ltr'><strong>lectis</strong></span> <span class='ocrx_word' id='word_1_387' title='bbox 1681 4577 2026 4649; x_wconf 89' lang='lat' dir='ltr'><strong>quibusdam</strong></span> 
     </span>
    </p>
   </div>
   <div class='ocr_carea' id='block_1_60' title="bbox 447 4703 996 4762">
    <p class='ocr_par' dir='ltr' id='par_1_60' title="bbox 447 4703 996 4762">
     <span class='ocr_line' id='line_1_60' title="bbox 447 4703 996 4762; baseline -0.011 0"><span class='ocrx_word' id='word_1_388' title='bbox 447 4716 472 4743; x_wconf 80' lang='grc' dir='ltr'>ι</span> <span class='ocrx_word' id='word_1_389' title='bbox 488 4703 667 4762; x_wconf 80' lang='lat' dir='ltr'><strong>Verba</strong></span> <span class='ocrx_word' id='word_1_390' title='bbox 685 4703 996 4762; x_wconf 82' lang='lat' dir='ltr'><strong>Anastasii.</strong></span> 
     </span>
    </p>
   </div>
   <div class='ocr_carea' id='block_1_61' title="bbox 2139 2534 3795 2604">
    <p class='ocr_par' dir='ltr' id='par_1_61' title="bbox 2139 2534 3795 2604">
     <span class='ocr_line' id='line_1_61' title="bbox 2139 2534 3795 2604; baseline 0.002 -16"><span class='ocrx_word' id='word_1_391' title='bbox 2139 2534 2408 2602; x_wconf 78' lang='lat' dir='ltr'><strong>synodum</strong></span> <span class='ocrx_word' id='word_1_392' title='bbox 2449 2535 2822 2604; x_wconf 82' lang='lat' dir='ltr'><strong>appellabant,</strong></span> <span class='ocrx_word' id='word_1_393' title='bbox 2858 2535 3360 2604; x_wconf 82' lang='lat' dir='ltr'><strong>pseudosyllogu-m,</strong></span> <span class='ocrx_word' id='word_1_394' title='bbox 3405 2536 3612 2604; x_wconf 82' lang='lat' dir='ltr'><strong>falsum</strong></span> <span class='ocrx_word' id='word_1_395' title='bbox 3653 2539 3795 2594; x_wconf 81' lang='lat' dir='ltr'><strong>colle</strong></span> 
     </span>
    </p>
   </div>
   <div class='ocr_carea' id='block_1_62' title="bbox 2138 2622 3816 2695">
    <p class='ocr_par' dir='ltr' id='par_1_62' title="bbox 2138 2622 3816 2695">
     <span class='ocr_line' id='line_1_62' title="bbox 2138 2622 3816 2695; baseline 0.005 -20"><span class='ocrx_word' id='word_1_396' title='bbox 2138 2624 2288 2689; x_wconf 78' lang='lat' dir='ltr'><strong>gium</strong></span> <span class='ocrx_word' id='word_1_397' title='bbox 2315 2622 2643 2694; x_wconf 83' lang='lat' dir='ltr'><strong>nuncupat),</strong></span> <span class='ocrx_word' id='word_1_398' title='bbox 2674 2629 2736 2679; x_wconf 92' lang='lat' dir='ltr'><strong>ut</strong></span> <span class='ocrx_word' id='word_1_399' title='bbox 2764 2622 3061 2692; x_wconf 89' lang='lat' dir='ltr'><strong>septimam</strong></span> <span class='ocrx_word' id='word_1_400' title='bbox 3102 2624 3246 2680; x_wconf 90' lang='lat' dir='ltr'><strong>hanc</strong></span> <span class='ocrx_word' id='word_1_401' title='bbox 3275 2625 3556 2695; x_wconf 88' lang='lat' dir='ltr'><strong>synodum</strong></span> <span class='ocrx_word' id='word_1_402' title='bbox 3583 2625 3816 2683; x_wconf 89' lang='lat' dir='ltr'><strong>collau-</strong></span> 
     </span>
    </p>
   </div>
   <div class='ocr_carea' id='block_1_63' title="bbox 2137 2710 3818 2786">
    <p class='ocr_par' dir='ltr' id='par_1_63' title="bbox 2137 2710 3818 2786">
     <span class='ocr_line' id='line_1_63' title="bbox 2137 2710 3818 2786; baseline 0.003 -20"><span class='ocrx_word' id='word_1_403' title='bbox 2137 2710 2338 2766; x_wconf 90' lang='lat' dir='ltr'><strong>dantes</strong></span> <span class='ocrx_word' id='word_1_404' title='bbox 2387 2717 2558 2780; x_wconf 85' lang='lat' dir='ltr'><strong>atque</strong></span> <span class='ocrx_word' id='word_1_405' title='bbox 2599 2711 2974 2767; x_wconf 87' lang='lat' dir='ltr'><strong>nominantes.</strong></span> <span class='ocrx_word' id='word_1_406' title='bbox 3021 2712 3162 2768; x_wconf 89' lang='lat' dir='ltr'><strong>Cum</strong></span> <span class='ocrx_word' id='word_1_407' title='bbox 3205 2726 3341 2786; x_wconf 89' lang='lat' dir='ltr'><strong>ergo</strong></span> <span class='ocrx_word' id='word_1_408' title='bbox 3392 2713 3590 2770; x_wconf 88' lang='lat' dir='ltr'><strong>taliter</strong></span> <span class='ocrx_word' id='word_1_409' title='bbox 3639 2715 3818 2771; x_wconf 85' lang='lat' dir='ltr'><strong>mali-</strong></span> 
     </span>
    </p>
   </div>
   <div class='ocr_carea' id='block_1_64' title="bbox 2140 2795 3816 2874">
    <p class='ocr_par' dir='ltr' id='par_1_64' title="bbox 2140 2795 3816 2874">
     <span class='ocr_line' id='line_1_64' title="bbox 2140 2795 3816 2874; baseline 0.005 -21"><span class='ocrx_word' id='word_1_410' title='bbox 2140 2813 2314 2870; x_wconf 91' lang='lat' dir='ltr'><strong>gnum</strong></span> <span class='ocrx_word' id='word_1_411' title='bbox 2354 2799 2663 2856; x_wconf 89' lang='lat' dir='ltr'><strong>concilium</strong></span> <span class='ocrx_word' id='word_1_412' title='bbox 2696 2800 2996 2857; x_wconf 87' lang='lat' dir='ltr'><strong>clamorem</strong></span> <span class='ocrx_word' id='word_1_413' title='bbox 3045 2795 3352 2874; x_wconf 88' lang='lat' dir='ltr'><strong>emisisset,</strong></span> <span class='ocrx_word' id='word_1_414' title='bbox 3381 2809 3438 2858; x_wconf 90' lang='lat' dir='ltr'><strong>et</strong></span> <span class='ocrx_word' id='word_1_415' title='bbox 3475 2803 3612 2859; x_wconf 91' lang='lat' dir='ltr'><strong>hora</strong></span> <span class='ocrx_word' id='word_1_416' title='bbox 3651 2811 3816 2862; x_wconf 82' lang='lat' dir='ltr'><strong>esset.</strong></span> 
     </span>
    </p>
   </div>
   <div class='ocr_carea' id='block_1_65' title="bbox 2141 2887 3812 2964">
    <p class='ocr_par' dir='ltr' id='par_1_65' title="bbox 2141 2887 3812 2964">
     <span class='ocr_line' id='line_1_65' title="bbox 2141 2887 3812 2964; baseline 0.004 -22"><span class='ocrx_word' id='word_1_417' title='bbox 2141 2887 2304 2957; x_wconf 87' lang='lat' dir='ltr'><strong>quasi</strong></span> <span class='ocrx_word' id='word_1_418' title='bbox 2339 2893 2517 2959; x_wconf 89' lang='lat' dir='ltr'><strong>sexta,</strong></span> <span class='ocrx_word' id='word_1_419' title='bbox 2544 2889 2776 2945; x_wconf 91' lang='lat' dir='ltr'><strong>domum</strong></span> <span class='ocrx_word' id='word_1_420' title='bbox 2812 2889 2930 2959; x_wconf 91' lang='lat' dir='ltr'><strong>jam</strong></span> <span class='ocrx_word' id='word_1_421' title='bbox 2969 2890 3286 2946; x_wconf 89' lang='lat' dir='ltr'><strong>esurientes</strong></span> <span class='ocrx_word' id='word_1_422' title='bbox 3329 2891 3584 2964; x_wconf 89' lang='lat' dir='ltr'><strong>abibant,</strong></span> <span class='ocrx_word' id='word_1_423' title='bbox 3631 2899 3689 2948; x_wconf 89' lang='lat' dir='ltr'><strong>et</strong></span> <span class='ocrx_word' id='word_1_424' title='bbox 3721 2894 3812 2951; x_wconf 84' lang='lat' dir='ltr'><strong>ita</strong></span> 
     </span>
    </p>
   </div>
   <div class='ocr_carea' id='block_1_66' title="bbox 2140 2976 3814 3051">
    <p class='ocr_par' dir='ltr' id='par_1_66' title="bbox 2140 2976 3814 3051">
     <span class='ocr_line' id='line_1_66' title="bbox 2140 2976 3814 3051; baseline 0.005 -21"><span class='ocrx_word' id='word_1_425' title='bbox 2140 2976 2446 3032; x_wconf 90' lang='lat' dir='ltr'><strong>commotio</strong></span> <span class='ocrx_word' id='word_1_426' title='bbox 2491 2977 2796 3034; x_wconf 90' lang='lat' dir='ltr'><strong>seditionis</strong></span> <span class='ocrx_word' id='word_1_427' title='bbox 2844 2979 3031 3049; x_wconf 89' lang='lat' dir='ltr'><strong>sopita</strong></span> <span class='ocrx_word' id='word_1_428' title='bbox 3070 2985 3173 3035; x_wconf 90' lang='lat' dir='ltr'><strong>est.</strong></span> <span class='ocrx_word' id='word_1_429' title='bbox 3223 2980 3382 3035; x_wconf 92' lang='lat' dir='ltr'><strong>Tunc</strong></span> <span class='ocrx_word' id='word_1_430' title='bbox 3429 2979 3814 3051; x_wconf 88' lang='lat' dir='ltr'><strong>imperatores</strong></span> 
     </span>
    </p>
   </div>
   <div class='ocr_carea' id='block_1_67' title="bbox 2135 3062 3810 3140">
    <p class='ocr_par' dir='ltr' id='par_1_67' title="bbox 2135 3062 3810 3140">
     <span class='ocr_line' id='line_1_67' title="bbox 2135 3062 3810 3140; baseline 0.006 -22"><span class='ocrx_word' id='word_1_431' title='bbox 2135 3062 2435 3132; x_wconf 87' lang='lat' dir='ltr'><strong>jusserunt</strong></span> <span class='ocrx_word' id='word_1_432' title='bbox 2461 3065 2676 3122; x_wconf 89' lang='lat' dir='ltr'><strong>milites</strong></span> <span class='ocrx_word' id='word_1_433' title='bbox 2699 3067 2879 3138; x_wconf 84' lang='lat' dir='ltr'><strong>exire,</strong></span> <span class='ocrx_word' id='word_1_434' title='bbox 2914 3067 3079 3138; x_wconf 90' lang='lat' dir='ltr'><strong>quasi</strong></span> <span class='ocrx_word' id='word_1_435' title='bbox 3119 3067 3228 3124; x_wconf 88' lang='lat' dir='ltr'><strong>sub</strong></span> <span class='ocrx_word' id='word_1_436' title='bbox 3259 3073 3534 3138; x_wconf 72' lang='lat' dir='ltr'><strong>praetextu</strong></span> <span class='ocrx_word' id='word_1_437' title='bbox 3563 3070 3810 3140; x_wconf 87' lang='lat' dir='ltr'><strong>quidem</strong></span> 
     </span>
    </p>
   </div>
   <div class='ocr_carea' id='block_1_68' title="bbox 2141 3151 3804 3230">
    <p class='ocr_par' dir='ltr' id='par_1_68' title="bbox 2141 3151 3804 3230">
     <span class='ocr_line' id='line_1_68' title="bbox 2141 3151 3804 3230; baseline 0.007 -23"><span class='ocrx_word' id='word_1_438' title='bbox 2141 3151 2374 3209; x_wconf 90' lang='lat' dir='ltr'><strong>hostilis</strong></span> <span class='ocrx_word' id='word_1_439' title='bbox 2397 3154 2564 3227; x_wconf 88' lang='lat' dir='ltr'><strong>aciei,</strong></span> <span class='ocrx_word' id='word_1_440' title='bbox 2583 3155 2782 3212; x_wconf 90' lang='lat' dir='ltr'><strong>dantes</strong></span> <span class='ocrx_word' id='word_1_441' title='bbox 2807 3154 3033 3228; x_wconf 89' lang='lat' dir='ltr'><strong>famam,</strong></span> <span class='ocrx_word' id='word_1_442' title='bbox 3059 3157 3209 3228; x_wconf 90' lang='lat' dir='ltr'><strong>quod</strong></span> <span class='ocrx_word' id='word_1_443' title='bbox 3240 3171 3378 3229; x_wconf 89' lang='lat' dir='ltr'><strong>gens</strong></span> <span class='ocrx_word' id='word_1_444' title='bbox 3400 3157 3804 3230; x_wconf 81' lang='lat' dir='ltr'><strong>Agarenorum</strong></span> 
     </span>
    </p>
   </div>
   <div class='ocr_carea' id='block_1_69' title="bbox 2139 3239 3815 3318">
    <p class='ocr_par' dir='ltr' id='par_1_69' title="bbox 2139 3239 3815 3318">
     <span class='ocr_line' id='line_1_69' title="bbox 2139 3239 3815 3318; baseline 0.007 -24"><span class='ocrx_word' id='word_1_445' title='bbox 2139 3239 2430 3298; x_wconf 87' lang='lat' dir='ltr'><strong>hostiliter</strong></span> <span class='ocrx_word' id='word_1_446' title='bbox 2476 3241 2680 3300; x_wconf 85' lang='lat' dir='ltr'><strong>fuisset</strong></span> <span class='ocrx_word' id='word_1_447' title='bbox 2715 3258 2958 3318; x_wconf 82' lang='lat' dir='ltr'><strong>egressa.</strong></span> <span class='ocrx_word' id='word_1_448' title='bbox 2997 3247 3055 3300; x_wconf 91' lang='lat' dir='ltr'><strong>In</strong></span> <span class='ocrx_word' id='word_1_449' title='bbox 3092 3245 3330 3302; x_wconf 89' lang='lat' dir='ltr'><strong>veritate</strong></span> <span class='ocrx_word' id='word_1_450' title='bbox 3365 3252 3553 3304; x_wconf 90' lang='lat' dir='ltr'><strong>autem</strong></span> <span class='ocrx_word' id='word_1_451' title='bbox 3578 3261 3678 3304; x_wconf 91' lang='lat' dir='ltr'><strong>eos</strong></span> <span class='ocrx_word' id='word_1_452' title='bbox 3725 3247 3815 3306; x_wconf 87' lang='lat' dir='ltr'><strong>fo-</strong></span> 
     </span>
    </p>
   </div>
   <div class='ocr_carea' id='block_1_70' title="bbox 2139 3331 3812 3407">
    <p class='ocr_par' dir='ltr' id='par_1_70' title="bbox 2139 3331 3812 3407">
     <span class='ocr_line' id='line_1_70' title="bbox 2139 3331 3812 3407; baseline 0.005 -21"><span class='ocrx_word' id='word_1_453' title='bbox 2139 3343 2232 3386; x_wconf 91' lang='lat' dir='ltr'><strong>ras</strong></span> <span class='ocrx_word' id='word_1_454' title='bbox 2263 3331 2548 3402; x_wconf 89' lang='lat' dir='ltr'><strong>pellebant</strong></span> <span class='ocrx_word' id='word_1_455' title='bbox 2575 3333 2644 3388; x_wconf 90' lang='lat' dir='ltr'><strong>de</strong></span> <span class='ocrx_word' id='word_1_456' title='bbox 2683 3335 2838 3407; x_wconf 85' lang='lat' dir='ltr'><strong>regia</strong></span> <span class='ocrx_word' id='word_1_457' title='bbox 2877 3333 3127 3391; x_wconf 88' lang='lat' dir='ltr'><strong>civitate.</strong></span> <span class='ocrx_word' id='word_1_458' title='bbox 3159 3335 3305 3407; x_wconf 88' lang='lat' dir='ltr'><strong>Ergo</strong></span> <span class='ocrx_word' id='word_1_459' title='bbox 3351 3350 3482 3392; x_wconf 91' lang='lat' dir='ltr'><strong>cum</strong></span> <span class='ocrx_word' id='word_1_460' title='bbox 3529 3335 3812 3394; x_wconf 88' lang='lat' dir='ltr'><strong>fecissent</strong></span> 
     </span>
    </p>
   </div>
   <div class='ocr_carea' id='block_1_71' title="bbox 2137 3419 3815 3496">
    <p class='ocr_par' dir='ltr' id='par_1_71' title="bbox 2137 3419 3815 3496">
     <span class='ocr_line' id='line_1_71' title="bbox 2137 3419 3815 3496; baseline 0.006 -22"><span class='ocrx_word' id='word_1_461' title='bbox 2137 3419 2238 3476; x_wconf 89' lang='lat' dir='ltr'><strong>isti</strong></span> <span class='ocrx_word' id='word_1_462' title='bbox 2269 3420 2647 3492; x_wconf 40' lang='lat' dir='ltr'><strong>viam-usque</strong></span> <span class='ocrx_word' id='word_1_463' title='bbox 2688 3423 2757 3479; x_wconf 91' lang='lat' dir='ltr'><strong>ad</strong></span> <span class='ocrx_word' id='word_1_464' title='bbox 2805 3423 3178 3496; x_wconf 85' lang='lat' dir='ltr'><strong>Malagenam,</strong></span> <span class='ocrx_word' id='word_1_465' title='bbox 3226 3438 3326 3496; x_wconf 91' lang='lat' dir='ltr'><strong>per</strong></span> <span class='ocrx_word' id='word_1_466' title='bbox 3361 3425 3684 3496; x_wconf 90' lang='lat' dir='ltr'><strong>jussionem</strong></span> <span class='ocrx_word' id='word_1_467' title='bbox 3717 3441 3815 3484; x_wconf 89' lang='lat' dir='ltr'><strong>eo-</strong></span> 
     </span>
    </p>
   </div>
   <div class='ocr_carea' id='block_1_72' title="bbox 2137 3511 3806 3586">
    <p class='ocr_par' dir='ltr' id='par_1_72' title="bbox 2137 3511 3806 3586">
     <span class='ocr_line' id='line_1_72' title="bbox 2137 3511 3806 3586; baseline 0.005 -23"><span class='ocrx_word' id='word_1_468' title='bbox 2137 3522 2265 3563; x_wconf 91' lang='lat' dir='ltr'><strong>rum</strong></span> <span class='ocrx_word' id='word_1_469' title='bbox 2317 3523 2512 3566; x_wconf 92' lang='lat' dir='ltr'><strong>omnes</strong></span> <span class='ocrx_word' id='word_1_470' title='bbox 2549 3511 2906 3582; x_wconf 88' lang='lat' dir='ltr'><strong>expellebant</strong></span> <span class='ocrx_word' id='word_1_471' title='bbox 2950 3513 3166 3583; x_wconf 90' lang='lat' dir='ltr'><strong>pariter</strong></span> <span class='ocrx_word' id='word_1_472' title='bbox 3218 3519 3273 3569; x_wconf 91' lang='lat' dir='ltr'><strong>et</strong></span> <span class='ocrx_word' id='word_1_473' title='bbox 3323 3514 3806 3586; x_wconf 86' lang='lat' dir='ltr'><strong>aspernabantur,</strong></span> 
     </span>
    </p>
   </div>
   <div class='ocr_carea' id='block_1_73' title="bbox 2137 3595 3806 3674">
    <p class='ocr_par' dir='ltr' id='par_1_73' title="bbox 2137 3595 3806 3674">
     <span class='ocr_line' id='line_1_73' title="bbox 2137 3595 3806 3674; baseline 0.006 -24"><span class='ocrx_word' id='word_1_474' title='bbox 2137 3608 2206 3651; x_wconf 91' lang='lat' dir='ltr'><strong>ne</strong></span> <span class='ocrx_word' id='word_1_475' title='bbox 2247 3597 2449 3652; x_wconf 89' lang='lat' dir='ltr'><strong>horum</strong></span> <span class='ocrx_word' id='word_1_476' title='bbox 2491 3612 2630 3654; x_wconf 91' lang='lat' dir='ltr'><strong>cura</strong></span> <span class='ocrx_word' id='word_1_477' title='bbox 2660 3599 2818 3654; x_wconf 85' lang='lat' dir='ltr'><strong>fieret</strong></span> <span class='ocrx_word' id='word_1_478' title='bbox 2847 3595 2931 3673; x_wconf 91' lang='lat' dir='ltr'><strong>[et</strong></span> <span class='ocrx_word' id='word_1_479' title='bbox 2977 3599 3366 3674; x_wconf 87' lang='lat' dir='ltr'><strong>dimittebant,</strong></span> <span class='ocrx_word' id='word_1_480' title='bbox 3421 3604 3570 3674; x_wconf 92' lang='lat' dir='ltr'><strong>quod</strong></span> <span class='ocrx_word' id='word_1_481' title='bbox 3600 3617 3806 3660; x_wconf 89' lang='lat' dir='ltr'><strong>eorum</strong></span> 
     </span>
    </p>
   </div>
   <div class='ocr_carea' id='block_1_74' title="bbox 2135 3683 3808 3763">
    <p class='ocr_par' dir='ltr' id='par_1_74' title="bbox 2135 3683 3808 3763">
     <span class='ocr_line' id='line_1_74' title="bbox 2135 3683 3808 3763; baseline 0.006 -25"><span class='ocrx_word' id='word_1_482' title='bbox 2135 3696 2305 3754; x_wconf 83' lang='lat' dir='ltr'><strong>Opera</strong></span> <span class='ocrx_word' id='word_1_483' title='bbox 2333 3683 2870 3762; x_wconf 85' lang='lat' dir='ltr'><strong>non.indigerent],</strong></span> <span class='ocrx_word' id='word_1_484' title='bbox 2919 3687 3190 3758; x_wconf 92' lang='lat' dir='ltr'><strong>jubentes</strong></span> <span class='ocrx_word' id='word_1_485' title='bbox 3239 3689 3502 3763; x_wconf 87' lang='lat' dir='ltr'><strong>singulos</strong></span> <span class='ocrx_word' id='word_1_486' title='bbox 3533 3691 3695 3748; x_wconf 89' lang='lat' dir='ltr'><strong>abire</strong></span> <span class='ocrx_word' id='word_1_487' title='bbox 3741 3693 3808 3748; x_wconf 88' lang='lat' dir='ltr'><strong>in</strong></span> 
     </span>
    </p>
   </div>
   <div class='ocr_carea' id='block_1_75' title="bbox 2137 3773 3808 3850">
    <p class='ocr_par' dir='ltr' id='par_1_75' title="bbox 2137 3773 3808 3850">
     <span class='ocr_line' id='line_1_75' title="bbox 2137 3773 3808 3850; baseline 0.007 -23"><span class='ocrx_word' id='word_1_488' title='bbox 2137 3773 2379 3843; x_wconf 88' lang='lat' dir='ltr'><strong>patriam</strong></span> <span class='ocrx_word' id='word_1_489' title='bbox 2415 3789 2598 3832; x_wconf 89' lang='lat' dir='ltr'><strong>suam.</strong></span> <span class='ocrx_word' id='word_1_490' title='bbox 2631 3777 2855 3848; x_wconf 90' lang='lat' dir='ltr'><strong>Quibus</strong></span> <span class='ocrx_word' id='word_1_491' title='bbox 2886 3777 2964 3833; x_wconf 91' lang='lat' dir='ltr'><strong>ita</strong></span> <span class='ocrx_word' id='word_1_492' title='bbox 2996 3779 3264 3850; x_wconf 89' lang='lat' dir='ltr'><strong>peractis,</strong></span> <span class='ocrx_word' id='word_1_493' title='bbox 3306 3781 3517 3837; x_wconf 91' lang='lat' dir='ltr'><strong>mansit</strong></span> <span class='ocrx_word' id='word_1_494' title='bbox 3549 3781 3808 3839; x_wconf 86' lang='lat' dir='ltr'><strong>Ecclesia</strong></span> 
     </span>
    </p>
   </div>
   <div class='ocr_carea' id='block_1_76' title="bbox 2134 3865 3806 3938">
    <p class='ocr_par' dir='ltr' id='par_1_76' title="bbox 2134 3865 3806 3938">
     <span class='ocr_line' id='line_1_76' title="bbox 2134 3865 3806 3938; baseline 0.007 -21"><span class='ocrx_word' id='word_1_495' title='bbox 2134 3874 2284 3917; x_wconf 90' lang='lat' dir='ltr'><strong>anno</strong></span> <span class='ocrx_word' id='word_1_496' title='bbox 2329 3877 2444 3920; x_wconf 90' lang='lat' dir='ltr'><strong>uno</strong></span> <span class='ocrx_word' id='word_1_497' title='bbox 2492 3865 2705 3937; x_wconf 89' lang='lat' dir='ltr'><strong>quieta,</strong></span> <span class='ocrx_word' id='word_1_498' title='bbox 2753 3867 3150 3923; x_wconf 90' lang='lat' dir='ltr'><strong>tantummodo</strong></span> <span class='ocrx_word' id='word_1_499' title='bbox 3196 3869 3521 3938; x_wconf 87' lang='lat' dir='ltr'><strong>patriarcha</strong></span> <span class='ocrx_word' id='word_1_500' title='bbox 3563 3871 3806 3930; x_wconf 89' lang='lat' dir='ltr'><strong>verbum</strong></span> 
     </span>
    </p>
   </div>
   <div class='ocr_carea' id='block_1_77' title="bbox 2135 3950 3813 4024">
    <p class='ocr_par' dir='ltr' id='par_1_77' title="bbox 2135 3950 3813 4024">
     <span class='ocr_line' id='line_1_77' title="bbox 2135 3950 3813 4024; baseline 0.007 -17"><span class='ocrx_word' id='word_1_501' title='bbox 2135 3950 2394 4008; x_wconf 90' lang='lat' dir='ltr'><strong>veritatis</strong></span> <span class='ocrx_word' id='word_1_502' title='bbox 2437 3954 2708 4010; x_wconf 91' lang='lat' dir='ltr'><strong>omnibus</strong></span> <span class='ocrx_word' id='word_1_503' title='bbox 2755 3954 3118 4024; x_wconf 73' lang='lat' dir='ltr'><strong>praedicante.</strong></span> <span class='ocrx_word' id='word_1_504' title='bbox 3175 3957 3242 4012; x_wconf 91' lang='lat' dir='ltr'><strong>Et</strong></span> <span class='ocrx_word' id='word_1_505' title='bbox 3269 3971 3399 4013; x_wconf 90' lang='lat' dir='ltr'><strong>mox</strong></span> <span class='ocrx_word' id='word_1_506' title='bbox 3431 3972 3580 4015; x_wconf 92' lang='lat' dir='ltr'><strong>anno</strong></span> <span class='ocrx_word' id='word_1_507' title='bbox 3619 3967 3813 4018; x_wconf 86' lang='lat' dir='ltr'><strong>trans-</strong></span> 
     </span>
    </p>
   </div>
   <div class='ocr_carea' id='block_1_78' title="bbox 2134 4043 3810 4122">
    <p class='ocr_par' dir='ltr' id='par_1_78' title="bbox 2134 4043 3810 4122">
     <span class='ocr_line' id='line_1_78' title="bbox 2134 4043 3810 4122; baseline 0.002 -19"><span class='ocrx_word' id='word_1_508' title='bbox 2134 4050 2278 4115; x_wconf 85' lang='lat' dir='ltr'><strong>acto,</strong></span> <span class='ocrx_word' id='word_1_509' title='bbox 2317 4043 2507 4100; x_wconf 90' lang='lat' dir='ltr'><strong>denuo</strong></span> <span class='ocrx_word' id='word_1_510' title='bbox 2537 4043 2946 4114; x_wconf 66' lang='lat' dir='ltr'><strong>prmeipiebant</strong></span> <span class='ocrx_word' id='word_1_511' title='bbox 2991 4044 3247 4114; x_wconf 92' lang='lat' dir='ltr'><strong>piissimi</strong></span> <span class='ocrx_word' id='word_1_512' title='bbox 3295 4045 3688 4122; x_wconf 90' lang='lat' dir='ltr'><strong>imperatores,</strong></span> <span class='ocrx_word' id='word_1_513' title='bbox 3737 4058 3810 4108; x_wconf 90' lang='lat' dir='ltr'><strong>ut</strong></span> 
     </span>
    </p>
   </div>
   <div class='ocr_carea' id='block_1_79' title="bbox 2135 4132 3808 4210">
    <p class='ocr_par' dir='ltr' id='par_1_79' title="bbox 2135 4132 3808 4210">
     <span class='ocr_line' id='line_1_79' title="bbox 2135 4132 3808 4210; baseline 0.002 -18"><span class='ocrx_word' id='word_1_514' title='bbox 2135 4137 2293 4192; x_wconf 84' lang='lat' dir='ltr'><strong>ﬁeret</strong></span> <span class='ocrx_word' id='word_1_515' title='bbox 2318 4133 2569 4206; x_wconf 89' lang='lat' dir='ltr'><strong>synodus</strong></span> <span class='ocrx_word' id='word_1_516' title='bbox 2603 4132 2664 4187; x_wconf 91' lang='lat' dir='ltr'><strong>in</strong></span> <span class='ocrx_word' id='word_1_517' title='bbox 2700 4132 3064 4189; x_wconf 66' lang='lat' dir='ltr'><strong>Nicaenorum</strong></span> <span class='ocrx_word' id='word_1_518' title='bbox 3115 4135 3450 4206; x_wconf 90' lang='lat' dir='ltr'><strong>metropoli:</strong></span> <span class='ocrx_word' id='word_1_519' title='bbox 3485 4143 3540 4194; x_wconf 88' lang='lat' dir='ltr'><strong>et</strong></span> <span class='ocrx_word' id='word_1_520' title='bbox 3587 4153 3808 4210; x_wconf 63' lang='lat' dir='ltr'><strong>praece-</strong></span> 
     </span>
    </p>
   </div>
   <div class='ocr_carea' id='block_1_80' title="bbox 2136 4221 3807 4302">
    <p class='ocr_par' dir='ltr' id='par_1_80' title="bbox 2136 4221 3807 4302">
     <span class='ocr_line' id='line_1_80' title="bbox 2136 4221 3807 4302; baseline 0.003 -21"><span class='ocrx_word' id='word_1_521' title='bbox 2136 4231 2296 4296; x_wconf 90' lang='lat' dir='ltr'><strong>ptum</strong></span> <span class='ocrx_word' id='word_1_522' title='bbox 2321 4223 2653 4280; x_wconf 90' lang='lat' dir='ltr'><strong>deveniebat</strong></span> <span class='ocrx_word' id='word_1_523' title='bbox 2696 4221 2755 4278; x_wconf 90' lang='lat' dir='ltr'><strong>in</strong></span> <span class='ocrx_word' id='word_1_524' title='bbox 2789 4222 2979 4296; x_wconf 82' lang='lat' dir='ltr'><strong>linem,</strong></span> <span class='ocrx_word' id='word_1_525' title='bbox 3029 4223 3320 4294; x_wconf 90' lang='lat' dir='ltr'><strong>episcopis</strong></span> <span class='ocrx_word' id='word_1_526' title='bbox 3353 4226 3518 4296; x_wconf 90' lang='lat' dir='ltr'><strong>quasi</strong></span> <span class='ocrx_word' id='word_1_527' title='bbox 3565 4242 3807 4302; x_wconf 88' lang='lat' dir='ltr'><strong>congre-</strong></span> 
     </span>
    </p>
   </div>
   <div class='ocr_carea' id='block_1_81' title="bbox 2135 4309 3808 4390">
    <p class='ocr_par' dir='ltr' id='par_1_81' title="bbox 2135 4309 3808 4390">
     <span class='ocr_line' id='line_1_81' title="bbox 2135 4309 3808 4390; baseline 0.004 -20"><span class='ocrx_word' id='word_1_528' title='bbox 2135 4315 2284 4388; x_wconf 86' lang='lat' dir='ltr'><strong>gatis</strong></span> <span class='ocrx_word' id='word_1_529' title='bbox 2317 4309 2633 4388; x_wconf 89' lang='lat' dir='ltr'><strong>[episcopis</strong></span> <span class='ocrx_word' id='word_1_530' title='bbox 2661 4329 2707 4369; x_wconf 91' lang='lat' dir='ltr'><strong>s.</strong></span> <span class='ocrx_word' id='word_1_531' title='bbox 2739 4309 2942 4387; x_wconf 88' lang='lat' dir='ltr'><strong>cong.]</strong></span> <span class='ocrx_word' id='word_1_532' title='bbox 2991 4312 3051 4368; x_wconf 91' lang='lat' dir='ltr'><strong>in</strong></span> <span class='ocrx_word' id='word_1_533' title='bbox 3079 4327 3280 4384; x_wconf 89' lang='lat' dir='ltr'><strong>unum,</strong></span> <span class='ocrx_word' id='word_1_534' title='bbox 3315 4315 3591 4374; x_wconf 88' lang='lat' dir='ltr'><strong>similiter</strong></span> <span class='ocrx_word' id='word_1_535' title='bbox 3609 4321 3666 4374; x_wconf 92' lang='lat' dir='ltr'><strong>et</strong></span> <span class='ocrx_word' id='word_1_536' title='bbox 3709 4334 3808 4390; x_wconf 87' lang='lat' dir='ltr'><strong>pa-</strong></span> 
     </span>
    </p>
   </div>
   <div class='ocr_carea' id='block_1_82' title="bbox 2136 4401 3805 4464">
    <p class='ocr_par' dir='ltr' id='par_1_82' title="bbox 2136 4401 3805 4464">
     <span class='ocr_line' id='line_1_82' title="bbox 2136 4401 3805 4464; baseline 0.004 -6"><span class='ocrx_word' id='word_1_537' title='bbox 2136 4402 2386 4458; x_wconf 89' lang='lat' dir='ltr'><strong>triarcha</strong></span> <span class='ocrx_word' id='word_1_538' title='bbox 2405 4416 2536 4458; x_wconf 89' lang='lat' dir='ltr'><strong>cum</strong></span> <span class='ocrx_word' id='word_1_539' title='bbox 2563 4401 2800 4457; x_wconf 88' lang='lat' dir='ltr'><strong>vieariis</strong></span> <span class='ocrx_word' id='word_1_540' title='bbox 2829 4401 3084 4458; x_wconf 91' lang='lat' dir='ltr'><strong>Orientis</strong></span> <span class='ocrx_word' id='word_1_541' title='bbox 3112 4408 3169 4459; x_wconf 89' lang='lat' dir='ltr'><strong>et</strong></span> <span class='ocrx_word' id='word_1_542' title='bbox 3197 4402 3526 4462; x_wconf 88' lang='lat' dir='ltr'><strong>Occidentis</strong></span> <span class='ocrx_word' id='word_1_543' title='bbox 3555 4406 3625 4464; x_wconf 90' lang='lat' dir='ltr'><strong>ad</strong></span> <span class='ocrx_word' id='word_1_544' title='bbox 3651 4421 3805 4464; x_wconf 87' lang='lat' dir='ltr'><strong>eam-</strong></span> 
     </span>
    </p>
   </div>
   <div class='ocr_carea' id='block_1_83' title="bbox 2134 4489 3804 4568">
    <p class='ocr_par' dir='ltr' id='par_1_83' title="bbox 2134 4489 3804 4568">
     <span class='ocr_line' id='line_1_83' title="bbox 2134 4489 3804 4568; baseline 0.004 -20"><span class='ocrx_word' id='word_1_545' title='bbox 2134 4493 2261 4548; x_wconf 91' lang='lat' dir='ltr'><strong>dem</strong></span> <span class='ocrx_word' id='word_1_546' title='bbox 2293 4492 2547 4562; x_wconf 83' lang='lat' dir='ltr'><strong>pervenit</strong></span> <span class='ocrx_word' id='word_1_547' title='bbox 2581 4491 2813 4547; x_wconf 90' lang='lat' dir='ltr'><strong>urbem:</strong></span> <span class='ocrx_word' id='word_1_548' title='bbox 2841 4495 2898 4546; x_wconf 90' lang='lat' dir='ltr'><strong>et</strong></span> <span class='ocrx_word' id='word_1_549' title='bbox 2943 4489 3090 4548; x_wconf 88' lang='lat' dir='ltr'><strong>facta</strong></span> <span class='ocrx_word' id='word_1_550' title='bbox 3135 4501 3222 4548; x_wconf 91' lang='lat' dir='ltr'><strong>est</strong></span> <span class='ocrx_word' id='word_1_551' title='bbox 3258 4495 3512 4564; x_wconf 88' lang='lat' dir='ltr'><strong>synodus</strong></span> <span class='ocrx_word' id='word_1_552' title='bbox 3537 4494 3804 4568; x_wconf 89' lang='lat' dir='ltr'><strong>benepla-</strong></span> 
     </span>
    </p>
   </div>
   <div class='ocr_carea' id='block_1_84' title="bbox 2135 4579 3572 4653">
    <p class='ocr_par' dir='ltr' id='par_1_84' title="bbox 2135 4579 3572 4653">
     <span class='ocr_line' id='line_1_84' title="bbox 2135 4579 3572 4653; baseline 0.001 -16"><span class='ocrx_word' id='word_1_553' title='bbox 2135 4580 2252 4638; x_wconf 88' lang='lat' dir='ltr'><strong>cito</strong></span> <span class='ocrx_word' id='word_1_554' title='bbox 2271 4581 2368 4636; x_wconf 93' lang='lat' dir='ltr'><strong>Dei</strong></span> <span class='ocrx_word' id='word_1_555' title='bbox 2393 4580 2705 4638; x_wconf 88' lang='lat' dir='ltr'><strong>secundum</strong></span> <span class='ocrx_word' id='word_1_556' title='bbox 2733 4579 2989 4637; x_wconf 88' lang='lat' dir='ltr'><strong>actiones</strong></span> <span class='ocrx_word' id='word_1_557' title='bbox 3019 4595 3146 4652; x_wconf 68' lang='lat' dir='ltr'><strong>quae</strong></span> <span class='ocrx_word' id='word_1_558' title='bbox 3178 4581 3572 4653; x_wconf 86' lang='lat' dir='ltr'><strong>proferuntur.</strong></span> 
     </span>
    </p>
   </div>
  </div>
