4018 6166
256 300 362 359 209

1021 286 1581 358 ἸΝΤΕΒΡΒΕΤΑΤΙΟ
1617 299 1856 358 SYNOD]

1970 302 1994 357 Ι
2030 298 2524 358 GENERALIS.—
2560 301 2759 358 ACTIO
2797 304 2838 357 Ῑ.

3519 297 3627 372 εις)

256 427 797 497 Constantinopoleos
833 429 1018 485 dixit:
1061 430 1455 501 Opportunum
1478 433 1562 485 est
1598 442 1751 485 nunc
1770 426 1948 488 di—A
1978 426 2276 495 jusserunt
2312 429 2538 484 mittere
2574 429 2643 484 ad
2670 440 2892 484 omnem
2917 432 3192 483 sacratam
3227 426 3503 498 synodum
3522 440 3627 482 ve-

253 530 360 572 cere
380 515 757 585 propheticam
803 517 957 573 illam
1002 532 1211 591 vocem,
1250 533 1417 589 quam
1457 532 1602 588 saepe
1633 516 1873 573 audivi-
1980 521 2174 570 stram.
2201 517 2269 571 Et
2287 516 2513 572 audite:

258 620 370 660 inus
389 618 478 674 per
505 605 876 677 Evangelium
904 607 1238 676 praedicari:
1280 609 1459 660 Erunt
1482 622 1660 676 prava
1692 608 1749 659 in
1773 606 1870 658 di—

252 698 415 754 recta;
443 697 489 745 et
524 708 720 761 aspera
758 696 816 747 in
862 696 981 748 vias
1021 696 1221 763 planas
1263 694 1408 765 (Luc.
1459 710 1548 759 Ill,
1592 697 1700 749 Isa.
1753 694 1863 765 XL).

248 780 460 848 Quando
495 780 649 836 enim
692 783 844 837 Deus
864 780 1001 838 facit
1038 783 1285 853 aliquid,
1322 784 1511 839 omnis
1546 785 1604 839 in
1629 783 1720 838 his
1741 797 1869 852 qua:

250 874 478 940 aguntur
522 867 775 925 facilitas
808 871 1093 942 sequitur,
1133 872 1403 942 quoniam
1424 871 1701 928 voluntati
1743 871 1868 939 ejus

243 957 666 1014 resistitnullus.
686 961 824 1014 Nam
837 959 943 1016 etsi
961 973 1031 1016 ex
1048 960 1274 1031 antiqui
1290 961 1473 1017 hostis
1486 960 1862 1030 immissione,

238 1046 325 1116 qui
371 1046 490 1101 vult
539 1047 825 1103 concitare
874 1061 1048 1118 super
1109 1044 1351 1122 [semper
1401 1056 1457 1105 et
1502 1046 1862 1124 conturbare]

240 1137 469 1190 sanctam
503 1135 815 1191 Ecclesiam
851 1136 1213 1207 catholicam,
1257 1138 1544 1209 praeterito
1563 1151 1712 1194 anno
1747 1139 1867 1193 Ka-

239 1223 409 1281 lendis
438 1222 687 1295 Augusti
732 1225 792 1279 in
823 1226 935 1281 Deo
955 1233 1284 1282 conservata
1321 1226 1475 1297 regia
1500 1226 1639 1282 urbe
1660 1227 1868 1297 praesi—

233 1310 484 1367 dentibus
528 1312 697 1368 nobis
736 1313 794 1368 in
838 1314 1152 1369 venerabili
1202 1304 1413 1384 templo
1439 1314 1705 1371 tubarum
1737 1315 1867 1385 spi—

234 1401 383 1467 ritus,
430 1407 773 1470 sanctorum
830 1402 1099 1459 videlicet
1158 1410 1213 1460 et
1272 1403 1862 1461 laudabilissimorum

230 1489 621 1561 apostolorum,
644 1497 921 1548 commota
960 1498 1046 1548 est
1071 1492 1381 1548 multorum
1407 1492 1574 1548 turba
1608 1493 1865 1550 virorum

228 1576 401 1634 furore
437 1592 508 1633 ac
537 1580 922 1635 amaritudine
945 1581 1130 1652 plena,
1155 1587 1219 1636 ut
1241 1581 1299 1635 in
1324 1595 1427 1637 nos
1448 1596 1649 1638 manus
1672 1582 1866 1651 injice-

229 1674 417 1735 ret;ex
455 1680 574 1737 qua
609 1681 780 1723 manu
819 1669 1014 1725 divina
1036 1670 1215 1740 erepti
1250 1683 1471 1741 sumus,
1514 1670 1781 1726 habentes
1803 1670 1861 1727 in

2048 604 2249 661 Sancta
2277 607 2529 676 synodus
2562 605 2745 660 dixit:
2788 604 3093 660 Conﬁrmet
3128 605 3278 659 Deus
3318 603 3622 673 imperium

1979 691 2256 748 bonorum
2281 694 2646 750 dominorum
2670 698 2993 750 nostrorum
3015 692 3027 745 l
3061 693 3130 747 Et
3156 691 3399 746 delatam
3422 690 3483 745 in
3516 705 3630 747 mav

1980 780 2152 836 nibus
2198 783 2657 853 gloriosissimus
2707 796 2740 838 a
2788 782 3023 839 secretis
3066 780 3335 837 Leontius
3372 780 3624 837 eamdem

1979 868 2132 938 piam
2163 884 2378 927 sacram
2407 872 2562 943 legit.

2046 958 2233 1013 Sacra.
2275 960 2684 1017 Constantinus
2725 967 2780 1016 et
2816 963 2975 1016 Irene
3018 959 3212 1015 ﬁdeles
3255 959 3626 1028 imperatores

1974 1045 2378 1121 Romanorum,
2424 1050 2807 1105 sanctissimis
2835 1048 3140 1119 episcopis,
3182 1047 3283 1117 qui
3317 1047 3375 1101 in
3414 1046 3628 1101 volun-

1978 1140 2090 1190 tate
2133 1140 2189 1192 et
2230 1138 2415 1208 gratia
2456 1139 2578 1210 Dei,
2624 1144 2680 1194 et
2724 1138 2985 1208 jussione
3031 1136 3113 1206 pii
3158 1135 3387 1206 imperii
3439 1132 3620 1189 nostri

1974 1234 2361 1282 convenerunt
2384 1227 2443 1282 in
2463 1228 2690 1283 Nicaena
2712 1228 2944 1297 synodo.

2047 1314 2361 1386 Sapientia,
2403 1331 2528 1387 qua;
2561 1330 2688 1372 vere
2728 1316 2828 1371 Dei
2872 1321 2928 1371 et
2974 1314 3159 1371 Patris
3195 1319 3281 1370 est
3320 1327 3420 1384 per
3466 1318 3627 1369 natu-

1978 1412 2120 1473 ram,
2155 1404 2436 1460 Dominus
2469 1404 2738 1459 videlicet
2770 1406 2935 1460 Jesus
2969 1403 3234 1459 Christus
3273 1416 3441 1458 verus
3477 1403 3628 1458 Deus

1978 1497 2171 1547 noster
2196 1507 2295 1562 per
2332 1493 2588 1548 divinam
2615 1507 2774 1548 suam
2813 1500 2868 1549 et
2890 1506 3147 1564 magnam
3190 1491 3382 1547 carnis
3401 1491 3630 1560 dispen-

1974 1581 2250 1637 sationem
2310 1595 2600 1637 removens
2638 1597 2741 1638 nos
2801 1582 2872 1638 ab
2928 1595 3119 1637 errore
3182 1579 3489 1649 idolorum,
3532 1593 3627 1635 no-

1974 1677 2148 1726 stram
2186 1670 2518 1742 assumpsit,
2557 1676 2612 1727 et
2657 1671 3057 1742 cooperatione
3108 1669 3503 1725 connaturalis
3532 1668 3625 1724 sui

223 1755 498 1811 auxilium
539 1757 814 1826 quosdam
861 1757 1179 1830 episcopos,
1222 1759 1323 1828 qui
1362 1756 1529 1813 facile
1572 1758 1859 1814 numerari
1892 1762 1941 1820 B
1972 1759 2225 1829 Spiritus
2248 1760 2557 1831 renovavit,
2587 1766 2884 1815 naturam:
2923 1765 2979 1815 et
3002 1759 3225 1829 primus
3248 1756 3503 1828 pontifex
3532 1755 3628 1812 fa—

226 1850 468 1914 possunt,
537 1858 783 1914 quorum
826 1846 1057 1902 nomina
1119 1846 1441 1903 voluntarie
1480 1848 1858 1918 praeterimus,

222 1932 477 2002 quoniam
524 1933 795 1990 omnibus
832 1940 961 1991 nota
1002 1940 1177 1991 sunt:
1219 1942 1275 1991 et
1312 1936 1381 1991 ad
1430 1937 1715 1992 modicum
1750 1936 1858 1991 visi

220 2029 338 2077 sunt
356 2022 749 2092 prohibuisse
786 2025 967 2096 loqui,
991 2031 1047 2082 et
1066 2025 1403 2081 conﬁrmare
1424 2026 1581 2095 pium
1602 2025 1863 2082 veritatis

217 2124 549 2167 sermonem.
578 2112 683 2168 Sed
710 2114 1005 2170 mitissimi
1046 2115 1415 2184 imperatores
1436 2114 1615 2171 nostri
1637 2115 1864 2170 divini-

218 2206 299 2254 tus
335 2200 468 2265 acti,
517 2214 651 2256 cum
687 2209 877 2259 essent
909 2204 1263 2260 orthodoxia:
1304 2211 1771 2274 propugnatores,
1808 2210 1864 2259 et

217 2288 450 2345 sinistra:
480 2290 790 2359 opinionis
814 2292 1217 2362 obluctatores,
1249 2306 1360 2347 non
1400 2293 1680 2349 dederunt
1704 2307 1867 2349 som—

216 2391 333 2432 num
372 2379 575 2436 oculis
615 2380 761 2451 suis,
810 2387 865 2437 et
893 2381 1182 2451 palpebris
1214 2381 1340 2437 suis
1374 2381 1858 2451 dormitationem,

212 2466 372 2522 donec
409 2469 861 2526 tabernaculum
900 2472 1024 2542 Dei,
1072 2472 1127 2527 id
1151 2478 1259 2542 est,
1294 2471 1606 2527 Ecclesiam
1645 2472 1771 2541 ejus
1800 2472 1861 2526 in

210 2569 370 2611 unum
417 2558 818 2628 restituerent,
850 2565 903 2615 et
938 2560 1239 2631 paciﬁcum
1282 2561 1425 2616 hanc
1472 2560 1863 2617 habitaculum

212 2645 515 2702 redderent.
566 2647 923 2718 Quapropter
941 2650 1188 2705 consilio
1208 2656 1265 2705 et
1285 2649 1575 2705 voluntate
1594 2650 1696 2705 Dei
1724 2642 1864 2705 rur-

208 2747 295 2787 sus
316 2734 373 2789 in
404 2735 678 2805 idipsum
719 2744 1204 2809 congregaverunt
1229 2751 1353 2793 nos.
1396 2739 1601 2794 Verum
1635 2752 1737 2807 pro
1769 2738 1862 2793 his

210 2819 369 2878 bonas
398 2824 695 2893 recipient
715 2825 1147 2882 vicissitudines
1175 2840 1208 2881 a
1227 2826 1455 2882 Christo
1470 2826 1727 2882 omnium
1751 2840 1864 2882 no-

208 2915 372 2966 strum
416 2912 796 2984 imperatore,
839 2915 938 2985 qui
978 2915 1048 2970 ad
1087 2915 1189 2971 has
1230 2915 1637 2985 multipliciter
1676 2930 1864 2972 reme—

210 2998 449 3055 tiendum
492 3002 939 3071 potentissimus
976 3010 1080 3059 est.
1123 3006 1238 3060 Nos
1286 3018 1439 3076 ergo,
1477 3005 1684 3060 sacrati
1724 3005 1859 3076 viri,

1972 1855 2120 1921 ctus,
2160 1849 2265 1904 hac
2308 1863 2406 1905 vos
2452 1849 2838 1919 appellatione
2893 1850 3101 1921 dignos
3144 1847 3349 1919 eﬁ‘ecit,
3392 1861 3425 1904 ο
3474 1848 3621 1903 sacri

1972 1938 2104 1992 viri.
2136 1939 2258 2007 Ipse
2290 1936 2472 2008 igitur
2510 1944 2703 2007 pastor
2723 1938 2934 2008 bonus,
2978 1938 3075 2008 qui
3122 1952 3279 1993 ovem
3320 1950 3446 2007 quae
3475 1949 3625 1991 erra-

1973 2032 2128 2082 verat
2170 2040 2342 2095 super
2385 2027 2657 2093 humeros
2696 2027 2960 2098 portavit,
3009 2026 3296 2082 hominem
3336 2025 3436 2095 qui
3477 2024 3626 2080 deci-

1974 2115 2153 2179 derat,
2180 2115 2412 2185 proprio
2442 2116 2622 2186 gregi,
2654 2115 2934 2185 angelicis
2962 2115 3231 2170 videlicet
3250 2120 3307 2169 et
3334 2113 3626 2169 adminis—

1974 2204 2233 2259 tratoriis
2254 2203 2567 2260 virtutibus
2588 2203 2714 2259 suis
2734 2204 3089 2273 consocians,
3111 2201 3626 2258 reconciliavitnos

1976 2292 2034 2347 in
2076 2293 2420 2363 semetipso;
2473 2292 2775 2363 medioque
2825 2292 3083 2347 maceriae
3116 2290 3345 2348 sublato
3384 2290 3619 2360 pariete,

1974 2382 2145 2438 solvit
2171 2382 2539 2438 inimicitiam
2566 2382 2623 2437 in
2645 2395 2816 2437 carne
2839 2396 2966 2453 sua,
2990 2381 3286 2452 paciﬁcam
3310 2380 3477 2436 nobis
3495 2394 3628 2436 con-

1972 2472 2348 2527 versationem
2406 2472 2752 2527 condonans.
2806 2472 3042 2541 Pr0pter
3090 2471 3242 2541 quod
3303 2469 3625 2542 evangelice

1972 2559 2240 2615 omnibus
2308 2560 2624 2630 praedicans
2674 2559 2963 2616 edicebat:
3018 2561 3174 2613 Beati
3197 2560 3434 2628 paciﬁci,
3498 2574 3627 2627 quo-

1971 2650 2121 2702 niam
2158 2650 2266 2717 ipsi
2292 2649 2396 2718 ﬁlii
2440 2651 2541 2704 Dei
2566 2649 2904 2703 vocabuntur
2933 2645 3143 2718 (Matth.
3185 2647 3259 2719 v).
3294 2648 3441 2719 Ergo
3476 2646 3629 2702 intra

1973 2736 2117 2791 hanc
2138 2736 2573 2807 beatitudinem,
2594 2752 2721 2808 qua:
2738 2737 2906 2794 nobis
2925 2737 3280 2793 nobilitatem
3298 2735 3629 2804 adoptionis

1975 2826 2225 2882 ﬁliorum
2256 2826 2509 2899 donavit,
2544 2813 2790 2882 inveniri
2826 2826 2986 2896 pium
3026 2826 3333 2896 imperium
3366 2829 3623 2880 nostrum

1972 2914 2184 2986 volens,
2216 2916 2284 2971 ad
2328 2928 2518 2986 pacem
2550 2922 2605 2972 et
2639 2915 3000 2971 concordiam
3046 2927 3266 2969 omnem
3315 2913 3626 2968 Romanam

1972 3003 2381 3073 rempublicam
2428 3011 2677 3061 nostram
2735 3005 2988 3076 dirigere
3036 3001 3286 3059 festinat.
3335 3000 3625 3070 Praacipue

211 3087 514 3156 adiutorem
562 3089 727 3146 illum
756 3091 1102 3164 invocantes,
1138 3100 1194 3148 et
1219 3093 1277 3148 in
1302 3100 1524 3163 pectore
1564 3100 1755 3150 nostro
1776 3094 1863 3149 ti—
1889 3105 1939 3171 ρ
1971 3097 2157 3147 autem
2192 3099 2514 3148 sanctarum
2537 3093 2636 3148 Dei
2668 3092 3054 3148 Ecclesiarum
3086 3092 3221 3148 boni
3245 3090 3472 3147 ordinis
3500 3089 3626 3145 sol-

216 3189 406 3232 morem
428 3179 574 3248 ejus
595 3178 881 3239 habentes.
909 3179 1284 3252 futurumque
1301 3182 1588 3250 judicium
1614 3183 1672 3237 in
1697 3197 1862 3238 men—

210 3270 257 3319 te
276 3267 646 3337 recipientes,
679 3268 1047 3340 accingamur
1073 3270 1299 3326 lumbos
1335 3270 1544 3326 mentis
1570 3276 1776 3326 nostra:
1798 3272 1857 3326 in

207 3354 444 3427 veritate,
469 3363 531 3412 et
561 3356 866 3427 vigilantes
890 3357 949 3412 in
972 3352 1244 3414 omnibus
1275 3358 1588 3414 secundum
1612 3358 1861 3428 Aposto-

206 3440 329 3513 lum,
348 3444 852 3514 :equilibraminis
867 3445 1155 3514 judicium
1174 3447 1502 3516 judicemus
1526 3452 1615 3517 get
1635 3461 1853 3502 omnem

202 3545 385 3588 vocum
446 3534 791 3604 novitatem,
840 3534 1118 3590 ambitum
1180 3541 1352 3606 atque
1404 3535 1856 3605 superﬁuitatem

207 3624 459 3691 tanquam
522 3635 679 3692 puro
718 3621 913 3678 tritico
952 3623 1404 3693 superseminata
1455 3623 1695 3695 zizania,
1731 3624 1856 3680 sine

201 3709 339 3764 omni
359 3710 658 3766 dilatione
694 3710 974 3766 radicitus
1015 3711 1347 3783 evellamus,
1372 3718 1436 3768 ut
1476 3717 1604 3782 pote
1625 3713 1853 3769 veritati

201 3794 497 3870 obviantia,
522 3804 590 3854 et
619 3798 886 3854 Ecclesia:
907 3799 1302 3870 repugnantia.
1332 3799 1467 3867 Qua:
1504 3800 1658 3856 enim
1697 3802 1758 3856 in
1789 3815 1853 3857 ea

200 3885 391 3942 tradita
416 3893 588 3956 sunt,
612 3899 724 3941 non
762 3893 897 3943 sunt
935 3892 1013 3942 est
1033 3894 1089 3944 et
1120 3904 1248 3951 non,
1292 3890 1387 3944 sed
1412 3894 1491 3943 est
1520 3888 1597 3961 (II
1619 3890 1738 3944 Cor.
1776 3889 1846 3962 1):

199 3972 438 4030 existunt
476 3975 544 4030 in
578 3975 833 4045 veritate,
862 3982 1276 4047 etpermanent
1306 3978 1639 4048 incorrupta
1660 3985 1714 4034 et
1736 3978 1854 4033 im—

199 4061 447 4118 mutilata
476 4063 541 4117 in
565 4064 915 4133 sempiterna
936 4064 1163 4120 saecula.
1188 4066 1323 4122 Sine
1354 4066 1648 4122 mendacio
1671 4067 1855 4137 quip—

199 4160 256 4215 pe
285 4158 369 4206 est
395 4151 501 4220 qui
529 4152 869 4220 repromisit
897 4152 1131 4208 dicens:
1171 4155 1345 4208 Porta
1370 4157 1537 4222 inferi
1568 4171 1677 4209 non
1696 4172 1852 4224 pra:-

196 4239 442 4295 mlebunt
471 4242 748 4295 adversus
777 4258 893 4296 eam
932 4241 1143 4313 (Matth.
1178 4243 1334 4317 XVI);
1369 4253 1425 4301 et
1461 4247 1510 4301 si
1551 4245 1847 4301 certiﬁcati

197 4323 469 4385 fuerimus
494 4326 747 4404 [sumus]
770 4332 918 4402 quod
935 4332 1211 4402 placabile
1229 4333 1308 4387 sit
1326 4334 1383 4387 in
1405 4341 1707 4403 conspectu
1726 4336 1846 4407 Dei,

1972 3181 2334 3237 licitudinem
2366 3196 2590 3238 sumere
2636 3183 2818 3252 cupit,
2850 3188 3022 3253 atque
3070 3181 3427 3237 sacerdotum
3467 3192 3626 3235 mer-

1969 3271 2087 3325 cari
2133 3284 2354 3340 semper
2408 3271 2683 3326 unitatem
2726 3276 3015 3342 procurat,
3061 3269 3335 3338 Orientis,
3382 3268 3626 3337 Septen-

1970 3359 2201 3430 trionis,
2235 3359 2563 3415 Occideniis
2591 3367 2646 3415 et
2678 3359 2973 3414 Meridiei:
3008 3365 3063 3414 et
3085 3358 3358 3428 praesules
3386 3358 3617 3427 adsunt,

1967 3451 2081 3504 Deo
2110 3447 2351 3519 volente,
2395 3462 2492 3517 per
2522 3447 2768 3503 vicarios
2808 3461 2946 3502 suos
2985 3460 3098 3502 una
3129 3460 3257 3501 cum
3309 3444 3621 3514 reciprocis

1970 3537 2270 3607 rescriptis
2298 3536 2366 3591 ad
2400 3535 2702 3606 synodicas
2737 3535 2960 3591 litteras
3013 3548 3137 3605 quae
3196 3533 3382 3588 missae
3420 3539 3558 3588 sunt
3586 3546 3620 3587 a

1968 3626 2333 3684 sanctissimo
2354 3623 2695 3696 patriarcha.
2732 3626 2843 3680 Ista
2873 3624 3027 3679 enim
3058 3622 3385 3692 antiquitus
3415 3620 3505 3676 lex
3535 3636 3620 3692 sy-

1967 3716 2171 3772 nodica
2199 3715 2493 3771 catholicae
2519 3713 2808 3785 Ecclesiae,
2843 3726 2970 3783 quae
2999 3726 3033 3769 a
3074 3711 3287 3767 ﬁnibus
3321 3725 3505 3782 usque
3546 3711 3613 3767 ad

1966 3808 2107 3862 ﬁnes
2127 3805 2379 3875 suscepit
2397 3803 2783 3876 Evangelium.
2816 3803 3000 3875 Igitur
3021 3801 3374 3871 beneplacito
3394 3806 3451 3856 et
3471 3805 3621 3857 nutu

1963 3898 2089 3967 ejus
2116 3893 2587 3966 congregavimus
2635 3907 2733 3949 vos
2767 3900 2994 3948 sanctos
3033 3891 3356 3947 sacerdotes
3402 3889 3613 3961 ipsius,

1963 3987 2063 4057 qui
2108 3982 2423 4053 disponitis
2470 3988 2869 4039 testamentum
2922 3981 3048 4051 ejus
3096 3994 3269 4050 super
3318 3980 3617 4036 incruenta

1961 4075 2265 4144 sacriﬁcia,
2298 4078 2362 4128 ut
2401 4071 2852 4128 diﬁinitionibus
2890 4071 3236 4142 synodorum
3293 4083 3418 4140 quae
3466 4075 3616 4125 recte

1960 4163 2504 4236 dogmatizaverunt,
2545 4161 2833 4231 judicium
2878 4167 3127 4216 vestrum
3161 4158 3351 4214 simile
3396 4158 3512 4227 ﬁat,
3559 4163 3616 4213 et

1959 4251 2184 4308 cunctis
2213 4250 2483 4320 splendor
2517 4249 2759 4320 spiritus
2791 4248 3115 4304 illucescat:
3152 4248 3318 4303 Nemo
3348 4248 3492 4300 enim
3530 4262 3615 4300 ac-

1962 4341 2192 4395 cendens
2242 4342 2536 4401 lucernam,
2562 4340 2722 4408 ponit
2761 4354 2879 4391 eam
2920 4338 3020 4392 sub
3064 4337 3263 4399 modio,
3296 4336 3610 4392 secundum

196 4419 531 4475 conveniant
571 4419 675 4490 qui
717 4420 1005 4489 praeterito
1042 4434 1192 4477 anno
1214 4422 1472 4478 restitere
1509 4423 1755 4480 veritati.
1787 4425 1843 4480 Si
1875 4427 1929 4488 D
1962 4430 2187 4487 Domini
2247 4443 2456 4500 vocem,
2506 4428 2601 4483 scd
2641 4414 2804 4497 super
2848 4427 3257 4488 candelabrum,
3306 4431 3367 4480 ut
3434 4427 3611 4480 luceat

196 4507 318 4573 quis
352 4516 441 4564 est
480 4509 546 4564 in
574 4509 699 4564 illis
737 4522 924 4566 sermo
949 4510 1033 4565 vel
1074 4512 1548 4568 contradictionis
1568 4513 1652 4568 vel
1675 4515 1843 4570 etiam

198 4594 679 4669 ratiocinationis,
703 4599 918 4654 dicant.
952 4602 1033 4655 Ita
1066 4613 1309 4671 namque
1331 4601 1519 4657 omnis
1548 4603 1849 4659 examina-

193 4681 267 4737 tio
286 4686 599 4743 manifesta
626 4687 739 4742 ﬁet.
1282 4704 1289 4711 ν

253 4772 672 4833 Constantinus
710 4778 1112 4835 sanctissimus
1149 4780 1453 4851 episcopus
1497 4780 1843 4838 Constantia:

191 4862 343 4932 Cypri
368 4866 533 4922 dixit
558 4884 572 4919 :
601 4867 659 4921 Si
687 4867 914 4923 videtur
936 4868 1073 4924 huic
1095 4876 1303 4926 sanctae
1322 4877 1378 4926 et
1408 4871 1719 4926 universali
1744 4887 1847 4942 sy-

195 4952 345 5023 nodo,
387 4956 717 5011 secundum
779 4971 906 5028 qua}
955 4958 1110 5015 dicta
1143 4964 1279 5015 sunt
1323 4974 1354 5015 a
1394 4961 1758 5017 sanctissimo
1787 4968 1844 5019 et

192 5036 516 5100 beatissimo
541 5047 867 5115 patriarcha
892 5048 1147 5117 Tarasio,
1187 5049 1586 5119 ingrediantur
1607 5052 1844 5108 sanctis-

191 5127 310 5185 simi
357 5134 628 5203 episcopi
673 5135 772 5205 qui
817 5136 876 5191 in
926 5137 1030 5192 hac
1059 5138 1356 5194 criminati
1405 5145 1541 5195 sunt
1566 5146 1744 5210 parte,
1782 5142 1840 5197 in

190 5231 483 5291 conspectu
510 5222 689 5292 hujus
714 5232 922 5281 sanctae
945 5232 1001 5282 et
1030 5227 1376 5283 universalis
1399 5230 1621 5299 synodi.

249 5309 450 5368 Sancta
496 5313 757 5382 synodus
797 5315 985 5371 dixit:
1031 5317 1450 5387 Ingrediantur.
1494 5320 1563 5373 Et
1594 5320 1835 5391 ingressi

194 5407 308 5455 sunt
345 5402 621 5472 episcopi
661 5405 760 5473 qui
800 5406 1059 5475 praedicti
1102 5414 1255 5463 sunt.
1296 5408 1549 5478 Cumque
1592 5410 1835 5481 ingressi

196 5483 440 5560 inissent,
475 5492 892 5563 gloriosissimi
937 5496 1231 5567 principes
1272 5498 1581 5553 dixerunt:
1608 5502 1833 5557 Domini

198 5580 353 5635 nostri
404 5580 653 5652 benigni
696 5583 1086 5642 honorabilem
1138 5592 1193 5642 et
1232 5588 1579 5644 adorandam
1620 5605 1835 5647 sacram

1959 4520 2207 4574 omnibus
2251 4521 2348 4588 qui
2390 4520 2448 4572 in
2492 4519 2644 4572 domo
2681 4521 2809 4571 sunt
2836 4514 3047 4587 (Matth.
3096 4515 3168 4588 v).
3209 4516 3303 4571 Sic
3349 4516 3501 4571 enim
3554 4522 3610 4572 et

1959 4608 2369 4679 legislationes,
2408 4622 2534 4678 qua:
2563 4608 2703 4664 olim
2733 4620 2765 4661 a
2795 4605 3056 4676 patribus
3100 4605 3314 4660 nostris
3359 4605 3450 4675 pie
3481 4611 3610 4661 tra—

1956 4698 2092 4753 dita:
2124 4704 2260 4753 sunt
2289 4698 2478 4768 nobis,
2509 4695 2851 4767 sequemini,
2883 4702 2940 4751 et
2966 4701 3172 4769 sancta:
3202 4695 3300 4749 Dei
3338 4695 3607 4751 Ecciesia:

1956 4788 2017 4842 in
2058 4787 2293 4857 paciﬁco
2324 4787 2526 4844 ordine
2572 4784 3000 4856 permanebunt.
3033 4784 3186 4840 Adeo
3218 4785 3432 4855 quippe
3461 4799 3609 4841 con-

1954 4875 2212 4947 ﬁigimus
2255 4889 2356 4945 pro
2396 4875 2651 4945 veritate,
2695 4879 2751 4929 et
2778 4873 2847 4929 ad
2894 4873 3158 4943 pietatem
3203 4874 3605 4931 contendimus

1953 4975 2009 5026 et
2024 4964 2413 5023 ecclesiastico
2430 4963 2621 5019 ordini
2645 4963 3024 5031 consulimus,
3044 4964 3341 5033 antiquam
3363 4962 3609 5034 legisla~

1954 5059 2166 5114 tionem
2179 5054 2514 5111 conﬁrmare
2530 5052 2800 5124 volentes,
2817 5058 2881 5108 ut
2895 5057 2952 5107 et
2969 5051 3323 5109 militaribus
3338 5051 3606 5108 consiliis

1952 5145 2187 5214 detenti,
2212 5150 2267 5199 et
2297 5141 2629 5212 reipublicae
2670 5142 2830 5196 curis
2860 5146 3140 5211 vacantes,
3172 5141 3423 5211 primum
3458 5155 3603 5211 opus

1954 5234 2262 5290 habeamus
2292 5230 2596 5302 paciferam
2639 5228 3056 5285 observantiam
3102 5229 3369 5285 Ecclesiae
3398 5229 3604 5285 catho-

1950 5323 2093 5390 licze,
2127 5327 2183 5377 et
2215 5321 2274 5376 in
2305 5320 2554 5375 secundo
2591 5320 2695 5376 hoc
2728 5324 3019 5389 ponentes,
3052 5318 3120 5373 ad
3154 5318 3599 5373 sacratissimam

1949 5418 2187 5466 vestram
2240 5423 2350 5465 non
2412 5407 2718 5480 fatigemur
2778 5407 3057 5477 synodum
3114 5406 3597 5478 congregandam;

1948 5501 2147 5555 dantes
2184 5498 2502 5568 unicuique
2548 5497 2861 5566 licentiam,
2896 5503 2959 5551 ut
3002 5495 3127 5550 sine
3168 5496 3323 5550 omni
3365 5493 3601 5549 subtra—

1949 5589 2139 5646 ctione
2170 5587 2441 5658 loquatur
2485 5601 2610 5656 qum
2654 5587 2767 5642 sibi
2800 5586 2921 5640 visa
2965 5583 3201 5654 fuerint,
3230 5590 3294 5639 ut
3325 5580 3599 5638 distincta
