  <div class='ocr_page' id='page_1' title='image "/cluster/home/n/w/nwhite01/storage/ocr_20150623/129/hvd.32044054759907/111.png"; bbox 0 0 4012 6162; ppageno 0'>
   <div class='ocr_carea' id='block_1_1' title="bbox 352 279 563 336">
    <p class='ocr_par' dir='ltr' id='par_1_1' title="bbox 352 279 563 336">
     <span class='ocr_line' id='line_1_1' title="bbox 352 279 563 336; baseline 0 0"><span class='ocrx_word' id='word_1_1' title='bbox 352 279 452 336; x_wconf 75' lang='grc'><strong>244</strong></span> <span class='ocrx_word' id='word_1_2' title='bbox 555 293 563 304; x_wconf 90' lang='grc'><em>’</em></span> 
     </span>
    </p>
   </div>
   <div class='ocr_carea' id='block_1_2' title="bbox 1581 273 2516 334">
    <p class='ocr_par' dir='ltr' id='par_1_2' title="bbox 1581 273 2516 334">
     <span class='ocr_line' id='line_1_2' title="bbox 1581 273 2516 334; baseline -0.002 0"><span class='ocrx_word' id='word_1_3' title='bbox 1581 276 1934 334; x_wconf 75' lang='lat' dir='ltr'><strong>ANASTASII</strong></span> <span class='ocrx_word' id='word_1_4' title='bbox 1976 273 2516 332; x_wconf 78' lang='lat' dir='ltr'><strong>BIBLIOTHECARII</strong></span> 
     </span>
    </p>
   </div>
   <div class='ocr_carea' id='block_1_3' title="bbox 3651 277 3754 336">
    <p class='ocr_par' dir='ltr' id='par_1_3' title="bbox 3651 277 3754 336">
     <span class='ocr_line' id='line_1_3' title="bbox 3651 277 3754 336; baseline 0.01 -1"><span class='ocrx_word' id='word_1_5' title='bbox 3651 277 3754 336; x_wconf 68' lang='grc'><strong>212</strong></span> 
     </span>
    </p>
   </div>
   <div class='ocr_carea' id='block_1_4' title="bbox 354 400 3755 482">
    <p class='ocr_par' dir='ltr' id='par_1_4' title="bbox 354 400 3755 482">
     <span class='ocr_line' id='line_1_4' title="bbox 354 400 3755 482; baseline -0 -18"><span class='ocrx_word' id='word_1_6' title='bbox 354 403 660 482; x_wconf 91' lang='lat' dir='ltr'><strong>[districta]</strong></span> <span class='ocrx_word' id='word_1_7' title='bbox 682 405 1028 462; x_wconf 80' lang='lat' dir='ltr'><strong>examinatio</strong></span> <span class='ocrx_word' id='word_1_8' title='bbox 1045 405 1160 476; x_wconf 83' lang='lat' dir='ltr'><strong>ﬁat,</strong></span> <span class='ocrx_word' id='word_1_9' title='bbox 1192 411 1248 462; x_wconf 91' lang='lat' dir='ltr'><strong>et</strong></span> <span class='ocrx_word' id='word_1_10' title='bbox 1269 405 1449 478; x_wconf 89' lang='lat' dir='ltr'><strong>magis</strong></span> <span class='ocrx_word' id='word_1_11' title='bbox 1471 404 1817 462; x_wconf 83' lang='lat' dir='ltr'><strong>ﬁducialiter</strong></span> <span class='ocrx_word' id='word_1_12' title='bbox 1840 401 2000 458; x_wconf 89' lang='lat' dir='ltr'><strong>veri-</strong></span> <span class='ocrx_word' id='word_1_13' title='bbox 2023 400 2086 462; x_wconf 86' lang='lat' dir='ltr'><strong>A</strong></span> <span class='ocrx_word' id='word_1_14' title='bbox 2114 401 2470 459; x_wconf 81' lang='lat' dir='ltr'><strong>sacerdotum</strong></span> <span class='ocrx_word' id='word_1_15' title='bbox 2507 409 2564 460; x_wconf 92' lang='lat' dir='ltr'><strong>et</strong></span> <span class='ocrx_word' id='word_1_16' title='bbox 2586 403 3134 476; x_wconf 84' lang='lat' dir='ltr'><strong>gloriosissimorum</strong></span> <span class='ocrx_word' id='word_1_17' title='bbox 3167 405 3492 477; x_wconf 83' lang='lat' dir='ltr'><strong>principum</strong></span> <span class='ocrx_word' id='word_1_18' title='bbox 3529 411 3755 464; x_wconf 83' lang='lat' dir='ltr'><strong>nostro-</strong></span> 
     </span>
    </p>
   </div>
   <div class='ocr_carea' id='block_1_5' title="bbox 352 491 2003 568">
    <p class='ocr_par' dir='ltr' id='par_1_5' title="bbox 352 491 2003 568">
     <span class='ocr_line' id='line_1_5' title="bbox 352 491 2003 568; baseline -0.004 -16"><span class='ocrx_word' id='word_1_19' title='bbox 352 503 442 552; x_wconf 88' lang='lat' dir='ltr'><strong>tas</strong></span> <span class='ocrx_word' id='word_1_20' title='bbox 468 501 691 568; x_wconf 81' lang='lat' dir='ltr'><strong>agatur,</strong></span> <span class='ocrx_word' id='word_1_21' title='bbox 731 499 1015 566; x_wconf 83' lang='lat' dir='ltr'><strong>quatenus</strong></span> <span class='ocrx_word' id='word_1_22' title='bbox 1043 500 1098 550; x_wconf 92' lang='lat' dir='ltr'><strong>et</strong></span> <span class='ocrx_word' id='word_1_23' title='bbox 1127 495 1510 550; x_wconf 91' lang='lat' dir='ltr'><strong>Ecclesiarum</strong></span> <span class='ocrx_word' id='word_1_24' title='bbox 1538 493 1828 550; x_wconf 86' lang='lat' dir='ltr'><strong>dissensio</strong></span> <span class='ocrx_word' id='word_1_25' title='bbox 1858 491 2003 548; x_wconf 84' lang='lat' dir='ltr'><strong>fun—</strong></span> 
     </span>
    </p>
   </div>
   <div class='ocr_carea' id='block_1_6' title="bbox 351 582 2004 656">
    <p class='ocr_par' dir='ltr' id='par_1_6' title="bbox 351 582 2004 656">
     <span class='ocr_line' id='line_1_6' title="bbox 351 582 2004 656; baseline -0.002 -14"><span class='ocrx_word' id='word_1_26' title='bbox 351 585 513 642; x_wconf 91' lang='lat' dir='ltr'><strong>ditus</strong></span> <span class='ocrx_word' id='word_1_27' title='bbox 555 583 839 656; x_wconf 88' lang='lat' dir='ltr'><strong>abigatur,</strong></span> <span class='ocrx_word' id='word_1_28' title='bbox 889 590 946 639; x_wconf 91' lang='lat' dir='ltr'><strong>et</strong></span> <span class='ocrx_word' id='word_1_29' title='bbox 992 584 1149 654; x_wconf 87' lang='lat' dir='ltr'><strong>pacis</strong></span> <span class='ocrx_word' id='word_1_30' title='bbox 1196 597 1466 656; x_wconf 83' lang='lat' dir='ltr'><strong>compago</strong></span> <span class='ocrx_word' id='word_1_31' title='bbox 1509 584 1677 640; x_wconf 91' lang='lat' dir='ltr'><strong>nobis</strong></span> <span class='ocrx_word' id='word_1_32' title='bbox 1733 582 2004 639; x_wconf 91' lang='lat' dir='ltr'><strong>omnibus</strong></span> 
     </span>
    </p>
   </div>
   <div class='ocr_carea' id='block_1_7' title="bbox 353 672 2008 744">
    <p class='ocr_par' dir='ltr' id='par_1_7' title="bbox 353 672 2008 744">
     <span class='ocr_line' id='line_1_7' title="bbox 353 672 2008 744; baseline -0.003 -13"><span class='ocrx_word' id='word_1_33' title='bbox 353 678 664 744; x_wconf 87' lang='lat' dir='ltr'><strong>coaptetur.</strong></span> <span class='ocrx_word' id='word_1_34' title='bbox 688 673 757 728; x_wconf 91' lang='lat' dir='ltr'><strong>Et</strong></span> <span class='ocrx_word' id='word_1_35' title='bbox 772 673 1043 744; x_wconf 89' lang='lat' dir='ltr'><strong>quoniam</strong></span> <span class='ocrx_word' id='word_1_36' title='bbox 1065 672 1278 729; x_wconf 87' lang='lat' dir='ltr'><strong>Paulus</strong></span> <span class='ocrx_word' id='word_1_37' title='bbox 1293 673 1728 729; x_wconf 90' lang='lat' dir='ltr'><strong>sanctisssimus</strong></span> <span class='ocrx_word' id='word_1_38' title='bbox 1749 672 2008 743; x_wconf 87' lang='lat' dir='ltr'><strong>patriar-</strong></span> 
     </span>
    </p>
   </div>
   <div class='ocr_carea' id='block_1_8' title="bbox 354 761 2006 832">
    <p class='ocr_par' dir='ltr' id='par_1_8' title="bbox 354 761 2006 832">
     <span class='ocr_line' id='line_1_8' title="bbox 354 761 2006 832; baseline -0.001 -14"><span class='ocrx_word' id='word_1_39' title='bbox 354 763 460 819; x_wconf 90' lang='lat' dir='ltr'><strong>cha</strong></span> <span class='ocrx_word' id='word_1_40' title='bbox 493 776 622 818; x_wconf 91' lang='lat' dir='ltr'><strong>cum</strong></span> <span class='ocrx_word' id='word_1_41' title='bbox 657 762 972 818; x_wconf 91' lang='lat' dir='ltr'><strong>secundum</strong></span> <span class='ocrx_word' id='word_1_42' title='bbox 1015 762 1270 818; x_wconf 87' lang='lat' dir='ltr'><strong>divinam</strong></span> <span class='ocrx_word' id='word_1_43' title='bbox 1301 761 1649 819; x_wconf 80' lang='lat' dir='ltr'><strong>voluntatem</strong></span> <span class='ocrx_word' id='word_1_44' title='bbox 1685 775 1718 818; x_wconf 91' lang='lat' dir='ltr'><strong>a</strong></span> <span class='ocrx_word' id='word_1_45' title='bbox 1750 774 2006 832; x_wconf 68' lang='lat' dir='ltr'><strong>praesen—</strong></span> 
     </span>
    </p>
   </div>
   <div class='ocr_carea' id='block_1_9' title="bbox 355 849 2002 923">
    <p class='ocr_par' dir='ltr' id='par_1_9' title="bbox 355 849 2002 923">
     <span class='ocr_line' id='line_1_9' title="bbox 355 849 2002 923; baseline -0.002 -16"><span class='ocrx_word' id='word_1_46' title='bbox 355 850 514 908; x_wconf 90' lang='lat' dir='ltr'><strong>tibus</strong></span> <span class='ocrx_word' id='word_1_47' title='bbox 535 849 787 906; x_wconf 84' lang='lat' dir='ltr'><strong>vinculis</strong></span> <span class='ocrx_word' id='word_1_48' title='bbox 807 849 1208 922; x_wconf 88' lang='lat' dir='ltr'><strong>absolvendus,</strong></span> <span class='ocrx_word' id='word_1_49' title='bbox 1235 855 1290 907; x_wconf 93' lang='lat' dir='ltr'><strong>et</strong></span> <span class='ocrx_word' id='word_1_50' title='bbox 1314 849 1460 906; x_wconf 88' lang='lat' dir='ltr'><strong>hanc</strong></span> <span class='ocrx_word' id='word_1_51' title='bbox 1487 849 2002 923; x_wconf 73' lang='lat' dir='ltr'><strong>peregrinationem</strong></span> 
     </span>
    </p>
   </div>
   <div class='ocr_carea' id='block_1_10' title="bbox 353 938 2008 1010">
    <p class='ocr_par' dir='ltr' id='par_1_10' title="bbox 353 938 2008 1010">
     <span class='ocr_line' id='line_1_10' title="bbox 353 938 2008 1010; baseline -0.001 -15"><span class='ocrx_word' id='word_1_52' title='bbox 353 939 728 1010; x_wconf 83' lang='lat' dir='ltr'><strong>dimissurus,</strong></span> <span class='ocrx_word' id='word_1_53' title='bbox 756 944 926 1010; x_wconf 90' lang='lat' dir='ltr'><strong>atque</strong></span> <span class='ocrx_word' id='word_1_54' title='bbox 940 939 1008 994; x_wconf 89' lang='lat' dir='ltr'><strong>ad</strong></span> <span class='ocrx_word' id='word_1_55' title='bbox 1044 939 1474 1010; x_wconf 86' lang='lat' dir='ltr'><strong>habitationem,</strong></span> <span class='ocrx_word' id='word_1_56' title='bbox 1508 940 1624 995; x_wconf 91' lang='lat' dir='ltr'><strong>imo</strong></span> <span class='ocrx_word' id='word_1_57' title='bbox 1648 953 1780 996; x_wconf 93' lang='lat' dir='ltr'><strong>vero</strong></span> <span class='ocrx_word' id='word_1_58' title='bbox 1804 940 1873 994; x_wconf 88' lang='lat' dir='ltr'><strong>ad</strong></span> <span class='ocrx_word' id='word_1_59' title='bbox 1907 938 2008 1009; x_wconf 86' lang='lat' dir='ltr'><strong>ip—</strong></span> 
     </span>
    </p>
   </div>
   <div class='ocr_carea' id='block_1_11' title="bbox 357 1027 2008 1100">
    <p class='ocr_par' dir='ltr' id='par_1_11' title="bbox 357 1027 2008 1100">
     <span class='ocr_line' id='line_1_11' title="bbox 357 1027 2008 1100; baseline -0.001 -15"><span class='ocrx_word' id='word_1_60' title='bbox 357 1043 485 1085; x_wconf 90' lang='lat' dir='ltr'><strong>sum</strong></span> <span class='ocrx_word' id='word_1_61' title='bbox 518 1029 825 1085; x_wconf 91' lang='lat' dir='ltr'><strong>Dominum</strong></span> <span class='ocrx_word' id='word_1_62' title='bbox 861 1028 1151 1085; x_wconf 89' lang='lat' dir='ltr'><strong>Christum</strong></span> <span class='ocrx_word' id='word_1_63' title='bbox 1192 1027 1554 1099; x_wconf 84' lang='lat' dir='ltr'><strong>profecturus</strong></span> <span class='ocrx_word' id='word_1_64' title='bbox 1582 1033 1749 1100; x_wconf 89' lang='lat' dir='ltr'><strong>esset,</strong></span> <span class='ocrx_word' id='word_1_65' title='bbox 1777 1029 2008 1098; x_wconf 90' lang='lat' dir='ltr'><strong>episco—</strong></span> 
     </span>
    </p>
   </div>
   <div class='ocr_carea' id='block_1_12' title="bbox 357 1115 2009 1188">
    <p class='ocr_par' dir='ltr' id='par_1_12' title="bbox 357 1115 2009 1188">
     <span class='ocr_line' id='line_1_12' title="bbox 357 1115 2009 1188; baseline -0.001 -15"><span class='ocrx_word' id='word_1_66' title='bbox 357 1125 552 1188; x_wconf 87' lang='lat' dir='ltr'><strong>patum</strong></span> <span class='ocrx_word' id='word_1_67' title='bbox 589 1116 877 1188; x_wconf 77' lang='lat' dir='ltr'><strong>refutavit,</strong></span> <span class='ocrx_word' id='word_1_68' title='bbox 906 1117 1077 1173; x_wconf 90' lang='lat' dir='ltr'><strong>vitam</strong></span> <span class='ocrx_word' id='word_1_69' title='bbox 1107 1117 1326 1188; x_wconf 87' lang='lat' dir='ltr'><strong>eligens</strong></span> <span class='ocrx_word' id='word_1_70' title='bbox 1356 1117 1760 1173; x_wconf 88' lang='lat' dir='ltr'><strong>monachorum</strong></span> <span class='ocrx_word' id='word_1_71' title='bbox 1787 1134 1800 1171; x_wconf 90' lang='lat'><strong>:</strong></span> <span class='ocrx_word' id='word_1_72' title='bbox 1840 1115 2009 1172; x_wconf 90' lang='lat' dir='ltr'><strong>nobis</strong></span> 
     </span>
    </p>
   </div>
   <div class='ocr_carea' id='block_1_13' title="bbox 357 1203 2010 1278">
    <p class='ocr_par' dir='ltr' id='par_1_13' title="bbox 357 1203 2010 1278">
     <span class='ocr_line' id='line_1_13' title="bbox 357 1203 2010 1278; baseline -0.002 -16"><span class='ocrx_word' id='word_1_73' title='bbox 357 1213 545 1264; x_wconf 90' lang='lat' dir='ltr'><strong>autem</strong></span> <span class='ocrx_word' id='word_1_74' title='bbox 587 1205 1074 1277; x_wconf 83' lang='lat' dir='ltr'><strong>interrogantibus</strong></span> <span class='ocrx_word' id='word_1_75' title='bbox 1109 1219 1267 1278; x_wconf 90' lang='lat' dir='ltr'><strong>eum,</strong></span> <span class='ocrx_word' id='word_1_76' title='bbox 1315 1205 1680 1277; x_wconf 88' lang='lat' dir='ltr'><strong>quamobrem</strong></span> <span class='ocrx_word' id='word_1_77' title='bbox 1713 1206 1819 1261; x_wconf 93' lang='lat' dir='ltr'><strong>hoe</strong></span> <span class='ocrx_word' id='word_1_78' title='bbox 1853 1203 2010 1260; x_wconf 84' lang='lat' dir='ltr'><strong>fece—</strong></span> 
     </span>
    </p>
   </div>
   <div class='ocr_carea' id='block_1_14' title="bbox 360 1291 2010 1366">
    <p class='ocr_par' dir='ltr' id='par_1_14' title="bbox 360 1291 2010 1366">
     <span class='ocr_line' id='line_1_14' title="bbox 360 1291 2010 1366; baseline -0.002 -14"><span class='ocrx_word' id='word_1_79' title='bbox 360 1295 458 1366; x_wconf 88' lang='lat' dir='ltr'><strong>rit,</strong></span> <span class='ocrx_word' id='word_1_80' title='bbox 497 1294 820 1365; x_wconf 83' lang='lat' dir='ltr'><strong>respondit:</strong></span> <span class='ocrx_word' id='word_1_81' title='bbox 869 1293 1015 1364; x_wconf 87' lang='lat' dir='ltr'><strong>Quia</strong></span> <span class='ocrx_word' id='word_1_82' title='bbox 1051 1293 1100 1350; x_wconf 91' lang='lat' dir='ltr'><strong>si</strong></span> <span class='ocrx_word' id='word_1_83' title='bbox 1147 1300 1326 1350; x_wconf 90' lang='lat' dir='ltr'><strong>morte</strong></span> <span class='ocrx_word' id='word_1_84' title='bbox 1373 1301 1804 1365; x_wconf 76' lang='lat' dir='ltr'><strong>praeoccupatus</strong></span> <span class='ocrx_word' id='word_1_85' title='bbox 1847 1291 2010 1349; x_wconf 85' lang='lat' dir='ltr'><strong>fuero</strong></span> 
     </span>
    </p>
   </div>
   <div class='ocr_carea' id='block_1_15' title="bbox 358 1381 2012 1454">
    <p class='ocr_par' dir='ltr' id='par_1_15' title="bbox 358 1381 2012 1454">
     <span class='ocr_line' id='line_1_15' title="bbox 358 1381 2012 1454; baseline -0.001 -15"><span class='ocrx_word' id='word_1_86' title='bbox 358 1384 418 1440; x_wconf 91' lang='lat' dir='ltr'><strong>in</strong></span> <span class='ocrx_word' id='word_1_87' title='bbox 463 1383 795 1454; x_wconf 86' lang='lat' dir='ltr'><strong>episcOpatu</strong></span> <span class='ocrx_word' id='word_1_88' title='bbox 836 1383 950 1439; x_wconf 92' lang='lat' dir='ltr'><strong>Deo</strong></span> <span class='ocrx_word' id='word_1_89' title='bbox 988 1383 1388 1440; x_wconf 71' lang='lat' dir='ltr'><strong>conservandae</strong></span> <span class='ocrx_word' id='word_1_90' title='bbox 1425 1382 1597 1454; x_wconf 70' lang='lat' dir='ltr'><strong>regiae</strong></span> <span class='ocrx_word' id='word_1_91' title='bbox 1641 1381 1827 1454; x_wconf 91' lang='lat' dir='ltr'><strong>urbis,</strong></span> <span class='ocrx_word' id='word_1_92' title='bbox 1866 1395 2012 1438; x_wconf 92' lang='lat' dir='ltr'><strong>ana-</strong></span> 
     </span>
    </p>
   </div>
   <div class='ocr_carea' id='block_1_16' title="bbox 359 1470 2012 1543">
    <p class='ocr_par' dir='ltr' id='par_1_16' title="bbox 359 1470 2012 1543">
     <span class='ocr_line' id='line_1_16' title="bbox 359 1470 2012 1543; baseline -0.002 -14"><span class='ocrx_word' id='word_1_93' title='bbox 359 1473 549 1530; x_wconf 90' lang='lat' dir='ltr'><strong>thema</strong></span> <span class='ocrx_word' id='word_1_94' title='bbox 578 1471 794 1528; x_wconf 90' lang='lat' dir='ltr'><strong>habebo</strong></span> <span class='ocrx_word' id='word_1_95' title='bbox 822 1485 856 1528; x_wconf 90' lang='lat' dir='ltr'><strong>a</strong></span> <span class='ocrx_word' id='word_1_96' title='bbox 890 1477 1006 1528; x_wconf 82' lang='lat' dir='ltr'><strong>tota</strong></span> <span class='ocrx_word' id='word_1_97' title='bbox 1041 1472 1321 1529; x_wconf 89' lang='lat' dir='ltr'><strong>catholica</strong></span> <span class='ocrx_word' id='word_1_98' title='bbox 1359 1472 1631 1543; x_wconf 88' lang='lat' dir='ltr'><strong>Ecclesia,</strong></span> <span class='ocrx_word' id='word_1_99' title='bbox 1665 1471 1816 1543; x_wconf 91' lang='lat' dir='ltr'><strong>quod</strong></span> <span class='ocrx_word' id='word_1_100' title='bbox 1846 1470 2012 1526; x_wconf 91' lang='lat' dir='ltr'><strong>ducit</strong></span> 
     </span>
    </p>
   </div>
   <div class='ocr_carea' id='block_1_17' title="bbox 361 1558 2012 1634">
    <p class='ocr_par' dir='ltr' id='par_1_17' title="bbox 361 1558 2012 1634">
     <span class='ocr_line' id='line_1_17' title="bbox 361 1558 2012 1634; baseline -0.003 -16"><span class='ocrx_word' id='word_1_101' title='bbox 361 1563 422 1618; x_wconf 93' lang='lat' dir='ltr'><strong>in</strong></span> <span class='ocrx_word' id='word_1_102' title='bbox 443 1561 705 1618; x_wconf 86' lang='lat' dir='ltr'><strong>tenebras</strong></span> <span class='ocrx_word' id='word_1_103' title='bbox 732 1561 1063 1634; x_wconf 81' lang='lat' dir='ltr'><strong>exteriores,</strong></span> <span class='ocrx_word' id='word_1_104' title='bbox 1099 1575 1226 1632; x_wconf 73' lang='lat' dir='ltr'><strong>qua:</strong></span> <span class='ocrx_word' id='word_1_105' title='bbox 1260 1566 1588 1632; x_wconf 63' lang='lat' dir='ltr'><strong>praeparata:</strong></span> <span class='ocrx_word' id='word_1_106' title='bbox 1611 1565 1747 1616; x_wconf 91' lang='lat' dir='ltr'><strong>sunt</strong></span> <span class='ocrx_word' id='word_1_107' title='bbox 1777 1558 2012 1614; x_wconf 84' lang='lat' dir='ltr'><strong>diabolo</strong></span> 
     </span>
    </p>
   </div>
   <div class='ocr_carea' id='block_1_18' title="bbox 361 1647 2015 1724">
    <p class='ocr_par' dir='ltr' id='par_1_18' title="bbox 361 1647 2015 1724">
     <span class='ocr_line' id='line_1_18' title="bbox 361 1647 2015 1724; baseline -0.005 -14"><span class='ocrx_word' id='word_1_108' title='bbox 361 1657 418 1710; x_wconf 87' lang='lat' dir='ltr'><strong>et</strong></span> <span class='ocrx_word' id='word_1_109' title='bbox 435 1651 656 1724; x_wconf 89' lang='lat' dir='ltr'><strong>angelis</strong></span> <span class='ocrx_word' id='word_1_110' title='bbox 683 1652 844 1722; x_wconf 90' lang='lat' dir='ltr'><strong>ejus:</strong></span> <span class='ocrx_word' id='word_1_111' title='bbox 887 1665 952 1708; x_wconf 93' lang='lat' dir='ltr'><strong>eo</strong></span> <span class='ocrx_word' id='word_1_112' title='bbox 983 1651 1133 1722; x_wconf 91' lang='lat' dir='ltr'><strong>quod</strong></span> <span class='ocrx_word' id='word_1_113' title='bbox 1165 1652 1442 1723; x_wconf 82' lang='lat' dir='ltr'><strong>synodum</strong></span> <span class='ocrx_word' id='word_1_114' title='bbox 1475 1650 1780 1720; x_wconf 85' lang='lat' dir='ltr'><strong>quamdam</strong></span> <span class='ocrx_word' id='word_1_115' title='bbox 1813 1647 2015 1704; x_wconf 89' lang='lat' dir='ltr'><strong>dicant</strong></span> 
     </span>
    </p>
   </div>
   <div class='ocr_carea' id='block_1_19' title="bbox 365 1720 2094 1812">
    <p class='ocr_par' dir='ltr' id='par_1_19' title="bbox 365 1720 2094 1812">
     <span class='ocr_line' id='line_1_19' title="bbox 365 1720 2094 1812; baseline -0.005 -14"><span class='ocrx_word' id='word_1_116' title='bbox 365 1742 460 1798; x_wconf 91' lang='lat' dir='ltr'><strong>hic</strong></span> <span class='ocrx_word' id='word_1_117' title='bbox 507 1720 780 1810; x_wconf 77' lang='lat' dir='ltr'><strong>eti‘ectam,</strong></span> <span class='ocrx_word' id='word_1_118' title='bbox 827 1755 954 1811; x_wconf 68' lang='lat' dir='ltr'><strong>quae</strong></span> <span class='ocrx_word' id='word_1_119' title='bbox 1001 1720 1299 1798; x_wconf 78' lang='lat' dir='ltr'><strong>subvertat</strong></span> <span class='ocrx_word' id='word_1_120' title='bbox 1344 1738 1680 1812; x_wconf 89' lang='lat' dir='ltr'><strong>imaginales</strong></span> <span class='ocrx_word' id='word_1_121' title='bbox 1729 1738 2012 1810; x_wconf 87' lang='lat' dir='ltr'><strong>picturas,</strong></span> <span class='ocrx_word' id='word_1_122' title='bbox 2041 1720 2094 1781; x_wconf 86' lang='grc' dir='ltr'>Β</span> 
     </span>
    </p>
   </div>
   <div class='ocr_carea' id='block_1_20' title="bbox 365 1825 2011 1902">
    <p class='ocr_par' dir='ltr' id='par_1_20' title="bbox 365 1825 2011 1902">
     <span class='ocr_line' id='line_1_20' title="bbox 365 1825 2011 1902; baseline -0.004 -15"><span class='ocrx_word' id='word_1_123' title='bbox 365 1844 509 1902; x_wconf 91' lang='lat' dir='ltr'><strong>quas</strong></span> <span class='ocrx_word' id='word_1_124' title='bbox 558 1829 811 1886; x_wconf 88' lang='lat' dir='ltr'><strong>Ecclesia</strong></span> <span class='ocrx_word' id='word_1_125' title='bbox 876 1830 1158 1886; x_wconf 91' lang='lat' dir='ltr'><strong>catholica</strong></span> <span class='ocrx_word' id='word_1_126' title='bbox 1207 1833 1378 1900; x_wconf 88' lang='lat' dir='ltr'><strong>tenet,</strong></span> <span class='ocrx_word' id='word_1_127' title='bbox 1428 1828 1798 1899; x_wconf 85' lang='lat' dir='ltr'><strong>amplectitur</strong></span> <span class='ocrx_word' id='word_1_128' title='bbox 1844 1832 1901 1882; x_wconf 92' lang='lat' dir='ltr'><strong>et</strong></span> <span class='ocrx_word' id='word_1_129' title='bbox 1943 1825 2011 1881; x_wconf 89' lang='lat' dir='ltr'><strong>ad</strong></span> 
     </span>
    </p>
   </div>
   <div class='ocr_carea' id='block_1_21' title="bbox 363 1915 2019 1990">
    <p class='ocr_par' dir='ltr' id='par_1_21' title="bbox 363 1915 2019 1990">
     <span class='ocr_line' id='line_1_21' title="bbox 363 1915 2019 1990; baseline -0.004 -14"><span class='ocrx_word' id='word_1_130' title='bbox 363 1919 954 1976; x_wconf 86' lang='lat' dir='ltr'><strong>commemorationem</strong></span> <span class='ocrx_word' id='word_1_131' title='bbox 987 1919 1399 1990; x_wconf 88' lang='lat' dir='ltr'><strong>principalium</strong></span> <span class='ocrx_word' id='word_1_132' title='bbox 1432 1918 1696 1988; x_wconf 88' lang='lat' dir='ltr'><strong>suscipit.</strong></span> <span class='ocrx_word' id='word_1_133' title='bbox 1732 1919 1846 1973; x_wconf 84' lang='lat' dir='ltr'><strong>Hoc</strong></span> <span class='ocrx_word' id='word_1_134' title='bbox 1879 1915 2019 1970; x_wconf 92' lang='lat' dir='ltr'><strong>ani—</strong></span> 
     </span>
    </p>
   </div>
   <div class='ocr_carea' id='block_1_22' title="bbox 367 2005 2013 2080">
    <p class='ocr_par' dir='ltr' id='par_1_22' title="bbox 367 2005 2013 2080">
     <span class='ocr_line' id='line_1_22' title="bbox 367 2005 2013 2080; baseline -0.004 -16"><span class='ocrx_word' id='word_1_135' title='bbox 367 2023 513 2064; x_wconf 90' lang='lat' dir='ltr'><strong>mam</strong></span> <span class='ocrx_word' id='word_1_136' title='bbox 554 2021 731 2064; x_wconf 87' lang='lat' dir='ltr'><strong>meam</strong></span> <span class='ocrx_word' id='word_1_137' title='bbox 779 2009 1098 2080; x_wconf 84' lang='lat' dir='ltr'><strong>conturbat,</strong></span> <span class='ocrx_word' id='word_1_138' title='bbox 1133 2009 1238 2064; x_wconf 92' lang='lat' dir='ltr'><strong>hoc</strong></span> <span class='ocrx_word' id='word_1_139' title='bbox 1281 2021 1369 2064; x_wconf 79' lang='lat' dir='ltr'><strong>me</strong></span> <span class='ocrx_word' id='word_1_140' title='bbox 1411 2007 1469 2062; x_wconf 93' lang='lat' dir='ltr'><strong>in</strong></span> <span class='ocrx_word' id='word_1_141' title='bbox 1515 2005 2013 2062; x_wconf 89' lang='lat' dir='ltr'><strong>commonitionem</strong></span> 
     </span>
    </p>
   </div>
   <div class='ocr_carea' id='block_1_23' title="bbox 365 2095 2016 2169">
    <p class='ocr_par' dir='ltr' id='par_1_23' title="bbox 365 2095 2016 2169">
     <span class='ocr_line' id='line_1_23' title="bbox 365 2095 2016 2169; baseline -0.002 -16"><span class='ocrx_word' id='word_1_142' title='bbox 365 2097 620 2168; x_wconf 89' lang='lat' dir='ltr'><strong>adducit,</strong></span> <span class='ocrx_word' id='word_1_143' title='bbox 655 2098 938 2168; x_wconf 90' lang='lat' dir='ltr'><strong>quomodo</strong></span> <span class='ocrx_word' id='word_1_144' title='bbox 981 2097 1246 2169; x_wconf 78' lang='lat' dir='ltr'><strong>effugiam</strong></span> <span class='ocrx_word' id='word_1_145' title='bbox 1293 2096 1581 2166; x_wconf 87' lang='lat' dir='ltr'><strong>judicium</strong></span> <span class='ocrx_word' id='word_1_146' title='bbox 1632 2095 1754 2164; x_wconf 92' lang='lat' dir='ltr'><strong>Dei,</strong></span> <span class='ocrx_word' id='word_1_147' title='bbox 1806 2108 1908 2164; x_wconf 90' lang='lat' dir='ltr'><strong>pro</strong></span> <span class='ocrx_word' id='word_1_148' title='bbox 1950 2106 2016 2150; x_wconf 89' lang='lat' dir='ltr'><strong>eo</strong></span> 
     </span>
    </p>
   </div>
   <div class='ocr_carea' id='block_1_24' title="bbox 367 2182 2019 2256">
    <p class='ocr_par' dir='ltr' id='par_1_24' title="bbox 367 2182 2019 2256">
     <span class='ocr_line' id='line_1_24' title="bbox 367 2182 2019 2256; baseline 0 -16"><span class='ocrx_word' id='word_1_149' title='bbox 367 2185 517 2256; x_wconf 90' lang='lat' dir='ltr'><strong>quod</strong></span> <span class='ocrx_word' id='word_1_150' title='bbox 553 2199 683 2241; x_wconf 91' lang='lat' dir='ltr'><strong>cum</strong></span> <span class='ocrx_word' id='word_1_151' title='bbox 730 2185 1059 2256; x_wconf 73' lang='lat' dir='ltr'><strong>huiusmodi</strong></span> <span class='ocrx_word' id='word_1_152' title='bbox 1105 2186 1250 2242; x_wconf 91' lang='lat' dir='ltr'><strong>viris</strong></span> <span class='ocrx_word' id='word_1_153' title='bbox 1305 2191 1672 2242; x_wconf 88' lang='lat' dir='ltr'><strong>conversatus</strong></span> <span class='ocrx_word' id='word_1_154' title='bbox 1718 2182 1926 2240; x_wconf 84' lang='lat' dir='ltr'><strong>fuerim</strong></span> <span class='ocrx_word' id='word_1_155' title='bbox 1963 2189 2019 2240; x_wconf 90' lang='lat' dir='ltr'><strong>et</strong></span> 
     </span>
    </p>
   </div>
   <div class='ocr_carea' id='block_1_25' title="bbox 367 2272 2020 2346">
    <p class='ocr_par' dir='ltr' id='par_1_25' title="bbox 367 2272 2020 2346">
     <span class='ocr_line' id='line_1_25' title="bbox 367 2272 2020 2346; baseline -0.001 -17"><span class='ocrx_word' id='word_1_156' title='bbox 367 2278 750 2344; x_wconf 88' lang='lat' dir='ltr'><strong>computatus.</strong></span> <span class='ocrx_word' id='word_1_157' title='bbox 779 2275 904 2330; x_wconf 70' lang='lat' dir='ltr'><strong>limo</strong></span> <span class='ocrx_word' id='word_1_158' title='bbox 926 2288 1057 2331; x_wconf 90' lang='lat' dir='ltr'><strong>vero</strong></span> <span class='ocrx_word' id='word_1_159' title='bbox 1077 2275 1249 2330; x_wconf 89' lang='lat' dir='ltr'><strong>etiam</strong></span> <span class='ocrx_word' id='word_1_160' title='bbox 1271 2275 1618 2345; x_wconf 89' lang='lat' dir='ltr'><strong>quibusdam</strong></span> <span class='ocrx_word' id='word_1_161' title='bbox 1650 2272 2020 2346; x_wconf 89' lang='lat' dir='ltr'><strong>gloriosissi—</strong></span> 
     </span>
    </p>
   </div>
   <div class='ocr_carea' id='block_1_26' title="bbox 369 2361 2021 2433">
    <p class='ocr_par' dir='ltr' id='par_1_26' title="bbox 369 2361 2021 2433">
     <span class='ocr_line' id='line_1_26' title="bbox 369 2361 2021 2433; baseline 0 -16"><span class='ocrx_word' id='word_1_162' title='bbox 369 2375 592 2418; x_wconf 90' lang='lat' dir='ltr'><strong>morum</strong></span> <span class='ocrx_word' id='word_1_163' title='bbox 625 2362 951 2433; x_wconf 89' lang='lat' dir='ltr'><strong>principum</strong></span> <span class='ocrx_word' id='word_1_164' title='bbox 975 2369 1299 2419; x_wconf 90' lang='lat' dir='ltr'><strong>nostrorum</strong></span> <span class='ocrx_word' id='word_1_165' title='bbox 1326 2363 1552 2420; x_wconf 90' lang='lat' dir='ltr'><strong>locutus</strong></span> <span class='ocrx_word' id='word_1_166' title='bbox 1571 2369 1676 2432; x_wconf 91' lang='lat' dir='ltr'><strong>est,</strong></span> <span class='ocrx_word' id='word_1_167' title='bbox 1707 2369 1764 2418; x_wconf 94' lang='lat' dir='ltr'><strong>et</strong></span> <span class='ocrx_word' id='word_1_168' title='bbox 1787 2361 1874 2417; x_wconf 93' lang='lat' dir='ltr'><strong>sic</strong></span> <span class='ocrx_word' id='word_1_169' title='bbox 1901 2361 2021 2417; x_wconf 85' lang='lat' dir='ltr'><strong>vita</strong></span> 
     </span>
    </p>
   </div>
   <div class='ocr_carea' id='block_1_27' title="bbox 369 2449 2023 2524">
    <p class='ocr_par' dir='ltr' id='par_1_27' title="bbox 369 2449 2023 2524">
     <span class='ocr_line' id='line_1_27' title="bbox 369 2449 2023 2524; baseline 0 -18"><span class='ocrx_word' id='word_1_170' title='bbox 369 2449 630 2506; x_wconf 83' lang='lat' dir='ltr'><strong>excessit.</strong></span> <span class='ocrx_word' id='word_1_171' title='bbox 663 2451 817 2506; x_wconf 87' lang='lat' dir='ltr'><strong>Hanc</strong></span> <span class='ocrx_word' id='word_1_172' title='bbox 853 2465 988 2524; x_wconf 90' lang='lat' dir='ltr'><strong>ergo</strong></span> <span class='ocrx_word' id='word_1_173' title='bbox 1026 2451 1342 2508; x_wconf 90' lang='lat' dir='ltr'><strong>terribilem</strong></span> <span class='ocrx_word' id='word_1_174' title='bbox 1374 2453 1713 2508; x_wconf 88' lang='lat' dir='ltr'><strong>sententiam</strong></span> <span class='ocrx_word' id='word_1_175' title='bbox 1749 2451 2023 2508; x_wconf 91' lang='lat' dir='ltr'><strong>conside-</strong></span> 
     </span>
    </p>
   </div>
   <div class='ocr_carea' id='block_1_28' title="bbox 373 2539 2020 2611">
    <p class='ocr_par' dir='ltr' id='par_1_28' title="bbox 373 2539 2020 2611">
     <span class='ocr_line' id='line_1_28' title="bbox 373 2539 2020 2611; baseline 0.001 -17"><span class='ocrx_word' id='word_1_176' title='bbox 373 2545 532 2594; x_wconf 91' lang='lat' dir='ltr'><strong>rante</strong></span> <span class='ocrx_word' id='word_1_177' title='bbox 557 2539 653 2607; x_wconf 93' lang='lat' dir='ltr'><strong>pio</strong></span> <span class='ocrx_word' id='word_1_178' title='bbox 685 2539 928 2608; x_wconf 90' lang='lat' dir='ltr'><strong>imperio</strong></span> <span class='ocrx_word' id='word_1_179' title='bbox 959 2547 1174 2610; x_wconf 88' lang='lat' dir='ltr'><strong>nostro,</strong></span> <span class='ocrx_word' id='word_1_180' title='bbox 1204 2553 1532 2611; x_wconf 89' lang='lat' dir='ltr'><strong>quanquam</strong></span> <span class='ocrx_word' id='word_1_181' title='bbox 1566 2546 1622 2596; x_wconf 92' lang='lat' dir='ltr'><strong>et</strong></span> <span class='ocrx_word' id='word_1_182' title='bbox 1649 2547 1780 2596; x_wconf 89' lang='lat' dir='ltr'><strong>ante</strong></span> <span class='ocrx_word' id='word_1_183' title='bbox 1816 2541 1921 2596; x_wconf 93' lang='lat' dir='ltr'><strong>hoc</strong></span> <span class='ocrx_word' id='word_1_184' title='bbox 1951 2553 2020 2596; x_wconf 85' lang='lat' dir='ltr'><strong>ex</strong></span> 
     </span>
    </p>
   </div>
   <div class='ocr_carea' id='block_1_29' title="bbox 373 2626 2021 2702">
    <p class='ocr_par' dir='ltr' id='par_1_29' title="bbox 373 2626 2021 2702">
     <span class='ocr_line' id='line_1_29' title="bbox 373 2626 2021 2702; baseline 0.001 -20"><span class='ocrx_word' id='word_1_185' title='bbox 373 2626 574 2682; x_wconf 90' lang='lat' dir='ltr'><strong>multis</strong></span> <span class='ocrx_word' id='word_1_186' title='bbox 589 2627 982 2684; x_wconf 88' lang='lat' dir='ltr'><strong>audiverimus</strong></span> <span class='ocrx_word' id='word_1_187' title='bbox 999 2628 1394 2698; x_wconf 89' lang='lat' dir='ltr'><strong>hujuscemodi</strong></span> <span class='ocrx_word' id='word_1_188' title='bbox 1407 2629 1688 2702; x_wconf 88' lang='lat' dir='ltr'><strong>jurgium,</strong></span> <span class='ocrx_word' id='word_1_189' title='bbox 1707 2629 2021 2685; x_wconf 89' lang='lat' dir='ltr'><strong>consilium</strong></span> 
     </span>
    </p>
   </div>
   <div class='ocr_carea' id='block_1_30' title="bbox 374 2714 2021 2788">
    <p class='ocr_par' dir='ltr' id='par_1_30' title="bbox 374 2714 2021 2788">
     <span class='ocr_line' id='line_1_30' title="bbox 374 2714 2021 2788; baseline 0.001 -18"><span class='ocrx_word' id='word_1_190' title='bbox 374 2714 672 2772; x_wconf 90' lang='lat' dir='ltr'><strong>nobiscum</strong></span> <span class='ocrx_word' id='word_1_191' title='bbox 701 2716 994 2773; x_wconf 89' lang='lat' dir='ltr'><strong>conciliati</strong></span> <span class='ocrx_word' id='word_1_192' title='bbox 1035 2731 1256 2788; x_wconf 91' lang='lat' dir='ltr'><strong>sumus,</strong></span> <span class='ocrx_word' id='word_1_193' title='bbox 1301 2718 1576 2788; x_wconf 86' lang='lat' dir='ltr'><strong>quidnam</strong></span> <span class='ocrx_word' id='word_1_194' title='bbox 1605 2717 1834 2774; x_wconf 91' lang='lat' dir='ltr'><strong>deberet</strong></span> <span class='ocrx_word' id='word_1_195' title='bbox 1873 2717 2021 2773; x_wconf 80' lang='lat' dir='ltr'><strong>ﬁeri.</strong></span> 
     </span>
    </p>
   </div>
   <div class='ocr_carea' id='block_1_31' title="bbox 443 2803 2020 2878">
    <p class='ocr_par' dir='ltr' id='par_1_31' title="bbox 443 2803 2020 2878">
     <span class='ocr_line' id='line_1_31' title="bbox 443 2803 2020 2878; baseline 0.003 -20"><span class='ocrx_word' id='word_1_196' title='bbox 443 2804 514 2860; x_wconf 90' lang='lat' dir='ltr'><strong>Et</strong></span> <span class='ocrx_word' id='word_1_197' title='bbox 539 2803 985 2860; x_wconf 89' lang='lat' dir='ltr'><strong>deliberavimus</strong></span> <span class='ocrx_word' id='word_1_198' title='bbox 1031 2805 1090 2860; x_wconf 91' lang='lat' dir='ltr'><strong>in</strong></span> <span class='ocrx_word' id='word_1_199' title='bbox 1133 2805 1381 2862; x_wconf 92' lang='lat' dir='ltr'><strong>consilio</strong></span> <span class='ocrx_word' id='word_1_200' title='bbox 1433 2813 1648 2877; x_wconf 93' lang='lat' dir='ltr'><strong>nostro,</strong></span> <span class='ocrx_word' id='word_1_201' title='bbox 1694 2807 1844 2878; x_wconf 90' lang='lat' dir='ltr'><strong>quod</strong></span> <span class='ocrx_word' id='word_1_202' title='bbox 1889 2821 2020 2864; x_wconf 91' lang='lat' dir='ltr'><strong>cum</strong></span> 
     </span>
    </p>
   </div>
   <div class='ocr_carea' id='block_1_32' title="bbox 373 2891 2025 2968">
    <p class='ocr_par' dir='ltr' id='par_1_32' title="bbox 373 2891 2025 2968">
     <span class='ocr_line' id='line_1_32' title="bbox 373 2891 2025 2968; baseline 0.004 -20"><span class='ocrx_word' id='word_1_203' title='bbox 373 2891 678 2948; x_wconf 90' lang='lat' dir='ltr'><strong>ordinatus</strong></span> <span class='ocrx_word' id='word_1_204' title='bbox 707 2891 854 2950; x_wconf 81' lang='lat' dir='ltr'><strong>foret</strong></span> <span class='ocrx_word' id='word_1_205' title='bbox 891 2893 1236 2965; x_wconf 86' lang='lat' dir='ltr'><strong>patriarcha,</strong></span> <span class='ocrx_word' id='word_1_206' title='bbox 1265 2910 1390 2967; x_wconf 74' lang='lat' dir='ltr'><strong>qua:</strong></span> <span class='ocrx_word' id='word_1_207' title='bbox 1423 2897 1578 2952; x_wconf 87' lang='lat' dir='ltr'><strong>dicta</strong></span> <span class='ocrx_word' id='word_1_208' title='bbox 1609 2895 1852 2968; x_wconf 86' lang='lat' dir='ltr'><strong>fuerant,</strong></span> <span class='ocrx_word' id='word_1_209' title='bbox 1896 2911 2025 2954; x_wconf 88' lang='lat' dir='ltr'><strong>mox</strong></span> 
     </span>
    </p>
   </div>
   <div class='ocr_carea' id='block_1_33' title="bbox 375 2979 2026 3056">
    <p class='ocr_par' dir='ltr' id='par_1_33' title="bbox 375 2979 2026 3056">
     <span class='ocr_line' id='line_1_33' title="bbox 375 2979 2026 3056; baseline 0.004 -21"><span class='ocrx_word' id='word_1_210' title='bbox 375 2979 734 3050; x_wconf 87' lang='lat' dir='ltr'><strong>perciperent</strong></span> <span class='ocrx_word' id='word_1_211' title='bbox 762 2982 949 3038; x_wconf 85' lang='lat' dir='ltr'><strong>tinem.</strong></span> <span class='ocrx_word' id='word_1_212' title='bbox 976 2982 1338 3040; x_wconf 89' lang='lat' dir='ltr'><strong>Accersentes</strong></span> <span class='ocrx_word' id='word_1_213' title='bbox 1367 2997 1501 3056; x_wconf 90' lang='lat' dir='ltr'><strong>ergo</strong></span> <span class='ocrx_word' id='word_1_214' title='bbox 1539 2985 1695 3042; x_wconf 87' lang='lat' dir='ltr'><strong>viros</strong></span> <span class='ocrx_word' id='word_1_215' title='bbox 1717 2987 2026 3043; x_wconf 88' lang='lat' dir='ltr'><strong>ecclesias-</strong></span> 
     </span>
    </p>
   </div>
   <div class='ocr_carea' id='block_1_34' title="bbox 2112 493 3757 568">
    <p class='ocr_par' dir='ltr' id='par_1_34' title="bbox 2112 493 3757 568">
     <span class='ocr_line' id='line_1_34' title="bbox 2112 493 3757 568; baseline 0.004 -22"><span class='ocrx_word' id='word_1_216' title='bbox 2112 506 2260 562; x_wconf 92' lang='lat' dir='ltr'><strong>rum,</strong></span> <span class='ocrx_word' id='word_1_217' title='bbox 2301 498 2356 548; x_wconf 92' lang='lat' dir='ltr'><strong>et</strong></span> <span class='ocrx_word' id='word_1_218' title='bbox 2401 493 2582 548; x_wconf 91' lang='lat' dir='ltr'><strong>totius</strong></span> <span class='ocrx_word' id='word_1_219' title='bbox 2617 493 2846 550; x_wconf 88' lang='lat' dir='ltr'><strong>Christo</strong></span> <span class='ocrx_word' id='word_1_220' title='bbox 2885 493 3155 549; x_wconf 87' lang='lat' dir='ltr'><strong>amabilis</strong></span> <span class='ocrx_word' id='word_1_221' title='bbox 3184 495 3383 565; x_wconf 90' lang='lat' dir='ltr'><strong>populi</strong></span> <span class='ocrx_word' id='word_1_222' title='bbox 3412 496 3615 568; x_wconf 90' lang='lat' dir='ltr'><strong>nostri,</strong></span> <span class='ocrx_word' id='word_1_223' title='bbox 3659 497 3757 566; x_wconf 89' lang='lat' dir='ltr'><strong>qui</strong></span> 
     </span>
    </p>
   </div>
   <div class='ocr_carea' id='block_1_35' title="bbox 2113 581 3762 656">
    <p class='ocr_par' dir='ltr' id='par_1_35' title="bbox 2113 581 3762 656">
     <span class='ocr_line' id='line_1_35' title="bbox 2113 581 3762 656; baseline 0.003 -21"><span class='ocrx_word' id='word_1_224' title='bbox 2113 583 2250 636; x_wconf 92' lang='lat' dir='ltr'><strong>tunc</strong></span> <span class='ocrx_word' id='word_1_225' title='bbox 2285 581 2380 636; x_wconf 90' lang='lat' dir='ltr'><strong>hic</strong></span> <span class='ocrx_word' id='word_1_226' title='bbox 2406 583 2643 638; x_wconf 90' lang='lat' dir='ltr'><strong>aderant</strong></span> <span class='ocrx_word' id='word_1_227' title='bbox 2669 583 2857 638; x_wconf 89' lang='lat' dir='ltr'><strong>virum</strong></span> <span class='ocrx_word' id='word_1_228' title='bbox 2895 583 3223 653; x_wconf 86' lang='lat' dir='ltr'><strong>eduximus,</strong></span> <span class='ocrx_word' id='word_1_229' title='bbox 3265 588 3324 639; x_wconf 92' lang='lat' dir='ltr'><strong>et</strong></span> <span class='ocrx_word' id='word_1_230' title='bbox 3364 584 3424 639; x_wconf 93' lang='lat' dir='ltr'><strong>in</strong></span> <span class='ocrx_word' id='word_1_231' title='bbox 3463 585 3762 656; x_wconf 62' lang='lat' dir='ltr'><strong>praesentia</strong></span> 
     </span>
    </p>
   </div>
   <div class='ocr_carea' id='block_1_36' title="bbox 2111 670 3765 744">
    <p class='ocr_par' dir='ltr' id='par_1_36' title="bbox 2111 670 3765 744">
     <span class='ocr_line' id='line_1_36' title="bbox 2111 670 3765 744; baseline 0.004 -20"><span class='ocrx_word' id='word_1_232' title='bbox 2111 681 2308 725; x_wconf 89' lang='lat' dir='ltr'><strong>eorum</strong></span> <span class='ocrx_word' id='word_1_233' title='bbox 2343 670 2626 741; x_wconf 89' lang='lat' dir='ltr'><strong>quidquid</strong></span> <span class='ocrx_word' id='word_1_234' title='bbox 2660 671 2825 728; x_wconf 91' lang='lat' dir='ltr'><strong>nobis</strong></span> <span class='ocrx_word' id='word_1_235' title='bbox 2857 672 3246 744; x_wconf 90' lang='lat' dir='ltr'><strong>responderat,</strong></span> <span class='ocrx_word' id='word_1_236' title='bbox 3279 678 3337 729; x_wconf 92' lang='lat' dir='ltr'><strong>et</strong></span> <span class='ocrx_word' id='word_1_237' title='bbox 3378 673 3525 744; x_wconf 91' lang='lat' dir='ltr'><strong>ipsis</strong></span> <span class='ocrx_word' id='word_1_238' title='bbox 3559 673 3765 731; x_wconf 68' lang='lat' dir='ltr'><strong>altatus</strong></span> 
     </span>
    </p>
   </div>
   <div class='ocr_carea' id='block_1_37' title="bbox 2111 760 3770 818">
    <p class='ocr_par' dir='ltr' id='par_1_37' title="bbox 2111 760 3770 818">
     <span class='ocr_line' id='line_1_37' title="bbox 2111 760 3770 818; baseline 0.003 -5"><span class='ocrx_word' id='word_1_239' title='bbox 2111 763 2198 814; x_wconf 93' lang='lat' dir='ltr'><strong>est</strong></span> <span class='ocrx_word' id='word_1_240' title='bbox 2225 777 2236 813; x_wconf 95' lang='lat'><strong>:</strong></span> <span class='ocrx_word' id='word_1_241' title='bbox 2271 764 2330 814; x_wconf 92' lang='lat' dir='ltr'><strong>at</strong></span> <span class='ocrx_word' id='word_1_242' title='bbox 2359 773 2488 816; x_wconf 91' lang='lat' dir='ltr'><strong>vero</strong></span> <span class='ocrx_word' id='word_1_243' title='bbox 2518 760 2774 817; x_wconf 91' lang='lat' dir='ltr'><strong>universi</strong></span> <span class='ocrx_word' id='word_1_244' title='bbox 2806 761 2896 816; x_wconf 92' lang='lat' dir='ltr'><strong>illi</strong></span> <span class='ocrx_word' id='word_1_245' title='bbox 2926 761 3044 816; x_wconf 62' lang='lat' dir='ltr'><strong>hac</strong></span> <span class='ocrx_word' id='word_1_246' title='bbox 3063 761 3366 818; x_wconf 82' lang='lat' dir='ltr'><strong>audientes</strong></span> <span class='ocrx_word' id='word_1_247' title='bbox 3391 762 3636 818; x_wconf 88' lang='lat' dir='ltr'><strong>libenter</strong></span> <span class='ocrx_word' id='word_1_248' title='bbox 3664 775 3770 818; x_wconf 86' lang='lat' dir='ltr'><strong>ac—</strong></span> 
     </span>
    </p>
   </div>
   <div class='ocr_carea' id='block_1_38' title="bbox 2113 849 3764 922">
    <p class='ocr_par' dir='ltr' id='par_1_38' title="bbox 2113 849 3764 922">
     <span class='ocr_line' id='line_1_38' title="bbox 2113 849 3764 922; baseline 0.002 -19"><span class='ocrx_word' id='word_1_249' title='bbox 2113 853 2404 920; x_wconf 90' lang='lat' dir='ltr'><strong>ceperunt,</strong></span> <span class='ocrx_word' id='word_1_250' title='bbox 2436 849 2794 919; x_wconf 88' lang='lat' dir='ltr'><strong>postulantes</strong></span> <span class='ocrx_word' id='word_1_251' title='bbox 2832 850 3135 919; x_wconf 80' lang='lat' dir='ltr'><strong>paciﬁcum</strong></span> <span class='ocrx_word' id='word_1_252' title='bbox 3177 855 3233 906; x_wconf 91' lang='lat' dir='ltr'><strong>et</strong></span> <span class='ocrx_word' id='word_1_253' title='bbox 3268 851 3427 921; x_wconf 90' lang='lat' dir='ltr'><strong>pium</strong></span> <span class='ocrx_word' id='word_1_254' title='bbox 3461 851 3764 922; x_wconf 89' lang='lat' dir='ltr'><strong>imperium</strong></span> 
     </span>
    </p>
   </div>
   <div class='ocr_carea' id='block_1_39' title="bbox 2115 937 3772 1012">
    <p class='ocr_par' dir='ltr' id='par_1_39' title="bbox 2115 937 3772 1012">
     <span class='ocr_line' id='line_1_39' title="bbox 2115 937 3772 1012; baseline 0.001 -20"><span class='ocrx_word' id='word_1_255' title='bbox 2115 940 2396 1006; x_wconf 91' lang='lat' dir='ltr'><strong>nostrum,</strong></span> <span class='ocrx_word' id='word_1_256' title='bbox 2445 943 2512 993; x_wconf 92' lang='lat' dir='ltr'><strong>ut</strong></span> <span class='ocrx_word' id='word_1_257' title='bbox 2557 937 2715 993; x_wconf 83' lang='lat' dir='ltr'><strong>ﬂeret</strong></span> <span class='ocrx_word' id='word_1_258' title='bbox 2761 937 3110 995; x_wconf 88' lang='lat' dir='ltr'><strong>universalis</strong></span> <span class='ocrx_word' id='word_1_259' title='bbox 3147 939 3418 1010; x_wconf 89' lang='lat' dir='ltr'><strong>synodus.</strong></span> <span class='ocrx_word' id='word_1_260' title='bbox 3462 940 3608 1012; x_wconf 88' lang='lat' dir='ltr'><strong>Ergo</strong></span> <span class='ocrx_word' id='word_1_261' title='bbox 3632 939 3772 996; x_wconf 90' lang='lat' dir='ltr'><strong>huic</strong></span> 
     </span>
    </p>
   </div>
   <div class='ocr_carea' id='block_1_40' title="bbox 2116 1025 3768 1097">
    <p class='ocr_par' dir='ltr' id='par_1_40' title="bbox 2116 1025 3768 1097">
     <span class='ocr_line' id='line_1_40' title="bbox 2116 1025 3768 1097; baseline 0.004 -17"><span class='ocrx_word' id='word_1_262' title='bbox 2116 1025 2381 1096; x_wconf 90' lang='lat' dir='ltr'><strong>petitioni</strong></span> <span class='ocrx_word' id='word_1_263' title='bbox 2413 1027 2744 1097; x_wconf 90' lang='lat' dir='ltr'><strong>annuimus,</strong></span> <span class='ocrx_word' id='word_1_264' title='bbox 2777 1027 2892 1083; x_wconf 91' lang='lat' dir='ltr'><strong>Deo</strong></span> <span class='ocrx_word' id='word_1_265' title='bbox 2915 1041 3034 1095; x_wconf 92' lang='lat' dir='ltr'><strong>vos,</strong></span> <span class='ocrx_word' id='word_1_266' title='bbox 3068 1033 3134 1083; x_wconf 92' lang='lat' dir='ltr'><strong>ut</strong></span> <span class='ocrx_word' id='word_1_267' title='bbox 3161 1027 3455 1084; x_wconf 89' lang='lat' dir='ltr'><strong>veritatem</strong></span> <span class='ocrx_word' id='word_1_268' title='bbox 3485 1028 3768 1086; x_wconf 87' lang='lat' dir='ltr'><strong>dicamus.</strong></span> 
     </span>
    </p>
   </div>
   <div class='ocr_carea' id='block_1_41' title="bbox 2117 1115 3774 1189">
    <p class='ocr_par' dir='ltr' id='par_1_41' title="bbox 2117 1115 3774 1189">
     <span class='ocr_line' id='line_1_41' title="bbox 2117 1115 3774 1189; baseline 0.001 -19"><span class='ocrx_word' id='word_1_269' title='bbox 2117 1128 2460 1186; x_wconf 81' lang='lat' dir='ltr'><strong>congregare</strong></span> <span class='ocrx_word' id='word_1_270' title='bbox 2495 1115 2734 1186; x_wconf 90' lang='lat' dir='ltr'><strong>volente,</strong></span> <span class='ocrx_word' id='word_1_271' title='bbox 2775 1122 2832 1172; x_wconf 90' lang='lat' dir='ltr'><strong>et</strong></span> <span class='ocrx_word' id='word_1_272' title='bbox 2872 1131 2975 1173; x_wconf 90' lang='lat' dir='ltr'><strong>nos</strong></span> <span class='ocrx_word' id='word_1_273' title='bbox 3004 1117 3073 1173; x_wconf 91' lang='lat' dir='ltr'><strong>ad</strong></span> <span class='ocrx_word' id='word_1_274' title='bbox 3117 1117 3174 1172; x_wconf 90' lang='lat' dir='ltr'><strong>id</strong></span> <span class='ocrx_word' id='word_1_275' title='bbox 3232 1117 3535 1189; x_wconf 90' lang='lat' dir='ltr'><strong>dirigente.</strong></span> <span class='ocrx_word' id='word_1_276' title='bbox 3587 1119 3774 1189; x_wconf 88' lang='lat' dir='ltr'><strong>Igitur</strong></span> 
     </span>
    </p>
   </div>
   <div class='ocr_carea' id='block_1_42' title="bbox 2119 1204 3771 1279">
    <p class='ocr_par' dir='ltr' id='par_1_42' title="bbox 2119 1204 3771 1279">
     <span class='ocr_line' id='line_1_42' title="bbox 2119 1204 3771 1279; baseline 0.002 -20"><span class='ocrx_word' id='word_1_277' title='bbox 2119 1204 2387 1274; x_wconf 90' lang='lat' dir='ltr'><strong>quoniam</strong></span> <span class='ocrx_word' id='word_1_278' title='bbox 2429 1218 2462 1260; x_wconf 91' lang='lat' dir='ltr'><strong>a</strong></span> <span class='ocrx_word' id='word_1_279' title='bbox 2510 1209 2629 1261; x_wconf 91' lang='lat' dir='ltr'><strong>toto</strong></span> <span class='ocrx_word' id='word_1_280' title='bbox 2673 1210 2953 1262; x_wconf 90' lang='lat' dir='ltr'><strong>terrarum</strong></span> <span class='ocrx_word' id='word_1_281' title='bbox 2995 1206 3132 1262; x_wconf 91' lang='lat' dir='ltr'><strong>orbe</strong></span> <span class='ocrx_word' id='word_1_282' title='bbox 3179 1206 3412 1279; x_wconf 85' lang='lat' dir='ltr'><strong>collegit</strong></span> <span class='ocrx_word' id='word_1_283' title='bbox 3458 1221 3558 1264; x_wconf 91' lang='lat' dir='ltr'><strong>vos</strong></span> <span class='ocrx_word' id='word_1_284' title='bbox 3597 1209 3771 1276; x_wconf 89' lang='lat' dir='ltr'><strong>Deus,</strong></span> 
     </span>
    </p>
   </div>
   <div class='ocr_carea' id='block_1_43' title="bbox 2117 1293 3777 1368">
    <p class='ocr_par' dir='ltr' id='par_1_43' title="bbox 2117 1293 3777 1368">
     <span class='ocr_line' id='line_1_43' title="bbox 2117 1293 3777 1368; baseline 0.003 -20"><span class='ocrx_word' id='word_1_285' title='bbox 2117 1293 2428 1350; x_wconf 89' lang='lat' dir='ltr'><strong>consilium</strong></span> <span class='ocrx_word' id='word_1_286' title='bbox 2478 1309 2645 1352; x_wconf 89' lang='lat' dir='ltr'><strong>suum</strong></span> <span class='ocrx_word' id='word_1_287' title='bbox 2710 1300 2961 1352; x_wconf 86' lang='lat' dir='ltr'><strong>statuere</strong></span> <span class='ocrx_word' id='word_1_288' title='bbox 3009 1295 3239 1368; x_wconf 81' lang='lat' dir='ltr'><strong>volens;</strong></span> <span class='ocrx_word' id='word_1_289' title='bbox 3289 1309 3418 1353; x_wconf 88' lang='lat' dir='ltr'><strong>ecce</strong></span> <span class='ocrx_word' id='word_1_290' title='bbox 3462 1297 3777 1366; x_wconf 89' lang='lat' dir='ltr'><strong>propositis</strong></span> 
     </span>
    </p>
   </div>
   <div class='ocr_carea' id='block_1_44' title="bbox 2119 1383 3772 1456">
    <p class='ocr_par' dir='ltr' id='par_1_44' title="bbox 2119 1383 3772 1456">
     <span class='ocr_line' id='line_1_44' title="bbox 2119 1383 3772 1456; baseline 0.001 -18"><span class='ocrx_word' id='word_1_291' title='bbox 2119 1383 2336 1440; x_wconf 90' lang='lat' dir='ltr'><strong>sanctis</strong></span> <span class='ocrx_word' id='word_1_292' title='bbox 2371 1383 2715 1455; x_wconf 89' lang='lat' dir='ltr'><strong>Evangeliis,</strong></span> <span class='ocrx_word' id='word_1_293' title='bbox 2761 1387 2818 1440; x_wconf 90' lang='lat' dir='ltr'><strong>et</strong></span> <span class='ocrx_word' id='word_1_294' title='bbox 2865 1383 3322 1456; x_wconf 90' lang='lat' dir='ltr'><strong>intelligibiliter</strong></span> <span class='ocrx_word' id='word_1_295' title='bbox 3365 1384 3772 1454; x_wconf 74' lang='lat' dir='ltr'><strong>clamantibus,</strong></span> 
     </span>
    </p>
   </div>
   <div class='ocr_carea' id='block_1_45' title="bbox 2118 1469 3780 1546">
    <p class='ocr_par' dir='ltr' id='par_1_45' title="bbox 2118 1469 3780 1546">
     <span class='ocr_line' id='line_1_45' title="bbox 2118 1469 3780 1546; baseline 0.002 -21"><span class='ocrx_word' id='word_1_296' title='bbox 2118 1473 2270 1525; x_wconf 76' lang='lat' dir='ltr'><strong>Iuste</strong></span> <span class='ocrx_word' id='word_1_297' title='bbox 2287 1471 2538 1539; x_wconf 77' lang='lat' dir='ltr'><strong>judicate</strong></span> <span class='ocrx_word' id='word_1_298' title='bbox 2563 1469 2738 1542; x_wconf 83' lang='lat' dir='ltr'><strong>(Joan.</strong></span> <span class='ocrx_word' id='word_1_299' title='bbox 2772 1473 2904 1546; x_wconf 84' lang='lat' dir='ltr'><strong>vn):</strong></span> <span class='ocrx_word' id='word_1_300' title='bbox 2931 1478 3075 1529; x_wconf 86' lang='lat' dir='ltr'><strong>state</strong></span> <span class='ocrx_word' id='word_1_301' title='bbox 3115 1473 3354 1529; x_wconf 87' lang='lat' dir='ltr'><strong>stabiles</strong></span> <span class='ocrx_word' id='word_1_302' title='bbox 3379 1473 3614 1544; x_wconf 89' lang='lat' dir='ltr'><strong>pietatis</strong></span> <span class='ocrx_word' id='word_1_303' title='bbox 3635 1487 3780 1543; x_wconf 90' lang='lat' dir='ltr'><strong>pro-</strong></span> 
     </span>
    </p>
   </div>
   <div class='ocr_carea' id='block_1_46' title="bbox 2123 1561 3782 1631">
    <p class='ocr_par' dir='ltr' id='par_1_46' title="bbox 2123 1561 3782 1631">
     <span class='ocr_line' id='line_1_46' title="bbox 2123 1561 3782 1631; baseline 0.003 -17"><span class='ocrx_word' id='word_1_304' title='bbox 2123 1566 2483 1630; x_wconf 83' lang='lat' dir='ltr'><strong>pugnatores,</strong></span> <span class='ocrx_word' id='word_1_305' title='bbox 2514 1567 2572 1615; x_wconf 91' lang='lat' dir='ltr'><strong>et</strong></span> <span class='ocrx_word' id='word_1_306' title='bbox 2608 1574 2829 1616; x_wconf 91' lang='lat' dir='ltr'><strong>omnem</strong></span> <span class='ocrx_word' id='word_1_307' title='bbox 2905 1561 3171 1618; x_wconf 87' lang='lat' dir='ltr'><strong>ovitatem</strong></span> <span class='ocrx_word' id='word_1_308' title='bbox 3211 1575 3432 1631; x_wconf 88' lang='lat' dir='ltr'><strong>vocum,</strong></span> <span class='ocrx_word' id='word_1_309' title='bbox 3469 1566 3526 1617; x_wconf 91' lang='lat' dir='ltr'><strong>et</strong></span> <span class='ocrx_word' id='word_1_310' title='bbox 3555 1562 3782 1619; x_wconf 91' lang='lat' dir='ltr'><strong>noviter</strong></span> 
     </span>
    </p>
   </div>
   <div class='ocr_carea' id='block_1_47' title="bbox 2121 1649 3779 1722">
    <p class='ocr_par' dir='ltr' id='par_1_47' title="bbox 2121 1649 3779 1722">
     <span class='ocr_line' id='line_1_47' title="bbox 2121 1649 3779 1722; baseline 0.002 -19"><span class='ocrx_word' id='word_1_311' title='bbox 2121 1657 2482 1718; x_wconf 89' lang='lat' dir='ltr'><strong>apparentem</strong></span> <span class='ocrx_word' id='word_1_312' title='bbox 2533 1649 2871 1706; x_wconf 89' lang='lat' dir='ltr'><strong>seditionem</strong></span> <span class='ocrx_word' id='word_1_313' title='bbox 2912 1650 3166 1706; x_wconf 88' lang='lat' dir='ltr'><strong>recidere</strong></span> <span class='ocrx_word' id='word_1_314' title='bbox 3205 1657 3527 1722; x_wconf 89' lang='lat' dir='ltr'><strong>procurate,</strong></span> <span class='ocrx_word' id='word_1_315' title='bbox 3569 1665 3779 1720; x_wconf 88' lang='lat' dir='ltr'><strong>quem-</strong></span> 
     </span>
    </p>
   </div>
   <div class='ocr_carea' id='block_1_48' title="bbox 2123 1734 3773 1814">
    <p class='ocr_par' dir='ltr' id='par_1_48' title="bbox 2123 1734 3773 1814">
     <span class='ocr_line' id='line_1_48' title="bbox 2123 1734 3773 1814; baseline 0.002 -23"><span class='ocrx_word' id='word_1_316' title='bbox 2123 1736 2427 1792; x_wconf 89' lang='lat' dir='ltr'><strong>admodum</strong></span> <span class='ocrx_word' id='word_1_317' title='bbox 2483 1742 2540 1792; x_wconf 94' lang='lat' dir='ltr'><strong>et</strong></span> <span class='ocrx_word' id='word_1_318' title='bbox 2577 1739 2776 1793; x_wconf 91' lang='lat' dir='ltr'><strong>Petrus</strong></span> <span class='ocrx_word' id='word_1_319' title='bbox 2819 1739 3043 1808; x_wconf 90' lang='lat' dir='ltr'><strong>primus</strong></span> <span class='ocrx_word' id='word_1_320' title='bbox 3087 1739 3354 1809; x_wconf 87' lang='lat' dir='ltr'><strong>princeps</strong></span> <span class='ocrx_word' id='word_1_321' title='bbox 3397 1734 3773 1814; x_wconf 89' lang='lat' dir='ltr'><strong>[principum]</strong></span> 
     </span>
    </p>
   </div>
   <div class='ocr_carea' id='block_1_49' title="bbox 2125 1825 3780 1899">
    <p class='ocr_par' dir='ltr' id='par_1_49' title="bbox 2125 1825 3780 1899">
     <span class='ocr_line' id='line_1_49' title="bbox 2125 1825 3780 1899; baseline 0.002 -19"><span class='ocrx_word' id='word_1_322' title='bbox 2125 1825 2352 1897; x_wconf 88' lang='lat' dir='ltr'><strong>collegii</strong></span> <span class='ocrx_word' id='word_1_323' title='bbox 2399 1827 2722 1899; x_wconf 90' lang='lat' dir='ltr'><strong>apostolici,</strong></span> <span class='ocrx_word' id='word_1_324' title='bbox 2763 1827 2862 1899; x_wconf 90' lang='lat' dir='ltr'><strong>qui</strong></span> <span class='ocrx_word' id='word_1_325' title='bbox 2904 1828 3133 1884; x_wconf 89' lang='lat' dir='ltr'><strong>servilis</strong></span> <span class='ocrx_word' id='word_1_326' title='bbox 3180 1827 3538 1898; x_wconf 89' lang='lat' dir='ltr'><strong>deceptionis</strong></span> <span class='ocrx_word' id='word_1_327' title='bbox 3575 1841 3780 1884; x_wconf 89' lang='lat' dir='ltr'><strong>amen-</strong></span> 
     </span>
    </p>
   </div>
   <div class='ocr_carea' id='block_1_50' title="bbox 2125 1915 3778 1989">
    <p class='ocr_par' dir='ltr' id='par_1_50' title="bbox 2125 1915 3778 1989">
     <span class='ocr_line' id='line_1_50' title="bbox 2125 1915 3778 1989; baseline 0.002 -20"><span class='ocrx_word' id='word_1_328' title='bbox 2125 1915 2206 1970; x_wconf 91' lang='lat' dir='ltr'><strong>tia</strong></span> <span class='ocrx_word' id='word_1_329' title='bbox 2269 1929 2556 1986; x_wconf 89' lang='lat' dir='ltr'><strong>percussa,</strong></span> <span class='ocrx_word' id='word_1_330' title='bbox 2620 1916 2871 1972; x_wconf 68' lang='lat' dir='ltr'><strong>Judaica:</strong></span> <span class='ocrx_word' id='word_1_331' title='bbox 2923 1917 3245 1973; x_wconf 90' lang='lat' dir='ltr'><strong>auditionis</strong></span> <span class='ocrx_word' id='word_1_332' title='bbox 3293 1931 3528 1973; x_wconf 89' lang='lat' dir='ltr'><strong>sensum</strong></span> <span class='ocrx_word' id='word_1_333' title='bbox 3586 1917 3778 1989; x_wconf 90' lang='lat' dir='ltr'><strong>gladio</strong></span> 
     </span>
    </p>
   </div>
   <div class='ocr_carea' id='block_1_51' title="bbox 2127 2003 3776 2078">
    <p class='ocr_par' dir='ltr' id='par_1_51' title="bbox 2127 2003 3776 2078">
     <span class='ocr_line' id='line_1_51' title="bbox 2127 2003 3776 2078; baseline 0.001 -19"><span class='ocrx_word' id='word_1_334' title='bbox 2127 2003 2370 2060; x_wconf 83' lang='lat' dir='ltr'><strong>abstulit</strong></span> <span class='ocrx_word' id='word_1_335' title='bbox 2419 2003 2593 2075; x_wconf 85' lang='lat' dir='ltr'><strong>(Joan.</strong></span> <span class='ocrx_word' id='word_1_336' title='bbox 2641 2005 2823 2078; x_wconf 87' lang='lat' dir='ltr'><strong>xvm).</strong></span> <span class='ocrx_word' id='word_1_337' title='bbox 2875 2006 3176 2062; x_wconf 87' lang='lat' dir='ltr'><strong>Extendite</strong></span> <span class='ocrx_word' id='word_1_338' title='bbox 3218 2007 3465 2062; x_wconf 88' lang='lat' dir='ltr'><strong>securim</strong></span> <span class='ocrx_word' id='word_1_339' title='bbox 3510 2006 3776 2077; x_wconf 89' lang='lat' dir='ltr'><strong>spiritus,</strong></span> 
     </span>
    </p>
   </div>
   <div class='ocr_carea' id='block_1_52' title="bbox 2127 2094 3782 2167">
    <p class='ocr_par' dir='ltr' id='par_1_52' title="bbox 2127 2094 3782 2167">
     <span class='ocr_line' id='line_1_52' title="bbox 2127 2094 3782 2167; baseline 0.001 -19"><span class='ocrx_word' id='word_1_340' title='bbox 2127 2097 2182 2149; x_wconf 91' lang='lat' dir='ltr'><strong>et</strong></span> <span class='ocrx_word' id='word_1_341' title='bbox 2220 2107 2440 2149; x_wconf 90' lang='lat' dir='ltr'><strong>omnem</strong></span> <span class='ocrx_word' id='word_1_342' title='bbox 2481 2094 2738 2151; x_wconf 88' lang='lat' dir='ltr'><strong>arborem</strong></span> <span class='ocrx_word' id='word_1_343' title='bbox 2775 2095 3188 2167; x_wconf 88' lang='lat' dir='ltr'><strong>germinantem</strong></span> <span class='ocrx_word' id='word_1_344' title='bbox 3244 2095 3497 2152; x_wconf 86' lang='lat' dir='ltr'><strong>fructum</strong></span> <span class='ocrx_word' id='word_1_345' title='bbox 3539 2101 3782 2152; x_wconf 92' lang='lat' dir='ltr'><strong>conten-</strong></span> 
     </span>
    </p>
   </div>
   <div class='ocr_carea' id='block_1_53' title="bbox 2128 2181 3782 2253">
    <p class='ocr_par' dir='ltr' id='par_1_53' title="bbox 2128 2181 3782 2253">
     <span class='ocr_line' id='line_1_53' title="bbox 2128 2181 3782 2253; baseline 0.001 -17"><span class='ocrx_word' id='word_1_346' title='bbox 2128 2181 2308 2238; x_wconf 89' lang='lat' dir='ltr'><strong>tionis</strong></span> <span class='ocrx_word' id='word_1_347' title='bbox 2341 2187 2398 2238; x_wconf 93' lang='lat' dir='ltr'><strong>et</strong></span> <span class='ocrx_word' id='word_1_348' title='bbox 2432 2182 2818 2240; x_wconf 90' lang='lat' dir='ltr'><strong>dissensionis</strong></span> <span class='ocrx_word' id='word_1_349' title='bbox 2853 2198 2920 2240; x_wconf 91' lang='lat' dir='ltr'><strong>ac</strong></span> <span class='ocrx_word' id='word_1_350' title='bbox 2962 2184 3300 2240; x_wconf 68' lang='lat' dir='ltr'><strong>introducta:</strong></span> <span class='ocrx_word' id='word_1_351' title='bbox 3345 2183 3636 2253; x_wconf 85' lang='lat' dir='ltr'><strong>novitatis,</strong></span> <span class='ocrx_word' id='word_1_352' title='bbox 3681 2189 3782 2238; x_wconf 88' lang='lat' dir='ltr'><strong>aut</strong></span> 
     </span>
    </p>
   </div>
   <div class='ocr_carea' id='block_1_54' title="bbox 2129 2271 3784 2344">
    <p class='ocr_par' dir='ltr' id='par_1_54' title="bbox 2129 2271 3784 2344">
     <span class='ocr_line' id='line_1_54' title="bbox 2129 2271 3784 2344; baseline 0.001 -18"><span class='ocrx_word' id='word_1_353' title='bbox 2129 2271 2618 2344; x_wconf 88' lang='lat' dir='ltr'><strong>magisterialibus</strong></span> <span class='ocrx_word' id='word_1_354' title='bbox 2645 2273 2885 2330; x_wconf 91' lang='lat' dir='ltr'><strong>vocibus</strong></span> <span class='ocrx_word' id='word_1_355' title='bbox 2923 2274 3331 2344; x_wconf 89' lang='lat' dir='ltr'><strong>tranplantate,</strong></span> <span class='ocrx_word' id='word_1_356' title='bbox 3362 2277 3463 2329; x_wconf 91' lang='lat' dir='ltr'><strong>aut</strong></span> <span class='ocrx_word' id='word_1_357' title='bbox 3487 2272 3784 2329; x_wconf 89' lang='lat' dir='ltr'><strong>canonicis</strong></span> 
     </span>
    </p>
   </div>
   <div class='ocr_carea' id='block_1_55' title="bbox 2130 2359 3784 2434">
    <p class='ocr_par' dir='ltr' id='par_1_55' title="bbox 2130 2359 3784 2434">
     <span class='ocr_line' id='line_1_55' title="bbox 2130 2359 3784 2434; baseline 0.001 -19"><span class='ocrx_word' id='word_1_358' title='bbox 2130 2359 2621 2432; x_wconf 89' lang='lat' dir='ltr'><strong>increpationibus</strong></span> <span class='ocrx_word' id='word_1_359' title='bbox 2649 2361 2956 2431; x_wconf 91' lang='lat' dir='ltr'><strong>concidite,</strong></span> <span class='ocrx_word' id='word_1_360' title='bbox 2992 2368 3048 2418; x_wconf 92' lang='lat' dir='ltr'><strong>et</strong></span> <span class='ocrx_word' id='word_1_361' title='bbox 3089 2362 3150 2418; x_wconf 90' lang='lat' dir='ltr'><strong>in</strong></span> <span class='ocrx_word' id='word_1_362' title='bbox 3191 2362 3379 2434; x_wconf 87' lang='lat' dir='ltr'><strong>ignem</strong></span> <span class='ocrx_word' id='word_1_363' title='bbox 3427 2360 3639 2417; x_wconf 73' lang='lat' dir='ltr'><strong>futura:</strong></span> <span class='ocrx_word' id='word_1_364' title='bbox 3679 2373 3784 2432; x_wconf 88' lang='lat' dir='ltr'><strong>ge—</strong></span> 
     </span>
    </p>
   </div>
   <div class='ocr_carea' id='block_1_56' title="bbox 2131 2451 3783 2524">
    <p class='ocr_par' dir='ltr' id='par_1_56' title="bbox 2131 2451 3783 2524">
     <span class='ocr_line' id='line_1_56' title="bbox 2131 2451 3783 2524; baseline -0.001 -18"><span class='ocrx_word' id='word_1_365' title='bbox 2131 2451 2331 2506; x_wconf 65' lang='lat' dir='ltr'><strong>hennae</strong></span> <span class='ocrx_word' id='word_1_366' title='bbox 2370 2451 2772 2508; x_wconf 89' lang='lat' dir='ltr'><strong>transmittite:</strong></span> <span class='ocrx_word' id='word_1_367' title='bbox 2823 2457 2888 2508; x_wconf 91' lang='lat' dir='ltr'><strong>ut</strong></span> <span class='ocrx_word' id='word_1_368' title='bbox 2922 2452 3207 2524; x_wconf 89' lang='lat' dir='ltr'><strong>integrum</strong></span> <span class='ocrx_word' id='word_1_369' title='bbox 3255 2451 3524 2507; x_wconf 72' lang='lat' dir='ltr'><strong>Ecclesia:</strong></span> <span class='ocrx_word' id='word_1_370' title='bbox 3571 2463 3783 2521; x_wconf 90' lang='lat' dir='ltr'><strong>corpus</strong></span> 
     </span>
    </p>
   </div>
   <div class='ocr_carea' id='block_1_57' title="bbox 2130 2539 3785 2611">
    <p class='ocr_par' dir='ltr' id='par_1_57' title="bbox 2130 2539 3785 2611">
     <span class='ocr_line' id='line_1_57' title="bbox 2130 2539 3785 2611; baseline 0 -16"><span class='ocrx_word' id='word_1_371' title='bbox 2130 2546 2483 2610; x_wconf 87' lang='lat' dir='ltr'><strong>compactum</strong></span> <span class='ocrx_word' id='word_1_372' title='bbox 2527 2545 2584 2596; x_wconf 91' lang='lat' dir='ltr'><strong>et</strong></span> <span class='ocrx_word' id='word_1_373' title='bbox 2619 2541 2962 2598; x_wconf 91' lang='lat' dir='ltr'><strong>conveniens</strong></span> <span class='ocrx_word' id='word_1_374' title='bbox 2994 2547 3164 2611; x_wconf 90' lang='lat' dir='ltr'><strong>atque</strong></span> <span class='ocrx_word' id='word_1_375' title='bbox 3200 2547 3435 2611; x_wconf 89' lang='lat' dir='ltr'><strong>paterna</strong></span> <span class='ocrx_word' id='word_1_376' title='bbox 3472 2539 3785 2596; x_wconf 85' lang='lat' dir='ltr'><strong>traditione</strong></span> 
     </span>
    </p>
   </div>
   <div class='ocr_carea' id='block_1_58' title="bbox 2132 2628 3792 2703">
    <p class='ocr_par' dir='ltr' id='par_1_58' title="bbox 2132 2628 3792 2703">
     <span class='ocr_line' id='line_1_58' title="bbox 2132 2628 3792 2703; baseline -0.001 -18"><span class='ocrx_word' id='word_1_377' title='bbox 2132 2628 2558 2686; x_wconf 90' lang='lat' dir='ltr'><strong>corroboratum</strong></span> <span class='ocrx_word' id='word_1_378' title='bbox 2594 2643 2703 2700; x_wconf 88' lang='lat' dir='ltr'><strong>pax</strong></span> <span class='ocrx_word' id='word_1_379' title='bbox 2737 2630 2984 2700; x_wconf 90' lang='lat' dir='ltr'><strong>spiritus</strong></span> <span class='ocrx_word' id='word_1_380' title='bbox 3021 2630 3329 2703; x_wconf 90' lang='lat' dir='ltr'><strong>custodiat,</strong></span> <span class='ocrx_word' id='word_1_381' title='bbox 3372 2636 3427 2686; x_wconf 91' lang='lat' dir='ltr'><strong>et</strong></span> <span class='ocrx_word' id='word_1_382' title='bbox 3456 2629 3638 2685; x_wconf 90' lang='lat' dir='ltr'><strong>totius</strong></span> <span class='ocrx_word' id='word_1_383' title='bbox 3668 2629 3792 2684; x_wconf 72' lang='lat' dir='ltr'><strong>llo—</strong></span> 
     </span>
    </p>
   </div>
   <div class='ocr_carea' id='block_1_59' title="bbox 2135 2716 3792 2790">
    <p class='ocr_par' dir='ltr' id='par_1_59' title="bbox 2135 2716 3792 2790">
     <span class='ocr_line' id='line_1_59' title="bbox 2135 2716 3792 2790; baseline 0.001 -18"><span class='ocrx_word' id='word_1_384' title='bbox 2135 2716 2662 2790; x_wconf 65' lang='lat' dir='ltr'><strong>manaafreipublicm</strong></span> <span class='ocrx_word' id='word_1_385' title='bbox 2687 2725 2895 2775; x_wconf 59' lang='lat' dir='ltr'><strong>nostra:</strong></span> <span class='ocrx_word' id='word_1_386' title='bbox 2909 2719 3250 2776; x_wconf 91' lang='lat' dir='ltr'><strong>constitutio</strong></span> <span class='ocrx_word' id='word_1_387' title='bbox 3268 2719 3448 2775; x_wconf 90' lang='lat' dir='ltr'><strong>simul</strong></span> <span class='ocrx_word' id='word_1_388' title='bbox 3470 2717 3792 2788; x_wconf 86' lang='lat' dir='ltr'><strong>tranquilla</strong></span> 
     </span>
    </p>
   </div>
   <div class='ocr_carea' id='block_1_60' title="bbox 2136 2807 3788 2879">
    <p class='ocr_par' dir='ltr' id='par_1_60' title="bbox 2136 2807 3788 2879">
     <span class='ocr_line' id='line_1_60' title="bbox 2136 2807 3788 2879; baseline 0.001 -18"><span class='ocrx_word' id='word_1_389' title='bbox 2136 2820 2264 2862; x_wconf 92' lang='lat' dir='ltr'><strong>cum</strong></span> <span class='ocrx_word' id='word_1_390' title='bbox 2321 2807 2450 2862; x_wconf 82' lang='lat' dir='ltr'><strong>ﬁdei</strong></span> <span class='ocrx_word' id='word_1_391' title='bbox 2493 2807 2917 2879; x_wconf 77' lang='lat' dir='ltr'><strong>tranquillitate</strong></span> <span class='ocrx_word' id='word_1_392' title='bbox 2967 2808 3263 2865; x_wconf 90' lang='lat' dir='ltr'><strong>consistat.</strong></span> <span class='ocrx_word' id='word_1_393' title='bbox 3314 2808 3562 2863; x_wconf 89' lang='lat' dir='ltr'><strong>Litteras</strong></span> <span class='ocrx_word' id='word_1_394' title='bbox 3596 2810 3788 2862; x_wconf 89' lang='lat' dir='ltr'><strong>autem</strong></span> 
     </span>
    </p>
   </div>
   <div class='ocr_carea' id='block_1_61' title="bbox 2135 2895 3792 2966">
    <p class='ocr_par' dir='ltr' id='par_1_61' title="bbox 2135 2895 3792 2966">
     <span class='ocr_line' id='line_1_61' title="bbox 2135 2895 3792 2966; baseline -0.001 -16"><span class='ocrx_word' id='word_1_395' title='bbox 2135 2895 2494 2966; x_wconf 90' lang='lat' dir='ltr'><strong>suscepimus</strong></span> <span class='ocrx_word' id='word_1_396' title='bbox 2549 2896 2755 2952; x_wconf 90' lang='lat' dir='ltr'><strong>missas</strong></span> <span class='ocrx_word' id='word_1_397' title='bbox 2806 2895 2878 2952; x_wconf 89' lang='lat' dir='ltr'><strong>ab</strong></span> <span class='ocrx_word' id='word_1_398' title='bbox 2916 2895 3168 2952; x_wconf 84' lang='lat' dir='ltr'><strong>Adriano</strong></span> <span class='ocrx_word' id='word_1_399' title='bbox 3221 2896 3588 2952; x_wconf 90' lang='lat' dir='ltr'><strong>sanctissimo</strong></span> <span class='ocrx_word' id='word_1_400' title='bbox 3645 2905 3792 2965; x_wconf 87' lang='lat' dir='ltr'><strong>papa</strong></span> 
     </span>
    </p>
   </div>
   <div class='ocr_carea' id='block_1_62' title="bbox 2140 2983 3790 3056">
    <p class='ocr_par' dir='ltr' id='par_1_62' title="bbox 2140 2983 3790 3056">
     <span class='ocr_line' id='line_1_62' title="bbox 2140 2983 3790 3056; baseline -0.002 -16"><span class='ocrx_word' id='word_1_401' title='bbox 2140 2983 2387 3040; x_wconf 90' lang='lat' dir='ltr'><strong>senioris</strong></span> <span class='ocrx_word' id='word_1_402' title='bbox 2424 2985 2612 3040; x_wconf 68' lang='lat' dir='ltr'><strong>Romae</strong></span> <span class='ocrx_word' id='word_1_403' title='bbox 2645 2998 2746 3056; x_wconf 92' lang='lat' dir='ltr'><strong>per</strong></span> <span class='ocrx_word' id='word_1_404' title='bbox 2781 2984 3029 3041; x_wconf 91' lang='lat' dir='ltr'><strong>vicarios</strong></span> <span class='ocrx_word' id='word_1_405' title='bbox 3059 2984 3267 3056; x_wconf 86' lang='lat' dir='ltr'><strong>ipsius,</strong></span> <span class='ocrx_word' id='word_1_406' title='bbox 3309 2985 3536 3040; x_wconf 89' lang='lat' dir='ltr'><strong>Petrum</strong></span> <span class='ocrx_word' id='word_1_407' title='bbox 3567 2983 3790 3038; x_wconf 88' lang='lat' dir='ltr'><strong>scilicet</strong></span> 
     </span>
    </p>
   </div>
   <div class='ocr_carea' id='block_1_63' title="bbox 376 3068 3795 3147">
    <p class='ocr_par' dir='ltr' id='par_1_63' title="bbox 376 3068 3795 3147">
     <span class='ocr_line' id='line_1_63' title="bbox 376 3068 3795 3147; baseline 0.001 -23"><span class='ocrx_word' id='word_1_408' title='bbox 376 3068 623 3125; x_wconf 91' lang='lat' dir='ltr'><strong>ticorum</strong></span> <span class='ocrx_word' id='word_1_409' title='bbox 667 3071 1025 3143; x_wconf 91' lang='lat' dir='ltr'><strong>negotiorum</strong></span> <span class='ocrx_word' id='word_1_410' title='bbox 1074 3079 1356 3144; x_wconf 88' lang='lat' dir='ltr'><strong>expertos,</strong></span> <span class='ocrx_word' id='word_1_411' title='bbox 1405 3080 1462 3130; x_wconf 91' lang='lat' dir='ltr'><strong>et</strong></span> <span class='ocrx_word' id='word_1_412' title='bbox 1498 3073 1790 3132; x_wconf 91' lang='lat' dir='ltr'><strong>Christum</strong></span> <span class='ocrx_word' id='word_1_413' title='bbox 1845 3078 2023 3132; x_wconf 92' lang='lat' dir='ltr'><strong>Deum</strong></span> <span class='ocrx_word' id='word_1_414' title='bbox 2059 3074 2385 3145; x_wconf 83' lang='lat' dir='ltr'><strong>cprimum</strong></span> <span class='ocrx_word' id='word_1_415' title='bbox 2439 3073 2851 3147; x_wconf 88' lang='lat' dir='ltr'><strong>presbyterum,</strong></span> <span class='ocrx_word' id='word_1_416' title='bbox 2905 3079 2961 3130; x_wconf 90' lang='lat' dir='ltr'><strong>et</strong></span> <span class='ocrx_word' id='word_1_417' title='bbox 3023 3075 3252 3131; x_wconf 89' lang='lat' dir='ltr'><strong>Petrum</strong></span> <span class='ocrx_word' id='word_1_418' title='bbox 3306 3075 3422 3130; x_wconf 92' lang='lat' dir='ltr'><strong>Deo</strong></span> <span class='ocrx_word' id='word_1_419' title='bbox 3485 3071 3795 3129; x_wconf 90' lang='lat' dir='ltr'><strong>amabilem</strong></span> 
     </span>
    </p>
   </div>
   <div class='ocr_carea' id='block_1_64' title="bbox 377 3159 2020 3224">
    <p class='ocr_par' dir='ltr' id='par_1_64' title="bbox 377 3159 2020 3224">
     <span class='ocr_line' id='line_1_64' title="bbox 377 3159 2020 3224; baseline 0.007 -12"><span class='ocrx_word' id='word_1_420' title='bbox 377 3163 637 3214; x_wconf 91' lang='lat' dir='ltr'><strong>nostrum</strong></span> <span class='ocrx_word' id='word_1_421' title='bbox 669 3159 1014 3222; x_wconf 86' lang='lat' dir='ltr'><strong>invocantes.</strong></span> <span class='ocrx_word' id='word_1_422' title='bbox 1037 3166 1092 3218; x_wconf 89' lang='lat' dir='ltr'><strong>et</strong></span> <span class='ocrx_word' id='word_1_423' title='bbox 1112 3162 1424 3218; x_wconf 88' lang='lat' dir='ltr'><strong>consilium</strong></span> <span class='ocrx_word' id='word_1_424' title='bbox 1452 3176 1584 3219; x_wconf 89' lang='lat' dir='ltr'><strong>cum</strong></span> <span class='ocrx_word' id='word_1_425' title='bbox 1619 3163 1706 3220; x_wconf 92' lang='lat' dir='ltr'><strong>eis</strong></span> <span class='ocrx_word' id='word_1_426' title='bbox 1728 3163 2020 3224; x_wconf 83' lang='lat' dir='ltr'><strong>facientes.</strong></span> 
     </span>
    </p>
   </div>
   <div class='ocr_carea' id='block_1_65' title="bbox 377 3247 2028 3322">
    <p class='ocr_par' dir='ltr' id='par_1_65' title="bbox 377 3247 2028 3322">
     <span class='ocr_line' id='line_1_65' title="bbox 377 3247 2028 3322; baseline 0.006 -20"><span class='ocrx_word' id='word_1_427' title='bbox 377 3247 643 3317; x_wconf 90' lang='lat' dir='ltr'><strong>quisnam</strong></span> <span class='ocrx_word' id='word_1_428' title='bbox 677 3249 894 3322; x_wconf 87' lang='lat' dir='ltr'><strong>dignus</strong></span> <span class='ocrx_word' id='word_1_429' title='bbox 919 3257 1068 3307; x_wconf 91' lang='lat' dir='ltr'><strong>esset</strong></span> <span class='ocrx_word' id='word_1_430' title='bbox 1102 3252 1334 3322; x_wconf 89' lang='lat' dir='ltr'><strong>provehi</strong></span> <span class='ocrx_word' id='word_1_431' title='bbox 1369 3253 1439 3309; x_wconf 91' lang='lat' dir='ltr'><strong>ad</strong></span> <span class='ocrx_word' id='word_1_432' title='bbox 1478 3255 1783 3310; x_wconf 88' lang='lat' dir='ltr'><strong>sacerdotii</strong></span> <span class='ocrx_word' id='word_1_433' title='bbox 1825 3257 2028 3313; x_wconf 87' lang='lat' dir='ltr'><strong>cathe—</strong></span> 
     </span>
    </p>
   </div>
   <div class='ocr_carea' id='block_1_66' title="bbox 376 3336 2028 3417">
    <p class='ocr_par' dir='ltr' id='par_1_66' title="bbox 376 3336 2028 3417">
     <span class='ocr_line' id='line_1_66' title="bbox 376 3336 2028 3417; baseline 0.006 -25"><span class='ocrx_word' id='word_1_434' title='bbox 376 3336 538 3392; x_wconf 88' lang='lat' dir='ltr'><strong>dram</strong></span> <span class='ocrx_word' id='word_1_435' title='bbox 592 3337 766 3409; x_wconf 91' lang='lat' dir='ltr'><strong>hujus</strong></span> <span class='ocrx_word' id='word_1_436' title='bbox 816 3341 931 3396; x_wconf 94' lang='lat' dir='ltr'><strong>Deo</strong></span> <span class='ocrx_word' id='word_1_437' title='bbox 976 3342 1374 3398; x_wconf 59' lang='lat' dir='ltr'><strong>conservanda</strong></span> <span class='ocrx_word' id='word_1_438' title='bbox 1424 3343 1606 3414; x_wconf 61' lang='lat' dir='ltr'><strong>regia:</strong></span> <span class='ocrx_word' id='word_1_439' title='bbox 1647 3344 1922 3417; x_wconf 81' lang='lat' dir='ltr'><strong>civitatis,</strong></span> <span class='ocrx_word' id='word_1_440' title='bbox 1970 3351 2028 3402; x_wconf 90' lang='lat' dir='ltr'><strong>et</strong></span> 
     </span>
    </p>
   </div>
   <div class='ocr_carea' id='block_1_67' title="bbox 380 3427 2028 3504">
    <p class='ocr_par' dir='ltr' id='par_1_67' title="bbox 380 3427 2028 3504">
     <span class='ocr_line' id='line_1_67' title="bbox 380 3427 2028 3504; baseline 0.006 -22"><span class='ocrx_word' id='word_1_441' title='bbox 380 3427 559 3484; x_wconf 90' lang='lat' dir='ltr'><strong>unius</strong></span> <span class='ocrx_word' id='word_1_442' title='bbox 609 3429 841 3484; x_wconf 89' lang='lat' dir='ltr'><strong>consilii</strong></span> <span class='ocrx_word' id='word_1_443' title='bbox 891 3429 1190 3502; x_wconf 89' lang='lat' dir='ltr'><strong>animique</strong></span> <span class='ocrx_word' id='word_1_444' title='bbox 1241 3431 1511 3489; x_wconf 90' lang='lat' dir='ltr'><strong>omnibus</strong></span> <span class='ocrx_word' id='word_1_445' title='bbox 1559 3432 1746 3504; x_wconf 87' lang='lat' dir='ltr'><strong>factis,</strong></span> <span class='ocrx_word' id='word_1_446' title='bbox 1814 3435 1873 3491; x_wconf 91' lang='lat' dir='ltr'><strong>in</strong></span> <span class='ocrx_word' id='word_1_447' title='bbox 1912 3437 2028 3492; x_wconf 90' lang='lat' dir='ltr'><strong>Ta-</strong></span> 
     </span>
    </p>
   </div>
   <div class='ocr_carea' id='block_1_68' title="bbox 379 3516 2021 3596">
    <p class='ocr_par' dir='ltr' id='par_1_68' title="bbox 379 3516 2021 3596">
     <span class='ocr_line' id='line_1_68' title="bbox 379 3516 2021 3596; baseline 0.004 -25"><span class='ocrx_word' id='word_1_448' title='bbox 379 3516 596 3572; x_wconf 91' lang='lat' dir='ltr'><strong>rasium</strong></span> <span class='ocrx_word' id='word_1_449' title='bbox 622 3517 723 3588; x_wconf 91' lang='lat' dir='ltr'><strong>qui</strong></span> <span class='ocrx_word' id='word_1_450' title='bbox 758 3532 912 3574; x_wconf 91' lang='lat' dir='ltr'><strong>nunc</strong></span> <span class='ocrx_word' id='word_1_451' title='bbox 948 3518 1007 3574; x_wconf 90' lang='lat' dir='ltr'><strong>in</strong></span> <span class='ocrx_word' id='word_1_452' title='bbox 1051 3519 1364 3590; x_wconf 80' lang='lat' dir='ltr'><strong>pontiﬁcali</strong></span> <span class='ocrx_word' id='word_1_453' title='bbox 1416 3523 1684 3591; x_wconf 67' lang='lat' dir='ltr'><strong>praesidet</strong></span> <span class='ocrx_word' id='word_1_454' title='bbox 1720 3524 2021 3596; x_wconf 90' lang='lat' dir='ltr'><strong>dignitate,</strong></span> 
     </span>
    </p>
   </div>
   <div class='ocr_carea' id='block_1_69' title="bbox 377 3604 2026 3684">
    <p class='ocr_par' dir='ltr' id='par_1_69' title="bbox 377 3604 2026 3684">
     <span class='ocr_line' id='line_1_69' title="bbox 377 3604 2026 3684; baseline 0.005 -24"><span class='ocrx_word' id='word_1_455' title='bbox 377 3604 624 3662; x_wconf 87' lang='lat' dir='ltr'><strong>dabatur</strong></span> <span class='ocrx_word' id='word_1_456' title='bbox 653 3607 962 3663; x_wconf 91' lang='lat' dir='ltr'><strong>decretum.</strong></span> <span class='ocrx_word' id='word_1_457' title='bbox 991 3609 1150 3663; x_wconf 85' lang='lat' dir='ltr'><strong>Hunc</strong></span> <span class='ocrx_word' id='word_1_458' title='bbox 1179 3609 1373 3678; x_wconf 87' lang='lat' dir='ltr'><strong>itaque</strong></span> <span class='ocrx_word' id='word_1_459' title='bbox 1413 3610 1768 3683; x_wconf 87' lang='lat' dir='ltr'><strong>advocantes,</strong></span> <span class='ocrx_word' id='word_1_460' title='bbox 1802 3624 1866 3666; x_wconf 90' lang='lat' dir='ltr'><strong>ea</strong></span> <span class='ocrx_word' id='word_1_461' title='bbox 1901 3627 2026 3684; x_wconf 66' lang='lat' dir='ltr'><strong>qua:</strong></span> 
     </span>
    </p>
   </div>
   <div class='ocr_carea' id='block_1_70' title="bbox 377 3693 2026 3772">
    <p class='ocr_par' dir='ltr' id='par_1_70' title="bbox 377 3693 2026 3772">
     <span class='ocr_line' id='line_1_70' title="bbox 377 3693 2026 3772; baseline 0.005 -23"><span class='ocrx_word' id='word_1_462' title='bbox 377 3693 533 3750; x_wconf 88' lang='lat' dir='ltr'><strong>dicta</strong></span> <span class='ocrx_word' id='word_1_463' title='bbox 557 3702 694 3750; x_wconf 91' lang='lat' dir='ltr'><strong>sunt</strong></span> <span class='ocrx_word' id='word_1_464' title='bbox 721 3701 778 3751; x_wconf 92' lang='lat' dir='ltr'><strong>et</strong></span> <span class='ocrx_word' id='word_1_465' title='bbox 804 3696 1028 3751; x_wconf 86' lang='lat' dir='ltr'><strong>decreta</strong></span> <span class='ocrx_word' id='word_1_466' title='bbox 1047 3710 1222 3766; x_wconf 92' lang='lat' dir='ltr'><strong>super</strong></span> <span class='ocrx_word' id='word_1_467' title='bbox 1247 3711 1334 3762; x_wconf 88' lang='lat' dir='ltr'><strong>eo,</strong></span> <span class='ocrx_word' id='word_1_468' title='bbox 1367 3698 1897 3766; x_wconf 91' lang='lat' dir='ltr'><strong>pronuntiavimus:</strong></span> <span class='ocrx_word' id='word_1_469' title='bbox 1923 3700 2026 3772; x_wconf 90' lang='lat' dir='ltr'><strong>qui</strong></span> 
     </span>
    </p>
   </div>
   <div class='ocr_carea' id='block_1_71' title="bbox 379 3784 2033 3856">
    <p class='ocr_par' dir='ltr' id='par_1_71' title="bbox 379 3784 2033 3856">
     <span class='ocr_line' id='line_1_71' title="bbox 379 3784 2033 3856; baseline 0.007 -20"><span class='ocrx_word' id='word_1_470' title='bbox 379 3794 739 3852; x_wconf 89' lang='lat' dir='ltr'><strong>nequaquam</strong></span> <span class='ocrx_word' id='word_1_471' title='bbox 781 3795 1032 3838; x_wconf 89' lang='lat' dir='ltr'><strong>annuere</strong></span> <span class='ocrx_word' id='word_1_472' title='bbox 1071 3784 1274 3856; x_wconf 91' lang='lat' dir='ltr'><strong>voluit,</strong></span> <span class='ocrx_word' id='word_1_473' title='bbox 1316 3799 1499 3856; x_wconf 88' lang='lat' dir='ltr'><strong>neque</strong></span> <span class='ocrx_word' id='word_1_474' title='bbox 1549 3801 1886 3845; x_wconf 84' lang='lat' dir='ltr'><strong>consensum</strong></span> <span class='ocrx_word' id='word_1_475' title='bbox 1937 3791 2033 3848; x_wconf 88' lang='lat' dir='ltr'><strong>his</strong></span> 
     </span>
    </p>
   </div>
   <div class='ocr_carea' id='block_1_72' title="bbox 383 3869 2032 3949">
    <p class='ocr_par' dir='ltr' id='par_1_72' title="bbox 383 3869 2032 3949">
     <span class='ocr_line' id='line_1_72' title="bbox 383 3869 2032 3949; baseline 0.007 -25"><span class='ocrx_word' id='word_1_476' title='bbox 383 3883 510 3939; x_wconf 72' lang='lat' dir='ltr'><strong>qua:</strong></span> <span class='ocrx_word' id='word_1_477' title='bbox 532 3871 755 3927; x_wconf 86' lang='lat' dir='ltr'><strong>decreta</strong></span> <span class='ocrx_word' id='word_1_478' title='bbox 785 3869 1202 3944; x_wconf 76' lang='lat' dir='ltr'><strong>fuerant,‘eﬂici</strong></span> <span class='ocrx_word' id='word_1_479' title='bbox 1249 3874 1592 3944; x_wconf 88' lang='lat' dir='ltr'><strong>postulabat.</strong></span> <span class='ocrx_word' id='word_1_480' title='bbox 1639 3877 1894 3949; x_wconf 90' lang='lat' dir='ltr'><strong>Cumque</strong></span> <span class='ocrx_word' id='word_1_481' title='bbox 1927 3893 2032 3937; x_wconf 91' lang='lat' dir='ltr'><strong>nos</strong></span> 
     </span>
    </p>
   </div>
   <div class='ocr_carea' id='block_1_73' title="bbox 381 3959 2037 4039">
    <p class='ocr_par' dir='ltr' id='par_1_73' title="bbox 381 3959 2037 4039">
     <span class='ocr_line' id='line_1_73' title="bbox 381 3959 2037 4039; baseline 0.007 -26"><span class='ocrx_word' id='word_1_482' title='bbox 381 3972 534 4030; x_wconf 90' lang='lat' dir='ltr'><strong>eum,</strong></span> <span class='ocrx_word' id='word_1_483' title='bbox 572 3959 939 4029; x_wconf 89' lang='lat' dir='ltr'><strong>quamobrem</strong></span> <span class='ocrx_word' id='word_1_484' title='bbox 977 3960 1208 4017; x_wconf 90' lang='lat' dir='ltr'><strong>obedire</strong></span> <span class='ocrx_word' id='word_1_485' title='bbox 1253 3962 1490 4018; x_wconf 92' lang='lat' dir='ltr'><strong>minime</strong></span> <span class='ocrx_word' id='word_1_486' title='bbox 1543 3971 1850 4035; x_wconf 89' lang='lat' dir='ltr'><strong>pateretur,</strong></span> <span class='ocrx_word' id='word_1_487' title='bbox 1897 3983 2037 4039; x_wconf 89' lang='lat' dir='ltr'><strong>per—</strong></span> 
     </span>
    </p>
   </div>
   <div class='ocr_carea' id='block_1_74' title="bbox 387 4046 2037 4124">
    <p class='ocr_par' dir='ltr' id='par_1_74' title="bbox 387 4046 2037 4124">
     <span class='ocr_line' id='line_1_74' title="bbox 387 4046 2037 4124; baseline 0.008 -22"><span class='ocrx_word' id='word_1_488' title='bbox 387 4049 600 4104; x_wconf 87' lang='lat' dir='ltr'><strong>contati</strong></span> <span class='ocrx_word' id='word_1_489' title='bbox 643 4046 990 4106; x_wconf 85' lang='lat' dir='ltr'><strong>fuissemus:</strong></span> <span class='ocrx_word' id='word_1_490' title='bbox 1032 4051 1217 4121; x_wconf 91' lang='lat' dir='ltr'><strong>primo</strong></span> <span class='ocrx_word' id='word_1_491' title='bbox 1257 4053 1489 4123; x_wconf 90' lang='lat' dir='ltr'><strong>quidem</strong></span> <span class='ocrx_word' id='word_1_492' title='bbox 1528 4057 1823 4124; x_wconf 89' lang='lat' dir='ltr'><strong>respondit</strong></span> <span class='ocrx_word' id='word_1_493' title='bbox 1855 4071 2037 4114; x_wconf 91' lang='lat' dir='ltr'><strong>excu—</strong></span> 
     </span>
    </p>
   </div>
   <div class='ocr_carea' id='block_1_75' title="bbox 385 4141 2038 4212">
    <p class='ocr_par' dir='ltr' id='par_1_75' title="bbox 385 4141 2038 4212">
     <span class='ocr_line' id='line_1_75' title="bbox 385 4141 2038 4212; baseline 0.006 -19"><span class='ocrx_word' id='word_1_494' title='bbox 385 4151 519 4194; x_wconf 89' lang='lat' dir='ltr'><strong>sans</strong></span> <span class='ocrx_word' id='word_1_495' title='bbox 547 4151 607 4194; x_wconf 90' lang='lat' dir='ltr'><strong>se</strong></span> <span class='ocrx_word' id='word_1_496' title='bbox 653 4143 710 4194; x_wconf 92' lang='lat' dir='ltr'><strong>et</strong></span> <span class='ocrx_word' id='word_1_497' title='bbox 751 4152 924 4208; x_wconf 88' lang='lat' dir='ltr'><strong>super</strong></span> <span class='ocrx_word' id='word_1_498' title='bbox 969 4153 1030 4195; x_wconf 91' lang='lat' dir='ltr'><strong>se</strong></span> <span class='ocrx_word' id='word_1_499' title='bbox 1066 4141 1269 4212; x_wconf 92' lang='lat' dir='ltr'><strong>jugum</strong></span> <span class='ocrx_word' id='word_1_500' title='bbox 1314 4143 1618 4199; x_wconf 91' lang='lat' dir='ltr'><strong>sacerdotii</strong></span> <span class='ocrx_word' id='word_1_501' title='bbox 1659 4145 1876 4202; x_wconf 89' lang='lat' dir='ltr'><strong>dicens.</strong></span> <span class='ocrx_word' id='word_1_502' title='bbox 1923 4150 2038 4203; x_wconf 91' lang='lat' dir='ltr'><strong>Nos</strong></span> 
     </span>
    </p>
   </div>
   <div class='ocr_carea' id='block_1_76' title="bbox 385 4228 2035 4305">
    <p class='ocr_par' dir='ltr' id='par_1_76' title="bbox 385 4228 2035 4305">
     <span class='ocr_line' id='line_1_76' title="bbox 385 4228 2035 4305; baseline 0.005 -21"><span class='ocrx_word' id='word_1_503' title='bbox 385 4234 576 4284; x_wconf 90' lang='lat' dir='ltr'><strong>autem</strong></span> <span class='ocrx_word' id='word_1_504' title='bbox 623 4228 1030 4301; x_wconf 87' lang='lat' dir='ltr'><strong>intelligentes,</strong></span> <span class='ocrx_word' id='word_1_505' title='bbox 1077 4231 1226 4301; x_wconf 90' lang='lat' dir='ltr'><strong>quod</strong></span> <span class='ocrx_word' id='word_1_506' title='bbox 1267 4232 1691 4290; x_wconf 83' lang='lat' dir='ltr'><strong>excusationem</strong></span> <span class='ocrx_word' id='word_1_507' title='bbox 1732 4237 2035 4305; x_wconf 89' lang='lat' dir='ltr'><strong>quamdam</strong></span> 
     </span>
    </p>
   </div>
   <div class='ocr_carea' id='block_1_77' title="bbox 387 4316 2032 4394">
    <p class='ocr_par' dir='ltr' id='par_1_77' title="bbox 387 4316 2032 4394">
     <span class='ocr_line' id='line_1_77' title="bbox 387 4316 2032 4394; baseline 0.006 -22"><span class='ocrx_word' id='word_1_508' title='bbox 387 4316 594 4374; x_wconf 86' lang='lat' dir='ltr'><strong>faceret</strong></span> <span class='ocrx_word' id='word_1_509' title='bbox 621 4331 942 4388; x_wconf 88' lang='lat' dir='ltr'><strong>proponens</strong></span> <span class='ocrx_word' id='word_1_510' title='bbox 981 4334 1091 4376; x_wconf 89' lang='lat' dir='ltr'><strong>non</strong></span> <span class='ocrx_word' id='word_1_511' title='bbox 1137 4320 1538 4393; x_wconf 89' lang='lat' dir='ltr'><strong>obediendum,</strong></span> <span class='ocrx_word' id='word_1_512' title='bbox 1571 4337 1928 4394; x_wconf 88' lang='lat' dir='ltr'><strong>nequaquam</strong></span> <span class='ocrx_word' id='word_1_513' title='bbox 1961 4326 2032 4382; x_wconf 87' lang='lat' dir='ltr'><strong>ab</strong></span> 
     </span>
    </p>
   </div>
   <div class='ocr_carea' id='block_1_78' title="bbox 2135 3161 3798 3234">
    <p class='ocr_par' dir='ltr' id='par_1_78' title="bbox 2135 3161 3798 3234">
     <span class='ocr_line' id='line_1_78' title="bbox 2135 3161 3798 3234; baseline -0.001 -16"><span class='ocrx_word' id='word_1_514' title='bbox 2135 3161 2523 3233; x_wconf 86' lang='lat' dir='ltr'><strong>presbyterum</strong></span> <span class='ocrx_word' id='word_1_515' title='bbox 2548 3167 2604 3227; x_wconf 80' lang='lat' dir='ltr'><strong>et</strong></span> <span class='ocrx_word' id='word_1_516' title='bbox 2631 3162 3029 3234; x_wconf 88' lang='lat' dir='ltr'><strong>hegumenum,</strong></span> <span class='ocrx_word' id='word_1_517' title='bbox 3061 3163 3160 3234; x_wconf 91' lang='lat' dir='ltr'><strong>qui</strong></span> <span class='ocrx_word' id='word_1_518' title='bbox 3187 3166 3244 3218; x_wconf 90' lang='lat' dir='ltr'><strong>et</strong></span> <span class='ocrx_word' id='word_1_519' title='bbox 3277 3161 3572 3218; x_wconf 89' lang='lat' dir='ltr'><strong>vobiscum</strong></span> <span class='ocrx_word' id='word_1_520' title='bbox 3597 3161 3798 3217; x_wconf 88' lang='lat' dir='ltr'><strong>sedere</strong></span> 
     </span>
    </p>
   </div>
   <div class='ocr_carea' id='block_1_79' title="bbox 2133 3251 3796 3323">
    <p class='ocr_par' dir='ltr' id='par_1_79' title="bbox 2133 3251 3796 3323">
     <span class='ocr_line' id='line_1_79' title="bbox 2133 3251 3796 3323; baseline -0.002 -15"><span class='ocrx_word' id='word_1_521' title='bbox 2133 3251 2402 3308; x_wconf 89' lang='lat' dir='ltr'><strong>videntur</strong></span> <span class='ocrx_word' id='word_1_522' title='bbox 2439 3270 2452 3306; x_wconf 90' lang='lat'><strong>:</strong></span> <span class='ocrx_word' id='word_1_523' title='bbox 2485 3258 2542 3308; x_wconf 86' lang='lat' dir='ltr'><strong>et</strong></span> <span class='ocrx_word' id='word_1_524' title='bbox 2584 3251 2852 3322; x_wconf 89' lang='lat' dir='ltr'><strong>jubemus</strong></span> <span class='ocrx_word' id='word_1_525' title='bbox 2881 3253 3192 3310; x_wconf 91' lang='lat' dir='ltr'><strong>secundum</strong></span> <span class='ocrx_word' id='word_1_526' title='bbox 3215 3253 3314 3322; x_wconf 91' lang='lat' dir='ltr'><strong>jus</strong></span> <span class='ocrx_word' id='word_1_527' title='bbox 3355 3251 3692 3323; x_wconf 90' lang='lat' dir='ltr'><strong>synodicum</strong></span> <span class='ocrx_word' id='word_1_528' title='bbox 3735 3251 3796 3306; x_wconf 89' lang='lat' dir='ltr'><strong>in</strong></span> 
     </span>
    </p>
   </div>
   <div class='ocr_carea' id='block_1_80' title="bbox 2135 3339 3802 3399">
    <p class='ocr_par' dir='ltr' id='par_1_80' title="bbox 2135 3339 3802 3399">
     <span class='ocr_line' id='line_1_80' title="bbox 2135 3339 3802 3399; baseline -0.001 -1"><span class='ocrx_word' id='word_1_529' title='bbox 2135 3342 2488 3399; x_wconf 91' lang='lat' dir='ltr'><strong>audientiam</strong></span> <span class='ocrx_word' id='word_1_530' title='bbox 2517 3341 2776 3398; x_wconf 89' lang='lat' dir='ltr'><strong>omnium</strong></span> <span class='ocrx_word' id='word_1_531' title='bbox 2817 3341 3070 3398; x_wconf 91' lang='lat' dir='ltr'><strong>recitari.</strong></span> <span class='ocrx_word' id='word_1_532' title='bbox 3109 3341 3178 3398; x_wconf 89' lang='lat' dir='ltr'><strong>Et</strong></span> <span class='ocrx_word' id='word_1_533' title='bbox 3217 3355 3348 3398; x_wconf 90' lang='lat' dir='ltr'><strong>cum</strong></span> <span class='ocrx_word' id='word_1_534' title='bbox 3382 3340 3577 3396; x_wconf 91' lang='lat' dir='ltr'><strong>debito</strong></span> <span class='ocrx_word' id='word_1_535' title='bbox 3608 3339 3802 3396; x_wconf 86' lang='lat' dir='ltr'><strong>silen—</strong></span> 
     </span>
    </p>
   </div>
   <div class='ocr_carea' id='block_1_81' title="bbox 2137 3429 3802 3501">
    <p class='ocr_par' dir='ltr' id='par_1_81' title="bbox 2137 3429 3802 3501">
     <span class='ocr_line' id='line_1_81' title="bbox 2137 3429 3802 3501; baseline -0.003 -12"><span class='ocrx_word' id='word_1_536' title='bbox 2137 3432 2220 3489; x_wconf 93' lang='lat' dir='ltr'><strong>tio</strong></span> <span class='ocrx_word' id='word_1_537' title='bbox 2259 3432 2352 3488; x_wconf 92' lang='lat' dir='ltr'><strong>his</strong></span> <span class='ocrx_word' id='word_1_538' title='bbox 2376 3431 2596 3486; x_wconf 91' lang='lat' dir='ltr'><strong>auditis</strong></span> <span class='ocrx_word' id='word_1_539' title='bbox 2624 3443 2735 3486; x_wconf 89' lang='lat' dir='ltr'><strong>una</strong></span> <span class='ocrx_word' id='word_1_540' title='bbox 2755 3445 2885 3486; x_wconf 92' lang='lat' dir='ltr'><strong>cum</strong></span> <span class='ocrx_word' id='word_1_541' title='bbox 2916 3429 3184 3501; x_wconf 91' lang='lat' dir='ltr'><strong>apicibus</strong></span> <span class='ocrx_word' id='word_1_542' title='bbox 3217 3431 3278 3486; x_wconf 92' lang='lat' dir='ltr'><strong>in</strong></span> <span class='ocrx_word' id='word_1_543' title='bbox 3309 3429 3538 3488; x_wconf 91' lang='lat' dir='ltr'><strong>duobus</strong></span> <span class='ocrx_word' id='word_1_544' title='bbox 3573 3433 3802 3500; x_wconf 71' lang='lat' dir='ltr'><strong>quater-</strong></span> 
     </span>
    </p>
   </div>
   <div class='ocr_carea' id='block_1_82' title="bbox 2141 3517 3791 3591">
    <p class='ocr_par' dir='ltr' id='par_1_82' title="bbox 2141 3517 3791 3591">
     <span class='ocr_line' id='line_1_82' title="bbox 2141 3517 3791 3591; baseline -0.002 -14"><span class='ocrx_word' id='word_1_545' title='bbox 2141 3520 2416 3578; x_wconf 90' lang='lat' dir='ltr'><strong>nionibus</strong></span> <span class='ocrx_word' id='word_1_546' title='bbox 2457 3533 2490 3575; x_wconf 92' lang='lat' dir='ltr'><strong>a</strong></span> <span class='ocrx_word' id='word_1_547' title='bbox 2535 3520 2778 3575; x_wconf 91' lang='lat' dir='ltr'><strong>summis</strong></span> <span class='ocrx_word' id='word_1_548' title='bbox 2835 3519 3250 3591; x_wconf 90' lang='lat' dir='ltr'><strong>sacerdotibus,</strong></span> <span class='ocrx_word' id='word_1_549' title='bbox 3295 3526 3351 3576; x_wconf 92' lang='lat' dir='ltr'><strong>et</strong></span> <span class='ocrx_word' id='word_1_550' title='bbox 3393 3517 3791 3575; x_wconf 88' lang='lat' dir='ltr'><strong>sacerdotibus</strong></span> 
     </span>
    </p>
   </div>
   <div class='ocr_carea' id='block_1_83' title="bbox 2135 3608 3806 3680">
    <p class='ocr_par' dir='ltr' id='par_1_83' title="bbox 2135 3608 3806 3680">
     <span class='ocr_line' id='line_1_83' title="bbox 2135 3608 3806 3680; baseline -0.002 -15"><span class='ocrx_word' id='word_1_551' title='bbox 2135 3608 2449 3666; x_wconf 89' lang='lat' dir='ltr'><strong>Orientalis</strong></span> <span class='ocrx_word' id='word_1_552' title='bbox 2476 3608 2790 3665; x_wconf 76' lang='lat' dir='ltr'><strong>dimceseos</strong></span> <span class='ocrx_word' id='word_1_553' title='bbox 2827 3608 3154 3679; x_wconf 90' lang='lat' dir='ltr'><strong>destinatis,</strong></span> <span class='ocrx_word' id='word_1_554' title='bbox 3201 3623 3302 3680; x_wconf 90' lang='lat' dir='ltr'><strong>per</strong></span> <span class='ocrx_word' id='word_1_555' title='bbox 3327 3609 3596 3664; x_wconf 90' lang='lat' dir='ltr'><strong>Joannem</strong></span> <span class='ocrx_word' id='word_1_556' title='bbox 3632 3620 3806 3663; x_wconf 88' lang='lat' dir='ltr'><strong>reve-</strong></span> 
     </span>
    </p>
   </div>
   <div class='ocr_carea' id='block_1_84' title="bbox 2139 3697 3807 3769">
    <p class='ocr_par' dir='ltr' id='par_1_84' title="bbox 2139 3697 3807 3769">
     <span class='ocr_line' id='line_1_84' title="bbox 2139 3697 3807 3769; baseline 0 -15"><span class='ocrx_word' id='word_1_557' title='bbox 2139 3698 2550 3756; x_wconf 89' lang='lat' dir='ltr'><strong>rendissimum</strong></span> <span class='ocrx_word' id='word_1_558' title='bbox 2591 3699 2930 3754; x_wconf 90' lang='lat' dir='ltr'><strong>monachum</strong></span> <span class='ocrx_word' id='word_1_559' title='bbox 2977 3703 3032 3754; x_wconf 90' lang='lat' dir='ltr'><strong>et</strong></span> <span class='ocrx_word' id='word_1_560' title='bbox 3071 3698 3288 3754; x_wconf 92' lang='lat' dir='ltr'><strong>dudum</strong></span> <span class='ocrx_word' id='word_1_561' title='bbox 3335 3697 3650 3769; x_wconf 90' lang='lat' dir='ltr'><strong>syncellum</strong></span> <span class='ocrx_word' id='word_1_562' title='bbox 3705 3711 3807 3768; x_wconf 86' lang='lat' dir='ltr'><strong>pa-</strong></span> 
     </span>
    </p>
   </div>
   <div class='ocr_carea' id='block_1_85' title="bbox 2139 3785 3808 3860">
    <p class='ocr_par' dir='ltr' id='par_1_85' title="bbox 2139 3785 3808 3860">
     <span class='ocr_line' id='line_1_85' title="bbox 2139 3785 3808 3860; baseline -0.001 -16"><span class='ocrx_word' id='word_1_563' title='bbox 2139 3787 2472 3844; x_wconf 89' lang='lat' dir='ltr'><strong>triarchalis</strong></span> <span class='ocrx_word' id='word_1_564' title='bbox 2512 3787 2833 3844; x_wconf 70' lang='lat' dir='ltr'><strong>Antiochia:</strong></span> <span class='ocrx_word' id='word_1_565' title='bbox 2889 3787 3064 3860; x_wconf 91' lang='lat' dir='ltr'><strong>sedis,</strong></span> <span class='ocrx_word' id='word_1_566' title='bbox 3109 3793 3166 3843; x_wconf 91' lang='lat' dir='ltr'><strong>et</strong></span> <span class='ocrx_word' id='word_1_567' title='bbox 3201 3787 3470 3844; x_wconf 89' lang='lat' dir='ltr'><strong>Thomam</strong></span> <span class='ocrx_word' id='word_1_568' title='bbox 3516 3785 3808 3857; x_wconf 88' lang='lat' dir='ltr'><strong>presbyte-</strong></span> 
     </span>
    </p>
   </div>
   <div class='ocr_carea' id='block_1_86' title="bbox 2143 3873 3808 3949">
    <p class='ocr_par' dir='ltr' id='par_1_86' title="bbox 2143 3873 3808 3949">
     <span class='ocr_line' id='line_1_86' title="bbox 2143 3873 3808 3949; baseline -0.002 -17"><span class='ocrx_word' id='word_1_569' title='bbox 2143 3891 2269 3932; x_wconf 90' lang='lat' dir='ltr'><strong>rum</strong></span> <span class='ocrx_word' id='word_1_570' title='bbox 2303 3882 2358 3932; x_wconf 94' lang='lat' dir='ltr'><strong>et</strong></span> <span class='ocrx_word' id='word_1_571' title='bbox 2400 3877 2813 3949; x_wconf 85' lang='lat' dir='ltr'><strong>hegumenum;</strong></span> <span class='ocrx_word' id='word_1_572' title='bbox 2857 3876 2958 3948; x_wconf 94' lang='lat' dir='ltr'><strong>qui</strong></span> <span class='ocrx_word' id='word_1_573' title='bbox 2999 3881 3057 3932; x_wconf 90' lang='lat' dir='ltr'><strong>et</strong></span> <span class='ocrx_word' id='word_1_574' title='bbox 3095 3873 3208 3947; x_wconf 90' lang='lat' dir='ltr'><strong>ipsi</strong></span> <span class='ocrx_word' id='word_1_575' title='bbox 3235 3889 3362 3932; x_wconf 90' lang='lat' dir='ltr'><strong>ecce</strong></span> <span class='ocrx_word' id='word_1_576' title='bbox 3380 3875 3674 3931; x_wconf 90' lang='lat' dir='ltr'><strong>vobiscum</strong></span> <span class='ocrx_word' id='word_1_577' title='bbox 3706 3874 3808 3930; x_wconf 88' lang='lat' dir='ltr'><strong>ad-</strong></span> 
     </span>
    </p>
   </div>
   <div class='ocr_carea' id='block_1_87' title="bbox 2143 3962 3810 4041">
    <p class='ocr_par' dir='ltr' id='par_1_87' title="bbox 2143 3962 3810 4041">
     <span class='ocr_line' id='line_1_87' title="bbox 2143 3962 3810 4041; baseline -0.002 -19"><span class='ocrx_word' id='word_1_578' title='bbox 2143 3971 2314 4022; x_wconf 91' lang='lat' dir='ltr'><strong>sunt:</strong></span> <span class='ocrx_word' id='word_1_579' title='bbox 2342 3980 2441 4036; x_wconf 90' lang='lat' dir='ltr'><strong>per</strong></span> <span class='ocrx_word' id='word_1_580' title='bbox 2463 3962 2620 4036; x_wconf 89' lang='lat' dir='ltr'><strong>ipsos</strong></span> <span class='ocrx_word' id='word_1_581' title='bbox 2647 3963 2842 4041; x_wconf 91' lang='lat' dir='ltr'><strong>[ipsas]</strong></span> <span class='ocrx_word' id='word_1_582' title='bbox 2873 3964 3248 4038; x_wconf 84' lang='lat' dir='ltr'><strong>cognoscetis.</strong></span> <span class='ocrx_word' id='word_1_583' title='bbox 3285 3963 3478 4036; x_wconf 90' lang='lat' dir='ltr'><strong>qualis</strong></span> <span class='ocrx_word' id='word_1_584' title='bbox 3502 3963 3580 4019; x_wconf 92' lang='lat' dir='ltr'><strong>sit</strong></span> <span class='ocrx_word' id='word_1_585' title='bbox 3609 3962 3810 4018; x_wconf 88' lang='lat' dir='ltr'><strong>Eccle-</strong></span> 
     </span>
    </p>
   </div>
   <div class='ocr_carea' id='block_1_88' title="bbox 2145 4055 2816 4112">
    <p class='ocr_par' dir='ltr' id='par_1_88' title="bbox 2145 4055 2816 4112">
     <span class='ocr_line' id='line_1_88' title="bbox 2145 4055 2816 4112; baseline -0.003 -2"><span class='ocrx_word' id='word_1_586' title='bbox 2145 4055 2246 4111; x_wconf 70' lang='lat' dir='ltr'><strong>siae</strong></span> <span class='ocrx_word' id='word_1_587' title='bbox 2266 4055 2565 4110; x_wconf 67' lang='lat' dir='ltr'><strong>catholicae</strong></span> <span class='ocrx_word' id='word_1_588' title='bbox 2595 4069 2816 4112; x_wconf 89' lang='lat' dir='ltr'><strong>sensus.</strong></span> 
     </span>
    </p>
   </div>
   <div class='ocr_carea' id='block_1_89' title="bbox 2217 4141 3807 4215">
    <p class='ocr_par' dir='ltr' id='par_1_89' title="bbox 2217 4141 3807 4215">
     <span class='ocr_line' id='line_1_89' title="bbox 2217 4141 3807 4215; baseline -0.003 -14"><span class='ocrx_word' id='word_1_589' title='bbox 2217 4146 2418 4201; x_wconf 91' lang='lat' dir='ltr'><strong>Sancta</strong></span> <span class='ocrx_word' id='word_1_590' title='bbox 2460 4145 2710 4215; x_wconf 91' lang='lat' dir='ltr'><strong>synodus</strong></span> <span class='ocrx_word' id='word_1_591' title='bbox 2731 4144 2915 4200; x_wconf 83' lang='lat' dir='ltr'><strong>dixit:</strong></span> <span class='ocrx_word' id='word_1_592' title='bbox 2960 4145 3261 4200; x_wconf 90' lang='lat' dir='ltr'><strong>Conservet</strong></span> <span class='ocrx_word' id='word_1_593' title='bbox 3301 4145 3451 4199; x_wconf 91' lang='lat' dir='ltr'><strong>Deus</strong></span> <span class='ocrx_word' id='word_1_594' title='bbox 3492 4141 3807 4212; x_wconf 88' lang='lat' dir='ltr'><strong>imperium</strong></span> 
     </span>
    </p>
   </div>
   <div class='ocr_carea' id='block_1_90' title="bbox 2151 4231 3813 4307">
    <p class='ocr_par' dir='ltr' id='par_1_90' title="bbox 2151 4231 3813 4307">
     <span class='ocr_line' id='line_1_90' title="bbox 2151 4231 3813 4307; baseline -0.004 -16"><span class='ocrx_word' id='word_1_595' title='bbox 2151 4235 2440 4307; x_wconf 88' lang='lat' dir='ltr'><strong>ipsorum!</strong></span> <span class='ocrx_word' id='word_1_596' title='bbox 2475 4236 2693 4306; x_wconf 84' lang='lat' dir='ltr'><strong>Longos</strong></span> <span class='ocrx_word' id='word_1_597' title='bbox 2723 4233 2894 4290; x_wconf 86' lang='lat' dir='ltr'><strong>faciat</strong></span> <span class='ocrx_word' id='word_1_598' title='bbox 2920 4234 3072 4289; x_wconf 91' lang='lat' dir='ltr'><strong>Deus</strong></span> <span class='ocrx_word' id='word_1_599' title='bbox 3109 4245 3290 4289; x_wconf 85' lang='lat' dir='ltr'><strong>annos</strong></span> <span class='ocrx_word' id='word_1_600' title='bbox 3318 4245 3512 4289; x_wconf 88' lang='lat' dir='ltr'><strong>eorum</strong></span> <span class='ocrx_word' id='word_1_601' title='bbox 3541 4231 3553 4285; x_wconf 86' lang='lat' dir='ltr'><strong>l</strong></span> <span class='ocrx_word' id='word_1_602' title='bbox 3583 4231 3813 4286; x_wconf 88' lang='lat' dir='ltr'><strong>Peram-</strong></span> 
     </span>
    </p>
   </div>
   <div class='ocr_carea' id='block_1_91' title="bbox 2156 4321 3082 4396">
    <p class='ocr_par' dir='ltr' id='par_1_91' title="bbox 2156 4321 3082 4396">
     <span class='ocr_line' id='line_1_91' title="bbox 2156 4321 3082 4396; baseline -0.002 -18"><span class='ocrx_word' id='word_1_603' title='bbox 2156 4324 2312 4396; x_wconf 88' lang='lat' dir='ltr'><strong>plius</strong></span> <span class='ocrx_word' id='word_1_604' title='bbox 2345 4323 2589 4395; x_wconf 88' lang='lat' dir='ltr'><strong>gaudere</strong></span> <span class='ocrx_word' id='word_1_605' title='bbox 2613 4323 2885 4378; x_wconf 90' lang='lat' dir='ltr'><strong>concedat</strong></span> <span class='ocrx_word' id='word_1_606' title='bbox 2914 4321 3082 4378; x_wconf 86' lang='lat' dir='ltr'><strong>illos!</strong></span> 
     </span>
    </p>
   </div>
   <div class='ocr_carea' id='block_1_92' title="bbox 385 4399 3812 4486">
    <p class='ocr_par' dir='ltr' id='par_1_92' title="bbox 385 4399 3812 4486">
     <span class='ocr_line' id='line_1_92' title="bbox 385 4399 3812 4486; baseline -0.001 -22"><span class='ocrx_word' id='word_1_607' title='bbox 385 4421 472 4480; x_wconf 93' lang='lat' dir='ltr'><strong>eo,</strong></span> <span class='ocrx_word' id='word_1_608' title='bbox 501 4407 596 4464; x_wconf 89' lang='lat' dir='ltr'><strong>sed</strong></span> <span class='ocrx_word' id='word_1_609' title='bbox 620 4408 1038 4480; x_wconf 89' lang='lat' dir='ltr'><strong>permansimus</strong></span> <span class='ocrx_word' id='word_1_610' title='bbox 1071 4411 1411 4480; x_wconf 89' lang='lat' dir='ltr'><strong>persuadere</strong></span> <span class='ocrx_word' id='word_1_611' title='bbox 1445 4411 1533 4466; x_wconf 93' lang='lat' dir='ltr'><strong>illi</strong></span> <span class='ocrx_word' id='word_1_612' title='bbox 1557 4421 1845 4484; x_wconf 89' lang='lat' dir='ltr'><strong>conantes,</strong></span> <span class='ocrx_word' id='word_1_613' title='bbox 1880 4415 2030 4486; x_wconf 91' lang='lat' dir='ltr'><strong>quod</strong></span> <span class='ocrx_word' id='word_1_614' title='bbox 2062 4399 2118 4461; x_wconf 87' lang='lat' dir='ltr'><strong>D</strong></span> <span class='ocrx_word' id='word_1_615' title='bbox 2224 4415 2290 4468; x_wconf 87' lang='lat' dir='ltr'><strong>Et</strong></span> <span class='ocrx_word' id='word_1_616' title='bbox 2332 4412 2613 4468; x_wconf 89' lang='lat' dir='ltr'><strong>adductus</strong></span> <span class='ocrx_word' id='word_1_617' title='bbox 2655 4416 2741 4466; x_wconf 89' lang='lat' dir='ltr'><strong>est</strong></span> <span class='ocrx_word' id='word_1_618' title='bbox 2784 4411 3034 4466; x_wconf 87' lang='lat' dir='ltr'><strong>Basilius</strong></span> <span class='ocrx_word' id='word_1_619' title='bbox 3077 4409 3332 4482; x_wconf 73' lang='lat' dir='ltr'><strong>Ancyrm,</strong></span> <span class='ocrx_word' id='word_1_620' title='bbox 3372 4415 3430 4465; x_wconf 90' lang='lat' dir='ltr'><strong>et</strong></span> <span class='ocrx_word' id='word_1_621' title='bbox 3467 4408 3812 4464; x_wconf 89' lang='lat' dir='ltr'><strong>Theodorus</strong></span> 
     </span>
    </p>
   </div>
   <div class='ocr_carea' id='block_1_93' title="bbox 387 4497 2039 4574">
    <p class='ocr_par' dir='ltr' id='par_1_93' title="bbox 387 4497 2039 4574">
     <span class='ocr_line' id='line_1_93' title="bbox 387 4497 2039 4574; baseline 0.003 -19"><span class='ocrx_word' id='word_1_622' title='bbox 387 4498 704 4569; x_wconf 87' lang='lat' dir='ltr'><strong>susciperet</strong></span> <span class='ocrx_word' id='word_1_623' title='bbox 733 4498 940 4553; x_wconf 90' lang='lat' dir='ltr'><strong>summi</strong></span> <span class='ocrx_word' id='word_1_624' title='bbox 969 4499 1272 4554; x_wconf 89' lang='lat' dir='ltr'><strong>sacerdotii</strong></span> <span class='ocrx_word' id='word_1_625' title='bbox 1309 4497 1666 4572; x_wconf 88' lang='lat' dir='ltr'><strong>dignitatem.</strong></span> <span class='ocrx_word' id='word_1_626' title='bbox 1698 4504 1822 4572; x_wconf 90' lang='lat' dir='ltr'><strong>Ipse</strong></span> <span class='ocrx_word' id='word_1_627' title='bbox 1845 4502 2039 4574; x_wconf 88' lang='lat' dir='ltr'><strong>itaque</strong></span> 
     </span>
    </p>
   </div>
   <div class='ocr_carea' id='block_1_94' title="bbox 387 4587 2042 4655">
    <p class='ocr_par' dir='ltr' id='par_1_94' title="bbox 387 4587 2042 4655">
     <span class='ocr_line' id='line_1_94' title="bbox 387 4587 2042 4655; baseline 0.004 -13"><span class='ocrx_word' id='word_1_628' title='bbox 387 4587 942 4643; x_wconf 89' lang='lat' dir='ltr'><strong>vidensinstantiam</strong></span> <span class='ocrx_word' id='word_1_629' title='bbox 1002 4594 1272 4655; x_wconf 89' lang='lat' dir='ltr'><strong>nostram,</strong></span> <span class='ocrx_word' id='word_1_630' title='bbox 1313 4600 1543 4644; x_wconf 91' lang='lat' dir='ltr'><strong>causam</strong></span> <span class='ocrx_word' id='word_1_631' title='bbox 1590 4591 2042 4649; x_wconf 89' lang='lat' dir='ltr'><strong>renuntiationis</strong></span> 
     </span>
    </p>
   </div>
   <div class='ocr_carea' id='block_1_95' title="bbox 388 4675 2042 4751">
    <p class='ocr_par' dir='ltr' id='par_1_95' title="bbox 388 4675 2042 4751">
     <span class='ocr_line' id='line_1_95' title="bbox 388 4675 2042 4751; baseline 0.004 -21"><span class='ocrx_word' id='word_1_632' title='bbox 388 4675 786 4732; x_wconf 90' lang='lat' dir='ltr'><strong>annuntiabat.</strong></span> <span class='ocrx_word' id='word_1_633' title='bbox 838 4675 1118 4746; x_wconf 89' lang='lat' dir='ltr'><strong>Quoniam</strong></span> <span class='ocrx_word' id='word_1_634' title='bbox 1157 4675 1342 4746; x_wconf 91' lang='lat' dir='ltr'><strong>video,</strong></span> <span class='ocrx_word' id='word_1_635' title='bbox 1390 4676 1602 4750; x_wconf 90' lang='lat' dir='ltr'><strong>inquit,</strong></span> <span class='ocrx_word' id='word_1_636' title='bbox 1648 4686 1704 4735; x_wconf 91' lang='lat' dir='ltr'><strong>et</strong></span> <span class='ocrx_word' id='word_1_637' title='bbox 1745 4681 2042 4751; x_wconf 89' lang='lat' dir='ltr'><strong>conspicio</strong></span> 
     </span>
    </p>
   </div>
   <div class='ocr_carea' id='block_1_96' title="bbox 387 4764 2044 4836">
    <p class='ocr_par' dir='ltr' id='par_1_96' title="bbox 387 4764 2044 4836">
     <span class='ocr_line' id='line_1_96' title="bbox 387 4764 2044 4836; baseline 0.004 -16"><span class='ocrx_word' id='word_1_638' title='bbox 387 4764 721 4836; x_wconf 89' lang='lat' dir='ltr'><strong>Ecclesiam,</strong></span> <span class='ocrx_word' id='word_1_639' title='bbox 776 4779 901 4836; x_wconf 75' lang='lat' dir='ltr'><strong>qua:</strong></span> <span class='ocrx_word' id='word_1_640' title='bbox 959 4778 1133 4834; x_wconf 91' lang='lat' dir='ltr'><strong>super</strong></span> <span class='ocrx_word' id='word_1_641' title='bbox 1183 4771 1420 4835; x_wconf 91' lang='lat' dir='ltr'><strong>petram,</strong></span> <span class='ocrx_word' id='word_1_642' title='bbox 1476 4765 1768 4824; x_wconf 88' lang='lat' dir='ltr'><strong>Christum</strong></span> <span class='ocrx_word' id='word_1_643' title='bbox 1819 4769 2044 4826; x_wconf 89' lang='lat' dir='ltr'><strong>scilicet</strong></span> 
     </span>
    </p>
   </div>
   <div class='ocr_carea' id='block_1_97' title="bbox 385 4852 2044 4925">
    <p class='ocr_par' dir='ltr' id='par_1_97' title="bbox 385 4852 2044 4925">
     <span class='ocr_line' id='line_1_97' title="bbox 385 4852 2044 4925; baseline 0.003 -15"><span class='ocrx_word' id='word_1_644' title='bbox 385 4856 564 4910; x_wconf 92' lang='lat' dir='ltr'><strong>Deum</strong></span> <span class='ocrx_word' id='word_1_645' title='bbox 591 4861 870 4925; x_wconf 90' lang='lat' dir='ltr'><strong>nostrum,</strong></span> <span class='ocrx_word' id='word_1_646' title='bbox 913 4852 1147 4910; x_wconf 84' lang='lat' dir='ltr'><strong>fundata</strong></span> <span class='ocrx_word' id='word_1_647' title='bbox 1172 4859 1276 4924; x_wconf 91' lang='lat' dir='ltr'><strong>est,</strong></span> <span class='ocrx_word' id='word_1_648' title='bbox 1324 4854 1561 4912; x_wconf 90' lang='lat' dir='ltr'><strong>scissam</strong></span> <span class='ocrx_word' id='word_1_649' title='bbox 1593 4870 1746 4914; x_wconf 91' lang='lat' dir='ltr'><strong>nunc</strong></span> <span class='ocrx_word' id='word_1_650' title='bbox 1775 4864 1830 4914; x_wconf 92' lang='lat' dir='ltr'><strong>et</strong></span> <span class='ocrx_word' id='word_1_651' title='bbox 1868 4859 2044 4915; x_wconf 89' lang='lat' dir='ltr'><strong>diru-</strong></span> 
     </span>
    </p>
   </div>
   <div class='ocr_carea' id='block_1_98' title="bbox 388 4943 2043 5016">
    <p class='ocr_par' dir='ltr' id='par_1_98' title="bbox 388 4943 2043 5016">
     <span class='ocr_line' id='line_1_98' title="bbox 388 4943 2043 5016; baseline 0.004 -18"><span class='ocrx_word' id='word_1_652' title='bbox 388 4947 566 5014; x_wconf 90' lang='lat' dir='ltr'><strong>ptam,</strong></span> <span class='ocrx_word' id='word_1_653' title='bbox 604 4948 662 4999; x_wconf 90' lang='lat' dir='ltr'><strong>et</strong></span> <span class='ocrx_word' id='word_1_654' title='bbox 687 4957 790 4999; x_wconf 90' lang='lat' dir='ltr'><strong>nos</strong></span> <span class='ocrx_word' id='word_1_655' title='bbox 826 4943 985 4999; x_wconf 91' lang='lat' dir='ltr'><strong>aliud</strong></span> <span class='ocrx_word' id='word_1_656' title='bbox 1025 4943 1338 5014; x_wconf 90' lang='lat' dir='ltr'><strong>loquentes,</strong></span> <span class='ocrx_word' id='word_1_657' title='bbox 1371 4950 1427 5000; x_wconf 89' lang='lat' dir='ltr'><strong>et</strong></span> <span class='ocrx_word' id='word_1_658' title='bbox 1455 4958 1552 5002; x_wconf 92' lang='lat' dir='ltr'><strong>eos</strong></span> <span class='ocrx_word' id='word_1_659' title='bbox 1587 4946 1686 5016; x_wconf 90' lang='lat' dir='ltr'><strong>qui</strong></span> <span class='ocrx_word' id='word_1_660' title='bbox 1720 4960 1789 5002; x_wconf 90' lang='lat' dir='ltr'><strong>ex</strong></span> <span class='ocrx_word' id='word_1_661' title='bbox 1812 4947 2043 5004; x_wconf 91' lang='lat' dir='ltr'><strong>Oriente</strong></span> 
     </span>
    </p>
   </div>
   <div class='ocr_carea' id='block_1_99' title="bbox 387 5031 2046 5106">
    <p class='ocr_par' dir='ltr' id='par_1_99' title="bbox 387 5031 2046 5106">
     <span class='ocr_line' id='line_1_99' title="bbox 387 5031 2046 5106; baseline 0.002 -18"><span class='ocrx_word' id='word_1_662' title='bbox 387 5031 568 5088; x_wconf 91' lang='lat' dir='ltr'><strong>unius</strong></span> <span class='ocrx_word' id='word_1_663' title='bbox 593 5031 891 5087; x_wconf 92' lang='lat' dir='ltr'><strong>nobiscum</strong></span> <span class='ocrx_word' id='word_1_664' title='bbox 909 5032 1040 5088; x_wconf 77' lang='lat' dir='ltr'><strong>ﬁdei</strong></span> <span class='ocrx_word' id='word_1_665' title='bbox 1063 5038 1221 5104; x_wconf 90' lang='lat' dir='ltr'><strong>sunt,</strong></span> <span class='ocrx_word' id='word_1_666' title='bbox 1241 5033 1606 5090; x_wconf 91' lang='lat' dir='ltr'><strong>Christianos</strong></span> <span class='ocrx_word' id='word_1_667' title='bbox 1625 5035 1917 5106; x_wconf 90' lang='lat' dir='ltr'><strong>videlicet,</strong></span> <span class='ocrx_word' id='word_1_668' title='bbox 1941 5037 2046 5091; x_wconf 60' lang='lat' dir='ltr'><strong>alio</strong></span> 
     </span>
    </p>
   </div>
   <div class='ocr_carea' id='block_1_100' title="bbox 387 5121 2037 5198">
    <p class='ocr_par' dir='ltr' id='par_1_100' title="bbox 387 5121 2037 5198">
     <span class='ocr_line' id='line_1_100' title="bbox 387 5121 2037 5198; baseline 0.002 -21"><span class='ocrx_word' id='word_1_669' title='bbox 387 5128 494 5192; x_wconf 87' lang='lat' dir='ltr'><strong>ter,</strong></span> <span class='ocrx_word' id='word_1_670' title='bbox 520 5125 579 5176; x_wconf 91' lang='lat' dir='ltr'><strong>et</strong></span> <span class='ocrx_word' id='word_1_671' title='bbox 607 5121 1014 5177; x_wconf 91' lang='lat' dir='ltr'><strong>concordantes</strong></span> <span class='ocrx_word' id='word_1_672' title='bbox 1042 5122 1135 5179; x_wconf 90' lang='lat' dir='ltr'><strong>his</strong></span> <span class='ocrx_word' id='word_1_673' title='bbox 1161 5123 1259 5194; x_wconf 89' lang='lat' dir='ltr'><strong>qui</strong></span> <span class='ocrx_word' id='word_1_674' title='bbox 1287 5137 1354 5178; x_wconf 91' lang='lat' dir='ltr'><strong>ex</strong></span> <span class='ocrx_word' id='word_1_675' title='bbox 1371 5123 1676 5180; x_wconf 90' lang='lat' dir='ltr'><strong>Occidente</strong></span> <span class='ocrx_word' id='word_1_676' title='bbox 1691 5125 2037 5198; x_wconf 91' lang='lat' dir='ltr'><strong>consistunt,</strong></span> 
     </span>
    </p>
   </div>
   <div class='ocr_carea' id='block_1_101' title="bbox 386 5207 2040 5285">
    <p class='ocr_par' dir='ltr' id='par_1_101' title="bbox 386 5207 2040 5285">
     <span class='ocr_line' id='line_1_101' title="bbox 386 5207 2040 5285; baseline 0.003 -19"><span class='ocrx_word' id='word_1_677' title='bbox 386 5222 604 5280; x_wconf 90' lang='lat' dir='ltr'><strong>nosque</strong></span> <span class='ocrx_word' id='word_1_678' title='bbox 641 5207 920 5265; x_wconf 91' lang='lat' dir='ltr'><strong>alienatos</strong></span> <span class='ocrx_word' id='word_1_679' title='bbox 951 5209 1022 5266; x_wconf 90' lang='lat' dir='ltr'><strong>ab</strong></span> <span class='ocrx_word' id='word_1_680' title='bbox 1057 5211 1181 5267; x_wconf 92' lang='lat' dir='ltr'><strong>illis</strong></span> <span class='ocrx_word' id='word_1_681' title='bbox 1211 5212 1518 5281; x_wconf 89' lang='lat' dir='ltr'><strong>universis,</strong></span> <span class='ocrx_word' id='word_1_682' title='bbox 1551 5219 1606 5268; x_wconf 93' lang='lat' dir='ltr'><strong>et</strong></span> <span class='ocrx_word' id='word_1_683' title='bbox 1647 5225 1746 5281; x_wconf 91' lang='lat' dir='ltr'><strong>per</strong></span> <span class='ocrx_word' id='word_1_684' title='bbox 1778 5213 2040 5285; x_wconf 87' lang='lat' dir='ltr'><strong>singulos</strong></span> 
     </span>
    </p>
   </div>
   <div class='ocr_carea' id='block_1_102' title="bbox 385 5297 2038 5372">
    <p class='ocr_par' dir='ltr' id='par_1_102' title="bbox 385 5297 2038 5372">
     <span class='ocr_line' id='line_1_102' title="bbox 385 5297 2038 5372; baseline 0.003 -18"><span class='ocrx_word' id='word_1_685' title='bbox 385 5298 513 5354; x_wconf 92' lang='lat' dir='ltr'><strong>dies</strong></span> <span class='ocrx_word' id='word_1_686' title='bbox 539 5297 611 5354; x_wconf 91' lang='lat' dir='ltr'><strong>ab</strong></span> <span class='ocrx_word' id='word_1_687' title='bbox 635 5297 907 5354; x_wconf 89' lang='lat' dir='ltr'><strong>omnibus</strong></span> <span class='ocrx_word' id='word_1_688' title='bbox 940 5299 1471 5370; x_wconf 89' lang='lat' dir='ltr'><strong>anathematizatos,</strong></span> <span class='ocrx_word' id='word_1_689' title='bbox 1500 5313 1780 5371; x_wconf 88' lang='lat' dir='ltr'><strong>agnosco:</strong></span> <span class='ocrx_word' id='word_1_690' title='bbox 1814 5307 1872 5356; x_wconf 91' lang='lat' dir='ltr'><strong>et</strong></span> <span class='ocrx_word' id='word_1_691' title='bbox 1901 5303 2038 5372; x_wconf 91' lang='lat' dir='ltr'><strong>quia</strong></span> 
     </span>
    </p>
   </div>
   <div class='ocr_carea' id='block_1_103' title="bbox 388 5385 2038 5458">
    <p class='ocr_par' dir='ltr' id='par_1_103' title="bbox 388 5385 2038 5458">
     <span class='ocr_line' id='line_1_103' title="bbox 388 5385 2038 5458; baseline 0.002 -14"><span class='ocrx_word' id='word_1_692' title='bbox 388 5387 666 5458; x_wconf 90' lang='lat' dir='ltr'><strong>synodum</strong></span> <span class='ocrx_word' id='word_1_693' title='bbox 705 5385 1081 5442; x_wconf 88' lang='lat' dir='ltr'><strong>universalem</strong></span> <span class='ocrx_word' id='word_1_694' title='bbox 1105 5401 1275 5457; x_wconf 92' lang='lat' dir='ltr'><strong>posco</strong></span> <span class='ocrx_word' id='word_1_695' title='bbox 1301 5387 1448 5458; x_wconf 79' lang='lat' dir='ltr'><strong>ﬁeri,</strong></span> <span class='ocrx_word' id='word_1_696' title='bbox 1477 5387 1614 5442; x_wconf 91' lang='lat' dir='ltr'><strong>dum</strong></span> <span class='ocrx_word' id='word_1_697' title='bbox 1638 5387 1838 5443; x_wconf 89' lang='lat' dir='ltr'><strong>vicarii</strong></span> <span class='ocrx_word' id='word_1_698' title='bbox 1868 5397 1978 5446; x_wconf 88' lang='lat' dir='ltr'><strong>tam</strong></span> <span class='ocrx_word' id='word_1_699' title='bbox 2005 5405 2038 5448; x_wconf 91' lang='lat' dir='ltr'><strong>a</strong></span> 
     </span>
    </p>
   </div>
   <div class='ocr_carea' id='block_1_104' title="bbox 391 5475 2043 5548">
    <p class='ocr_par' dir='ltr' id='par_1_104' title="bbox 391 5475 2043 5548">
     <span class='ocr_line' id='line_1_104' title="bbox 391 5475 2043 5548; baseline 0.002 -15"><span class='ocrx_word' id='word_1_700' title='bbox 391 5489 536 5548; x_wconf 89' lang='lat' dir='ltr'><strong>papa</strong></span> <span class='ocrx_word' id='word_1_701' title='bbox 559 5477 830 5546; x_wconf 82' lang='lat' dir='ltr'><strong>Romano,</strong></span> <span class='ocrx_word' id='word_1_702' title='bbox 851 5489 1018 5546; x_wconf 87' lang='lat' dir='ltr'><strong>quam</strong></span> <span class='ocrx_word' id='word_1_703' title='bbox 1044 5475 1116 5530; x_wconf 89' lang='lat' dir='ltr'><strong>ab</strong></span> <span class='ocrx_word' id='word_1_704' title='bbox 1131 5475 1384 5532; x_wconf 92' lang='lat' dir='ltr'><strong>Orientis</strong></span> <span class='ocrx_word' id='word_1_705' title='bbox 1401 5475 1766 5546; x_wconf 84' lang='lat' dir='ltr'><strong>principibus</strong></span> <span class='ocrx_word' id='word_1_706' title='bbox 1783 5480 2043 5537; x_wconf 89' lang='lat' dir='ltr'><strong>sacerdo-</strong></span> 
     </span>
    </p>
   </div>
   <div class='ocr_carea' id='block_1_105' title="bbox 391 5565 2038 5636">
    <p class='ocr_par' dir='ltr' id='par_1_105' title="bbox 391 5565 2038 5636">
     <span class='ocr_line' id='line_1_105' title="bbox 391 5565 2038 5636; baseline 0.004 -16"><span class='ocrx_word' id='word_1_707' title='bbox 391 5571 512 5621; x_wconf 90' lang='lat' dir='ltr'><strong>tum</strong></span> <span class='ocrx_word' id='word_1_708' title='bbox 538 5565 927 5620; x_wconf 87' lang='lat' dir='ltr'><strong>inveniuntur.</strong></span> <span class='ocrx_word' id='word_1_709' title='bbox 949 5565 1076 5619; x_wconf 68' lang='lat' dir='ltr'><strong>Haec</strong></span> <span class='ocrx_word' id='word_1_710' title='bbox 1098 5579 1201 5625; x_wconf 87' lang='lat' dir='ltr'><strong>nos</strong></span> <span class='ocrx_word' id='word_1_711' title='bbox 1227 5565 1642 5621; x_wconf 86' lang='lat' dir='ltr'><strong>innotescentes</strong></span> <span class='ocrx_word' id='word_1_712' title='bbox 1661 5565 1715 5620; x_wconf 93' lang='lat' dir='ltr'><strong>in</strong></span> <span class='ocrx_word' id='word_1_713' title='bbox 1736 5569 2038 5636; x_wconf 72' lang='lat' dir='ltr'><strong>praesentia</strong></span> 
     </span>
    </p>
   </div>
   <div class='ocr_carea' id='block_1_106' title="bbox 2148 4495 3814 4574">
    <p class='ocr_par' dir='ltr' id='par_1_106' title="bbox 2148 4495 3814 4574">
     <span class='ocr_line' id='line_1_106' title="bbox 2148 4495 3814 4574; baseline -0.004 -15"><span class='ocrx_word' id='word_1_714' title='bbox 2148 4505 2455 4574; x_wconf 86' lang='lat' dir='ltr'><strong>Myrorum,</strong></span> <span class='ocrx_word' id='word_1_715' title='bbox 2488 4508 2544 4556; x_wconf 90' lang='lat' dir='ltr'><strong>et</strong></span> <span class='ocrx_word' id='word_1_716' title='bbox 2582 4500 2938 4556; x_wconf 90' lang='lat' dir='ltr'><strong>Theodosius</strong></span> <span class='ocrx_word' id='word_1_717' title='bbox 2963 4497 3278 4556; x_wconf 77' lang='lat' dir='ltr'><strong>Ammo’rii:</strong></span> <span class='ocrx_word' id='word_1_718' title='bbox 3310 4506 3365 4555; x_wconf 92' lang='lat' dir='ltr'><strong>et</strong></span> <span class='ocrx_word' id='word_1_719' title='bbox 3394 4497 3684 4554; x_wconf 84' lang='lat' dir='ltr'><strong>stantibus</strong></span> <span class='ocrx_word' id='word_1_720' title='bbox 3717 4495 3814 4552; x_wconf 89' lang='lat' dir='ltr'><strong>eis</strong></span> 
     </span>
    </p>
   </div>
   <div class='ocr_carea' id='block_1_107' title="bbox 2152 4586 3816 4660">
    <p class='ocr_par' dir='ltr' id='par_1_107' title="bbox 2152 4586 3816 4660">
     <span class='ocr_line' id='line_1_107' title="bbox 2152 4586 3816 4660; baseline -0.004 -14"><span class='ocrx_word' id='word_1_721' title='bbox 2152 4591 2211 4648; x_wconf 93' lang='lat' dir='ltr'><strong>in</strong></span> <span class='ocrx_word' id='word_1_722' title='bbox 2240 4591 2425 4647; x_wconf 84' lang='lat' dir='ltr'><strong>medio</strong></span> <span class='ocrx_word' id='word_1_723' title='bbox 2455 4597 2664 4646; x_wconf 68' lang='lat' dir='ltr'><strong>sancta:</strong></span> <span class='ocrx_word' id='word_1_724' title='bbox 2693 4589 2917 4660; x_wconf 91' lang='lat' dir='ltr'><strong>synodi,</strong></span> <span class='ocrx_word' id='word_1_725' title='bbox 2949 4589 3201 4645; x_wconf 90' lang='lat' dir='ltr'><strong>Basilius</strong></span> <span class='ocrx_word' id='word_1_726' title='bbox 3233 4589 3538 4659; x_wconf 90' lang='lat' dir='ltr'><strong>episcopus</strong></span> <span class='ocrx_word' id='word_1_727' title='bbox 3566 4586 3816 4656; x_wconf 72' lang='lat' dir='ltr'><strong>Ancyra:</strong></span> 
     </span>
    </p>
   </div>
   <div class='ocr_carea' id='block_1_108' title="bbox 2150 4674 3813 4750">
    <p class='ocr_par' dir='ltr' id='par_1_108' title="bbox 2150 4674 3813 4750">
     <span class='ocr_line' id='line_1_108' title="bbox 2150 4674 3813 4750; baseline -0.004 -13"><span class='ocrx_word' id='word_1_728' title='bbox 2150 4681 2337 4738; x_wconf 86' lang='lat' dir='ltr'><strong>dixit:</strong></span> <span class='ocrx_word' id='word_1_729' title='bbox 2382 4680 2668 4750; x_wconf 88' lang='lat' dir='ltr'><strong>Quantum</strong></span> <span class='ocrx_word' id='word_1_730' title='bbox 2701 4683 2823 4734; x_wconf 90' lang='lat' dir='ltr'><strong>erat</strong></span> <span class='ocrx_word' id='word_1_731' title='bbox 2851 4679 2920 4734; x_wconf 90' lang='lat' dir='ltr'><strong>ad</strong></span> <span class='ocrx_word' id='word_1_732' title='bbox 2965 4678 3275 4748; x_wconf 91' lang='lat' dir='ltr'><strong>potentiam</strong></span> <span class='ocrx_word' id='word_1_733' title='bbox 3322 4691 3523 4745; x_wconf 90' lang='lat' dir='ltr'><strong>meam,</strong></span> <span class='ocrx_word' id='word_1_734' title='bbox 3554 4674 3813 4746; x_wconf 89' lang='lat' dir='ltr'><strong>domini,</strong></span> 
     </span>
    </p>
   </div>
   <div class='ocr_carea' id='block_1_109' title="bbox 2152 4761 3814 4844">
    <p class='ocr_par' dir='ltr' id='par_1_109' title="bbox 2152 4761 3814 4844">
     <span class='ocr_line' id='line_1_109' title="bbox 2152 4761 3814 4844; baseline -0.005 -17"><span class='ocrx_word' id='word_1_735' title='bbox 2152 4771 2390 4844; x_wconf 70' lang='lat' dir='ltr'><strong>quaesivi</strong></span> <span class='ocrx_word' id='word_1_736' title='bbox 2441 4784 2690 4841; x_wconf 89' lang='lat' dir='ltr'><strong>causam,</strong></span> <span class='ocrx_word' id='word_1_737' title='bbox 2763 4774 2820 4826; x_wconf 88' lang='lat' dir='ltr'><strong>et</strong></span> <span class='ocrx_word' id='word_1_738' title='bbox 2873 4768 3027 4825; x_wconf 91' lang='lat' dir='ltr'><strong>omni</strong></span> <span class='ocrx_word' id='word_1_739' title='bbox 3099 4761 3494 4823; x_wconf 80' lang='lat' dir='ltr'><strong>satisfactione</strong></span> <span class='ocrx_word' id='word_1_740' title='bbox 3549 4770 3814 4835; x_wconf 80' lang='lat' dir='ltr'><strong>accepta,</strong></span> 
     </span>
    </p>
   </div>
   <div class='ocr_carea' id='block_1_110' title="bbox 2149 4853 3820 4928">
    <p class='ocr_par' dir='ltr' id='par_1_110' title="bbox 2149 4853 3820 4928">
     <span class='ocr_line' id='line_1_110' title="bbox 2149 4853 3820 4928; baseline -0.005 -12"><span class='ocrx_word' id='word_1_741' title='bbox 2149 4860 2362 4916; x_wconf 89' lang='lat' dir='ltr'><strong>accessi</strong></span> <span class='ocrx_word' id='word_1_742' title='bbox 2413 4860 2480 4915; x_wconf 92' lang='lat' dir='ltr'><strong>ad</strong></span> <span class='ocrx_word' id='word_1_743' title='bbox 2534 4859 2876 4916; x_wconf 88' lang='lat' dir='ltr'><strong>catholicam</strong></span> <span class='ocrx_word' id='word_1_744' title='bbox 2929 4856 3240 4913; x_wconf 87' lang='lat' dir='ltr'><strong>Ecclesiam</strong></span> <span class='ocrx_word' id='word_1_745' title='bbox 3297 4869 3401 4928; x_wconf 88' lang='lat' dir='ltr'><strong>ego</strong></span> <span class='ocrx_word' id='word_1_746' title='bbox 3455 4853 3820 4910; x_wconf 88' lang='lat' dir='ltr'><strong>novissimus</strong></span> 
     </span>
    </p>
   </div>
   <div class='ocr_carea' id='block_1_111' title="bbox 2151 4942 3822 5015">
    <p class='ocr_par' dir='ltr' id='par_1_111' title="bbox 2151 4942 3822 5015">
     <span class='ocr_line' id='line_1_111' title="bbox 2151 4942 3822 5015; baseline -0.004 -10"><span class='ocrx_word' id='word_1_747' title='bbox 2151 4962 2350 5005; x_wconf 90' lang='lat' dir='ltr'><strong>servus</strong></span> <span class='ocrx_word' id='word_1_748' title='bbox 2410 4955 2610 5005; x_wconf 90' lang='lat' dir='ltr'><strong>vester.</strong></span> <span class='ocrx_word' id='word_1_749' title='bbox 2675 4947 2949 5004; x_wconf 88' lang='lat' dir='ltr'><strong>Tarasius</strong></span> <span class='ocrx_word' id='word_1_750' title='bbox 3007 4946 3410 5002; x_wconf 88' lang='lat' dir='ltr'><strong>sanctissimus</strong></span> <span class='ocrx_word' id='word_1_751' title='bbox 3474 4942 3822 5015; x_wconf 90' lang='lat' dir='ltr'><strong>patriarcha</strong></span> 
     </span>
    </p>
   </div>
   <div class='ocr_carea' id='block_1_112' title="bbox 2149 5029 3820 5108">
    <p class='ocr_par' dir='ltr' id='par_1_112' title="bbox 2149 5029 3820 5108">
     <span class='ocr_line' id='line_1_112' title="bbox 2149 5029 3820 5108; baseline -0.005 -14"><span class='ocrx_word' id='word_1_752' title='bbox 2149 5038 2330 5094; x_wconf 87' lang='lat' dir='ltr'><strong>dixit:</strong></span> <span class='ocrx_word' id='word_1_753' title='bbox 2390 5037 2587 5093; x_wconf 91' lang='lat' dir='ltr'><strong>Gloria</strong></span> <span class='ocrx_word' id='word_1_754' title='bbox 2629 5039 2762 5108; x_wconf 92' lang='lat' dir='ltr'><strong>Deo,</strong></span> <span class='ocrx_word' id='word_1_755' title='bbox 2806 5037 2906 5108; x_wconf 90' lang='lat' dir='ltr'><strong>qui</strong></span> <span class='ocrx_word' id='word_1_756' title='bbox 2966 5035 3091 5091; x_wconf 91' lang='lat' dir='ltr'><strong>vult</strong></span> <span class='ocrx_word' id='word_1_757' title='bbox 3137 5048 3334 5091; x_wconf 90' lang='lat' dir='ltr'><strong>omnes</strong></span> <span class='ocrx_word' id='word_1_758' title='bbox 3378 5031 3608 5101; x_wconf 86' lang='lat' dir='ltr'><strong>salvari,</strong></span> <span class='ocrx_word' id='word_1_759' title='bbox 3647 5036 3708 5087; x_wconf 90' lang='lat' dir='ltr'><strong>et</strong></span> <span class='ocrx_word' id='word_1_760' title='bbox 3739 5029 3820 5086; x_wconf 89' lang='lat' dir='ltr'><strong>ad</strong></span> 
     </span>
    </p>
   </div>
   <div class='ocr_carea' id='block_1_113' title="bbox 2148 5122 3370 5199">
    <p class='ocr_par' dir='ltr' id='par_1_113' title="bbox 2148 5122 3370 5199">
     <span class='ocr_line' id='line_1_113' title="bbox 2148 5122 3370 5199; baseline -0.004 -17"><span class='ocrx_word' id='word_1_761' title='bbox 2148 5126 2496 5199; x_wconf 89' lang='lat' dir='ltr'><strong>agnitionem</strong></span> <span class='ocrx_word' id='word_1_762' title='bbox 2529 5125 2790 5182; x_wconf 90' lang='lat' dir='ltr'><strong>veritatis</strong></span> <span class='ocrx_word' id='word_1_763' title='bbox 2815 5124 3009 5180; x_wconf 90' lang='lat' dir='ltr'><strong>venire</strong></span> <span class='ocrx_word' id='word_1_764' title='bbox 3035 5122 3085 5196; x_wconf 92' lang='grc' dir='ltr'><strong>(Ι</strong></span> <span class='ocrx_word' id='word_1_765' title='bbox 3111 5125 3246 5178; x_wconf 76' lang='lat' dir='ltr'><strong>Tim.</strong></span> <span class='ocrx_word' id='word_1_766' title='bbox 3290 5123 3370 5194; x_wconf 82' lang='grc' dir='ltr'><strong>ιι).</strong></span> 
     </span>
    </p>
   </div>
   <div class='ocr_carea' id='block_1_114' title="bbox 2218 5209 3827 5284">
    <p class='ocr_par' dir='ltr' id='par_1_114' title="bbox 2218 5209 3827 5284">
     <span class='ocr_line' id='line_1_114' title="bbox 2218 5209 3827 5284; baseline -0.002 -14"><span class='ocrx_word' id='word_1_767' title='bbox 2218 5213 2468 5270; x_wconf 79' lang='lat' dir='ltr'><strong>Basilius</strong></span> <span class='ocrx_word' id='word_1_768' title='bbox 2494 5213 2798 5284; x_wconf 88' lang='lat' dir='ltr'><strong>episcopus</strong></span> <span class='ocrx_word' id='word_1_769' title='bbox 2825 5212 3062 5284; x_wconf 71' lang='lat' dir='ltr'><strong>Ancyrae</strong></span> <span class='ocrx_word' id='word_1_770' title='bbox 3086 5226 3155 5268; x_wconf 87' lang='lat' dir='ltr'><strong>ex</strong></span> <span class='ocrx_word' id='word_1_771' title='bbox 3181 5211 3380 5268; x_wconf 90' lang='lat' dir='ltr'><strong>libello</strong></span> <span class='ocrx_word' id='word_1_772' title='bbox 3406 5210 3486 5268; x_wconf 90' lang='lat' dir='ltr'><strong>ita</strong></span> <span class='ocrx_word' id='word_1_773' title='bbox 3513 5209 3672 5281; x_wconf 88' lang='lat' dir='ltr'><strong>legit.</strong></span> <span class='ocrx_word' id='word_1_774' title='bbox 3695 5211 3827 5266; x_wconf 81' lang='lat' dir='ltr'><strong>Le-</strong></span> 
     </span>
    </p>
   </div>
   <div class='ocr_carea' id='block_1_115' title="bbox 2147 5299 3822 5377">
    <p class='ocr_par' dir='ltr' id='par_1_115' title="bbox 2147 5299 3822 5377">
     <span class='ocr_line' id='line_1_115' title="bbox 2147 5299 3822 5377; baseline -0.003 -18"><span class='ocrx_word' id='word_1_775' title='bbox 2147 5303 2379 5377; x_wconf 90' lang='lat' dir='ltr'><strong>gislatio</strong></span> <span class='ocrx_word' id='word_1_776' title='bbox 2405 5307 2492 5358; x_wconf 89' lang='lat' dir='ltr'><strong>est</strong></span> <span class='ocrx_word' id='word_1_777' title='bbox 2535 5301 2924 5358; x_wconf 88' lang='lat' dir='ltr'><strong>ecclesiastica</strong></span> <span class='ocrx_word' id='word_1_778' title='bbox 2955 5301 3228 5358; x_wconf 87' lang='lat' dir='ltr'><strong>canonice</strong></span> <span class='ocrx_word' id='word_1_779' title='bbox 3257 5299 3468 5356; x_wconf 87' lang='lat' dir='ltr'><strong>tradita</strong></span> <span class='ocrx_word' id='word_1_780' title='bbox 3495 5299 3822 5354; x_wconf 89' lang='lat' dir='ltr'><strong>desursum</strong></span> 
     </span>
    </p>
   </div>
   <div class='ocr_carea' id='block_1_116' title="bbox 2146 5389 3828 5461">
    <p class='ocr_par' dir='ltr' id='par_1_116' title="bbox 2146 5389 3828 5461">
     <span class='ocr_line' id='line_1_116' title="bbox 2146 5389 3828 5461; baseline -0.002 -14"><span class='ocrx_word' id='word_1_781' title='bbox 2146 5392 2218 5448; x_wconf 91' lang='lat' dir='ltr'><strong>ab</strong></span> <span class='ocrx_word' id='word_1_782' title='bbox 2247 5391 2419 5447; x_wconf 90' lang='lat' dir='ltr'><strong>initio</strong></span> <span class='ocrx_word' id='word_1_783' title='bbox 2447 5398 2560 5446; x_wconf 91' lang='lat' dir='ltr'><strong>tam</strong></span> <span class='ocrx_word' id='word_1_784' title='bbox 2593 5405 2626 5447; x_wconf 92' lang='lat' dir='ltr'><strong>a</strong></span> <span class='ocrx_word' id='word_1_785' title='bbox 2663 5391 2878 5446; x_wconf 89' lang='lat' dir='ltr'><strong>sanctis</strong></span> <span class='ocrx_word' id='word_1_786' title='bbox 2908 5389 3205 5461; x_wconf 89' lang='lat' dir='ltr'><strong>apostolis,</strong></span> <span class='ocrx_word' id='word_1_787' title='bbox 3238 5403 3407 5460; x_wconf 91' lang='lat' dir='ltr'><strong>quam</strong></span> <span class='ocrx_word' id='word_1_788' title='bbox 3437 5403 3468 5444; x_wconf 90' lang='lat' dir='ltr'><strong>a</strong></span> <span class='ocrx_word' id='word_1_789' title='bbox 3501 5401 3828 5444; x_wconf 85' lang='lat' dir='ltr'><strong>successo-</strong></span> 
     </span>
    </p>
   </div>
   <div class='ocr_carea' id='block_1_117' title="bbox 2147 5477 3826 5552">
    <p class='ocr_par' dir='ltr' id='par_1_117' title="bbox 2147 5477 3826 5552">
     <span class='ocr_line' id='line_1_117' title="bbox 2147 5477 3826 5552; baseline -0.003 -15"><span class='ocrx_word' id='word_1_790' title='bbox 2147 5480 2311 5537; x_wconf 88' lang='lat' dir='ltr'><strong>ribus</strong></span> <span class='ocrx_word' id='word_1_791' title='bbox 2339 5493 2558 5552; x_wconf 90' lang='lat' dir='ltr'><strong>eorum,</strong></span> <span class='ocrx_word' id='word_1_792' title='bbox 2579 5480 2796 5536; x_wconf 89' lang='lat' dir='ltr'><strong>sanctis</strong></span> <span class='ocrx_word' id='word_1_793' title='bbox 2813 5479 3080 5534; x_wconf 88' lang='lat' dir='ltr'><strong>videlicet</strong></span> <span class='ocrx_word' id='word_1_794' title='bbox 3098 5478 3366 5534; x_wconf 85' lang='lat' dir='ltr'><strong>Patribus</strong></span> <span class='ocrx_word' id='word_1_795' title='bbox 3387 5477 3602 5534; x_wconf 88' lang='lat' dir='ltr'><strong>nostris</strong></span> <span class='ocrx_word' id='word_1_796' title='bbox 3629 5481 3826 5547; x_wconf 87' lang='lat' dir='ltr'><strong>atque</strong></span> 
     </span>
    </p>
   </div>
   <div class='ocr_carea' id='block_1_118' title="bbox 2148 5566 3830 5640">
    <p class='ocr_par' dir='ltr' id='par_1_118' title="bbox 2148 5566 3830 5640">
     <span class='ocr_line' id='line_1_118' title="bbox 2148 5566 3830 5640; baseline -0.004 -14"><span class='ocrx_word' id='word_1_797' title='bbox 2148 5568 2470 5640; x_wconf 84' lang='lat' dir='ltr'><strong>magistris;</strong></span> <span class='ocrx_word' id='word_1_798' title='bbox 2503 5569 2596 5624; x_wconf 89' lang='lat' dir='ltr'><strong>sed</strong></span> <span class='ocrx_word' id='word_1_799' title='bbox 2629 5575 2685 5624; x_wconf 89' lang='lat' dir='ltr'><strong>et</strong></span> <span class='ocrx_word' id='word_1_800' title='bbox 2715 5568 2931 5624; x_wconf 87' lang='lat' dir='ltr'><strong>sanctis</strong></span> <span class='ocrx_word' id='word_1_801' title='bbox 2961 5573 3016 5623; x_wconf 92' lang='lat' dir='ltr'><strong>et</strong></span> <span class='ocrx_word' id='word_1_802' title='bbox 3045 5566 3476 5622; x_wconf 87' lang='lat' dir='ltr'><strong>universalibus</strong></span> <span class='ocrx_word' id='word_1_803' title='bbox 3506 5578 3603 5621; x_wconf 86' lang='lat' dir='ltr'><strong>sex</strong></span> <span class='ocrx_word' id='word_1_804' title='bbox 3635 5577 3830 5634; x_wconf 87' lang='lat' dir='ltr'><strong>syno-</strong></span> 
     </span>
    </p>
   </div>
  </div>
