4018 6166
275 213 373 271 213
1048 213 1117 267 IN
1128 210 1594 267 I‘ERPRETATIO
1631 208 1862 265 SYNOD.‘

2073 210 2529 267 lENERALIS.-—
2564 213 2765 269 ACTIU
2804 217 2842 268 ι.
3290 188 3295 195 ’
3555 217 3660 275 ait

272 340 373 410 dis,
420 353 512 394 seu
563 335 846 392 localibus
899 336 1170 393 conciliis
1224 351 1353 407 qua
1408 336 1722 393 orthodoxe
1775 333 2355 406 col—Acemphatus
2429 334 2692 411 [infausti
2770 338 3042 413 nominis]
3112 340 3465 398 tricaccabus
3536 341 3656 418 [al.,

274 429 401 484 lecta
428 431 575 497 sunt,
609 431 674 481 ut
704 425 776 480 ab
811 425 1010 481 haresi
1044 438 1387 497 quacunque
1416 426 1487 481 ad
1523 424 1897 481 orthodoxam
2013 424 2260 481 tricacos
2292 468 2306 496 ,
2340 427 2401 480 id
2446 432 2524 481 est
2556 470 2569 497 ,
2606 434 2693 483 ter
2731 426 2935 503 malus]
2966 446 2982 500 -,
3016 444 3161 499 quos
3199 433 3429 488 evanuit
3469 443 3659 491 secta—

270 514 660 573 confessionem
683 520 739 570 et
759 514 1127 570 traditionem
1161 514 1457 570 catholica
1486 514 1751 570 Ecclesia
1772 526 1899 568 con-
2012 518 2106 570 tus
2177 515 2353 571 miser
2428 517 2838 574 Constantinus
2870 559 2883 581 ,
2959 519 3059 588 qui
3141 518 3327 575 fuerat
3405 524 3658 591 patriar-

275 605 430 673 versi,
460 606 516 659 in
554 603 792 674 scriptis
822 616 983 660 suam
1014 603 1294 676 abnegent
1330 603 1611 673 haresim,
1644 608 1700 658 et
1728 602 1894 657 ﬁdem
2007 602 2134 675 cha,
2211 605 2336 659 Haec
2408 604 2487 660 ita
2552 605 2826 661 confiteor
2864 648 2878 677 ,
2932 613 2987 661 et
3054 606 3145 663 his
3204 609 3488 665 assentior
3531 652 3545 681 ,
3602 617 3657 667 et

268 694 627 750 conﬁteantur
661 693 1055 749 orthodoxam.
1094 692 1251 749 Unde
1279 699 1335 749 et
1364 708 1467 765 ego
1494 692 1748 750 Basilius
1781 691 1897 762 epi-
2007 690 2224 748 idcirco
2268 693 2326 748 in
2369 693 2741 764 simplicitate
2784 696 2976 751 cordis
3015 701 3070 751 et
3103 704 3253 752 recta
3294 704 3497 767 mente,
3542 700 3656 756 Deo

266 797 456 853 scopas
493 782 748 838 civitatis
782 783 1016 852 Ancyra
1050 796 1373 852 proponens
1404 782 1560 838 uniri
1597 781 1892 837 catholica
2008 780 2151 836 mihi
2184 782 2577 839 testimonium
2620 784 2973 854 perhibente,
3006 785 3291 854 subjectos
3319 787 3656 843 anathema—

263 870 532 941 Ecclesia,
566 870 932 942 Adrianoque
966 871 1329 927 sanctissimo
1362 884 1539 941 papa,
1570 876 1625 926 et
1656 869 1891 924 Tarasio
2004 869 2206 926 tismos
2232 869 2380 927 facio
2403 872 2517 926 hic.
2544 872 3005 928 Christianorum
3030 874 3569 945 calumniatoribus,
3594 876 3651 932 id

265 959 581 1016 beatissimo
613 960 971 1031 patriarcha,
1004 974 1104 1015 seu
1137 960 1521 1016 sanctissimis
1540 966 1595 1015 et
1622 957 1893 1029 apostoli-
2001 964 2087 1013 est
2139 959 2455 1031 imaginum
2509 960 2966 1017 confractoribus
3023 963 3320 1018 anathema
3354 964 3365 1017 Ι
3396 966 3496 1019 Hts
3549 973 3649 1034 qui

257 1048 332 1103 cis
371 1048 594 1104 thronis
618 1049 998 1121 Alexandria,
1029 1050 1125 1105 sed
1148 1055 1205 1105 et
1231 1047 1570 1119 Antiochia,
1597 1056 1652 1105 et
1681 1054 1890 1103 sancta
1997 1052 2303 1101 assumunt
2331 1047 2581 1117 eloquia,
2615 1062 2742 1117 qua
2766 1063 2799 1104 a
2824 1048 3021 1105 divina
3050 1050 3345 1120 Scriptura
3375 1048 3652 1107 adversus

254 1137 511 1208 civitatis,
561 1151 778 1194 necnon
808 1138 1079 1193 omnibus
1107 1138 1411 1195 othodoxis
1441 1137 1813 1209 pontificibus
1832 1143 1889 1192 et
2001 1134 2152 1190 idola
2178 1135 2568 1207 proferuntur,
2601 1138 2660 1193 in
2686 1139 3041 1196 venerabiles
3069 1140 3285 1212 iconas,
3311 1142 3644 1198 anathema!

255 1225 656 1297 sacerdotibus,
700 1233 1030 1298 prasentem
1082 1228 1227 1284 hanc
1265 1227 1680 1284 confessionem
1724 1223 1888 1300 [pro-
1997 1224 2098 1279 His
2134 1225 2231 1295 qui
2266 1239 2376 1281 non
2409 1226 2663 1284 salutant
2699 1235 2928 1285 sanctas
2956 1235 3012 1285 et
3040 1230 3393 1286 venerabiles
3434 1230 3650 1303 imagi-

252 1313 561 1391 fessionem]
604 1331 783 1373 meam
814 1315 973 1373 facio
1010 1317 1070 1372 in
1104 1318 1358 1388 scriptis,
1396 1322 1452 1375 et
1489 1317 1662 1375 oﬁ’ero
1699 1316 1882 1386 vobis,
1997 1327 2117 1385 nes,
2149 1314 2449 1373 anathema
2479 1317 2491 1371 i
2519 1318 2622 1373 His
2652 1317 2751 1388 qui
2782 1319 3071 1389 appellant
3113 1332 3302 1375 sacras
3331 1321 3527 1377 iconas
3556 1321 3648 1376 si—

252 1405 337 1475 qui
357 1419 423 1461 ex
442 1405 760 1476 apostolica
793 1406 1133 1463 auctoritate
1166 1410 1494 1477 potestatem
1528 1405 1878 1476 sumpsistis.
1998 1402 2272 1473 mulacra,
2302 1406 2599 1461 anathema
2627 1406 2639 1460 !
2672 1407 2774 1462 His
2800 1407 2898 1477 qui
2931 1408 3154 1477 dicunt,
3187 1409 3339 1479 quod
3366 1409 3540 1465 sicuti
3572 1411 3643 1465 ad

249 1496 299 1550 In
321 1493 419 1550 hoc
440 1494 573 1565 ipso
593 1495 765 1550 etiam
787 1496 1010 1551 veniam
1047 1501 1247 1567 expeto
1267 1510 1300 1551 a
1327 1495 1615 1551 divinitus
1647 1494 1884 1550 collecta
1997 1491 2136 1547 deos
2168 1492 2487 1549 Christiani
2529 1495 2598 1551 ad
2641 1495 2922 1567 imagines
2960 1496 3258 1568 accedunt,
3298 1497 3599 1553 anathema
3626 1497 3640 1551 Ξ

248 1580 589 1639 beatitudine
625 1589 830 1655 vestra,
868 1597 970 1654 pro
1010 1576 1116 1639 hac
1153 1584 1418 1640 tarditate
1455 1596 1594 1651 mea,
1635 1582 1883 1653 Oporte—
1911 1650 1951 1655 _
1995 1580 2098 1635 His
2123 1581 2222 1651 qui
2254 1584 2683 1639 communicant
2714 1584 2961 1640 scienter
2988 1585 3075 1640 eis
3105 1585 3204 1655 qui
3245 1585 3643 1642 conviciantur

244 1668 326 1726 bat
352 1671 501 1727 enim
546 1678 610 1729 ut
648 1688 759 1729 non
798 1650 1112 1730 orthodoxa
1151 1672 1507 1729 confessione
1542 1650 1876 1745 fraudarer;
1911 1650 1962 1713 Β
1995 1674 2050 1723 et
2091 1650 2444 1727 exhonorant
2492 1672 2850 1728 venerabiles
2891 1650 3449 1745 iconas,-anathema
3482 1673 3494 1727 Ξ
3540 1674 3642 1729 llis

248 1759 331 1814 sed
353 1774 596 1816 summa
634 1761 1194 1833 indisciplinationis
1224 1775 1379 1832 mea,
1401 1767 1458 1817 et
1477 1763 1670 1833 segnis
1694 1776 1760 1818 ac
1789 1775 1880 1818 ne-
1998 1757 2096 1828 qui
2138 1759 2379 1830 dicunt,
2407 1761 2556 1831 quod
2604 1769 2808 1832 prater
2843 1762 3137 1819 Christum
3178 1763 3484 1819 Dominum
3530 1776 3643 1819 no—

248 1846 504 1919 gligentis
543 1850 754 1906 mentis
772 1858 858 1907 est
879 1850 1004 1907 hoc.
1040 1851 1198 1907 Unde
1229 1851 1411 1922 magis
1441 1851 1667 1921 postulo
1685 1865 1718 1907 a
1739 1851 1881 1907 bea—
1992 1852 2176 1902 strum
2202 1847 2357 1904 alius
2382 1862 2486 1905 nos
2509 1850 2581 1905 ab
2608 1850 2785 1906 idolis
2807 1849 3159 1921 liberaverit,
3183 1851 3484 1907 anathema
3505 1850 3517 1904 ι
3538 1850 3639 1906 His

244 1936 474 1994 titudine
508 1945 723 2012 vestra,
768 1946 833 1996 ut
865 1948 921 1997 et
954 1941 1186 2011 pietatis
1218 1936 1536 2015 [expetatis]
1574 1954 1606 1995 a
1644 1941 1758 1996 Deo
1796 1940 1879 1996 in-
1988 1936 2089 2005 qui
2123 1943 2402 2006 spernunt
2443 1939 2769 2011 magisteria
2811 1945 3137 1995 sanctorum
3172 1940 3403 1995 Patrum
3432 1944 3489 1995 et
3512 1944 3640 1995 tra-

239 2023 581 2098 dnlgentiam
613 2028 758 2084 mihi
798 2030 1053 2086 concedi.
1985 2023 2263 2080 ditionem
2293 2025 2590 2082 catholica
2630 2028 2914 2099 Ecclesia,
2958 2027 3369 2096 pratendentes
3397 2034 3453 2083 et
3480 2040 3638 2083 assu-

293 2116 461 2173 Credo
502 2116 699 2189 igitur
731 2123 787 2175 et
819 2119 1091 2176 confiteor
1124 2120 1185 2175 in
1225 2134 1404 2176 unum
1439 2121 1616 2176 Deum
1651 2120 1871 2175 Patrem
1986 2120 2202 2170 mentes
2230 2128 2393 2171 voces
2416 2115 2566 2186 Arii,
2598 2116 2871 2187 Nestorii,
2903 2116 3237 2186 Eutychetis
3265 2121 3321 2171 et
3347 2116 3630 2187 Dioscori,

237 2204 669 2275 omnipotentem
703 2213 761 2263 et
793 2208 855 2263 in
890 2222 1069 2265 unum
1112 2209 1418 2265 Dominum
1465 2211 1654 2265 Jesum
1696 2208 1875 2264 Chri—
1982 2208 2153 2273 atque
2206 2203 2589 2275 perhibentes,
2651 2207 2800 2276 quod
2847 2205 2962 2260 nisi
3015 2205 3086 2260 de
3130 2205 3312 2261 Veteri
3358 2217 3425 2259 ac
3477 2207 3633 2261 Novo

237 2298 366 2348 stum
408 2293 635 2350 Filium
674 2296 802 2366 ejus
840 2296 1220 2369 unigenitum,
1252 2304 1308 2354 et
1339 2298 1398 2353 in
1437 2298 1717 2369 Spiritum
1748 2310 1873 2352 san-
1981 2293 2335 2350 Testamento
2374 2295 2670 2351 evidenter
2707 2293 2990 2350 fuerimus
3027 2294 3235 2365 edocti,
3267 2307 3380 2350 non
3420 2307 3631 2364 seque—

233 2387 366 2436 ctum
396 2383 716 2440 Dominum
747 2392 803 2440 et
822 2385 1199 2443 vivificantem
1224 2405 1239 2457 ;
1261 2388 1601 2445 Trinitatem
1632 2389 1871 2446 consub-
1982 2398 2111 2438 mur
2139 2383 2409 2439 docrinas
2445 2390 2770 2440 sanctorum
2802 2384 3053 2452 Patrum,
3088 2397 3271 2454 neque
3300 2387 3629 2439 sanctarum

232 2471 548 2529 stantialem
582 2479 640 2528 et
667 2474 1077 2545 considentem,
1112 2474 1170 2530 in
1201 2488 1316 2530 una
1348 2475 1580 2549 deitate,
1619 2477 1869 2548 potentia
1984 2468 2383 2547 [generalium]
2426 2472 2796 2545 synodorum,
2835 2479 3008 2543 atque
3045 2473 3412 2528 traditionem
3441 2472 3629 2527 catho-

232 2565 277 2613 et
306 2567 588 2630 potestate
625 2562 968 2618 adorandam
1004 2570 1059 2619 et
1094 2563 1543 2636 glorificandam.
1585 2567 1870 2624 Confiteor
1979 2564 2104 2619 lica
2130 2563 2415 2635 Ecclesia,
2446 2562 2783 2619 anathema!
2809 2563 2911 2618 His
2940 2562 3041 2633 qui
3068 2562 3293 2634 dicunt,
3327 2562 3478 2633 quod
3509 2561 3629 2617 dia—

237 2647 387 2704 etiam
418 2649 625 2706 omnia
659 2656 787 2721 qua
815 2657 951 2707 sunt
977 2652 1429 2722 dispensationis
1458 2655 1636 2710 unius
1660 2661 1867 2711 sancta
1978 2652 2178 2709 bolica
2207 2653 2726 2726 argumentationis
2770 2651 3026 2708 inventio
3056 2652 3135 2707 sit
3160 2650 3381 2707 factura
3412 2650 3628 2723 imagi—

232 2737 539 2809 Trinitatis,
580 2739 808 2796 Domini
842 2740 1109 2798 videlicet
1127 2746 1182 2797 et
1205 2743 1303 2798 Dei
1329 2744 1509 2799 nostri
1531 2745 1663 2800 Jesu
1691 2745 1868 2800 Chri—
1978 2757 2135 2813 num,
2164 2749 2219 2798 et
2248 2756 2358 2799 non
2387 2749 2712 2798 sanctorum
2743 2743 2974 2796 Patrum
3007 2746 3332 2797 nostrorum
3363 2739 3620 2811 traditio,

236 2825 317 2896 sti,
338 2828 825 2898 quemadmodum
857 2837 1063 2886 sancta
1083 2837 1139 2886 et
1160 2832 1513 2888 universales
1533 2846 1631 2889 sex
1661 2833 1861 2905 synodi
1974 2833 2274 2888 anathema
2308 2832 2320 2885 ι
2353 2833 2456 2891 His
2489 2831 2591 2902 qui
2634 2836 2991 2902 prasumunt
3026 2830 3238 2900 dicere,
3279 2828 3622 2885 catholicam

235 2914 586 2973 indiderunt
612 2934 627 2987 ;
653 2923 708 2973 et
729 2918 1060 2976 universum
1093 2920 1425 2977 hareticum
1457 2921 1582 2977 sine
1602 2923 1779 2992 janua
1798 2936 1862 2978 os
1901 2985 1940 2992 Α
1972 2921 2282 2976 Ecclesiam
2328 2921 2483 2986 idola
2524 2920 2837 2990 aliquando
2882 2919 3222 2990 suscepisse,
3258 2917 3616 2991 anathema!

228 2985 953 3079 abjiciensanathematizo,
981 3009 1147 3078 juxta
1169 3010 1319 3080 quod
1341 2985 1862 3067 anathematizave—
1893 2985 1942 3049 Ο
1972 3009 2099 3066 Hac
2141 3010 2373 3080 quidem
2414 3009 2494 3065 ita
2536 2985 2829 3079 confiteor,
2872 3015 2928 3064 et
2972 2985 3067 3064 his
3106 2985 3410 3078 assentior,
3454 3012 3510 3062 et
3551 3019 3622 3062 ex

230 3100 341 3149 runt
365 3101 419 3151 et
449 3096 933 3167 ipsazexpetens
963 3098 1133 3154 etiam
1165 3104 1221 3154 et
1252 3099 1691 3157 intercessiones
1722 3102 1862 3158 inte-
1972 3102 2091 3154 toto
2142 3099 2330 3170 corde,
2385 3098 2576 3153 anima
2631 3101 2690 3153 et
2746 3104 2931 3153 mente
2982 3096 3317 3167 pronuntio.
3372 3096 3431 3151 Si
3484 3108 3618 3151 vero

230 3190 424 3239 merata
460 3185 722 3241 domina
761 3193 968 3242 nostra
1006 3194 1215 3243 sancta
1246 3188 1348 3243 Dei
1381 3189 1695 3247 Genitricis
1732 3193 1860 3248 Ma—
1967 3186 2137 3260 (quod
2160 3186 2330 3259 absit)
2346 3201 2414 3242 ex
2433 3185 2720 3242 diabolica
2741 3186 3131 3242 submissione
3150 3184 3347 3255 aliquo
3367 3190 3620 3254 tempore

227 3269 341 3341 ria,
407 3280 860 3345 sanctarumque
915 3280 973 3353 et
1031 3276 1349 3333 calestium
1424 3278 1703 3335 virtutum
1726 3322 1740 3351 ,
1800 3285 1858 3336 et
1966 3276 2289 3332 voluntarie
2317 3275 2403 3331 vel
2435 3289 2546 3331 non
2574 3274 2898 3331 voluntarie
2926 3287 3159 3330 aversus
3195 3272 3357 3328 fuero
3380 3271 3453 3327 ab
3483 3272 3617 3328 istis

226 3360 450 3416 omnium
492 3362 742 3419 omnino
782 3370 1110 3420 sanctorum
1145 3383 1160 3435 ;
1192 3372 1363 3436 atque
1398 3372 1592 3423 sancta
1625 3373 1681 3424 et
1717 3382 1856 3440 pre-
1966 3379 2100 3440 qua
2124 3365 2242 3433 jam
2286 3362 2581 3434 professus
2623 3377 2771 3433 sum,
2813 3363 3115 3418 anathema
3154 3361 3264 3416 sim
3288 3374 3322 3416 a
3352 3361 3515 3415 Patre
3557 3367 3615 3416 et

225 3445 346 3503 tiosa
370 3449 603 3520 lipsana
624 3445 705 3524 [id
727 3455 826 3514 est,
850 3449 1150 3527 reliquias]
1184 3435 1381 3510 eorum
1408 3469 1537 3511 cum
1559 3435 1855 3513 omni'ho—
1962 3435 2111 3510 Filio
2149 3458 2207 3508 et
2234 3451 2457 3523 Spiritu
2496 3456 2712 3522 sancto,
2754 3455 2925 3520 atque
2961 3463 2995 3505 a
3027 3448 3312 3505 catholica
3350 3448 3612 3504 Ecclesia

224 3548 338 3591 nore
379 3538 716 3609 suscipiens
762 3539 985 3613 saluto,
1025 3547 1082 3598 et
1121 3542 1537 3600 honorabiliter
1580 3558 1847 3616 veneror,
1962 3557 2062 3600 seu
2093 3557 2252 3600 sacro
2281 3540 2483 3598 ordine
2508 3539 2737 3610 penitus
2760 3536 3389 3595 alienus!Conservabo
3418 3541 3610 3593 autem

223 3622 363 3681 tidem
403 3627 628 3684 habens
669 3627 904 3684 illorum
940 3631 1228 3701 particeps
1268 3631 1391 3687 ﬂeri
1435 3634 1845 3690 sanctimonia.
1960 3633 2275 3689 secundum
2313 3630 2545 3687 divinos
2581 3642 2826 3685 canones
2857 3634 2969 3685 tam
3010 3630 3340 3683 sanctorum
3370 3630 3611 3696 aposto-

221 3711 471 3772 Similiter
498 3723 565 3773 et
594 3716 946 3774 venerabiles
990 3719 1272 3792 imagines
1308 3726 1424 3776 tam
1459 3722 1852 3792 dispensatio—
1960 3723 2169 3794 lorum,
2197 3734 2368 3792 quam
2410 3717 2799 3790 probabilium
2838 3718 3070 3772 Patrum
3103 3720 3449 3785 nostrorum,
3484 3728 3611 3771 me—

221 3801 297 3858 nis
336 3805 571 3861 Domini
621 3806 804 3862 nostri
855 3807 987 3862 Jesu
1032 3807 1275 3881 Christi,
1324 3812 1638 3867 secundum
1695 3812 1846 3882 quod
1961 3810 2266 3881 metipsum
2292 3808 2363 3865 ab
2393 3806 2549 3864 omni
2577 3807 2696 3862 dati
2740 3805 3069 3876 acceptione
3098 3817 3199 3860 seu
3230 3803 3386 3874 turpi
3421 3803 3602 3861 lucro.

221 3888 362 3948 homo
391 3892 590 3950 factus
624 3899 711 3950 est
749 3902 982 3965 propter
1015 3896 1258 3953 salutem
1294 3905 1566 3971 nostram,
1603 3904 1660 3954 et
1693 3899 1850 3956 inte—
2027 3898 2299 3954 Tarasius
2337 3895 2740 3953 sanctissimus
2772 3900 2828 3950 et
2869 3893 3241 3950 beatissimus
3279 3892 3606 3963 patriarcha

221 3987 416 4038 merata
449 3982 710 4039 domina
740 3990 947 4040 nostra
976 3991 1186 4041 sancta
1218 3986 1320 4041 Dei
1354 3986 1684 4044 Genitricis.
1729 3985 1842 4062 [Gr.
1958 3987 2110 4044 dixit
2142 4005 2154 4042 :
2186 3986 2364 4043 Omne
2394 3986 2499 4041 hoc
2545 3989 2830 4040 sacratum
2873 3982 3179 4054 collegium
3219 3983 3334 4037 Deo
3362 3979 3604 4053 gloriam

217 4068 330 4123 add.
369 4076 421 4126 et
462 4069 845 4127 deiformium
885 4072 1266 4149 angelorum],
1311 4082 1482 4147 atque
1519 4084 1846 4134 sanctorum
1957 4082 2014 4132 et
2055 4076 2372 4148 gratiarum
2411 4073 2667 4129 actiones
2712 4071 2972 4143 rependit
3014 4084 3188 4140 super
3229 4070 3333 4126 hac
3373 4068 3606 4126 confes-

218 4160 607 4230 apostolorum,
651 4162 1079 4233 prophetarum,
1120 4171 1454 4236 martyrum,
1491 4172 1548 4222 et
1588 4167 1845 4225 omnium
1957 4164 2138 4233 sione,
2178 4177 2348 4235 quam
2394 4161 2692 4217 catholica
2733 4158 2998 4216 obtulisti
3030 4158 3313 4214 Ecclesia.

218 4245 368 4303 simul
410 4254 766 4319 sanctorum,
813 4251 1073 4308 salutans
1119 4253 1337 4323 pariter
1378 4258 1437 4308 et
1477 4254 1841 4328 amplectens,
2026 4254 2229 4320 Saan
2268 4252 2521 4323 synodus
2549 4249 2736 4305 dixit:
2764 4247 2963 4304 Gloria
2995 4248 3130 4317 Deo,
3160 4247 3259 4316 qui
3292 4246 3423 4304 unit
3451 4248 3603 4305 inter

217 4339 364 4406 atque
397 4338 796 4395 adorationem
843 4354 971 4411 qua
1014 4342 1261 4411 pertinet
1297 4343 1366 4397 ad
1410 4343 1681 4400 honorem
1727 4346 1845 4402 im—
1871 4329 1925 4391 D
1955 4357 2014 4399 se
2042 4341 2385 4399 dissidentia
2413 4340 2426 4394 i
2451 4341 2520 4395 Et
2547 4339 2831 4395 adductus
2859 4343 2946 4393 est
2970 4336 3302 4392 Theodorus
3332 4350 3602 4394 reveren-

218 4424 481 4498 pendens;
511 4426 833 4496 projiciens
860 4428 1250 4485 nihilominus
1278 4435 1333 4486 et
1357 4431 1843 4490 anathematizans
1952 4431 2234 4487 dissimus
2260 4429 2568 4499 episcopus
2594 4429 2902 4497 Myrorum,
2935 4430 2991 4480 et
3014 4424 3201 4480 dixit:
3231 4425 3301 4479 Et
3329 4438 3432 4496 ego
3463 4439 3602 4495 pec-

218 4521 273 4564 ex
298 4517 404 4568 tota
432 4515 629 4571 anima
658 4519 715 4570 et
744 4521 861 4571 tota
907 4522 1092 4573 mente
1131 4518 1430 4591 synodum,
1463 4534 1590 4590 qua
1618 4534 1688 4577 ex
1719 4531 1844 4577 sto-
1951 4525 2110 4576 cator
2137 4524 2192 4574 et
2218 4516 2512 4588 indignus,
2559 4515 2803 4571 multum
2842 4519 3193 4584 pertractans
3226 4518 3282 4568 et
3310 4520 3598 4585 scrutans,

218 4596 415 4656 liditate
441 4609 498 4658 et
525 4603 819 4659 dementia
848 4610 1206 4677 congregata,
1235 4612 1292 4661 et
1319 4607 1561 4677 septima
1590 4610 1843 4679 synodus
1951 4616 2008 4665 et
2027 4607 2177 4679 quod
2204 4606 2409 4662 melius
2432 4611 2519 4660 est
2539 4603 2777 4676 eligens,
2798 4602 3072 4672 deprecor
3089 4602 3268 4656 Deum
3284 4606 3341 4657 et
3354 4606 3598 4659 vestram

218 4689 479 4746 nominata
518 4697 649 4762 est;
677 4691 750 4747 ab
780 4691 873 4747 his
901 4706 1033 4749 vero
1066 4694 1164 4765 qui
1207 4700 1356 4751 recte
1395 4696 1647 4769 sapiunt,
1681 4711 1844 4768 pseu-
1952 4696 2328 4766 sanctitatem,
2363 4698 2427 4749 ut
2453 4707 2584 4749 cum
2624 4691 2894 4748 omnibus
2921 4697 2978 4747 et
3004 4704 3107 4762 ego
3137 4697 3397 4760 peccator
3427 4692 3600 4749 uniar

216 4771 512 4850 dosyllogos
552 4780 817 4852 legaliter
848 4788 905 4837 et
942 4781 1285 4853 regulariter
1320 4784 1662 4855 appellatur,
1706 4793 1843 4844 tan-
1950 4792 2157 4842 sancta
2189 4782 2485 4839 catholica
2515 4779 2799 4835 Ecclesia.

219 4876 362 4931 quam
396 4882 523 4938 qua
560 4869 744 4924 totius
782 4868 1045 4925 veritatis
1081 4875 1138 4926 et
1168 4871 1402 4941 pietatis
1436 4873 1515 4929 sit
1543 4873 1751 4946 aliena,
1784 4882 1841 4933 et
2018 4872 2290 4929 Tarasius
2319 4868 2721 4927 sanctissimus
2750 4867 3077 4938 patriarcha
3103 4867 3288 4924 dixit:
3310 4870 3485 4926 Grata
3510 4875 3599 4927 est

217 4958 386 5008 contra
417 4955 708 5012 divinitus
748 4958 1016 5014 traditam
1047 4959 1494 5017 ecclesiasticam
1531 4961 1842 5035 legislatio—
1946 4962 2188 5021 Domino
2239 4961 2370 5015 Jesu
2415 4957 2645 5014 Christo
2702 4956 3101 5013 misericordia
3159 4953 3300 5031 [G—r.,
3355 4958 3595 5014 Gratum

218 5049 320 5094 nem
348 5043 614 5100 audacter
654 5051 711 5100 et
736 5049 964 5116 temere,
997 5047 1142 5118 quin
1177 5049 1375 5118 potius
1403 5056 1459 5106 et
1481 5050 1697 5122 absque
1722 5053 1837 5109 Deo
1948 5059 2034 5111 est
2075 5049 2317 5107 Domino
2367 5049 2500 5104 Jesu
2555 5046 2783 5102 Christo
2824 5050 2882 5101 et
2924 5045 3238 5103 humanum
3296 5044 3591 5121 recipere],

218 5123 501 5203 latraverit,
533 5140 590 5188 et
613 5142 841 5190 sanctas
867 5148 933 5190 ac
960 5136 1313 5193 venerabiles
1344 5138 1624 5211 imagines
1651 5141 1838 5197 convi-
1946 5149 2003 5200 et
2031 5142 2160 5198 ideo
2195 5138 2404 5208 recipit
2444 5133 2683 5210 [idcirco
2702 5132 2977 5210 ,recipite]
3016 5137 3376 5207 panitentes.

218 5214 308 5271 ciis
332 5221 666 5289 appetierit:
687 5224 784 5279 sed
813 5229 871 5278 et
902 5224 1005 5280 has
1033 5225 1364 5295 praceperit
1391 5226 1608 5283 auferri
1635 5242 1667 5284 a
1696 5241 1839 5284 san-
2014 5229 2344 5286 Theodorus
2399 5224 2909 5282 reverendissimus
2948 5225 3254 5297 episcOpus
3303 5229 3593 5296 Myrorum

220 5302 308 5395 Stis
339 5308 432 5363 Dei
475 5310 760 5383 ecclesiis,
799 5312 871 5367 de
915 5326 1027 5383 qua
1068 5313 1214 5370 exiit
1259 5310 1399 5388 [Gn
1445 5316 1540 5372 cui
1581 5316 1832 5395 prafuit]
1943 5317 2230 5389 exemplar
2254 5315 2427 5387 primi
2451 5314 2637 5371 libelli
2669 5314 3167 5387 legitzLegislatio
3190 5319 3295 5385 est,
3318 5320 3422 5369 etc.
3450 5315 3591 5370 Cum

219 5388 545 5454 Theodosius
575 5397 704 5456 falsi
736 5400 993 5457 nominis
1026 5402 1332 5475 Ephesius,
1370 5404 1668 5464 Sisinnius
1696 5388 1837 5465 Per:-
1945 5388 2176 5482 legisset
2197 5405 2318 5476 ille,
2340 5403 2612 5459 Tarasius
2632 5403 3035 5459 sanctissimus
3056 5402 3379 5472 patriarcha
3400 5401 3582 5457 dixit:

224 5482 385 5545 gensis
412 5488 850 5557 cognominatus
887 5489 1175 5561 Pastillas,
1207 5491 1460 5549 Basilius
1488 5493 1720 5552 Pisidia
1747 5512 1834 5559 ca-
1942 5503 2014 5559 Et
2063 5507 2235 5571 super
2292 5491 2766 5548 reverendissimo
2821 5490 3114 5548 Theodoro
3156 5489 3423 5561 epiSCOpo
3456 5490 3591 5558 ,Μν-
