4012 6162
351 211 463 271 245

1583 195 1936 270 ΑΝᾹΞΤΑΞΠ
1985 211 2525 271 BIBLIOTHECARII
2617 241 2626 251 -

3660 210 3763 271 246

351 353 545 396 rornm
595 342 782 409 grates
833 335 1137 392 referimus
1180 339 1292 393 Deo
1337 342 1530 393 nostro
1569 337 1818 393 Christo.
1870 337 2077 396 Eu-A
2108 325 2228 392 rata
2282 343 2339 393 et
2391 339 2585 394 iconas
2655 339 2862 395 missas
2915 339 2984 394 ad
3043 339 3310 394 civitates
3365 337 3450 394 vel
3504 334 3764 410 regiones
3853 339 3856 344 ’

354 427 611 498 thymius
653 425 1052 482 sanctissimus
1093 426 1398 496 episcopus
1431 427 1628 482 Sardis
1666 426 1818 482 dixit
1851 426 1999 480 :Be—

355 518 617 573 nedictus
653 519 803 572 Deus
845 516 942 586 qui
976 515 1167 572 univit
1193 530 1322 572 eum
1353 516 1650 572 catholica:
1690 514 1993 571 Ecclesiae!

422 608 492 663 Et
521 607 803 662 adductus
839 610 926 661 est
953 605 1308 661 Theodosius
1347 605 1654 676 episcopus
1693 603 1994 674 Ammorii,

349 700 406 752 et
433 695 587 755 dixit
619 713 632 750 :

419 782 804 841 Sacratissimi
835 786 892 839 et
913 784 1027 839 Deo
1059 782 1428 840 honorabiles
1459 782 1706 854 domini,
1733 785 1789 838 et
1812 783 2002 838 omnis

350 887 513 932 sacra
555 873 809 944 synodus
853 873 990 942 haec,
1023 877 1078 928 et
1114 886 1216 944 ego
1261 877 1521 942 peccator
1551 878 1606 928 et
1650 871 2002 927 miserabilis

349 968 522 1034 atque
546 961 835 1032 seductus,
867 961 968 1031 qui
997 961 1176 1016 multa
1209 961 1355 1016 mala
1387 960 1616 1016 locutus
1645 974 1772 1015 sum
1803 964 2002 1016 contra

350 1049 703 1106 venerabiles
736 1049 952 1120 iconas,
991 1050 1186 1121 agnita
1226 1049 1463 1104 veritate
1505 1048 1802 1120 recognovi
1843 1053 1899 1103 et
1922 1061 2004 1103 re-

352 1139 626 1210 prehendi
675 1139 1070 1208 memetipsum
1097 1141 1192 1206 ;et
1228 1137 1724 1205 anathematizavi,
1762 1142 1820 1191 et
1856 1149 2004 1191 ana—

351 1228 657 1284 thematizo
701 1241 827 1298 quas
873 1227 1228 1282 malevdocui
1271 1230 1328 1281 et
1371 1225 1602 1281 locutus
1639 1239 1766 1281 sum
1809 1224 1868 1279 in
1897 1225 2002 1280 hoc

352 1317 601 1373 mundo:
635 1322 691 1372 et
726 1315 980 1386 obsecro,
1011 1322 1066 1371 et
1105 1329 1240 1386 rogo
1290 1321 1540 1370 sanctam
1581 1315 1859 1385 synodum
1900 1327 2005 1369 ve-

351 1411 550 1476 stram,
575 1409 640 1460 ut
667 1419 796 1460 cum
828 1404 1098 1460 omnibus
1121 1403 1472 1460 Christianis
1504 1403 1801 1473 recipiatis
1829 1405 1886 1458 et
1917 1415 2004 1456 me

351 1493 654 1565 indignum
694 1507 917 1548 servum
949 1498 1218 1548 vestrum.

419 1581 690 1636 Tarasius
732 1581 1136 1637 sanctissimus
1173 1585 1230 1636 et
1258 1580 1633 1637 beatissimus
1677 1579 2004 1650 patriarcha

2106 426 2260 483 obvii
2287 426 2499 483 adeunt
2526 427 2718 497 p0puli
2753 442 2882 483 cum
2913 428 3096 484 cereis
3119 433 3175 484 et
3201 429 3475 499 incensis,
3503 441 3616 483 non
3637 440 3762 482 cera

2110 515 2392 588 perfusam
2441 515 2714 588 tabulam,
2769 517 2864 573 sed
2919 517 3319 586 imperatorem
3369 516 3760 586 honorantes;

2109 611 2322 676 quanto
2348 605 2778 678 magisoportet
2802 606 2863 661 in
2889 605 3152 662 ecclesiis
3177 604 3392 661 Christi
3418 604 3648 660 Domini
3673 619 3766 662 no-

2109 695 2216 750 stri
2250 695 2468 751 iconam
2490 695 2724 765 depingi
2753 694 3064 750 Salvatoris
3087 695 3188 750 Dei
3213 694 3416 764 nostri,
3447 698 3504 749 et
3538 693 3770 750 inteme-

2111 787 2246 840 ratae
2263 783 2462 838 Matris
2477 783 2622 853 ejus,
2642 783 3019 854 omniumque
3044 787 3372 838 sanctorum
3390 786 3448 838 et
3466 781 3763 838 beatorum

2109 873 2360 937 Patrum,
2384 871 2778 928 studiosorum
2802 871 3058 927 virorum
3073 871 3104 926 ?
3123 870 3611 941 Quemadmodum
3632 875 3690 927 et
3707 871 3764 926 S.

2111 961 2362 1017 Basilius
2375 961 2489 1016 ait:
2511 962 2649 1016 Nam
2667 967 2724 1016 et
2738 974 2908 1031 opera
2931 974 3130 1032 magna
3147 959 3428 1016 bellorum
3455 959 3770 1030 scriptores
3803 1029 3810 1034 _

2110 1056 2167 1106 et
2192 1052 2439 1121 pictores
2461 1049 2798 1122 designant;
2822 1049 2912 1105 illi
2935 1050 3165 1120 quidem
3188 1063 3448 1106 sermone
3473 1053 3766 1120 ornantes,

2114 1140 2214 1195 isti
2245 1153 2376 1195 vero
2415 1138 2631 1194 tabulis
2668 1142 3082 1208 exarantes;et
3111 1139 3324 1194 multos
3359 1138 3430 1194 ad
3472 1135 3769 1194 fortitudi-

2113 1242 2238 1284 nem
2269 1231 2574 1284 erexerunt
2604 1227 2857 1298 utrique.
2891 1228 2959 1282 Et
2991 1241 3194 1282 rursus
3225 1227 3348 1297 ipse
3381 1225 3548 1282 idem.
3577 1227 3771 1296 Quan-

2112 1320 2234 1372 tum
2265 1316 2538 1372 laborasti
2569 1312 2898 1390 [laborares]
2930 1315 3132 1386 utique
3159 1315 3354 1384 homo,
3384 1322 3448 1371 ut
3473 1315 3770 1370 invenires

2113 1419 2291 1462 unum
2311 1419 2380 1460 ex
2405 1405 2621 1460 sanctis
2649 1404 3036 1460 obsecrantem
3062 1404 3368 1459 Dominum
3385 1403 3414 1458 ‘2
3432 1406 3500 1460 Et
3526 1404 3772 1475 Chryso-

2114 1499 2331 1550 stomus
2367 1494 2548 1550 dicit:
2575 1495 2908 1551 Sanctorum
2941 1494 3095 1548 enim
3125 1493 3309 1565 gratia
3341 1507 3453 1550 non
3483 1493 3773 1550 reciditur

2115 1587 2315 1655 morte,
2355 1597 2467 1638 non
2509 1581 2763 1640 hebescit
2798 1581 3004 1651 obitu;
3035 1582 3130 1637 sed
3167 1587 3465 1652 postquam
3504 1580 3772 1657 defuncti

350 1669 535 1727 dixit:
556 1669 792 1726 Multam
813 1668 1218 1725 contritionem
1239 1670 1434 1725 cordis
1455 1669 1711 1726 ostendit
1735 1683 2005 1724 reveren-
2033 1656 2088 1718 B
2115 1653 2352 1742 fuerint,
2393 1672 2541 1728 vivis
2572 1671 2919 1742 potentiores
2957 1670 3326 1740 existunt-,et
3354 1653 3685 1726 alia‘multa
3714 1675 3777 1726 et
3812 1653 3816 1658 ’

350 1759 632 1816 dissimus
659 1758 1036 1830 Theodosius,
1067 1762 1124 1814 et
1151 1759 1366 1830 dignus
1394 1763 1481 1814 est
1511 1757 1855 1828 receptione.

421 1848 623 1904 Sancta
649 1847 901 1918 synodus
919 1847 1071 1902 dixit
1091 1847 1346 1919 :,Dignus
1367 1853 1451 1903 est
1471 1847 1790 1903 secundum
1812 1859 2006 1904 sacros

353 1951 620 2008 canones,

423 2026 694 2082 Tarasius
743 2024 1148 2080 sanctissimus
1205 2025 1529 2095 patriarcha
1571 2024 1724 2081 dixit
1757 2043 1769 2080 :
1801 2025 1860 2080 Si
1907 2020 2038 2080 ni-‘

357 2115 444 2170 hil
473 2115 634 2171 aliud
673 2120 762 2169 est
787 2113 1152 2185 canonicum,
1195 2115 1350 2184 quod
1390 2113 1689 2184 prohibeat
1720 2127 1873 2185 eum,
1905 2113 2006 2168 di-

359 2211 508 2275 gnus
537 2207 640 2259 est.

424 2293 782 2348 Theodosius
820 2291 1334 2348 reverendissimus
1372 2292 1676 2362 cpiscopus
1707 2291 2004 2362 proprium

357 2381 621 2438 libellum
653 2382 795 2455 legit
825 2383 924 2437 ita.

426 2471 644 2529 Sanctae
671 2475 728 2525 et
753 2470 1066 2526 universali
1116 2471 1332 2540 synodo
1369 2471 1724 2526 Theodosius
1763 2469 2008 2543 exiguus

355 2557 1082 2636 Christianus..Conﬂteor,
1114 2565 1170 2614 et
1201 2559 1494 2629 polliceor,
1524 2567 1580 2614 et
1610 2559 1847 2628 recipio,
1879 2571 2010 2614 am—

359 2647 578 2718 plector
611 2650 787 2717 atque
817 2646 992 2702 adoro
1024 2647 1426 2717 principaliter
1459 2648 1850 2704 intemeratam
1881 2647 2009 2703 ico-

362 2749 490 2792 nam
525 2734 753 2790 Domini
796 2735 978 2791 nostri
1009 2737 1142 2791 Jesu
1176 2736 1394 2792 Christi
1425 2736 1543 2791 veri
1575 2736 1674 2791 Dei
1717 2735 1921 2806 nostri,
1954 2741 2012 2790 et

361 2823 584 2880 iconam
601 2824 702 2880 Dei
731 2823 1054 2896 genitricis,
1083 2839 1208 2895 quae
1242 2825 1408 2880 illum
1439 2825 1564 2880 sine
1587 2825 1802 2880 semine
1829 2838 2006 2895 pepe-

361 2912 482 2982 rit;
513 2917 570 2968 et
602 2913 892 2968 auxilium
933 2917 989 2968 et
1019 2915 1428 2983 protectionem
1465 2915 1608 2984 ejus,
1637 2917 1694 2969 et
1734 2914 2014 2969 interces-

2117 1760 2409 1816 immensa.
2456 1761 2526 1816 Et
2556 1760 2683 1816 ideo
2721 1773 2858 1831 rogo
2903 1773 3018 1816 vos.
3061 1759 3266 1829 sancti,
3298 1763 3356 1814 et
3383 1757 3565 1814 clamo
3599 1776 3612 1812 :
3645 1759 3780 1813 Pec-

2114 1849 2236 1906 cavi
2266 1849 2326 1904 in
2355 1849 2561 1904 caelum
2596 1852 2651 1904 et
2687 1862 2878 1905 coram
2916 1847 3079 1904 vobis
3106 1865 3121 1919 ;
3153 1847 3432 1917 suscipite
3475 1861 3581 1918 me,
3614 1847 3778 1904 sicut

2117 1938 2370 2008 suscepit
2405 1940 2555 1994 Deus
2595 1938 2980 2007 luxuriosum,
3015 1940 3072 1992 et
3111 1936 3465 1992 meretricem
3507 1941 3564 1992 et
3601 1936 3782 1992 latro-

2116 2040 2261 2082 nem.
2285 2027 2533 2096 Quaerite
2563 2040 2669 2098 me,
2703 2026 2856 2084 sicut
2877 2026 3144 2097 quaesivit
3161 2026 3428 2082 Christus
3458 2039 3616 2082 ovem
3641 2040 3780 2097 qua:

2117 2115 2309 2186 periit,
2349 2128 2633 2186 quamque
2662 2129 2836 2186 super
2865 2115 3134 2171 humeros
3163 2129 3300 2171 suos
3337 2115 3582 2172 sustulit
3612 2112 3765 2186 (Luc.

2114 2205 2209 2278 xv)
2236 2223 2252 2276 ;
2279 2209 2343 2262 ut
2373 2205 2470 2260 ﬂat
2499 2204 2773 2276 gaudium
2811 2217 3002 2260 coram
3047 2205 3161 2278 Deo
3190 2207 3248 2259 et
3273 2203 3495 2276 angelis
3523 2205 3648 2274 ejus
3678 2219 3782 2260 su-

2118 2309 2217 2364 per
2254 2294 2438 2350 salute
2479 2297 2536 2349 et
2573 2293 2908 2362 poenitentia
2961 2305 3100 2364 mea,
3149 2306 3247 2362 per
3291 2293 3779 2348 interventionem

2117 2389 2379 2454 vestram,
2410 2397 2443 2438 ο
2467 2382 2822 2439 sanctissimi
2852 2381 3096 2450 domini.
3125 2381 3227 2437 His
3257 2381 3358 2452 qui
3392 2395 3502 2438 non
3527 2382 3781 2438 adorant.

2116 2472 2468 2528 venerabiles
2501 2471 2716 2544 iconas,
2747 2471 3045 2529 anathema
3067 2472 3078 2526 l
3099 2472 3200 2528 His
3221 2471 3320 2542 qui
3353 2470 3780 2541 blasphemiam

2115 2561 2321 2617 dicunt
2347 2561 2406 2615 in
2435 2559 2714 2630 pretiosas
2733 2566 2789 2616 et
2808 2561 3160 2617 venerabiles
3187 2561 3400 2630 iconas,
3437 2558 3784 2616 anathema!

2119 2649 2220 2704 His
2249 2649 2349 2720 qui
2381 2649 2594 2704 audent
2629 2641 2927 2705 detrahere
2955 2663 3020 2705 ac
3051 2649 3449 2719 blasphemare
3487 2647 3795 2704 venerabi-

2121 2738 2204 2794 les
2230 2738 2443 2808 iconas,
2475 2737 2562 2793 vel
2591 2751 2792 2794 vocare
2814 2738 3153 2808 illasidola,
3180 2737 3482 2794 anathema
3509 2736 3521 2790 l
3548 2736 3648 2792 His
3674 2735 3789 2808 qui

2124 2821 2235 2882 non
2279 2827 2484 2882 docent
2524 2826 2835 2898 diligenter
2877 2830 3149 2883 cunctum
3197 2825 3416 2881 Christi
3465 2829 3787 2881 amatorem

2126 2914 2398 2984 populum
2440 2915 2677 2970 adorare
2714 2915 3069 2971 venerabiles
3109 2915 3306 2970 iconas
3343 2927 3535 2970 sacras
3563 2919 3620 2969 et
3646 2914 3794 2970 ado-

361 2999 554 3056 siones
584 3000 751 3056 illius
781 3015 1126 3073 unaquaque
1149 3002 1245 3058 die
1272 3016 1337 3058 ac
1365 3008 1526 3058 nocte
1559 3003 1758 3058 invoco
1784 3007 1850 3058 ut
1877 3015 2016 3071 pec—
2045 2990 2095 3055 Ο
2125 3004 2334 3059 randas
2376 3003 2632 3059 omnium
2673 3008 3001 3060 sanctorum
3033 3003 3134 3074 qui
3165 3003 3374 3059 saeculo
3401 3005 3516 3058 Deo
3557 3002 3791 3072 placue-

360 3093 520 3145 cator
542 3088 602 3144 in
631 3089 986 3158 adjutorium
1028 3104 1236 3162 meum,
1267 3095 1538 3162 tanquam
1572 3103 1718 3161 eam,
1749 3103 1876 3160 qua:
1907 3089 2015 3146 ha—

362 3176 492 3232 beat
506 3178 908 3237 conﬁdentiam
929 3179 1079 3249 apud
1096 3179 1389 3235 Christum
1409 3180 1713 3236 Dominum
1733 3184 2014 3250 nostrum,

363 3265 464 3336 qui
491 3279 560 3321 ex
589 3279 653 3322 ea
682 3273 854 3322 natus
882 3277 985 3324 est.
1022 3267 1147 3324 Pari
1179 3269 1344 3324 modo
1374 3275 1700 3325 sanctorum
1724 3278 1781 3324 et
1811 3268 2018 3324 lauda—

363 3352 786 3410 bilissimorum
820 3357 1230 3430 apostolorum,
1269 3357 1696 3428 prOphetarum,
1729 3363 1784 3413 et
1815 3360 2018 3427 marty-

363 3456 514 3510 rum,
538 3447 594 3498 et
618 3444 847 3499 Patrum
874 3449 1046 3516 atque
1071 3445 1359 3502 cultorum
1383 3445 1558 3502 eremi
1583 3446 1779 3502 iconas
1799 3443 2016 3514 recipio

362 3533 420 3587 et
447 3532 640 3603 adoro,
675 3546 785 3588 non
817 3537 1088 3604 tanquam
1129 3535 1266 3590 deos
1303 3533 1490 3606 (absit)
1537 3535 1634 3589 sed
1673 3534 1934 3589 aﬂ‘ectum
1961 3537 2017 3587 et

365 3635 614 3677 amorem
651 3621 859 3676 anima:
898 3635 1052 3692 meae,
1086 3637 1252 3692 quem
1293 3622 1566 3678 habebam
1609 3622 1774 3691 prius
1805 3622 1865 3676 in
1895 3635 2012 3690 eos,

365 3710 537 3765 etiam
583 3724 736 3765 nunc
778 3711 1100 3779 ostendens,
1148 3725 1283 3780 rogo
1331 3717 1570 3767 cunctos
1613 3711 1746 3766 illos
1789 3724 1856 3764 ex
1897 3713 2015 3766 tota

367 3798 559 3853 anima
603 3803 668 3852 ut
711 3798 1062 3854 intercedant
1104 3814 1206 3869 pro
1250 3813 1335 3854 me
1376 3801 1445 3854 ad
1489 3802 1686 3870 Deum,
1735 3804 2018 3868 quatenus

367 3887 462 3942 det
493 3886 635 3941 mihi
669 3900 768 3955 per
800 3887 1238 3943 intercessiones
1261 3903 1457 3944 eorum
1493 3888 1750 3944 invenire
1783 3887 2020 3942 miseri-

369 3974 621 4030 cordiam
650 3988 822 4045 penes
841 3990 900 4030 se
930 3977 989 4030 in
1012 3976 1107 4032 die
1129 3977 1363 4047 judicii.
1398 3978 1680 4033 Similiter
1707 3981 1762 4034 et
1791 3977 2016 4048 lipsana

371 4069 697 4119 sanctorum
727 4065 902 4120 adoro
931 4068 987 4120 et
1014 4065 1252 4138 honoro,
1284 4074 1340 4124 et
1365 4068 1695 4138 amplector,
1745 4074 2017 4138 tanquam

370 4165 566 4208 eorum
607 4153 707 4223 qui
737 4153 1153 4210 decertaverint
1190 4169 1292 4226 pro
1334 4157 1582 4228 Christo,
1613 4163 1670 4212 et
1697 4157 2021 4227 acceperint

373 4241 614 4313 gratiam
639 4241 710 4298 ab
734 4243 858 4312 ipso
878 4245 946 4300 ad
970 4245 1247 4301 sanitates
1271 4245 1616 4318 eﬂiciendas,
1638 4251 1694 4302 et
1715 4247 2018 4318 languores

2126 3097 2282 3164 runt,
2313 3091 2614 3148 anathema
2642 3102 2665 3129 ι
2697 3091 2710 3145 ι
2737 3091 3200 3148 Christianorum
3231 3089 3782 3163 calumniatoribus,

2128 3181 2185 3237 id
2217 3185 2320 3250 est,
2355 3179 2636 3252 imagines
2663 3178 3180 3251 confringentibus,
3213 3178 3513 3234 anathema
3541 3177 3553 3232 l

2195 3269 2408 3325 Sabbas
2445 3269 2955 3325 reverendissimus
2997 3269 3350 3342 hegumenus
3378 3266 3407 3308 δ
3435 3268 3780 3324 monasterii
3849 3296 3854 3298 -

2125 3357 2314 3414 Studii
2351 3357 2538 3413 dixit:
2565 3358 2734 3413 Juxta
2771 3357 3089 3426 apostolica
3131 3361 3407 3427 prazcepta
3448 3361 3505 3412 et
3547 3355 3783 3412 univer-

2127 3447 2274 3504 sales
2303 3448 2566 3518 synodos,
2598 3446 2812 3518 dignus
2839 3449 2927 3502 est
2965 3446 3305 3516 receptione.

2195 3535 2464 3592 Tarasius
2480 3534 2881 3590 sanctissimus
2899 3521 3224 3604 patriarcha
3238 3533 3417 3590 dixit:
3433 3533 3542 3603 Qui
3555 3531 3783 3589 dudum

2125 3630 2288 3680 erant
2318 3628 2482 3679 rectae
2514 3622 2644 3678 ﬁdei
2675 3623 3139 3691 calumniatores,
3175 3637 3328 3679 nunc
3358 3621 3494 3678 facti
3526 3626 3665 3678 sunt
3691 3635 3786 3677 ve-

2129 3713 2321 3769 ritatis
2358 3713 2740 3778 advocatores.

2196 3804 2607 3874 Constantinus
2644 3803 3046 3859 sanctissimus
3083 3803 3388 3872 episcopus
3430 3800 3786 3857 Constantia:

2126 3893 2296 3963 Cypri
2353 3881 2506 3950 dixit
2537 3911 2548 3946 :
2584 3892 2819 3948 Multam
2859 3907 2891 3948 a
2932 3891 3101 3948 nobis
3159 3891 3466 3961 lacrymam
3523 3889 3786 3946 evocavit

2132 3979 2279 4057 [Cod.
2299 3983 2428 4046 Jol.,
2446 3979 2760 4056 evacuavit]
2781 3981 3015 4038 libellus
3038 3979 3502 4037 reverendissimi
3521 3979 3785 4050 episcopi

2129 4071 2430 4128 Ammorii.

2199 4161 2468 4218 Tarasius
2502 4159 2904 4216 sanctissimus
2947 4159 3274 4230 patriarcha
3311 4157 3503 4215 dixit:
3539 4157 3788 4214 Videtur

2127 4252 2306 4308 vobis.
2355 4257 2421 4308 ut
2463 4251 2746 4320 recipiant
2787 4250 2949 4306 sedes
2993 4249 3176 4306 suas?

371 4331 692 4396 curandos,
721 4339 778 4387 et
817 4333 1100 4390 dzemones
1149 4335 1482 4406 ejiciendos,
1541 4337 2016 4406 quemadmodum
2048 4327 2100 4386 Ι)
2199 4340 2508 4396 Reverendi
2551 4340 2812 4395 monachi
2843 4339 3147 4394 dixerunt:
3173 4337 3660 4408 Quemadmodum
3687 4352 3786 4394 su-

307 4446 311 4451 ι
371 4421 627 4478 Ecclesia
653 4422 1111 4479 Christianorum
1152 4425 1407 4495 suscepit
1435 4440 1468 4480 a
1497 4425 1712 4481 sanctis
1740 4425 2018 4496 apostolis

373 4515 430 4566 et
453 4511 738 4582 Patribus,
765 4519 822 4568 et
848 4526 1028 4582 usque
1057 4513 1125 4568 ad
1159 4527 1280 4570 nos.
1311 4515 1475 4586 Pingi
1503 4519 1690 4571 autem
1723 4515 2018 4572 consentio

377 4599 434 4655 in
457 4601 720 4656 ecclesiis
748 4607 1074 4658 sanctorum
1108 4602 1508 4672 principaliter
1534 4604 1754 4659 iconam
1786 4603 2014 4660 Domini

375 4689 557 4745 nostri
605 4691 736 4745 Jesu
783 4690 1022 4762 Christi,
1069 4695 1126 4746 et
1168 4698 1375 4748 sancta:
1415 4677 1899 4763 Dei'Genitricis,
1950 4692 2020 4750 ex

375 4777 532 4832 varia
572 4779 808 4834 materia
847 4781 978 4836 auri
1020 4785 1075 4835 et
1109 4781 1353 4854 argenti,
1399 4789 1454 4838 et
1482 4768 1876 4840 omni-febre
1907 4801 1920 4838 :
1953 4788 2018 4840 ut

374 4879 577 4922 carnea
601 4866 954 4936 dispensatio
982 4869 1169 4939 ipsius
1197 4871 1465 4928 omnibus
1487 4873 1821 4930 innotescat.
1850 4873 2019 4928 Simi-

373 4955 509 5010 liter
525 4956 685 5028 pingi
704 4959 1164 5016 conversationes
1189 4967 1514 5018 sanctorum
1541 4967 1596 5018 et
1613 4961 2021 5019 famosissimo-

372 5058 500 5100 rum
543 5045 950 5116 apostolorum,
990 5049 1391 5118 prophetarum
1425 5065 1489 5107 ac
1524 5058 1858 5123 martyrum,
1905 5063 2019 5121 quo

371 5133 732 5190 innotescant
781 5136 1092 5192 certamina
1134 5141 1190 5193 et
1231 5151 1440 5209 agones
1495 5153 1692 5196 eorum
1747 5141 1808 5195 in
1859 5139 2015 5198 brevi

367 5221 676 5292 scriptura,
709 5224 777 5279 ad
821 5224 1221 5282 excitationem
1246 5233 1302 5283 et
1336 5229 1733 5300 magisterium
1771 5229 2021 5300 populo—

369 5325 520 5382 rum,
560 5311 918 5393 maximeque
953 5315 1327 5385 simplicium.
1358 5317 1416 5371 Si
1453 5318 1608 5373 enim
1642 5332 1839 5390 regum
1882 5319 2020 5376 lau-

437 5427 460 5454 ·
489 5418 588 5474 His
613 5419 713 5492 qui
744 5419 1000 5492 ambigui
1029 5427 1186 5492 sunt,
1212 5427 1268 5478 et
1297 5436 1407 5478 non
1434 5437 1502 5478 ex
1539 5425 1732 5481 animo
1763 5423 2018 5486 fatentur

367 5503 426 5546 se
453 5503 644 5546 sacras
675 5490 954 5564 imagines
993 5490 1272 5564 venerari,
1304 5493 1604 5551 anathema
1639 5495 1651 5550 ἔ

2129 4433 2430 4498 sceperunt
2473 4432 2682 4484 sancta:
2720 4433 2776 4482 et
2818 4427 3168 4484 universales
3211 4425 3410 4497 synodi
3458 4439 3528 4482 ex
3573 4425 3782 4481 haeresi

2127 4531 2447 4589 conversos,
2479 4523 2536 4572 et
2565 4531 2667 4572 nos
2697 4517 3066 4587 suscipimas.

2196 4606 2398 4661 Sancta
2439 4605 2694 4676 synodus
2731 4605 2918 4661 dixit:
2948 4605 3138 4662 Placet
3173 4604 3444 4661 omnibus
3483 4602 3668 4660 nobis.
3712 4603 3784 4659 Et

2121 4694 2274 4764 jussi
2313 4700 2450 4750 sunt
2488 4694 2998 4750 reverendissimus
3036 4694 3288 4750 Basilius
3328 4693 3636 4762 episcopus
3671 4691 3786 4747 An-

2127 4797 2292 4854 cyrae,
2325 4787 2382 4839 et
2408 4783 2739 4840 Theodorus
2779 4783 3291 4840 reverendissimus
3319 4781 3627 4852 episcopus
3653 4779 3786 4838 Am-

2131 4873 2321 4946 morii,
2356 4875 2550 4930 sedere
2585 4873 2645 4928 in
2676 4873 2951 4945 gradibus
2978 4887 3044 4928 ac
3073 4871 3310 4928 sedibus
3343 4871 3488 4928 suis.

2199 4963 2540 5033 Euthymius
2615 4961 3127 5018 reverendissimus
3200 4959 3506 5031 episcopus
3580 4959 3786 5016 Sardis

2127 5051 2314 5108 dixit:
2345 5052 2736 5108 Orthodoxum
2775 5051 2928 5106 Deus
2961 5049 3102 5106 bene
3141 5050 3402 5107 adduxit.

2199 5143 2402 5197 Sancta
2432 5141 2681 5211 synodus
2718 5140 2871 5196 dixit
2895 5158 2907 5194 :
2930 5139 3297 5196 Orthodoxus
3325 5141 3488 5196 Pater
3521 5153 3652 5194 cum
3683 5140 3786 5196 Pa-

2131 5230 2320 5286 tribus
2366 5234 2574 5286 sancta:
2624 5229 2840 5299 synodo
2895 5225 3282 5302 [Orthodoxus
3330 5241 3461 5284 cum
3511 5229 3782 5299 synodo:

2129 5321 2292 5376 Pater
2319 5334 2447 5376 cum
2486 5315 2794 5394 Patribus].
2836 5320 2970 5376 Post
2999 5318 3104 5374 hos
3133 5323 3323 5374 autem
3363 5317 3600 5374 adducti
3641 5325 3784 5377 sunt

2125 5501 2152 5554 J
2193 5424 2400 5555 lbDux,
2439 5425 2632 5498 abbas,
2675 5425 2794 5482 sive
2830 5425 3172 5496 praepositus
3208 5423 3520 5494 exponitur
3551 5423 3613 5479 in
3643 5425 3777 5481 cod.

2156 5513 2187 5555 o
2218 5541 2229 5554 .

2156 5513 2229 5555 Ol.
