4018 6166
191 262 281 321 ΞΠ

941 210 1482 321 mreuruerarto
1520 228 1769 321 stom
1806 262 1898 318 vn
1935 264 2337 324 GENERALIS.
2368 297 2440 309 --
2476 267 2676 324 xeno
2718 269 2757 323 ι.

3444 263 3553 326 218

191 388 430 460 Hypatius
454 387 967 445 reverendissimus
999 388 1305 459 episcopus
1328 388 1551 459 Nicaeae,
1578 390 1685 445 Leo
1717 401 1799 443 re-.
1823 387 1883 448 A
1909 388 2062 445 niam
2122 390 2345 460 prolixo
2396 394 2646 461 tempore
2704 390 2916 447 malum
2963 395 3020 446 et
3066 404 3306 462 nequam
3361 393 3556 466 magi—

193 475 596 531 vereudissimus
624 476 927 546 episcopus
957 477 1163 545 Rhodi,
1206 476 1519 548 Gregorius
1551 490 1800 533 reveren-

189 565 431 622 dissimus
473 564 779 635 episcopus
829 566 1208 635 Pessinuntis,
1254 568 1360 622 Leo
1400 565 1800 621 reverendissi-

191 669 295 710 mus
307 654 592 722 episcopus
608 655 810 724 Iconii,
828 653 1109 726 Georgius
1126 656 1391 710 reverend
1402 656 1638 711 issimus
1653 656 1801 726 epis-

189 757 337 813 copus
363 742 606 813 Pisidiae,
640 743 911 799 Nicolaus
950 743 1466 800 reverendissimus
1495 744 1799 814 episcopus

187 830 526 901 Hierapoleos,
559 836 615 887 et
645 834 752 888 Leo
795 833 1305 890 reverendissimus
1341 833 1800 904 episcopus'Car-

188 920 336 991 pathi.

235 1008 483 1065 Tarasius
533 1010 937 1067 sanctissimus
990 1011 1317 1081 patriarcha
1371 1012 1557 1075 dixit;
1593 1012 1796 1069 Nescio

185 1099 324 1167 unde,
362 1105 422 1153 ut
464 1099 547 1154 ita
584 1100 794 1169 dicam,
838 1100 1111 1170 impetum
1152 1088 1444 1170 facientes,
1485 1101 1795 1157 consilium

179 1186 329 1241 altum
365 1187 660 1243 consiliati
691 1189 852 1258 estis,
883 1193 941 1243 et
969 1202 1081 1244 non
1114 1202 1214 1259 per
1248 1176 1552 1245 Dominum
1578 1209 1592 1259 ;
1616 1194 1672 1245 et
1702 1188 1797 1245 fa:-

180 1276 288 1330 dera
315 1275 550 1349 fecistis,
584 1281 641 1332 et
672 1291 782 1333 non
814 1291 913 1347 per.
950 1278 1229 1348 Spiritum
1268 1279 1393 1347 ejus
1419 1297 1434 1346 ;
1460 1278 1686 1334 collecti
1718 1279 1796 1333 vi-

178 1365 351 1420 delicet
389 1367 543 1435 apud
575 1366 834 1436 vosipsds
863 1366 1007 1421 clam
1038 1372 1208 1436 atque
1238 1367 1477 1422 latenter
1507 1367 1794 1436 praeterito

177 1466 316 1522 anno,
344 1454 598 1521 volentes
626 1455 908 1524 depellere
938 1454 1253 1510 veritatem.
1284 1456 1354 1510 Et
1377 1455 1426 1511 si
1461 1456 1691 1526 quidem
1726 1455 1799 1510 ir-

176 1541 568 1598 rationabiliter
597 1543 702 1599 hoc
729 1541 970 1612 fecistis,
998 1543 1127 1599 date
1154 1544 1430 1599 rationem
1459 1544 1799 1616 ignorantia:

1908 479 2146 534 sterium
2179 480 2574 551 prolongatum
2603 483 2727 535 est:
2758 483 2815 533 et
2841 479 2978 533 dum
3014 480 3241 535 diutius
3271 486 3551 537 moratum

1908 566 2163 639 fuisset,
2199 583 2298 638 pro
2356 569 2603 639 peccatis
2662 568 2877 624 nostris
2940 568 3159 624 seducti
3216 582 3416 625 sumus
3447 610 3462 640 ,
3496 575 3556 624 et

1906 658 2321 713 declinavimus
2374 673 2409 715 a
2464 657 2701 713 veritate
2752 659 2904 728 ,sed
2973 671 3268 727 speramus
3324 658 3382 713 in
3442 660 3555 714 Deo

1906 746 2139 801 salvari.

1976 835 2245 892 Tarasius
2270 835 2671 892 sanctissimus
2693 834 3017 905 patriarcha
3037 835 3189 892 dixit
3211 852 3224 889 :
3247 835 3557 891 Diuturni-

1906 927 2050 979 tates
2081 925 2412 994 passionum
2441 923 2798 981 ditiiciliores
2828 929 2964 981 sunt
2990 925 3058 980 ad
3090 924 3429 980 curandum.
3461 923 3557 980 Sic

1905 1016 1961 1066 et
1989 1013 2199 1083 anima,
2243 1028 2369 1085 quae
2408 1014 2467 1069 in
2499 1013 2742 1070 obscuro
2781 1017 2869 1069 est
2901 1014 3197 1084 haereseos,
3241 1013 3431 1069 lumen
3470 1027 3557 1070 or-

1904 1103 2189 1158 thodoxiaa
2227 1102 2463 1159 difﬁcile
2504 1104 2877 1175 recognoscit.

1972 1192 2381 1247 Constantinus
2426 1192 2828 1247 sanctissimus
2867 1192 3171 1263 episcopus
3208 1193 3555 1248 Constantia;

1902 1279 2069 1349 Cypri
2109 1280 2260 1334 dixit
2288 1298 2300 1333 :
2328 1279 2637 1348 Oportebat
2682 1295 2780 1335 vos
2824 1294 2953 1336 cum
2998 1280 3220 1336 caeteris
3263 1280 3554 1351 episcopis

1908 1365 2130 1442 [essetis
2158 1364 2435 1441 episcopi]
2480 1368 2740 1424 discendi
2776 1368 2992 1423 nullam
3036 1369 3431 1425 necessitatem
3464 1370 3558 1425 ha-

1907 1457 2056 1526 bere,
2103 1456 2199 1511 sed
2240 1456 2542 1527 magistros
2584 1470 2706 1512 esse
2746 1457 2939 1526 potius
2981 1456 3250 1513 aliorum.

1978 1547 2084 1600 Leo
2116 1544 2623 1600 reverendissimus
2650 1545 2956 1615 episcopus
2986 1545 3171 1601 Rhodi
3201 1545 3354 1600 dixit
3386 1564 3398 1599 :
3428 1544 3555 1600 Nisi

174 1637 356 1686 vestr-.2.
388 1631 445 1686 Si
475 1645 611 1687 vero
640 1645 771 1688 cum
802 1630 944 1687 falsa
976 1631 1141 1702 quasi
1175 1632 1415 1702 ratione,
1452 1632 1799 1701 producatur
1830 1714 1865 1715 7
1909 1634 2307 1715 protenderent
2349 1628 2810 1707 [protendissent]
2855 1633 2936 1703 hi,
2979 1633 3080 1703 qui
3123 1634 3183 1689 in
3225 1633 3345 1705 lege
3371 1637 3554 1704 erant,

175 1721 272 1790 ipsa
306 1720 445 1775 ratio
486 1725 694 1791 vestra,
728 1726 784 1776 et
810 1720 1009 1776 audita
1042 1720 1139 1775 fiat
1167 1734 1358 1777 coram
1405 1720 1673 1776 omnibus
1708 1734 1803 1776 no-
1829 1714 1883 1774 B
1911 1714 2222 1793 peccatum,
2257 1736 2367 1777 non
2399 1726 2547 1777 esset
2576 1722 2883 1778 necessitas
2913 1722 3130 1793 gratia}.

174 1810 354 1865 hiszet
388 1809 865 1866 concinnationes
905 1815 962 1864 et
1014 1810 1505 1866 contradictiones
1560 1815 1797 1881 vestras,

172 1897 510 1953 auxiliatrice
536 1912 661 1968 quae
688 1912 802 1953 non
827 1898 1101 1969 vincitur,
1133 1897 1327 1954 habita
1352 1898 1611 1969 veritate,
1640 1911 1798 1953 sacer

174 1987 259 2041 iste
283 1993 592 2044 conventus
621 1987 989 2056 disrumpens
1019 1986 1361 2058 disrumpet,
1394 1992 1451 2042 et
1479 1986 1802 2042 dissolvens

173 2074 411 2130 dissolvet
432 2080 502 2130 ut
523 2074 924 2147 colligationes
950 2073 1226 2130 falsitatis
1251 2081 1307 2129 et
1330 2074 1655 2144 injustitize,
1683 2072 1804 2129 nul-

174 2163 366 2235 lamque
404 2163 687 2219 habentes
731 2163 992 2219 veritatis
1037 2163 1439 2219 substantiam.

238 2255 330 2309 Leo
356 2252 875 2309 reverendissimus
914 2252 1220 2322 episcopus
1250 2253 1435 2307 Rhodi
1468 2252 1654 2308 dixit:
1681 2252 1807 2308 Pec-

175 2344 396 2399 cavimus
442 2343 510 2397 in
553 2346 863 2411 conspectu
912 2341 1037 2411 Dei,
1078 2346 1135 2396 et
1174 2341 1232 2396 in
1273 2346 1582 2412 conspectu
1624 2341 1805 2397 totius

176 2433 428 2500 Ecclesiae,
462 2434 531 2487 et
555 2434 767 2486 sancta:
793 2431 993 2501 synodi
1029 2431 1203 2500 hujus
1235 2449 1247 2484 :
1283 2444 1382 2500 per
1409 2430 1803 2500 insipientiam

174 2521 298 2577 enim
324 2520 668 2591 cecidimus,
698 2522 891 2591 etnon
920 2518 1195 2575 habemus
1217 2516 1571 2575 defensionis
1597 2524 1805 2597 nostra;

178 2609 442 2665 rationem.

230 2697 539 2769 Gregorius
568 2696 1081 2753 reverendissimus
1110 2697 1415 2767 episc0pus
1444 2697 1809 2752 Pisinunten-

174 2786 295 2841 sium
325 2786 475 2841 dixit
508 2805 526 2839 :
558 2785 880 2841 Secundum
922 2785 1193 2851 traditam
1227 2785 1392 2841 fidem
1423 2784 1494 2840 ab
1523 2784 1805 2855 apostolis

173 2880 214 2929 et
235 2875 488 2932 Patribus
529 2859 874 2930 conﬁtemur
901 2880 957 2929 et
990 2880 1269 2930 tenemus.

1979 1810 2313 1865 Stauracius
2368 1810 2769 1865 sanctissimus
2824 1810 3127 1879 episcopus
3181 1809 3560 1866 Chalcedonis

1910 1898 2063 1954 dixit
2088 1913 2099 1949 :
2122 1897 2226 1952 Sed
2254 1912 2375 1968 nos,
2406 1896 2629 1967 fratres,
2660 1912 2771 1954 non
2797 1912 2999 1962 sumus
3024 1897 3131 1954 sub
3158 1898 3297 1971 lege,
3326 1898 3420 1954 sed
3448 1897 3557 1954 sub

1913 1986 2116 2057 gratia.

1984 2073 2278 2144 Hypatius,
2333 2078 2389 2128 et
2436 2074 2536 2144 qui
2590 2088 2716 2130 cum
2766 2088 2833 2130 eo
2882 2078 3045 2130 erant
3096 2073 3556 2129 reverendissimi

1912 2162 2167 2232 episcopi
2190 2162 2493 2218 dixerunt:
2515 2162 2561 2217 A
2579 2162 2745 2217 malis
2767 2162 3059 2234 magistris
3079 2162 3254 2217 malas
3270 2162 3563 2218 doctrinas

1914 2253 2260 2322 accepimus.

1984 2341 2255 2397 Tarasius
2284 2339 2686 2395 sanctissimus
2718 2338 3040 2409 patriarcha
3064 2338 3217 2394 dixit
3244 2356 3255 2392 :
3280 2337 3566 2407 Quoniam

1914 2429 2145 2499 quidem
2184 2428 2421 2484 dixistis
2463 2427 2742 2484 malorum
2786 2427 3188 2498 magistrorum
3233 2426 3411 2482 malas
3439 2439 3565 2482 esse

1912 2518 2223 2588 doctrinas,
2248 2517 2500 2573 Ecclesia
2525 2531 2592 2572 ex
2620 2515 2787 2571 malis
2810 2514 3103 2587 magistris
3132 2514 3452 2571 sacerdotes
3474 2514 3569 2570 ad-

1916 2606 2139 2660 mittere
2184 2619 2291 2661 non
2336 2605 2641 2661 consentit.

1986 2696 2261 2766 Hypatius
2312 2695 2615 2765 episcopus
2668 2693 2869 2749 Nicaea:
2923 2692 3121 2748 dixit:
3159 2692 3253 2748 Sic
3306 2691 3563 2749 obtinuit

1915 2784 2291 2839 consuetudo.

1985 2873 2297 2943 Gregorius
2329 2871 2841 2927 reverendissimus
2870 2871 3174 2942 episcopus
3201 2870 3570 2927 Pisinunten-

227 2964 480 3020 Tarasius
542 2962 948 3018 sanctissimus
998 2963 1325 3032 patriarcha
1369 2962 1568 3018 dixit:
1612 2962 1670 3018 Si
1718 2966 1806 3019 est
1915 2956 3039 3033 sium[Pessinunsium]dixit:Sanctus
3058 2959 3298 3014 Joannes
3325 2957 3563 3028 Chryso-

175 3050 292 3107 ratio
314 3052 507 3123 aliqua
548 3051 605 3105 in
634 3050 820 3121 vobis,
854 3050 1330 3121 quemadmodum
1360 3051 1580 3106 dictum
1605 3055 1691 3107 est
1715 3065 1807 3107 vo-
1836 3033 1885 3096 C
1915 3053 2134 3104 stomus
2152 3048 2335 3104 dicit:
2370 3050 2484 3120 Ego
2509 3062 2578 3103 ex
2604 3061 2730 3103 cera
2757 3045 3043 3118 perfusam
3073 3046 3256 3103 dilexi
3285 3046 3567 3117 picturam

174 3137 262 3210 his,
301 3138 652 3209 proferatur.

226 3228 502 3298 Hypatius,
563 3232 620 3282 et
649 3228 748 3298 qui
797 3242 926 3284 cum
962 3228 1086 3298 ipso
1126 3231 1291 3283 erant
1328 3228 1646 3288 dixerunt:
1680 3230 1804 3284 Non

177 3314 434 3386 habemus,
468 3315 870 3371 sacratissime
899 3316 1151 3386 domine,
1184 3306 1672 3387 quod‘dicamus;
1707 3330 1805 3386 per

175 3401 519 3472 ignorantiam
579 3404 733 3459 enim
784 3410 841 3460 et
890 3404 1288 3475 insipientiam
1340 3404 1518 3460 locuti
1573 3418 1793 3462 sumus.

224 3491 474 3548 Tarasius
504 3492 918 3548 sanctissimus
950 3492 1277 3562 patriarcha
1308 3492 1461 3547 dixit
1493 3511 1505 3547 :
1535 3491 1671 3561 Qua:
1703 3505 1804 3548 vos

174 3579 293 3633 ratio
322 3580 613 3635 convertit
642 3580 711 3635 ad
744 3580 1036 3635 veritatem
1064 3580 1092 3635 ‘2

148 3696 153 3701 -
186 3718 196 3726 .
224 3667 500 3738 Hypatius,
542 3675 601 3723 et
633 3668 733 3738 qui
764 3683 895 3723 cum
924 3682 990 3724 eo
1019 3669 1547 3740 erant,'dixerunt:
1578 3668 1805 3726 Sancto-

173 3768 273 3809 rum
299 3758 692 3826 apostolorum
722 3762 778 3811 et
809 3758 1037 3812 Patrum
1069 3757 1351 3812 doctrina.

222 3842 514 3915 Gregorius
555 3845 1070 3900 reverendissimus
1098 3846 1406 3916 episcopus
1436 3845 1805 3901 Pisinunten-

172 3929 292 3986 sium
315 3933 465 3988 dixit
491 3953 504 3988 :
532 3936 602 3989 In
630 3934 845 4003 synodo
877 3941 1206 3989 sanctorum
1238 3934 1651 4004 apostolorum,
1677 3946 1803 4003 qua:

169 4019 289 4086 apud
325 4021 698 4077 Antiochiam
745 4026 1105 4093 congregata,
1151 4022 1411 4079 dicitur:
1440 4025 1510 4078 Et
1539 4036 1608 4079 ne
1651 4021 1805 4078 ultra

169 4113 325 4162 errent
345 4110 402 4164 hi
429 4111 532 4180 qui
566 4109 707 4165 salvi
737 4110 902 4177 fiunt,
929 4111 1081 4166 circa
1112 4111 1284 4183 idola,
1317 4114 1413 4167 sed
1440 4126 1542 4183 pro
1562 4113 1648 4167 eis
1671 4112 1811 4169 ima-

1916 3138 2123 3208 pietate
2144 3137 2441 3207 repletam.

1983 3221 2196 3281 Sabbas
2233 3224 2741 3280 reverendissimus
2778 3223 3090 3280 monachus
3124 3229 3179 3279 et
3215 3223 3566 3295 hegumenus

1915 3314 2247 3370 monasterii
2289 3312 2479 3368 Studii
2524 3313 2715 3368 dixit:
2746 3312 3083 3368 Benedictus
3120 3313 3290 3381 Deus,
3330 3312 3429 3382 qui
3466 3313 3568 3368 di—

1915 3403 2065 3458 rexit
2098 3416 2198 3457 vos
2235 3402 2292 3456 in
2330 3400 2623 3455 veritatem
2652 3401 2681 3454 ‘l

1980 3490 2250 3545 Tarasius
2274 3487 2678 3544 sanctissimus
2710 3487 3033 3557 patriarcha
3058 3487 3245 3543 dixit:
3268 3487 3562 3545 Rationem

1912 3585 1970 3637 et
2005 3577 2395 3635 defensionem
2432 3590 2628 3631 eorum
2666 3577 2783 3645 jam
2822 3576 3170 3633 audivimus.

1983 3670 2186 3724 Sancta
2220 3664 2472 3738 synodus
2501 3664 2689 3719 dixit:
2716 3664 2922 3733 Etiam,
2959 3664 3208 3719 domine.

1981 3759 2223 3812 Joannes
2267 3753 2777 3809 reverendissimus
2822 3752 3135 3809 monachus
3164 3761 3220 3808 et
3254 3752 3561 3824 presbyter,

1911 3850 1967 3903 et
1992 3845 2247 3901 vicarius
2271 3842 2574 3912 apostolici
2603 3843 2794 3897 throni
2828 3842 3147 3898 Antiochia:
3172 3842 3359 3898 dixit:
3385 3842 3567 3913 Flagi-

1914 3938 2088 4001 tatur,
2128 3930 2491 4001 sanctissime
2529 3930 2712 3999 Pater,
2748 3945 2780 3985 a
2816 3931 3036 3997 multis,
3084 3931 3367 4001 quomodo
3406 3944 3568 4000 opor-

1914 4028 2027 4078 teat
2050 4036 2146 4077 eos
2171 4021 2270 4090 qui
2301 4020 2371 4076 ab
2404 4020 2717 4076 haeresibus
2749 4020 3009 4090 redeunt,
3045 4019 3300 4089 suscipi:
3326 4022 3382 4074 et
3410 4018 3565 4073 obse-

1913 4124 2141 4167 cramus
2193 4113 2444 4164 sanctam
2486 4114 2542 4163 et
2586 4123 2802 4165 sacram
2858 4110 3136 4179 synodum
3167 4149 3181 4176 ,
3226 4112 3288 4163 ut
3333 4106 3564 4162 veniant

171 4192 407 4263 giuentur
457 4198 790 4254 deivirilem
846 4204 1097 4255 statuam
1154 4200 1383 4256 Domini
1440 4202 1622 4257 nostri
1676 4202 1807 4257 Jesu
1917 4200 2055 4258 libri
2098 4202 2425 4254 sanctorum
2470 4198 2698 4253 Patrum
2729 4240 2742 4269 ,
2771 4203 2828 4253 et
2869 4197 3163 4252 videamus
3210 4203 3265 4252 et
3310 4209 3562 4266 perscru-

165 4280 492 4342 Christi.Sed
527 4292 588 4342 et
608 4286 811 4342 beatus
835 4288 1091 4344 Isidorus
1122 4289 1443 4345 Pelusiotes
1463 4290 1643 4346 dicit:
1670 4290 1808 4361 quia
1917 4296 2123 4360 temur,
2174 4291 2347 4358 atque
2400 4287 2531 4342 inde
2572 4302 2869 4343 sumamus
2902 4299 3094 4341 veram
3132 4286 3558 4361 certitudinem,

172 4372 333 4441 templi
384 4376 536 4430 ratio
580 4374 743 4430 nulla
791 4380 897 4447 est,
946 4378 1094 4447 quod
1148 4391 1259 4433 non
1310 4383 1546 4433 coronat
1595 4378 1800 4450 imago.
1836 4382 1890 4443 D
1918 4379 2200 4451 quomodo
2246 4378 2379 4434 illos
2426 4377 2644 4447 suscipi
2693 4381 2995 4448 oporteat;
3030 4375 3360 4431 haesitamus
3407 4378 3559 4433 enim

225 4460 317 4516 Leo
372 4462 893 4519 reverendissimus
963 4465 1276 4534 episcopus
1346 4466 1529 4522 Rhodi
1604 4467 1801 4523 dixit:
1918 4481 2039 4525 nos.

169 4542 343 4603 Omnia
377 4565 503 4620 quae
538 4552 635 4620 pie
666 4564 731 4606 ac
762 4565 890 4606 vere
930 4552 1273 4625 didicimus,
1317 4554 1453 4609 licet
1495 4555 1719 4627 indigni
1751 4560 1809 4613 et
1984 4555 2394 4612 Constantinus
2425 4554 2933 4611 reverendissimus
2962 4553 3266 4624 episcopus
3294 4553 3564 4609 Constan-

171 4645 461 4702 peccatores
511 4641 723 4713 simus,
773 4642 1364 4711 pertractavimuszet
1402 4658 1469 4698 ex
1513 4643 1704 4715 legali,
1751 4650 1807 4701 et
1917 4646 2011 4701 tiae
2056 4645 2225 4715 Cypri
2269 4644 2455 4699 dixit:
2483 4644 2810 4713 Expetimus
2842 4657 2875 4698 a
2911 4642 3266 4699 beatitudine
3308 4648 3426 4715 tua,
3468 4642 3563 4699 do-

171 4736 224 4777 ex
250 4728 598 4799 prophetica,
646 4730 1076 4800 apostolicaque
1106 4745 1206 4786 seu
1240 4737 1469 4801 paterna
1498 4747 1631 4788 voce
1662 4733 1802 4789 certi

169 4825 339 4871 sumus
365 4816 577 4888 effecti,
611 4818 749 4887 quia
780 4819 991 4874 veritas
1020 4824 1075 4873 et
1100 4819 1291 4889 pietas,
1313 4820 1400 4875 sic
1431 4834 1490 4874 se
1517 4820 1706 4891 habet,
1740 4827 1804 4878 ut

172 4900 362 4958 scilicet
380 4906 503 4961 sint
529 4910 741 4962 sanctae
760 4911 818 4961 et
842 4908 1193 4963 venerabiles
1222 4908 1500 4979 imagines
1525 4910 1583 4964 in
1606 4916 1801 4968 sancta

172 4984 388 5048 Ecclesia
431 4995 752 5050 secundum
809 4995 1078 5051 traditam
1119 5009 1151 5052 a
1193 4997 1402 5066 priscis
1447 4998 1801 5069 temporibus

172 5082 622 5138 consuetudinem
666 5096 698 5138 a
736 5083 962 5139 sanctis
998 5084 1279 5154 apostolis
1306 5103 1321 5156 ;
1348 5090 1404 5141 et
1444 5086 1574 5143 inde
1611 5087 1801 5144 obedi-

176 5175 348 5223 rimus.

226 5254 480 5315 Tarasius
520 5260 927 5318 sanctissimus
970 5254 1300 5332 patriarcha
1338 5264 1493 5319 dixit
1522 5284 1533 5319 :
1559 5265 1627 5321 Et
1657 5280 1799 5336 quo-

182 5342 311 5398 modo
345 5360 529 5402 annos
578 5363 757 5419 usque
799 5350 868 5405 ad
907 5355 1033 5405 octo
1078 5355 1135 5405 et
1166 5350 1357 5405 decem
1404 5353 1797 5424 episcopatum

184 5440 359 5503 gerens,
401 5450 592 5507 usque
634 5437 690 5492 in
738 5452 989 5507 praesens
1032 5440 1273 5495 minime
1317 5440 1562 5497 obedisti
1595 5443 1624 5497 ‘2

238 5516 325 5575 Leo
391 5526 909 5583 reverendissimus
983 5528 1289 5598 episcopus
1358 5530 1573 5587 dixit:
1639 5530 1801 5600 Quo—

1915 4734 2087 4804 mine,
2129 4720 2191 4787 ut
2224 4732 2453 4787 veniant
2484 4732 2740 4802 prmdicti
2774 4732 2932 4805 libri,
2964 4746 3077 4803 quo
3110 4732 3251 4787 certi
3286 4730 3442 4802 facti,
3476 4732 3561 4788 sic

1911 4820 2171 4879 ordinem
2218 4819 2565 4875 laudabilem
2600 4820 2895 4877 faciamus.

1980 4912 2253 4967 Tarasius
2297 4908 2700 4965 sanctissimus
2749 4911 3074 4980 patriarcha
3121 4911 3325 4987 dixit:
3358 4911 3562 4968 Secun-

1909 5001 2046 5057 dum
2079 5000 2412 5070 petitionem
2443 4999 2558 5053 Deo
2589 4999 2923 5055 amabilium
2954 5000 3209 5056 virorum
3240 5004 3296 5055 et
3323 5000 3563 5056 vicario-

1910 5105 2058 5161 rum,
2081 5095 2253 5161 atque
2277 5087 2770 5145 sanctissimorum
2801 5090 3219 5164 episcoporum,
3249 5095 3470 5161 oportet
3496 5090 3561 5147 li-

1909 5180 2043 5237 bros
2067 5179 2277 5236 afferri.

1978 5269 2390 5327 Constantinus
2432 5270 2545 5323 Deo
2583 5265 2852 5323 amabilis
2902 5270 3163 5327 notarius
3213 5268 3557 5326 venerabilis
3620 5334 3627 5345 ι

1911 5358 2249 5429 patriarchii
2282 5357 2436 5413 dixit
2465 5376 2476 5412 :
2506 5357 2827 5413 Secundum
2858 5357 3176 5426 jussionem
3210 5366 3406 5414 vestrae
3436 5372 3563 5412 san-

1908 5447 2129 5503 ctitatis
2156 5450 2358 5515 praesto
2390 5459 2592 5501 sumus
2621 5445 2937 5503 deferentes
2961 5461 3153 5502 sacros
3181 5444 3378 5517 libros,
3412 5459 3556 5514 quos

1907 5534 2210 5590 attulimus
2229 5548 2298 5589 ex
2317 5532 2409 5589 his
2438 5534 2539 5604 qui
2561 5535 2825 5603 .rejacent
2866 5534 2923 5589 in
2961 5533 3309 5589 bibliotheca
3334 5545 3555 5587 venera-
