4012 6162
413 273 518 331 249

1632 276 1990 333 ANASTASII
2045 273 2584 332 BIBLIOTHECARII

3711 278 3815 337 220

406 400 546 456 bilis
585 401 922 471 patriarchii
971 402 1563 475 Constantinopoleos,
1617 407 1730 459 tam
1769 403 2141 463 canonumA
2169 401 2227 457 in
2277 400 2674 457 benedictione
2727 406 2947 459 tantum
2997 402 3092 459 hic
3141 417 3345 460 manus
3395 404 3814 470 impositionem

410 494 735 547 sanctorum
782 492 1189 564 apostolorum,
1234 506 1403 563 quam
1444 500 1767 549 sanctarum
1824 494 2059 564 synodo-

410 594 557 650 rum,
589 584 647 635 et
674 581 856 636 sancti
893 581 1079 637 Patris
1118 583 1299 638 nostri
1336 582 1558 653 Basilii,
1599 587 1656 638 et
1684 582 1930 639 aliorum
1962 585 2058 639 Pa-

408 676 559 727 trum
605 675 950 726 sanctorum.

475 759 747 815 Tarasius
784 759 1187 816 sanctissimus
1225 761 1552 830 patriarcha
1591 760 1781 816 dixit:
1813 762 2056 833 Legatur

407 849 467 904 in
499 848 705 918 primis
735 846 883 904 liber
909 849 1313 906 canonicarum
1349 850 1783 905 institutionum
1829 845 2056 922 [consti-

405 934 738 1011 tutionum].

474 1027 677 1083 Sancta
715 1028 968 1098 synodus
1002 1027 1193 1083 dixit:
1228 1030 1489 1100 Legatur.

473 1119 543 1172 Et
569 1117 859 1187 accipiens
882 1117 1030 1173 idem
1059 1118 1468 1174 Constantinus
1496 1119 1610 1173 Deo
1639 1117 1909 1173 amabilis
1936 1117 2057 1173 dia-

402 1219 582 1262 conus
611 1211 667 1261 et
697 1206 959 1262 notarius
988 1206 1334 1262 venerabilis
1365 1206 1728 1279 patriarchii,
1762 1206 1901 1279 legit
1928 1225 1942 1261 :

471 1295 662 1351 Canon
711 1302 1038 1352 sanctorum
1092 1295 1483 1365 apostolorum
1535 1295 2055 1368 quinquagesimus

403 1385 653 1441 tertius:
696 1384 755 1440 Si
801 1385 935 1456 quis
981 1383 1275 1456 presbyter
1316 1399 1444 1441 eum
1487 1385 1587 1456 qui
1635 1385 1991 1442 convertitur
2020 1400 2054 1443 a

401 1479 649 1546 peccato,
693 1487 803 1529 non
848 1474 1185 1544 susceperit,
1231 1475 1328 1530 sed
1377 1474 1670 1546 abjecerit,
1711 1476 2049 1547 deponatur,

401 1563 671 1633 quoniam
702 1564 925 1619 tristem
956 1563 1143 1619 eﬁ'ecit
1174 1560 1385 1638 [etiicit]
1416 1564 1709 1621 Christum
1741 1565 1841 1635 qui
1868 1565 2047 1635 dicit;

2165 491 2331 560 dicit,
2363 496 2419 546 et
2447 504 2557 546 non
2593 492 3079 549 consecrationem
3121 489 3204 566 [in
3237 490 3710 568 consecratione].

2233 579 2655 635 Gloriosissimi
2689 580 2979 650 principes
3002 581 3312 637 dixerunt:
3337 581 3395 637 Si
3417 581 3578 638 aliud
3602 595 3715 637 non
3735 587 3819 638 est

2166 668 2316 739 quod
2357 667 2675 738 prohibeat,
2720 672 2948 739 prOpter
2995 669 3141 725 hanc
3183 670 3578 741 paenitentiam
3621 683 3815 726 eorum

2164 758 2560 828 suscipientur
2598 759 2911 814 secundum
2954 772 3215 815 canones.

2232 848 2503 903 Tarasius
2567 848 2969 905 sanctissimus
3030 849 3353 919 patriarcha
3407 849 3604 905 dixit:
3641 850 3821 906 Scru-

2163 940 2351 993 temur
2390 942 2447 992 et
2474 937 2621 994 alios
2659 951 2904 993 canones
2933 939 3004 994 de
3043 939 3298 995 residuis
3337 938 3673 995 haresibus.

2232 1027 2436 1082 Sancta
2474 1027 2727 1097 synodus
2756 1028 2944 1083 dixit:
2972 1029 3043 1084 Et
3074 1028 3179 1083 hoc
3219 1029 3599 1101 postulamus,
3644 1034 3712 1086 ut
3739 1045 3823 1085 ve-

2164 1116 2329 1171 niant
2360 1129 2622 1172 canones.

2234 1206 2386 1261 Idem
2442 1207 2557 1262 Deo
2610 1206 2880 1263 amabilis
2935 1207 3215 1264 diaconus
3259 1212 3317 1264 et
3360 1208 3623 1264 notarius
3683 1208 3824 1280 legit

2161 1294 2462 1365 Ephesina
2486 1300 2695 1352 sancta
2717 1310 2784 1352 ac
2815 1296 3160 1353 universalis
3187 1296 3391 1367 synodi
3416 1310 3689 1353 canonem
3717 1302 3826 1353 ter»

2163 1384 2328 1440 tium.

2231 1473 2288 1528 Si
2313 1474 2413 1540 qui
2439 1474 2610 1530 etiam
2632 1473 2994 1546 clericorum,
3025 1474 3124 1546 qui
3152 1488 3252 1546 per
3272 1474 3533 1547 singulas
3556 1474 3827 1531 civitates

2162 1567 2316 1632 sunt,
2339 1576 2372 1618 a
2392 1564 2674 1634 Nestorio,
2695 1568 2750 1619 et
2768 1566 2861 1621 his
2878 1564 3125 1635 quicum
3142 1579 3207 1621 eo
3224 1570 3403 1634 erant,
3427 1563 3668 1620 inhibiti
3688 1570 3830 1620 sunt

401 1653 537 1724 quia
571 1652 837 1721 gaudium
868 1655 931 1722 fit
957 1655 1018 1707 in
1046 1655 1172 1707 calo
1213 1669 1377 1723 super
1415 1669 1523 1708 uno
1553 1659 1833 1724 peccatore
1864 1655 2053 1722 paeni»
2077 1720 2121 1725 _
2163 1653 2500 1724 sacerdotio,
2530 1654 2679 1724 quod
2701 1660 2849 1710 recta
2873 1659 3156 1725 saperent,
3178 1654 3355 1710 ethos
3378 1653 3680 1724 proprium
3706 1667 3831 1725 gra-

406 1745 629 1797 tentiam
664 1747 854 1810 agente
891 1741 1021 1812 (Luc
1060 1743 1174 1816 xv).

468 1831 700 1903 Sabbas,
742 1838 799 1888 et
838 1833 937 1903 qui
969 1848 1097 1890 cum
1128 1847 1193 1888 eo
1232 1839 1412 1903 erant,
1455 1833 1762 1889 dixerunt:
1792 1833 1905 1887 lloc
1942 1830 2055 1885 cla-

401 1935 527 1977 rum
558 1926 614 1976 et
643 1921 790 1992 apud
825 1936 1020 1978 omnes
1049 1928 1340 1992 acceptum
1370 1928 1474 1992 est,
1512 1923 1646 1993 quia
1682 1934 2057 1992 unumquem-

398 2025 509 2082 que
540 2012 941 2082 panitentium
972 2012 1224 2068 Ecclesia
1255 2012 1522 2082 suscipit.

465 2100 736 2155 Tarasius
783 2100 1189 2157 sanctissimus
1239 2100 1567 2170 patriarcha
1615 2100 1815 2156 dixit:
1860 2101 1960 2155 Est
1996 2103 2054 2155 et

400 2186 558 2244 alius
596 2201 777 2245 canon
819 2202 991 2259 super
1032 2189 1157 2245 hoc.

468 2279 619 2335 Idem
653 2279 759 2335 hoc
788 2278 1057 2336 amabilis
1095 2279 1357 2335 notarius
1394 2279 1535 2352 legit
1573 2283 1781 2336 sancta
1809 2279 2052 2336 Nicana

396 2367 598 2438 synodi
638 2381 908 2423 canonem
943 2373 1201 2423 octavum
1228 2385 1240 2421 :
1267 2369 1347 2423 De
1381 2368 1475 2423 his
1521 2368 1619 2438 qui
1656 2382 1716 2424 se
1751 2369 2053 2439 cognomi-

399 2460 539 2511 nant
572 2455 865 2526 Catharos,
910 2457 965 2511 id
999 2460 1103 2526 est,
1148 2458 1410 2529 mundos,
1453 2456 1504 2511 si
1545 2456 1857 2526 aliquando
1894 2472 2051 2513 vene-

397 2544 516 2600 rint
544 2544 613 2599 ad
645 2544 954 2600 Ecclesiam
985 2545 1355 2616 catholicam;
1386 2545 1603 2616 placuit
1633 2550 1828 2601 sancto
1852 2552 1908 2601 et
1939 2561 2051 2603 ma-

396 2647 507 2707 gno
526 2632 798 2705 concilio,
820 2638 885 2688 ut
907 2633 1331 2703 impositionem
1354 2647 1556 2689 manus
1574 2635 1943 2706 accipientes,
1962 2636 2048 2691 sic

398 2721 457 2777 in
479 2721 630 2777 clero
652 2726 1033 2791 permaneant.
1063 2723 1189 2777 Hac
1212 2726 1402 2777 autem
1430 2737 1545 2793 pra
1568 2723 1839 2780 omnibus
1862 2736 1959 2779 eos
1986 2724 2046 2780 in

396 2810 632 2880 scriptis
651 2810 916 2866 convenit
932 2810 1208 2880 proﬁteri,
1229 2812 1378 2881 quod
1396 2811 1692 2868 catholica
1709 2817 1765 2868 et
1778 2813 2048 2883 apostoli-

394 2913 473 2955 ca
498 2898 763 2955 Ecclesia
785 2898 1047 2970 dogmata
1071 2899 1393 2969 suscipiant
1416 2904 1472 2955 et
1491 2907 1826 2971 sequantur,
1852 2900 1909 2956 id
1936 2906 2042 2973 est,

394 2992 451 3044 et
465 2986 712 3060 bigamis
731 3000 789 3041 se
805 2988 1246 3058 communicare,
1265 2992 1320 3043 et
1338 2987 1430 3044 his
1447 2988 1546 3059 qui
1569 2988 1627 3044 in
1652 2990 2045 3059 persecutione

397 3077 647 3149 prolapsi
684 3080 1009 3147 sunt;erga
1048 3089 1192 3146 quos
1220 3083 1277 3133 et
1305 3077 1490 3147 spatia
1528 3078 1843 3135 constituta
1888 3083 2043 3151 sunt,

394 3172 452 3221 et
488 3171 740 3235 tempora
781 3166 1061 3222 deﬁnita:
1105 3165 1184 3221 ita
1229 3170 1293 3221 ut
1337 3167 1604 3222 Ecclesia
1648 3168 1945 3225 catholica
1987 3175 2045 3225 et

393 3254 722 3325 apostolica
748 3254 957 3325 placita
978 3261 1291 3326 sequantur
1311 3255 1369 3311 in
1391 3255 1692 3326 omnibus;
1716 3256 2045 3328 ubicunque

392 3356 525 3399 vero
545 3344 664 3399 sive
686 3343 744 3400 in
765 3344 944 3415 villis,
969 3344 1089 3400 sive
1111 3345 1170 3399 in
1197 3343 1533 3400 civitatibus
1562 3345 1671 3414 ipsi
1696 3345 1805 3400 soli
1830 3347 2041 3415 reperti

394 3431 611 3488 fuerint
634 3433 907 3503 ordinati,
935 3434 1034 3505 qui
1069 3434 1445 3490 inveniuntur
1474 3433 1534 3489 in
1564 3433 1736 3506 clero,
1762 3434 1820 3491 in
1847 3435 2042 3491 eodem

393 3521 595 3579 habitu
631 3527 1005 3595 perseverent,
1041 3526 1147 3577 etc.

462 3612 793 3667 Theodorus
822 3611 1331 3667 reverendissimus
1359 3612 1666 3683 episcopus
1694 3614 1917 3669 Catana
1944 3614 2045 3670 Si—

392 3700 654 3755 culorum
679 3701 989 3770 provincia
1007 3700 1190 3754 dixit:
1210 3700 1292 3755 Ad
1319 3701 1578 3756 haresim
1603 3702 1747 3757 hanc
1768 3703 1850 3758 nil
1875 3704 2045 3761 habet

392 3802 572 3843 canon
618 3789 718 3859 qui
768 3789 949 3843 lectus
985 3793 1088 3843 est.

460 3875 731 3931 Tarasius
760 3876 1163 3932 sanctissimus
1193 3876 1515 3946 patriarcha
1544 3877 1731 3934 dixit:
1755 3880 1859 3936 Sed
1890 3886 1947 3937 et
1973 3882 2043 3937 de

393 3964 549 4019 omni
595 3963 796 4020 haresi
834 3969 938 4020 est.

463 4053 825 4123 Epiphanius
869 4054 1148 4110 diaconus
1198 4055 1575 4110 sanctissima
1622 4057 1889 4112 Ecclesia
1930 4057 2047 4113 Ca—

393 4144 539 4196 tana
567 4142 891 4198 Siculorum
923 4142 1248 4213 provincia,
1277 4149 1333 4198 et
1359 4144 1612 4200 vicarius
1639 4145 1890 4216 episcopi
1922 4146 2044 4201 Sar-

392 4230 588 4301 dinia,
628 4231 815 4287 dixit:
848 4232 951 4286 Hic
998 4244 1179 4287 canon
1220 4237 1356 4288 tunc
1393 4233 1463 4288 de
1501 4233 1785 4304 Catharis,
1832 4235 1887 4289 id
1933 4241 2038 4309 est,

391 4320 625 4375 mundis
653 4325 740 4376 est
766 4320 975 4377 dictus.

2077 1720 2131 1782 B
2160 1743 2298 1798 dum
2331 1720 2581 1813 recipere
2610 1744 2901 1800 sancimus
2926 1720 3111 1817 :_[Gr.,
3146 1720 3205 1799 in
3239 1720 3571 1799 universum
3602 1720 3826 1817 autem]

2161 1846 2257 1888 eos
2276 1833 2543 1889 videlicet
2565 1834 2805 1889 clericos
2826 1834 2924 1904 qui
2946 1848 3075 1889 cum
3094 1832 3404 1889 universali
3427 1837 3484 1887 et
3504 1832 3831 1888 orthodoxa

2162 1924 2375 1993 synodo
2423 1924 2680 1979 sentiunt
2726 1923 2812 1978 vel
2852 1922 3077 1978 sensuri
3121 1927 3277 1993 sunt,
3321 1921 3442 1977 sive
3482 1934 3654 1991 nunc,
3701 1922 3833 1977 sive

2163 2016 2289 2081 post
2320 2012 2436 2066 hac
2468 2012 2526 2066 in
2563 2025 2905 2083 quocunque
2945 2016 3215 2082 tempore,
3249 2024 3351 2065 nec
3384 2010 3488 2065 hos
3527 2009 3830 2079 episcopis

2163 2101 2262 2171 qui
2310 2106 2665 2158 recesserunt
2702 2101 2787 2157 vel
2830 2101 3191 2169 recesserint,
3232 2103 3332 2155 aut
3371 2098 3832 2170 pravaricantur

2161 2196 2275 2246 tam
2319 2195 2546 2248 sanctos
2583 2205 2845 2259 canones,
2890 2204 3058 2260 quam
3099 2189 3471 2246 orthodoxam
3512 2187 3701 2255 ﬁdem,
3735 2188 3835 2258 ju-

2161 2279 2359 2337 bemus
2394 2280 2794 2351 quoquomodo
2831 2279 3066 2349 subjici.

2228 2370 2498 2425 Tarasius
2518 2369 2920 2425 sanctissimus
2937 2367 3262 2439 patriarcha
3283 2367 3467 2423 dixit:
3488 2366 3834 2423 Evidentior

2158 2472 2338 2515 canon
2368 2464 2455 2515 est
2486 2460 2556 2515 de
2589 2457 2846 2529 capitulo
2877 2458 3027 2528 quod
3060 2457 3358 2529 quaritur.

2227 2549 2511 2619 Legantur
2544 2552 2733 2603 autem
2764 2552 2821 2602 et
2855 2546 3068 2618 reliqui
3103 2559 3366 2602 canones.

2226 2635 2548 2705 Stephanus
2567 2635 3079 2691 reverendissimus
3092 2630 3414 2690 'monachus
3430 2638 3485 2689 et
3500 2632 3839 2706 bibliophy-

2156 2725 2250 2781 lax
2288 2722 2590 2799 [librorum
2630 2722 2842 2800 custos]
2877 2724 3224 2780 venerabilis
3256 2724 3593 2794 patriarchii
3624 2724 3790 2780 dixit
3819 2743 3832 2779 :

2157 2815 2362 2871 Adhuc
2379 2830 2493 2886 pra
2510 2815 2781 2871 manibus
2802 2813 3076 2869 habemus
3096 2813 3371 2883 epistolas
3392 2817 3602 2869 sancta
3619 2826 3840 2870 memo-

2158 2904 2258 2960 ria
2270 2904 2649 2961 Patrisnostri
2678 2902 2878 2959 Basilii
2899 2902 2969 2957 de
2982 2901 3252 2972 pradicta
3273 2914 3465 2970 causa,
3480 2901 3531 2956 si
3548 2900 3660 2955 reci
3670 2900 3839 2971 pien-

2153 2991 2213 3047 di
2237 2993 2355 3049 sint
2388 2994 2447 3049 in
2479 2994 2883 3060 sacerdotium,
2907 2991 3007 3063 qui
3034 3004 3102 3047 ex
3132 2990 3335 3046 haresi
3366 2992 3832 3058 convertuntur;

2153 3084 2210 3137 et
2242 3080 2293 3136 si
2318 3081 2615 3151 jusseritis
2649 3081 2782 3153 legi,
2820 3080 3098 3152 legantur.

2223 3171 2427 3227 Sancta
2466 3171 2718 3242 synodus
2750 3168 2903 3225 dixit
2930 3187 2942 3223 :
2974 3170 3274 3241 Legantur.

2227 3259 2549 3331 Stephanus
2626 3258 2939 3315 monachus
3010 3256 3167 3327 legit.
3235 3256 3316 3312 Ex
3385 3255 3570 3325 prima
3638 3268 3836 3312 cano—

2153 3348 2282 3404 nica
2303 3348 2546 3420 epistola
2569 3347 2757 3403 Patris
2782 3345 2967 3402 nostri
2992 3344 3195 3400 Basilii
3216 3345 3285 3399 ad
3312 3342 3792 3413 Amphilochium
3816 3345 3830 3381 ε

2225 3437 2650 3493 Encratitarum
2681 3440 2868 3490 autem
2902 3433 3317 3506 malignitatem
3362 3432 3688 3503 intelligere
3718 3445 3836 3489 nos

2116 3578 2123 3601 ,
2152 3530 2413 3596 oportet:
2439 3525 2576 3597 quia
2607 3527 2674 3580 ut
2705 3523 2931 3594 indigni
2965 3523 3287 3593 receptione
3314 3522 3725 3591 iudicarentur
3752 3521 3836 3577 ab

2151 3614 2426 3685 Ecclesia,
2468 3613 2656 3669 conati
2699 3618 2835 3669 sunt
2866 3612 2984 3682 jam
3023 3611 3257 3681 pr0prio
3298 3623 3694 3681 praoccupare
3733 3609 3837 3665 ba-

2154 3702 2438 3773 ptismate.
2482 3702 2641 3757 Unde
2670 3706 2727 3757 et
2756 3700 3229 3757 consuetudinem
3269 3713 3429 3756 suam
3469 3698 3837 3754 adulterave-

2153 3796 2306 3847 runt.
2341 3790 2624 3846 Existimo
2655 3803 2807 3862 ergo,
2843 3789 2980 3860 quia
3013 3803 3141 3844 cum
3176 3787 3326 3843 nihil
3354 3788 3433 3843 sit
3460 3787 3530 3842 de
3561 3786 3686 3842 illis
3712 3799 3837 3843 ma-

2153 3877 2424 3935 nifestius
2456 3878 2900 3951 promulgatum,
2935 3892 3041 3934 nos
3063 3877 3365 3933 conveniat
3387 3889 3585 3932 eorum
3614 3876 3838 3946 impro-

2152 3967 2288 4024 bare
2328 3967 2628 4039 baptisma.
2661 3968 2730 4023 Et
2760 3968 2811 4024 si
2856 3966 3143 4037 quispiam
3183 3963 3365 4021 fuerit
3402 3964 3472 4020 ab
3504 3964 3627 4020 illis
3658 3978 3837 4020 rece—

2153 4062 2288 4127 ptus
2329 4054 2467 4130 [Gr.,
2504 4057 2574 4112 Et
2604 4056 2654 4112 si
2689 4056 2977 4127 quispiam
3007 4054 3081 4110 ab
3114 4053 3236 4110 illis
3278 4050 3599 4128 receperit],
3642 4053 3828 4109 hunc:

2152 4160 2281 4201 cum
2321 4146 2534 4201 adierit
2575 4145 2895 4212 ecclesiam,
2938 4144 3315 4215 baptizemus.
3360 4143 3522 4212 Sane,
3564 4142 3615 4196 si
3652 4139 3838 4198 futu—

2154 4249 2280 4291 rum
2306 4240 2392 4292 est
2419 4235 2503 4292 uti
2532 4234 2845 4291 universali
2875 4232 3292 4304 dispensationi
3321 4231 3419 4287 ﬁat
3451 4229 3834 4300 impedimen-

2152 4329 2295 4397 tum,
2347 4325 2593 4395 pristino
2644 4337 2797 4381 more
2845 4328 3095 4393 utamur,
3140 4326 3197 4376 et
3236 4322 3429 4375 Patres
3472 4319 3572 4390 qui
3620 4324 3830 4375 nostra

462 4408 734 4465 Tarasius
794 4408 1196 4464 sanctissimus
1252 4409 1575 4479 patriarcha
1628 4409 1781 4465 dixit
1821 4428 1833 4464 :
1880 4411 2118 4472 NuncD
2156 4428 2395 4485 quaque
2432 4414 2854 4484 dispensavere,
2911 4423 3238 4481 sequamur.
3284 4410 3492 4464 Vereor
3531 4407 3706 4475 enim,
3751 4419 3828 4462 ne

390 4512 524 4569 ergo
553 4502 611 4554 et
644 4512 747 4554 nos
784 4497 842 4552 in
883 4501 1132 4567 tempore
1168 4497 1272 4552 hoc
1306 4505 1558 4553 exortam
1594 4498 1855 4556 haresim
1891 4516 2042 4572 quo-

390 4588 557 4644 modo
584 4587 856 4643 debemus
885 4587 1135 4656 recipere
1158 4585 1189 4639 ?

459 4678 702 4733 Joannes
739 4677 852 4732 Deo
892 4673 1160 4730 amabilis
1196 4673 1449 4730 vicarius
1493 4676 1796 4746 apostolici
1845 4677 2038 4734 throni

387 4765 644 4822 Orientis
672 4765 825 4820 dixit
854 4782 866 4818 :
898 4758 1139 4819 Haresis
1173 4770 1397 4834 separat
1431 4764 1503 4820 ab
1533 4766 1784 4822 Ecclesia
1818 4780 2041 4822 omnem

392 4853 699 4911 hominem.

459 4944 660 5000 Sancta
692 4943 944 5014 synodus
973 4942 1155 4999 dixit:
1181 4944 1294 4999 Hoc
1327 4942 1692 5000 manifestum
1721 4949 1824 5001 est.

458 5032 937 5089 Reverendissimi
996 5032 1256 5088 monachi
1301 5032 1611 5088 dixerunt:
1638 5035 1746 5089 Eos
1790 5034 1889 5104 qui
1936 5047 2049 5089 ma-

390 5137 501 5179 nus
524 5121 948 5191 impositionem
982 5126 1366 5191 perceperant,
1398 5120 1551 5176 dixit
1576 5121 1770 5193 regula
1800 5122 2041 5193 suscipi.

459 5209 730 5266 Tarasius
777 5209 1179 5265 sanctissimus
1220 5209 1546 5278 patriarcha
1587 5210 1741 5265 dixit
1770 5211 1876 5265 :Et
1914 5224 2049 5281 quo-

392 5300 557 5355 modo
594 5296 944 5369 intelligitur
971 5310 1173 5352 manus
1212 5297 1506 5367 impositio
1536 5298 1566 5353 ‘?

460 5385 939 5445 Reverendissimi
987 5385 1251 5442 monachi
1290 5386 1563 5442 dixerunt
1594 5405 1605 5440 :
1644 5387 2045 5461 Deprecamur,

390 5477 640 5546 domine,
670 5480 733 5533 ut
761 5476 1086 5531 doceamur.
1350 5480 1356 5486 ‘

462 5566 734 5623 Tarasius
796 5560 1199 5620 sanctissimus
1261 5562 1585 5634 patriarcha
1640 5563 1841 5621 dixit:
1884 5567 2048 5623 Forte

2151 4501 2297 4559 forte
2328 4516 2457 4559 cum
2489 4501 2845 4557 voluerimus
2890 4500 3085 4573 pigros
3130 4499 3263 4554 illos
3299 4497 3368 4553 ad
3410 4495 3828 4567 baptizandum

2152 4593 2355 4663 facere,
2398 4591 2804 4661 impedimento
2834 4590 3019 4646 simus
3049 4589 3142 4644 his
3173 4588 3272 4659 qui
3312 4585 3569 4642 salvandi
3604 4589 3823 4655 essent,

2152 4681 2224 4738 ob
2264 4680 2501 4753 prolixa
2547 4678 2998 4750 percontationis
3038 4676 3372 4748 mysterium
3416 4670 3555 4748 [Gr.,
3588 4672 3660 4729 ob
3698 4685 3832 4728 sen-

2151 4770 2345 4828 tentia
2373 4764 2787 4843 austeritatem]
2820 4786 2832 4821 :
2861 4767 3010 4839 quod
3044 4767 3093 4823 si
3127 4766 3217 4822 illi
3257 4764 3595 4821 custodiunt
3633 4760 3830 4832 bapti-

2153 4872 2273 4915 sma
2313 4862 2592 4929 nostrum,
2635 4856 2743 4912 hoc
2776 4870 2809 4911 a
2844 4855 3013 4912 nobis
3053 4868 3163 4911 non
3201 4852 3496 4927 ﬂagitetur
3541 4846 3670 4924 [hoc
3715 4863 3826 4905 nos

2153 4960 2510 5017 nequaquam
2543 4941 2802 5019 moveat].
2835 4946 2959 5000 Non
2989 4944 3139 5001 enim
3170 4943 3297 4998 illis
3326 4942 3395 4997 ad
3426 4939 3821 5011 prastandum

2154 5035 2396 5109 gratiam
2428 5033 2715 5089 debitores
2748 5046 2968 5103 sumus,
3002 5033 3096 5088 sed
3130 5030 3416 5087 serviendi
3444 5041 3705 5084 censura
3731 5039 3831 5081 ca-

2154 5123 2393 5180 nonica.

2225 5210 2392 5267 Omni
2439 5212 2707 5279 praterea
2760 5207 2983 5264 ratione
3040 5206 3221 5264 forma
3261 5210 3539 5275 teneatur,
3603 5209 3669 5262 ut
3720 5217 3826 5260 eos

2158 5299 2256 5371 qui
2304 5298 2373 5353 ad
2425 5297 2657 5353 illorum
2711 5297 3019 5352 accessisse
3075 5296 3421 5367 baptismum
3475 5292 3820 5365 probantur,

2157 5402 2190 5444 a
2221 5387 2489 5443 ﬁdelibus
2530 5386 2726 5457 procul
2768 5386 2946 5442 dubio
2987 5386 3259 5456 primitus
3296 5389 3606 5456 ungantur,
3645 5387 3705 5439 et
3735 5383 3823 5438 ita

2156 5477 2384 5533 demum
2415 5475 2632 5532 sanctis
2663 5475 2952 5546 mysteriis
2980 5474 3143 5546 digni
3174 5472 3513 5530 eﬁiciantur.
3544 5472 3688 5528 Novi
3719 5485 3824 5527 au-

2159 5571 2292 5638 tem,
2335 5565 2472 5637 quia
2519 5564 2726 5621 fratres
2772 5564 2873 5634 qui
2923 5563 3077 5619 circa
3122 5564 3302 5621 Izoem
3341 5566 3398 5617 et
3431 5560 3815 5618 Saturninum
