4012 6162
220 299 310 356 224
1009 302 1550 361 IN’I‘ERPRETATIO
1586 303 1834 360 SYNODI
1872 306 1966 362 VII
2001 305 2401 363 GENERALIS.
2427 339 2499 350 —
2530 309 2731 365 ACTIO
2771 311 2809 365 Ι.

3510 309 3618 367 222

219 436 392 500 erant,
423 442 550 484 cum
578 437 767 485 essent
796 443 863 485 ex
903 429 1003 486 illa
1032 430 1410 504 ordinatione,
1446 432 1506 487 in
1536 432 1860 489 cathedram
1891 431 1951 493 A
1976 432 2261 488 Eustathii
2304 434 2757 491 communionem
2797 440 2853 490 et
2888 435 3262 506 receptionem
3302 434 3373 490 ab
3414 434 3613 491 haeresi

218 518 607 589 episcoporum
675 519 1051 591 suscepimus,
1102 523 1294 592 Itaque
1345 536 1440 578 eos
1482 524 1578 593 qui
1616 522 1862 579 'illorum

219 614 345 662 sunt
365 608 557 663 ordini
583 608 807 679 sociati,
827 610 943 678 jam
973 623 1083 665 non
1102 624 1405 680 possumus
1421 610 1491 667 ab
1512 612 1761 667 Ecclesia
1783 626 1864 669 se-

221 704 507 768 questrare
538 702 643 766 ;ut
676 705 806 767 pote
843 698 944 768 qui
980 698 1229 770 regulam
1262 701 1563 771 quamdam
1598 701 1669 756 de
1699 715 1862 757 com—

220 786 485 841 munione
514 792 712 842 nostra
736 787 804 843 ad
842 787 976 844 illos
1002 788 1472 845 constituerimus
1496 804 1595 861 per
1625 791 1857 863 episco-

219 889 412 944 porum
445 876 847 945 receptionem.

278 964 765 1022 Reverendissimi
815 969 1074 1024 monachi
1117 969 1434 1025 dixerunt:
1480 970 1753 1033 Petimus,
1796 973 1862 1022 ut

219 1052 504 1110 deferatur
572 1057 753 1111 Sancti
813 1057 1105 1115 Anathasii
1169 1059 1237 1115 ad
1304 1060 1673 1118 Ruﬁnianum
1730 1059 1862 1133 epi-

218 1143 374 1198 stola.

281 1233 488 1289 Sancta
518 1237 769 1306 synodus
798 1238 951 1294 dixit
978 1257 990 1293 :
1035 1238 1157 1295 Fiat
1182 1239 1494 1296 secundum
1522 1239 1851 1310 petitionem

220 1324 822 1381 reverendissimorum
849 1327 1270 1384 monachorum.

284 1415 502 1469 Interea
544 1415 815 1471 Leontius
850 1416 1304 1489 gloriosissimus
1333 1432 1364 1474 a
1395 1419 1630 1474 secretis
1659 1418 1810 1473 dixit
1840 1435 1854 1471 :

216 1503 446 1558 Interim
479 1502 743 1574 legantur
765 1505 1001 1576 reliqua:
1018 1507 1195 1561 sancti
1236 1507 1431 1562 Basilii
1474 1506 1749 1577 epistolae.

280 1590 609 1660 Stephanus
652 1594 1159 1649 reverendissimus
1195 1594 1500 1650 monachus
1542 1600 1597 1651 et
1639 1594 1862 1650 biblio—

216 1677 371 1733 theca
380 1678 507 1734 rius
524 1678 679 1750 legit.
703 1680 889 1736 Sancti
922 1682 1103 1737 Patris
1120 1683 1298 1738 nostri
1320 1682 1515 1738 Basilii
1536 1696 1603 1738 ex
1620 1682 1859 1753 epistola

1974 535 2252 578 COHVBI‘SI.

2040 610 2359 681 Stephanus
2401 612 2914 669 reverendissimus
2952 613 3233 669 diaconus
3274 616 3330 668 et
3361 613 3621 668 notarius

1971 700 2313 767 venerabilis
2364 702 2736 772 patriarchici
2782 702 2982 758 secreti
3024 702 3192 773 legit:

2040 789 2122 843 Ex
2189 790 2525 847 definitione
2595 797 2803 848 sancta:
2884 806 2949 846 ac
3028 790 3373 847 universalis
3440 789 3623 844 tertia:

1971 878 2171 948 synodi
2216 886 2413 935 contra
2456 880 2667 949 impios
2710 880 3105 948 Massalianos,
3154 880 3207 934 id
3251 885 3357 949 est,
3401 876 3623 932 Euchi-

1969 974 2088 1022 tas:

2040 1056 2265 1113 Placuit
2285 1058 2554 1113 omnibus
2571 1058 2758 1125 nobis,
2773 1073 2837 1112 ac
2848 1060 2961 1114 Deo
2972 1055 3619 1127 amabilibusepiscopis

1970 1145 2271 1201 Valeriano
2309 1153 2364 1203 et
2400 1147 2885 1218 Amphilochio,et
2918 1147 3145 1202 cunctis
3187 1144 3617 1216 Pamphylensis

1970 1237 2027 1289 et
2069 1235 2472 1305 Lycaoniensis
2510 1236 2933 1305 provinciarum
2962 1234 3457 1291 reverendissimis
3486 1234 3618 1304 epi-

1971 1324 2179 1395 scopis,
2225 1337 2339 1395 quo
2365 1325 2632 1380 universa
2665 1339 2789 1396 qua:
2820 1325 2878 1381 in
2910 1324 3179 1395 synodica
3208 1323 3469 1379 chartula
3497 1330 3622 1379 sta—

1970 1418 2095 1469 tuta
2112 1418 2266 1485 sunt,
2302 1416 2619 1486 teneantur,
2640 1420 2695 1470 et
2713 1413 3070 1484 praevaricari
3103 1413 3265 1468 nullo
3291 1413 3457 1468 modo
3487 1426 3624 1482 prae-

1970 1508 2292 1573 sumantur,
2311 1502 2493 1558 ﬁrmis
2509 1502 2773 1559 videlicet
2787 1502 3166 1559 existentibus
3182 1502 3353 1558 etiam
3386 1501 3478 1557 his
3497 1516 3620 1573 qua:

1970 1596 2125 1663 gesta
2156 1595 2292 1647 sunt
2323 1591 2695 1647 Alexandriae.
2734 1594 2927 1664 Itaque
2965 1592 3063 1663 qui
3098 1596 3233 1647 sunt
3260 1605 3359 1661 per
3396 1603 3618 1646 omnem

1971 1681 2324 1750 provinciam
2364 1696 2431 1738 ex
2475 1683 2990 1739 Massalianorum:
3045 1682 3102 1739 id
3146 1687 3234 1737 est
3267 1680 3619 1737 furiosorum

215 1766 279 1821 ad
320 1768 636 1825 Evaisenos
667 1770 840 1826 missa
868 1788 880 1824 :
915 1772 979 1826 lli
1013 1780 1198 1827 autem
1232 1786 1375 1843 quos
1410 1773 1590 1842 priori
1613 1786 1761 1828 anno
1790 1773 1860 1827 de
1887 1754 1940 1815 Β
1974 1766 2491 1843 [enthusiastarum
2521 1769 2539 1847 ]
2572 1773 2796 1845 hzcresi,
2824 1777 2925 1829 aut
2954 1773 3004 1829 si
3040 1772 3289 1843 suSpecti
3318 1771 3619 1833 habentur,

213 1854 439 1911 Galatia
474 1858 879 1929 accersierunt,
928 1874 1039 1930 quo
1083 1875 1180 1930 per
1212 1875 1308 1917 eos
1334 1866 1561 1931 possent
1593 1860 1857 1916 fiduciam

214 1943 587 2013 episcopatus
637 1947 911 2019 accipere,
959 1950 1098 2005 tales
1140 1955 1293 2017 sunt,
1338 1949 1535 2020 quales
1586 1952 1865 2004 noverunt

214 2032 325 2103 illi,
362 2033 466 2103 qui
500 2034 569 2089 ad
598 2036 879 2091 modicum
913 2038 1140 2107 quidem
1173 2039 1439 2094 exstitere
1468 2052 1596 2093 cum
1623 2038 1762 2093 illis.
1796 2038 1864 2093 Et

214 2129 341 2192 post
370 2135 557 2191 pauca
584 2140 596 2176 :
630 2124 688 2179 Si
731 2138 860 2180 vero
890 2126 1113 2199 dicunt,
1140 2128 1277 2198 quia
1309 2127 1697 2198 paenitentiam
1728 2140 1865 2199 ege-

214 2215 371 2280 runt,
420 2212 726 2268 ostendant
769 2212 828 2267 in
873 2216 1106 2286 scriptis
1145 2216 1536 2287 pmnitentiam
1584 2229 1767 2286 suam,
1808 2219 1864 2270 et

213 2298 692 2354 anathematisma
754 2301 1395 2375 Constantinopolitanae
1448 2305 1601 2375 ﬁdei,
1662 2310 1718 2360 et
1769 2317 1866 2358 se—

216 2387 571 2457 parationem
598 2390 689 2445 sui
719 2390 790 2446 ab
816 2392 1099 2448 haereticis
1125 2411 1138 2447 :
1175 2397 1230 2450 et
1247 2408 1357 2451 non
1383 2396 1676 2467 decipiant
1701 2408 1866 2466 quos

217 2490 326 2546 que
374 2476 781 2546 simpliciores.
821 2482 1082 2551 Ejusdem
1127 2497 1194 2539 ex
1222 2484 1463 2554 epistola
1491 2486 1558 2542 ad
1599 2484 1868 2540 Occiden-

219 2564 358 2619 tales
386 2565 609 2622 directa
642 2585 655 2621 :
696 2569 796 2624 Est
830 2570 1011 2641 igitur
1052 2586 1203 2628 unus
1229 2587 1447 2644 eorum,
1495 2573 1593 2644 qui
1628 2573 1864 2629 multam

221 2652 385 2708 nobis
412 2653 717 2711 tristitiam
758 2655 1194 2732 fabricaverunt,
1227 2662 1564 2718 Eustathius
1600 2662 1868 2718 videlicet

223 2754 284 2795 ex
307 2740 569 2799 Sebastia
601 2744 841 2800 minoris
866 2746 1144 2804 Armenia:
1179 2751 1461 2821 proditus,
1496 2752 1593 2822 qui
1627 2752 1764 2807 olim
1797 2751 1867 2806 ab

223 2827 352 2884 Ario
380 2830 613 2903 doctus,
647 2834 871 2903 quando
902 2835 1229 2905 proﬁciebat
1260 2839 1318 2894 in
1360 2839 1723 2909 Alexandria,
1758 2854 1869 2896 ma-

220 2916 403 2989 lignas
442 2926 643 2975 contra
683 2921 1047 2993 Unigenitum
1085 2940 1425 2997 componens
1459 2929 1863 3001 blasphemias,

218 3007 567 3077 sequebatur
596 3008 786 3081 illum,
810 3018 865 3067 et
894 3012 990 3084 iis,
1014 3015 1112 3084 qui
1144 3015 1231 3070 illi
1261 3016 1463 3073 intima
1496 3019 1867 3091 germanitate

215 3095 597 3169 cohaerebant,
630 3098 939 3169 discipulis
956 3103 1079 3172 ejus
1107 3085 1565 3163 connumeratus.
1611 3110 1866 3180 Denique
1894 3085 1944 3151 Ο

210 3184 283 3239 ad
317 3186 732 3242 conscientiam
764 3189 990 3246 rediens
1013 3187 1151 3265 [Gr.,
1178 3194 1246 3249 ad
1280 3208 1381 3250 sua
1409 3195 1709 3272 reversus],
1743 3198 1867 3254 bea-

206 3273 444 3329 tissimo
464 3275 736 3345 episcopo
749 3278 1080 3351 Hermogeni
1110 3281 1464 3357 Caesariensi,
1498 3299 1531 3341 a
1561 3300 1674 3357 quo
1695 3301 1866 3358 super

207 3362 468 3433 maligna
530 3364 803 3433 opinione
856 3381 958 3423 sua
1008 3369 1397 3443 judicabatur,
1457 3372 1863 3443 professionem

204 3447 349 3505 fecit
386 3464 544 3506 sana:
570 3451 704 3508 ﬁdei
744 3471 757 3506 :
783 3460 839 3510 et
860 3455 939 3511 ita
967 3460 1389 3516 consecratione
1414 3461 1484 3516 ab
1517 3461 1641 3533 ipso
1664 3480 1867 3521 susce—

200 3543 322 3607 pta,
386 3540 737 3596 Eustathius
766 3549 895 3612 post
957 3544 1122 3601 illius
1178 3547 1581 3606 dormitionem
1638 3567 1766 3608 mox
1792 3554 1862 3608 ad

198 3625 911 3698 Constantinopolitanum
930 3635 1185 3690 cucurrit
1214 3637 1544 3709 Eusebium,
1578 3641 1868 3697 nihilomi-

202 3727 321 3769 nus
381 3722 439 3771 et
483 3716 678 3786 ipsum
729 3718 971 3789 impium
1026 3723 1227 3795 dogma
1276 3725 1400 3780 Arii
1443 3727 1860 3796 praedicantem.

198 3802 429 3858 Deinde
447 3803 617 3859 illinc
633 3804 705 3861 ob
721 3806 972 3877 aliquam
1001 3824 1227 3867 causam
1260 3815 1586 3886 propulsus,
1614 3831 1742 3872 cum
1764 3832 1868 3873 ve—

202 3891 397 3946 nisset
424 3893 495 3947 ad
558 3896 969 3963 compatriotas
1008 3914 1161 3971 suos,
1192 3915 1250 3956 se
1278 3902 1506 3959 interim
1537 3906 1862 3977 excusavit;

200 3986 262 4034 et
280 3980 534 4050 impium
553 3983 786 4052 quidem
814 3999 1040 4043 sensum
1068 3991 1379 4065 occultans,
1406 3994 1704 4051 verborum
1733 4011 1868 4066 quo-

202 4069 478 4124 rumdam
520 4071 923 4130 rectitudinem
955 4078 1301 4135 ostentabat:
1343 4085 1399 4136 et
1430 4089 1719 4154 utcunque
1749 4099 1870 4155 per-

200 4161 375 4226 cepto
391 4158 752 4229 episcopatu,
775 4162 1037 4231 protinus
1053 4172 1302 4240 apparet,
1332 4171 1866 4227 anathematismum

200 4244 515 4301 Homousii
537 4247 597 4302 in
630 4249 872 4322 collegio
896 4255 1045 4323 quod
1077 4254 1147 4309 ab
1176 4257 1262 4312 eis
1290 4259 1438 4328 apud
1467 4259 1745 4330 Ancyram
1777 4259 1871 4316 fa—

201 4339 367 4389 ctum
400 4342 510 4407 est,
543 4339 945 4409 conscripisse.
979 4343 1193 4400 Deinde
1233 4361 1362 4402 cum
1392 4348 1705 4404 Seleuciam
1735 4364 1870 4420 per-

1972 1861 2123 1929 quod
2149 1860 2478 1930 hujusmodi
2511 1846 2811 1934 languoris
2836 1864 3103 1933 existant,
3123 1862 3241 1917 sive
3266 1862 3459 1917 clerici
3481 1861 3619 1932 sint,

1974 1948 2093 2005 sive
2124 1948 2277 2017 laici,
2316 1958 2645 2022 remeantes,
2681 1958 2736 2007 et
2778 1951 3320 2007 anathematizantes
3366 1950 3424 2005 in
3467 1950 3624 2005 scri—

1974 2039 2091 2108 ptis
2128 2040 2439 2095 secundum
2486 2054 2548 2095 ea
2594 2055 2719 2110 qua:
2768 2041 2825 2095 in
2865 2041 2980 2109 jam
3017 2036 3320 2094 memorata
3351 2037 3619 2108 synodica

1976 2128 2171 2183 charta
2201 2128 2559 2200 promulgata
2589 2133 2742 2197 sunt,
2779 2133 3041 2183 maneant
3070 2127 3265 2182 clerici
3296 2127 3527 2197 quidem
3560 2126 3617 2180 in

1972 2215 2144 2284 clero,
2176 2217 2308 2273 laici
2347 2231 2479 2272 vero
2521 2218 2579 2272 in
2620 2217 3018 2273 communione
3047 2215 3329 2272 Ecclesiae.

2043 2306 2245 2362 Petrus
2277 2306 2786 2361 reverendissimus
2815 2306 2992 2361 lector
3014 2311 3070 2361 et
3105 2304 3366 2361 notarius
3396 2315 3619 2359 venera—

1974 2393 2115 2449 bilis
2151 2395 2522 2465 patriarchici
2555 2395 2756 2451 secreti
2791 2395 2964 2466 legit:

2045 2484 2238 2539 Sancti
2281 2484 2465 2539 Patris
2491 2484 2671 2540 nostri
2702 2484 2903 2554 Cyrilli
2922 2482 3341 2552 archiepiscopi
3368 2481 3621 2537 Alexan—

1974 2572 2117 2627 driae
2160 2574 2405 2629 Maximo
2436 2573 2676 2630 diacono
2704 2573 3059 2629 Antiocheno
3097 2569 3616 2627 commonitorium.

2045 2662 2237 2717 Didici
2265 2676 2296 2717 a
2326 2662 2621 2734 diligendo
2654 2662 2795 2718 mihi
2828 2662 3003 2717 Paulo
3033 2661 3328 2732 monacho,
3358 2660 3495 2730 quia
3525 2672 3624 2714 re—

1975 2757 2138 2807 cusat
2163 2752 2344 2821 pietas
2373 2757 2469 2808 tua
2503 2766 2684 2823 usque
2704 2752 2871 2808 hodie
2900 2750 3355 2807 communionem
3375 2762 3624 2805 reveren-

1978 2839 2209 2896 dissimi
2237 2840 2491 2911 episc0pi
2522 2840 2757 2897 Joannis
2784 2839 3071 2910 amplecti,
3103 2853 3203 2909 pro
3228 2852 3294 2894 eo
3320 2837 3468 2908 quod
3497 2836 3624 2907 qui-

1976 2929 2105 2986 dam
2142 2929 2200 2984 in
2226 2928 2578 2985 Antiochena
2597 2928 2849 2984 Ecclesia
2882 2928 3024 2983 male
3052 2927 3239 2983 adhuc
3269 2940 3398 2981 cum
3416 2927 3624 2981 Nesto—

1978 3019 2066 3074 rio
2090 3018 2175 3073 vel
2207 3018 2478 3089 sentiant,
2511 3019 2595 3074 vel
2622 3019 2739 3088 jam
2771 3018 3055 3074 senserint
3091 3016 3342 3087 quidem,
3371 3015 3467 3071 sed
3499 3012 3626 3070 for-

1975 3107 2125 3164 sitan
2158 3106 2523 3177 resipuerint.
2554 3107 2755 3164 Probet
2781 3107 2961 3179 igitur
2988 3106 3263 3162 modestia
3288 3112 3405 3177 tua,
3427 3112 3621 3160 utrum

1974 3194 2394 3269 (aliquando)hi
2417 3197 2514 3267 qui
2537 3195 3046 3267 dicunturcolligi,
3063 3195 3213 3250 nude
3229 3208 3293 3249 ac
3317 3194 3626 3249 irreveren-

1974 3279 2061 3342 ter
2089 3300 2218 3340 cum
2244 3286 2505 3341 Nestorio
2542 3285 2809 3357 sentiant,
2843 3292 2897 3340 et
2916 3284 3156 3339 invicem
3182 3282 3617 3353 colloquantur:

1973 3375 2060 3430 vel
2089 3372 2400 3443 aliquando
2442 3373 2811 3428 cauteriatam
2844 3372 3153 3427 habuerint
3185 3371 3617 3440 conscientiam,

1974 3461 2330 3532 colliguntur
2345 3464 2531 3515 autem
2556 3475 2708 3515 nunc
2734 3465 2856 3515 acta
2888 3459 3221 3529 paenitentia
3238 3472 3410 3527 super
3424 3458 3533 3527 his,
3560 3458 3620 3512 in

1975 3550 2191 3622 quibus
2242 3548 2499 3619 subrepti
2553 3554 2707 3620 sunt,
2763 3547 3025 3618 quamvis
3070 3545 3327 3602 conﬁteri
3382 3544 3622 3600 fortasse

1976 3643 2337 3695 revereantur
2352 3651 2664 3693 excessum.
2684 3636 2966 3692 Accidunt
2990 3635 3142 3690 enim
3169 3632 3425 3704 qumdam
3446 3632 3621 3702 hujus

1976 3728 2127 3783 modi
2161 3726 2283 3782 ﬁeri
2315 3727 2466 3782 circa
2495 3725 2777 3796 deceptos.
2811 3724 2889 3780 Ac
2924 3724 2974 3780 si
3006 3738 3102 3779 eos
3131 3721 3323 3778 videas
3365 3736 3516 3777 nunc
3549 3720 3618 3776 ad

1977 3824 2180 3871 rectam
2231 3828 2570 3883 concurrere
2606 3815 2792 3885 ﬁdem,
2843 3828 2910 3869 ne
2952 3825 3287 3869 succenseas
3326 3812 3413 3866 eis
3451 3824 3624 3880 super

1976 3902 2069 3959 his
2098 3917 2223 3974 qua:
2249 3902 2619 3959 transierunt.
2662 3903 2939 3959 Volumus
2975 3901 3128 3957 enim
3167 3914 3264 3955 eos
3293 3899 3475 3971 magis
3500 3896 3626 3953 illo-

1976 4006 2102 4048 rum
2154 3992 2522 4063 abnegatores
2578 3991 2789 4062 videre,
2850 4003 3017 4061 quam
3060 3987 3389 4044 irreverenti
3441 3991 3625 4041 mente

1974 4081 2275 4136 advocatos
2344 4080 2730 4150 nequitiarum
2782 4093 2903 4134 esse
2977 4077 3246 4134 Nestorii.
3309 4077 3381 4132 Ut
3433 4081 3624 4131 autem

1976 4182 2092 4223 non
2165 4167 2513 4223 aestimemur
2566 4181 2754 4223 amare
2825 4166 3264 4237 contentionem,
3311 4165 3626 4235 amplecta-

1979 4272 2109 4313 mur
2139 4256 2596 4311 reverendissimi
2648 4255 2882 4311 Joannis
2911 4255 3387 4326 communionem,
3423 4251 3627 4309 indul-

1981 4353 2174 4418 gentes
2210 4345 2261 4401 ei
2294 4351 2349 4401 et
2392 4358 2563 4399 causa
2601 4344 3073 4415 dispensationis,
3107 4347 3173 4399 ut
3202 4357 3313 4398 non
3348 4341 3626 4398 subtilius

201 4423 487 4494 venisset,
534 4425 775 4495 scripsit
805 4442 917 4484 una
946 4444 1075 4486 cum
1120 4436 1515 4493 consentaneis
1558 4438 1699 4510 suis,
1735 4411 1872 4509 qua:
1895 4411 1953 4472 D
1981 4411 2067 4491 vel
2088 4435 2418 4490 districtius
2440 4447 2539 4489 seu
2564 4411 2956 4487 vehementius
2989 4411 3120 4503 erga
3146 4446 3205 4487 se
3231 4444 3627 4503 recognoscen-

199 4512 406 4567 cuncti
432 4520 673 4569 norunt.
692 4514 1180 4589 Constantinopoli
1204 4528 1390 4579 autem
1416 4525 1622 4581 iterum
1643 4527 1873 4598 hisque:

1983 4529 2068 4580 tes
2098 4529 2302 4593 agatur
2331 4541 2343 4577 :
2376 4512 2806 4591 dispensatione
2831 4520 3009 4591 enim,
3039 4519 3183 4575 sicat
3202 4518 3351 4589 dixi,
3378 4522 3503 4589 eget
3522 4532 3631 4572 ne-

202 4601 639 4668 praatenderant
676 4602 947 4676 hzeretici,
988 4611 1290 4682 consentit,
1332 4618 1388 4668 et
1416 4614 1608 4671 taliter
1635 4615 1705 4670 ab
1730 4617 1879 4686 epis-
1985 4611 2203 4684 gotium
2237 4610 2435 4666 multa.

201 4695 451 4758 scopatu
486 4690 819 4763 propulsus,
852 4708 954 4765 pro
990 4709 1056 4752 eo
1087 4699 1233 4767 quod
1278 4701 1554 4758 Melitena:
1582 4710 1745 4759 antea
1769 4705 1877 4760 de—

205 4780 442 4845 positus
506 4776 720 4849 fuerat,
766 4780 879 4836 sibi
926 4782 1035 4839 iter
1080 4787 1467 4845 restitutionis
1509 4792 1872 4864 excogitavit,

200 4866 376 4933 quasi
422 4866 529 4920 aad
571 4879 674 4921 vos
711 4868 1113 4937 proﬁciscens:
1162 4881 1217 4931 et
1251 4891 1374 4947 qua:
1418 4882 1572 4949 sunt,
1616 4894 1741 4950 qua:
1782 4881 1871 4937 illi

203 4964 237 5005 a
278 4951 634 5009 beatissimo
688 4955 955 5027 episc0po
998 4959 1221 5018 Liberio
1279 4964 1494 5022 intenta
1552 4963 1870 5045 [intentata]

204 5048 367 5130 sunt,
411 5049 472 5130 et
503 5055 634 5130 qua:
676 5055 759 5113 ea,
808 5059 932 5114 quae
974 5046 1095 5117 ipse
1148 5053 1469 5127 spopondit,
1506 5055 1870 5130 ignoramus;

206 5127 320 5183 nisi
351 5129 500 5199 quia
529 5128 836 5199 epistolam
867 5133 1073 5191 detulit
1122 5138 1508 5197 restituentem
1542 5157 1602 5199 se
1644 5163 1656 5198 :
1701 5127 1871 5216 quam

206 5217 522 5271 ostendens
568 5219 787 5287 synodo
839 5221 986 5289 apud
1027 5223 1272 5294 Tyanam
1341 5238 1705 5304 coegregataa,
1766 5250 1872 5291 suo

210 5306 528 5361 restitutus
568 5311 657 5362 est
687 5306 829 5363 loco.

280 5395 452 5449 Lecta
476 5400 563 5450 est
581 5400 771 5451 autem
802 5403 859 5453 et
874 5399 941 5455 ad
972 5400 1295 5461 Terentium
1326 5408 1588 5465 comitem
1618 5412 1870 5480 ejusdem

213 5481 402 5537 Patris
420 5483 609 5538 nostri
642 5484 907 5557 epistola,
942 5487 1003 5543 in
1032 5503 1143 5559 qua
1168 5492 1512 5564 signiﬁcavit
1543 5498 1690 5555 idem
1710 5501 1873 5557 Pater

284 5584 308 5610 ι
336 5571 489 5627 Illud
523 5575 693 5641 quasi
721 5573 1017 5632 redundat.

2053 4700 2318 4770 Ejusdem
2346 4698 2532 4753 Patris
2551 4699 2619 4754 ad
2658 4698 3017 4753 Gennadium
3046 4696 3435 4767 presbyterum
3460 4700 3517 4750 et
3543 4707 3628 4750 ar-

1983 4788 2442 4845 chimandritam.

2053 4878 2428 4934 Intentionem
2468 4878 2697 4947 quidem
2736 4876 3063 4932 reverentia:
3105 4881 3238 4946 tum,
3271 4888 3441 4946 quam
3475 4873 3629 4929 circa

1980 4968 2241 5024 divinum
2275 4966 2530 5036 possides
2559 4965 2800 5035 cultum,
2836 4979 2946 5021 non
2972 4979 3125 5020 nunc
3154 4970 3373 5021 tantum
3399 4963 3625 5035 agnovi,

1982 5057 2077 5113 sed
2109 5056 2179 5111 ab
2209 5055 2346 5111 olim
2375 5055 2642 5125 sciebam,
2667 5061 2722 5109 et
2762 5054 2930 5109 laudo
2961 5054 3315 5109 vehementer
3346 5067 3467 5108 eam
3498 5066 3628 5107 cum

1982 5152 2137 5202 tanta
2184 5145 2462 5201 volentem
2502 5144 2893 5200 districtionis
2933 5143 3238 5216 diligentia
3277 5143 3480 5199 vivere.
3523 5142 3627 5197 Sed

1980 5234 2440 5306 dispensationes
2486 5247 2675 5290 rerum
2722 5246 3129 5303 nonnunquam
3182 5238 3392 5304 cogunt
3429 5243 3628 5300 parum

1982 5324 2119 5394 quid
2145 5337 2176 5378 a
2195 5322 2387 5379 debito
2416 5323 2687 5393 quosdam
2712 5320 2865 5377 foras
2894 5322 3069 5394 exire,
3104 5328 3167 5378 ut
3197 5321 3380 5389 majus
3403 5317 3626 5388 aliquid

1983 5410 2364 5469 lucrifaciant.
2398 5412 2559 5467 Sicut
2579 5411 2731 5467 enim
2767 5410 2827 5466 hi
2852 5410 2951 5481 qui
2982 5424 3133 5465 mare
3164 5408 3451 5479 navigant,
3481 5411 3630 5459 tem—

1982 5503 2195 5573 pestate
2217 5504 2472 5573 urgente,
2511 5499 2755 5569 navique
2795 5498 3175 5569 periclitante,
3216 5492 3432 5549 anxiati
3467 5501 3627 5559 QUIB—
