4012 6162
425 241 533 302 223

1657 241 2019 300 ANASTASII
2063 239 2603 298 BIBLIOTHECARII

3724 236 3833 298 22‘

420 369 551 426 dam
591 375 900 426 exonerant
945 373 1011 427 ut
1033 373 1235 427 catera
1276 369 1431 428 salva
1463 375 1826 440 permaneant
1855 386 1869 422 :
1915 368 1996 423 ita
2019 369 2076 423 et
2100 366 2160 428 A
2188 366 2598 423 incrementum
2629 365 2963 437 impietatis.
2995 367 3298 437 Propterea
3327 344 3509 438 igitur
3525 364 3836 436 dispensa—

421 471 544 528 nos,
573 472 701 514 cum
735 472 846 514 non
891 457 1165 515 habemus
1198 460 1596 516 salvandorum
1627 458 1882 514 omnium
1913 469 2076 528 nego-

423 547 636 604 tiorum
660 548 894 619 penitus
918 549 1344 619 certitudinem,
1362 548 1715 620 despicimus
1731 561 1798 602 ex
1816 547 1908 603 his
1929 559 2076 617 qua-

419 638 570 708 dam,
629 651 698 692 ne
747 643 1084 694 cunctorum
1133 638 1420 710 patiamur
1475 637 1798 708 dispendia.
1845 638 1914 692 Et
1957 636 2074 691 hac

419 725 611 783 scribo
631 740 994 799 cognoscens,
1027 728 1175 799 quod
1207 728 1390 798 pietas
1420 734 1516 784 tua
1549 727 1814 784 tristetur
1854 727 1914 782 in
1947 739 2070 782 san-

419 815 743 872 ctissimum
765 822 820 872 et
847 817 947 872 Dei
970 817 1243 873 cultorem
1263 815 1494 874 fratrem
1533 821 1588 873 et
1612 815 2072 873 comministrum

423 912 682 962 nostrum
713 906 977 963 Proclum
1009 907 1362 978 episcopum,
1394 921 1460 963 eo
1501 907 1649 978 quod
1683 905 1982 963 admiserit
2012 904 2072 959 in
2163 949 2168 953 .

391 1027 397 1034 -
421 995 882 1052 communionem
899 995 1239 1052 Eliensium
1271 995 1648 1068 hegumenum
1674 989 2068 1069 [episcopum],

421 1097 590 1154 quem
624 1083 858 1154 quidem
887 1083 1153 1138 Ecclesia
1184 1083 1334 1155 leges
1357 1082 1671 1139 Palastina
1701 1083 2066 1152 prapositum

420 1185 532 1226 non
561 1177 862 1228 noverunt.
889 1171 1141 1228 Suscitat
1163 1177 1352 1228 autem
1382 1172 1451 1228 ad
1481 1169 1828 1226 infrunitum
1853 1169 2067 1242 negotii

419 1261 777 1317 desiderium
800 1274 962 1318 amor
982 1261 1182 1334 gloria
1201 1275 1456 1317 amarum
1479 1261 1787 1318 terminum
1821 1261 2070 1316 inaniter

421 1349 654 1406 habens.
689 1350 874 1422 Igitur
904 1364 972 1406 ne
1009 1349 1256 1422 refugiat
1297 1350 1480 1421 pietas
1501 1356 1598 1406 tua
1632 1350 1983 1406 sanctissimi
2015 1354 2070 1406 et

417 1440 530 1494 Deo
572 1439 957 1495 amantissimi
1011 1439 1194 1496 Procli
1256 1439 1510 1510 episcopi
1563 1439 2067 1507 communionem;

419 1527 706 1604 una'enim
738 1527 852 1584 fuit
880 1542 1019 1584 cura
1065 1529 1209 1585 mihi
1233 1535 1290 1584 et
1330 1529 1621 1585 sanctitati
1643 1529 1812 1599 ejus;
1857 1534 1914 1584 et
1941 1527 2074 1584 dis-

428 1617 790 1688 pensationis
822 1619 1026 1675 modus
1046 1619 1196 1675 nulli
1229 1619 1575 1690 sapientium
1603 1618 1926 1689 displicuit.

2184 455 2268 511 tio
2298 455 2452 511 circa
2474 455 2690 510 clerum
2717 453 2912 511 eﬁ‘ecta
2948 460 3054 526 est,
3087 461 3258 526 atque
3287 455 3380 510 his
3404 453 3516 532 qui.
3535 453 3759 525 decepti
3780 458 3836 510 et

2184 543 2300 600 vim
2327 543 2580 614 perpessi
2613 541 2860 614 fuerant,
2895 541 3254 616 indulgentia
3291 543 3509 600 tributa
3541 543 3830 600 consistit.

2182 632 2309 687 Hac
2358 635 2416 688 et
2466 631 2654 687 Roma
2699 631 2932 702 scripta,
2982 636 3038 687 et
3075 645 3110 688 a
3151 632 3531 688 Romanorum
3578 631 3835 687 Ecclesia

2183 723 2320 776 sunt
2345 725 2588 790 recepta,
2619 720 2737 776 hac
2769 724 2826 776 ct
2851 720 3178 776 reverentia
3208 725 3320 778 tua
3339 720 3605 792 signiﬁco
3632 719 3832 791 ﬁdens,

2183 809 2334 881 quod
2374 823 2438 866 ea
2469 823 2595 880 qua
2623 809 2934 880 approbata
2963 813 3118 883 sunt,
3161 811 3344 881 pietas
3374 814 3473 866 tua
3529 809 3830 880 suscipiet.

2251 896 2464 954 Sabbas
2505 902 2563 954 et
2591 898 2692 968 qui
2737 911 2868 954 cum
2896 899 3021 968 ipso
3061 898 3526 955 reverendissimi
3567 897 3835 954 monachi

2180 985 2490 1044 dixerunt:
2519 987 2642 1042 Non
2682 991 2768 1042 est
2797 1001 2904 1043 vox
2933 985 3235 1043 Athanasii
3263 992 3506 1057 tantum,
3530 984 3629 1044 sed
3657 991 3718 1043 et
3737 1002 3841 1057 sy-

2181 1075 2478 1131 nodorum.
2513 1077 2650 1130 Nam
2683 1074 2831 1130 idem
2862 1076 3026 1132 Pater
3053 1077 3220 1147 dicit,
3247 1077 3386 1147 quia
3416 1081 3474 1132 et
3509 1075 3754 1132 Romani
3783 1081 3842 1130 et

2177 1165 2360 1221 Graci
2393 1169 2765 1235 receperunt:
2799 1171 2856 1222 et
2895 1167 3118 1237 deﬁnit,
3164 1171 3228 1222 ut
3269 1180 3339 1222 ex
3377 1166 3579 1222 haresi
3612 1179 3845 1222 conver-

2179 1253 2230 1309 si
2279 1254 2634 1324 recipiantur
2668 1257 2899 1324 quidem
2929 1255 2998 1312 ad
3029 1255 3444 1326 paenitentiam,
3485 1268 3600 1312 non
3645 1259 3840 1312 tamen

2177 1341 2246 1398 ad
2284 1344 2600 1402 sacerdotia
2628 1345 3025 1403 admittantur.

2249 1430 2521 1489 Tarasius
2550 1435 2953 1492 sanctissimus
2997 1432 3325 1504 patriarcha
3367 1432 3551 1488 dixit:
3598 1434 3727 1488 Non
3767 1432 3845 1488 de

2180 1520 2336 1575 omni
2371 1535 2640 1580 converso
2674 1523 2940 1580 haretico
2985 1523 3134 1578 idem
3177 1523 3342 1578 Pater
3375 1521 3614 1577 minime
3651 1521 3840 1576 susci-

2185 1607 2390 1676 piendo
2426 1611 2746 1682 denuntiat,
2779 1613 2876 1668 sed
2925 1611 2996 1668 de
3036 1609 3402 1680 principibus
3441 1609 3745 1679 hareseos,
3787 1614 3847 1665 et

493 1706 596 1762 His
626 1706 789 1763 lectis
823 1709 1086 1764 monachi
1116 1708 1426 1778 dixerunt;
1461 1707 1519 1763 Si
1555 1707 1719 1777 jubet
1743 1713 1936 1764 sancta
1975 1721 2078 1777 sy—
2105 1695 2158 1756 Β
2185 1695 2278 1751 his
2307 1697 2406 1768 qui
2429 1699 2634 1755 vitiose
2654 1705 2824 1770 atque
2852 1699 3157 1755 aﬁ'ectuose
3175 1696 3366 1754 verbis
3401 1698 3633 1768 quidem
3663 1699 3851 1754 simu-

423 1797 633 1868 nodus,
678 1796 949 1854 aﬁeratur
1010 1799 1080 1854 ad
1125 1797 1492 1854 Ruﬁnianum
1550 1797 1832 1854 destinata
1893 1797 2073 1853 sancti

344 1897 346 1900 '
416 1884 716 1941 Athanasii
743 1886 986 1956 epistola
1013 1891 1068 1942 et
1098 1886 1328 1959 legatar.

493 1973 698 2032 Sancta
737 1976 990 2046 synodus
1024 1976 1208 2032 dixit:
1256 1976 1382 2032 Fiat
1417 1977 1620 2046 petitio
1660 1977 2078 2034 reverendissi-

428 2075 650 2117 morum
682 2064 1108 2120 monachorum.
1635 2105 1639 2109 ι

490 2150 815 2222 Stephanus
838 2153 1148 2223 pradictus
1186 2154 1521 2228 monachus,
1550 2154 1764 2211 habens
1803 2169 1918 2226 pra
1948 2169 2077 2212 ma-

421 2238 590 2296 nibas
619 2239 856 2312 librum,
891 2241 1076 2314 legit:
1261 2255 1265 2260 ·
1343 2261 1348 2268 ν
1405 2230 1408 2234 ’

485 2426 494 2434 ,
557 2365 747 2441 Sancti
803 2365 1104 2422 Athanasii
1158 2370 1386 2438 epistola
1439 2371 1515 2424 ad
1556 2371 1924 2440 Ruﬁnianum.

492 2491 984 2548 Dominiodilecto
999 2495 1466 2552 etamantissimo
1497 2496 1892 2552 comministro
1921 2498 2072 2554 Ruﬁ-

421 2579 595 2636 niano
618 2579 971 2638 Athanasius
1017 2583 1076 2638 in
1107 2583 1348 2640 Domino
1377 2584 1637 2640 salutem.

490 2671 561 2726 Et
583 2675 709 2740 post
733 2671 868 2726 alia.

494 2755 774 2826 Quoniam
796 2775 987 2821 amore
1012 2761 1288 2820 bonitatis
1306 2768 1363 2820 et
1388 2763 1790 2821 ecclesiastica
1825 2764 2073 2820 institu-

419 2846 600 2903 tionis
644 2845 770 2920 (hoc
818 2851 971 2907 enim
1022 2865 1212 2908 revera
1265 2853 1424 2909 decet
1479 2853 1850 2910 reverentiam
1895 2852 2072 2924 tuam)

424 2934 793 3008 interrogasti
839 2939 909 2996 de
950 2940 1062 3008 his,
1097 2941 1194 3011 qui
1227 2947 1456 3012 propter
1495 2943 1887 2998 necessitatem
1933 2941 2074 2998 abs—

2185 1786 2307 1842 lant
2335 1788 2629 1844 veritatem
2653 1789 2712 1844 in
2735 1787 3519 1860 prasentiaorthodoxorum,
3552 1787 3614 1842 in
3653 1792 3849 1843 mente

2183 1878 2371 1930 autem
2410 1877 2674 1947 nequiter
2717 1883 3044 1948 operantur.
3099 1878 3305 1933 Verum
3353 1876 3577 1948 legatur
3628 1875 3848 1932 iterum

2182 1963 2376 2020 eadem
2397 1965 2466 2020 ad
2488 1965 2857 2024 Ruﬁnianum
2887 1967 3062 2023 missa
3082 1966 3333 2037 ejusdem
3367 1966 3552 2022 Patris
3570 1965 3846 2036 epistola.

2181 2053 2434 2125 Cumque
2491 2055 2772 2128 legeretur
2801 2056 2963 2113 locus
3019 2056 3120 2127 qui
3149 2055 3332 2112 dicit:
3369 2057 3452 2112 Ita
3510 2060 3576 2112 ut
3606 2055 3702 2110 bis
3733 2055 3846 2126 qui

2181 2141 2396 2197 cadunt
2415 2145 2470 2197 et
2482 2147 2735 2212 prasunt
2757 2143 3062 2216 impietati,
3094 2143 3428 2216 ignoscatur
3447 2143 3682 2214 quidem
3705 2155 3848 2199 cum

2185 2231 2577 2310 panitentiam
2603 2233 2904 2304 gesserint,
2937 2247 3050 2289 non
3079 2237 3270 2290 autem
3294 2232 3543 2288 ulterius
3563 2231 3730 2289 locus
3749 2233 3848 2289 eis

2180 2323 2350 2378 detur
2379 2323 2440 2377 in
2469 2321 2637 2378 clero.
2663 2322 2768 2378 llis
2794 2327 2984 2378 autem
3013 2322 3112 2392 qui
3161 2326 3425 2378 auctores
3464 2336 3576 2378 non
3599 2320 3851 2379 fuerunt

2183 2411 2518 2482 impietatis,
2538 2411 2633 2466 sed
2658 2425 2756 2482 per
2777 2411 3170 2467 necessitatem
3192 2411 3374 2466 etvim
3396 2409 3848 2484 abstrahuntur,

2183 2497 2400 2568 placuit
2447 2503 2512 2554 ut
2562 2499 2726 2556 venia
2772 2500 2960 2570 detur,
3013 2505 3070 2555 et
3115 2498 3362 2555 habeant
3409 2498 3548 2555 cleri
3598 2499 3793 2556 locum
3830 2521 3848 2572 ;

2181 2589 2424 2644 maxime
2469 2601 2598 2644 cum
2628 2588 3051 2645 excusationem
3083 2587 3507 2658 persuasoriam
3546 2588 3847 2646 dederint.

2249 2662 2727 2732 Reverendissimi
2783 2675 3044 2732 monachi
3092 2675 3422 2732 dixerunt:
3483 2677 3624 2732 Ecce
3681 2677 3850 2735 sicut

2182 2765 2572 2836 praediximus,
2607 2763 2702 2820 hic
2740 2769 2974 2821 sanctus
3009 2765 3173 2821 Pater
3202 2777 3315 2820 non
3359 2765 3606 2836 suscipit
3653 2765 3717 2822 in
3757 2779 3854 2822 sa-

2180 2853 2497 2910 cerdotium
2519 2867 2616 2910 eos
2645 2852 2745 2924 qui
2776 2851 2848 2908 ab
2881 2851 3081 2908 haresi
3113 2857 3544 2926 convertuntur,

2230 2943 2522 2998 ’I‘arasius
2559 2941 2962 2998 sanctissimus
2991 2941 3317 3012 patriarcha
3338 2942 3491 2998 dixit
3520 2963 3534 2998 :
3593 2945 3718 3000 Non
3752 2953 3853 3002 est

419 3024 588 3079 tracti
630 3038 740 3081 non
789 3032 899 3082 tam
934 3028 992 3083 in
1039 3029 1148 3084 ﬁde
1179 3030 1326 3085 mala
1366 3031 1624 3101 corrupti
1655 3037 1790 3087 sunt
1823 3049 1839 3101 ;
1883 3037 1940 3086 et
1966 3043 2074 3086 vo-
2102 3019 2149 3080 C
2185 3031 2286 3102 ita,
2319 3037 2382 3088 ut
2413 3030 2746 3102 intelligitis
2776 3047 2789 3083 :
2824 3029 3074 3101 denique
3101 3031 3267 3086 Pater
3294 3045 3392 3087 eos
3434 3032 3535 3103 qui
3573 3040 3852 3091 auctores

417 3110 584 3168 luisti
613 3114 864 3172 scribere
894 3130 980 3172 me
1017 3131 1142 3189 qua
1177 3118 1299 3175 visa
1339 3123 1476 3174 sunt
1508 3119 1744 3191 synodis
1771 3125 1829 3176 et
1857 3119 2074 3190 ubique

415 3201 488 3256 de
539 3200 680 3257 illis.
739 3203 914 3274 Scito,
963 3205 1195 3263 domine
1240 3207 1317 3263 mi
1362 3208 1776 3278 amantissime,
1827 3208 1962 3280 quia
2011 3208 2072 3264 in

417 3288 737 3358 primordio
759 3292 990 3362 quidem
1015 3300 1270 3350 cessante
1303 3296 1381 3362 vi,
1411 3311 1536 3366 qua
1561 3295 1707 3353 facta
1753 3296 2070 3370 exstiterat,

418 3377 702 3436 celebrata
735 3387 823 3436 est
856 3383 1110 3452 synodus
1139 3385 1518 3454 prasentibus
1541 3386 1714 3442 etiam
1754 3391 1811 3442 et
1841 3387 2075 3457 episco-

415 3465 529 3535 pis,
561 3467 661 3538 qui
690 3470 941 3538 partium
972 3476 1134 3528 erant
1163 3487 1360 3530 eorum
1390 3470 1603 3548 [earum
1622 3475 1768 3550 qua]
1797 3479 1898 3548 qui
1930 3476 2073 3534 foris

414 3560 567 3611 sunt.
645 3556 811 3614 Facta
879 3565 966 3616 est
1026 3569 1215 3617 autem
1278 3568 1335 3618 et
1387 3577 1559 3632 penes
1623 3565 2070 3638 comministros,

417 3645 517 3716 qui
565 3647 841 3703 Graciam
885 3649 1196 3721 habitant;
1252 3665 1422 3720 porro
1475 3653 1860 3710 nihilominus
1906 3659 1964 3710 et
2001 3656 2074 3712 ab

415 3735 510 3791 his
561 3735 659 3806 qui
710 3736 770 3792 in
809 3737 1083 3807 Hispania
1125 3747 1180 3796 et
1222 3739 1412 3796 Gallia
1454 3747 1638 3812 sunt;
1679 3747 1735 3798 et
1777 3745 1928 3814 quod
1978 3745 2074 3801 hic

414 3822 651 3892 placuit,
685 3829 742 3880 et
767 3819 1014 3895 ubique:
1051 3827 1130 3882 ita
1159 3834 1222 3882 ut
1253 3828 1347 3884 his
1377 3829 1477 3898 qui
1501 3829 1714 3886 cadunt
1733 3837 1790 3887 et
1820 3838 2074 3902 prasunt

415 3909 718 3981 impietati,
755 3913 1084 3984 ignoscatur
1107 3915 1337 3986 quidem
1372 3931 1502 3974 cum
1531 3921 1924 3990 panitentiam
1955 3935 2074 3994 ges.

425 4001 628 4070 serint,
662 4015 771 4056 non
802 4009 987 4058 autem
1030 4004 1277 4061 ulterius
1299 4006 1386 4062 eis
1414 4007 1575 4065 locus
1598 4009 1766 4066 detur
1795 4011 1852 4065 in
1879 4011 2064 4067 clero:

416 4089 510 4145 his
539 4095 728 4146 autem
771 4091 872 4162 qui
915 4099 1176 4152 auctores
1205 4109 1317 4152 non
1346 4095 1563 4154 fuerint
1592 4099 1927 4171 impietatis,
1969 4101 2064 4158 sed

414 4191 516 4249 per
555 4181 950 4236 necessitatem
998 4188 1056 4240 et
1105 4184 1220 4240 vim
1267 4185 1703 4259 abstrahuntur,
1746 4189 1964 4260 placuit
2002 4195 2067 4247 ut

411 4268 576 4324 venia
627 4269 818 4340 detur,
848 4278 904 4328 et
949 4273 1190 4330 habeant
1217 4275 1356 4346 cleri
1407 4275 1631 4346 locum;
1662 4279 1904 4336 maxime
1932 4293 2062 4338 cum

2185 3119 2420 3174 minime
2437 3117 2652 3175 fuerint
2688 3119 3023 3190 impietatis,
3047 3119 3262 3190 quique
3280 3121 3446 3177 tracti
3469 3127 3527 3177 et
3546 3122 3658 3177 vim
3684 3125 3850 3192 passi

2183 3212 2340 3276 sunt,
2377 3207 2585 3278 recipit
2607 3207 2666 3263 in
2689 3207 3110 3264 sacerdotium:
3145 3208 3410 3285 pralatos
3441 3209 3526 3264 vel
3549 3197 3851 3282 genitores

2182 3297 2462 3352 hareseos
2495 3295 2552 3350 in
2585 3294 2969 3352 sacerdotium
3003 3308 3116 3351 non
3146 3294 3386 3352 admisit
3422 3315 3438 3367 ;
3470 3296 3612 3353 bene
3643 3298 3755 3354 hoc
3789 3305 3852 3356 et

2182 3385 2395 3455 optime
2433 3389 2602 3454 atque
2635 3383 2960 3452 justissime
2997 3381 3308 3454 proferens.
3349 3386 3419 3440 Et
3456 3389 3611 3442 certo
3655 3388 3852 3456 quin—

2185 3473 2348 3544 quies
2372 3473 2642 3528 victorem
2663 3477 2923 3527 sanctum
2953 3469 3330 3528 Athanasium
3366 3475 3526 3528 novit
3561 3474 3846 3542 Ecclesia,

2183 3560 2450 3632 quoniam
2482 3565 2540 3615 et
2559 3561 2791 3616 Romam
2822 3557 3148 3630 frequenter
3167 3560 3470 3633 impulsus,
3503 3567 3559 3618 et
3591 3562 3846 3634 ignobili

2183 3645 2404 3723 fuga[z'd
2421 3653 2519 3720 est,
2547 3648 2706 3718 turpi
2735 3645 3032 3724 eje'ctione]
3055 3663 3089 3704 a
3112 3650 3438 3720 prapositis
3463 3649 3691 3708 Arianae
3715 3653 3849 3708 ha-

2184 3751 2371 3794 reseos
2399 3741 2486 3793 est
2523 3735 2776 3807 abactus,
2809 3741 2867 3792 et
2903 3751 3034 3794 cum
3065 3751 3327 3794 reversus
3363 3739 3638 3796 ecclesias
3677 3740 3849 3797 obti-

2182 3827 2424 3898 nuisset,
2467 3826 2659 3882 hostes
2695 3825 2749 3880 ei
2791 3825 3176 3898 adhaerebant,
3211 3828 3530 3884 secundum
3579 3833 3845 3900 tempora

2179 3916 2533 3974 commutati.
2593 3914 2829 3984 Quando
2892 3920 3082 3972 autem
3149 3916 3510 3986 accipiebant
3568 3917 3845 3976 ﬁduciam

2181 4007 2284 4064 illo
2339 4006 2690 4077 abscedente,
2731 4005 2800 4060 ad
2858 4004 3106 4074 priorem
3157 4004 3418 4062 haresim
3452 4007 3736 4080 redibant,
3784 4015 3848 4064 et

2179 4095 2630 4166 persecutionem
2660 4098 2858 4150 contra
2884 4093 3010 4162 pios
3035 4093 3478 4150 commovebant.
3519 4096 3589 4150 Et
3615 4095 3846 4154 idcirco

2164 4187 2433 4243 eumdem
2465 4183 2686 4240 astimo
2708 4181 2901 4238 dicere
2938 4183 3178 4252 Patrem,
3217 4196 3298 4238 ne
3316 4183 3654 4253 hujusmodi
3699 4185 3848 4241 reci-

2175 4281 2445 4346 perentur
2487 4274 2546 4329 in
2577 4270 2978 4328 sacerdotium.
3013 4271 3151 4324 Nam
3185 4278 3512 4342 perceperat
3542 4277 3654 4329 tam
3691 4274 3840 4346 ipse,

409 4359 832 4416 excusationem
877 4343 1590 4430 persuasoriam'dederint
1621 4343 1634 4420 ξ
1668 4372 1725 4422 et
1753 4367 1972 4438 placuit
2003 4371 2059 4428 id
2087 4361 2142 4423 D
2175 4343 2345 4434 quam
2377 4362 2568 4418 caeteri
2608 4358 2912 4417 OPthOdOXi
2945 4357 3016 4412 ab
3049 4350 3172 4413 illis
3205 4359 3540 4417 SiBViSSima-

406 4445 826 4518 dispensatorie
856 4449 998 4506 ﬁeri.
1032 4451 1426 4508 Firmaverunt
1459 4455 1789 4526 enimIquod
1818 4471 1927 4514 non
1961 4459 2064 4515 mi-

407 4542 668 4606 grassent
691 4539 760 4594 ad
790 4539 1140 4610 impietatem
1175 4558 1188 4594 :
1226 4555 1294 4597 ne
1315 4547 1504 4598 autem
1544 4544 1796 4607 ordinati
1825 4546 2060 4616 quidam

408 4623 744 4693 impiissimi
773 4628 1504 4702 ecclesiascorrumperent,
1540 4631 1835 4705 elegerunt
1867 4636 2062 4705 potius

405 4728 744 4772 concurrere
776 4717 1082 4788 violentia,
1103 4722 1160 4774 et
1203 4723 1426 4790 portare
1457 4721 1697 4793 pondus,
1731 4737 1899 4794 quam
1926 4737 2064 4794 per—

404 4804 537 4860 dere
585 4805 842 4874 populos.
893 4808 1006 4862 Hoc
1046 4813 1233 4864 autem
1288 4813 1714 4882 prosequentes,
1746 4811 1857 4867 visi
1907 4817 2065 4868 sunt-

404 4893 576 4949 etiam
629 4893 797 4950 nobis
852 4898 1213 4966 persuasorie
1233 4897 1366 4968 fari,
1404 4913 1504 4968 pro
1523 4912 1590 4955 eo
1634 4901 1783 4971 quod
1817 4914 2064 4958 excusa-

407 4987 608 5037 rentur
649 4982 922 5054 dicentes,
956 4989 1012 5041 et
1062 4985 1249 5043 Aaron
1284 4987 1463 5058 Moysi
1512 4987 1742 5045 fratrem
1767 4989 1827 5044 in
1874 5003 2062 5047 eremo

404 5071 768 5126 concurrisse
793 5073 1023 5143 quidem
1055 5075 1513 5145 pravaricationi
1553 5077 1758 5150 plebis,
1793 5078 2063 5134 habuisse

406 5165 592 5216 tamen
641 5158 1028 5218 defensionem
1055 5160 1250 5234 (Emod.
1285 5165 1472 5237 xxxn)
1503 5184 1514 5219 :
1559 5179 1627 5221 ne
1658 5165 1924 5221 videlicet
1949 5179 2064 5236 po—

404 5247 579 5318 pulus
611 5248 670 5304 in
706 5249 1006 5321 .IEgyptum
1040 5265 1319 5324 reversus,
1357 5253 1416 5307 in
1459 5253 1788 5309 idololatria
1834 5268 2064 5324 perma—

405 5341 580 5392 neret.
609 5338 748 5392 Nam
780 5342 837 5392 et
863 5338 1011 5394 ratio
1040 5338 1272 5395 evidens
1299 5340 1625 5412 apparebat,
1654 5342 1925 5411 quoniam
1953 5357 2068 5400 ma-

408 5431 604 5481 nentes
630 5424 688 5482 in
719 5440 906 5482 eremo
935 5441 1154 5483 cessare
1183 5427 1254 5482 ab
1299 5428 1627 5484 idololatria
1668 5435 1899 5499 possent
1927 5449 1940 5486 :
1969 5433 2062 5488 sin

404 5519 596 5571 autem
628 5515 926 5587 Egyptum
961 5517 1206 5588 ingressi
1237 5523 1446 5588 essent,
1487 5532 1702 5575 moram
1732 5518 1982 5577 facerent
2004 5527 2062 5576 et

2196 4450 2200 4454 ⁷
2241 4451 2454 4508 Sabbas
2502 4451 3014 4507 reverendissimus
3065 4448 3378 4506 monachus
3417 4450 3572 4506 dixit
3609 4469 3622 4506 :
3667 4453 3845 4522 Inju—

2170 4543 2413 4598 riarium
2473 4540 2772 4596 immemor
2798 4545 2884 4597 est
2905 4543 3088 4598 Pater.

2217 4630 2509 4686 'Tarasius
2545 4629 2947 4686 sanctissimus
2986 4629 3311 4700 patriarcha
3348 4628 3504 4685 dixit
3537 4646 3550 4682 :
3602 4629 3844 4687 Manife-

2172 4727 2325 4778 stum
2377 4719 2648 4790 esthoc;
2697 4732 2879 4790 neque
2908 4719 3060 4774 enim
3103 4719 3313 4776 malum
3365 4733 3466 4790 pro
3513 4718 3663 4774 malo
3696 4720 3844 4776 red-

2170 4811 2340 4868 debat
2367 4809 2580 4866 alicui:
2635 4813 2864 4878 propter
2904 4807 3089 4864 zelum
3119 4812 3312 4864 autem
3340 4807 3442 4864 Dei
3475 4813 3534 4864 et
3562 4809 3844 4865 munitio-

2172 4913 2298 4956 nem
2314 4898 2598 4968 Ecclesia,
2619 4897 3030 4969 benignitatem
3051 4896 3180 4952 sine
3209 4896 3526 4966 disciplina
3547 4909 3658 4952 non
3683 4902 3842 4968 pote-

2173 4992 2262 5044 rat
2308 4987 2600 5058 possidere
2631 5004 2646 5058 ;
2681 4985 2778 5041 sed
2811 4985 2872 5040 in
2909 4985 3000 5040 his
3029 4998 3094 5040 ea
3124 4999 3252 5056 qua
3280 4985 3349 5042 ad
3382 4984 3698 5042 vindictam
3731 4985 3836 5042 Dei

2172 5079 2330 5148 sunt,
2365 5074 2718 5146 praferebat.

2239 5166 2482 5221 Joannes
2526 5161 3040 5219 reverendissimus
3080 5162 3392 5234 presbyter,
3435 5154 3754 5220 monachus
3776 5169 3839 5221 et

2171 5253 2424 5309 vicarius
2453 5251 2766 5308 Orientalis
2793 5251 3106 5308 diaceseos
3135 5252 3314 5308 dixit:
3349 5253 3652 5310 Benedicta
3684 5250 3832 5327 [Gr.,

2171 5345 2314 5399 Bene
2343 5342 2486 5398 lecta
2527 5359 2540 5395 :
2583 5343 2712 5396 etin
2735 5357 2833 5398 ms.
2881 5337 3011 5416 Jol.]
3043 5345 3128 5398 est
3145 5341 3406 5399 deﬁnitio
3452 5342 3554 5398 illa
3589 5343 3658 5398 ad
3683 5358 3839 5399 cau—

2172 5434 2340 5500 letam
2382 5429 2762 5486 audientium.

2243 5520 2502 5577 Monachi
2571 5525 2884 5591 repetentes
2938 5519 3267 5576 dixerunt:
3324 5521 3429 5577 Sed
3494 5525 3708 5578 tractos
3772 5527 3836 5578 et
