4012 6162
198 291 284 349 ξξῦ
989 295 1530 353 INTERPRETATIO
1566 294 1814 351 SYNODI
1852 294 1947 349 VII
1983 294 2383 353 GENERALIS.
2406 328 2480 337 —
2516 297 2720 354 ACTIO
2760 300 2801 353 Ι.

3478 296 3587 356 226

202 415 291 469 vim
327 427 625 485 perpessos
648 416 815 473 Pater
842 419 1133 475 admittit:
1173 420 1369 476 dicant
1406 434 1558 492 ergo,
1599 419 1649 475 si
1708 424 1833 475 tra—
1857 420 1917 482 A
2014 420 2213 475 Sancta
2240 421 2491 490 synodus
2519 421 2704 476 dixit:
2739 420 2986 490 Quarite
3018 419 3287 492 deinceps
3314 423 3484 478 etiam
3514 424 3587 479 de

200 504 260 558 cti
299 501 530 574 fuerint,
573 510 630 560 et
679 506 795 562 vim
838 508 1113 580 perpessi,
1154 513 1210 564 et
1254 508 1382 565 ideo
1423 507 1760 564 recesserint
1798 521 1829 563 a

199 593 433 648 veritate.
1130 666 1137 672 ι

257 683 546 757 Hypatius,
580 689 638 739 et
658 683 761 754 qui
784 698 913 740 cum
944 698 1010 741 eo
1039 690 1201 741 erant
1231 685 1484 756 episcopi
1514 685 1824 741 dixerunt:

196 770 315 839 Quia
358 785 462 827 nos
495 786 682 842 neque
725 774 841 829 vim
879 775 1289 843 sustinuimus,
1325 789 1509 845 neque
1554 774 1824 830 abstracti

199 874 394 930 sumus,
432 860 531 915 sed
585 861 644 916 in
697 861 804 917 hac
844 868 1033 918 nostra
1079 862 1281 917 haresi
1328 862 1446 917 nati
1493 868 1549 917 et
1599 860 1825 917 educati

196 963 390 1021 sumus,
422 956 479 1005 et
508 950 818 1006 crevimus.

245 1038 577 1095 Theodorus
633 1041 748 1096 Deo
808 1040 1074 1096 amabilis
1116 1040 1426 1111 episcOpus
1481 1041 1725 1109 Catana,
1775 1046 1831 1096 et

198 1129 278 1200 qui
316 1142 451 1185 cum
477 1142 545 1185 eo
576 1130 927 1185 sanctissimi
973 1131 1227 1201 episcOpi
1271 1131 1509 1201 Sicilia,
1542 1143 1655 1187 una
1698 1143 1827 1185 cum

191 1218 497 1288 Epiphanio
521 1218 766 1274 diacono
790 1219 1047 1274 civitatis
1082 1219 1326 1290 Catana,
1359 1225 1415 1275 et
1447 1219 1633 1275 locum
1680 1218 1831 1273 reti-

192 1313 340 1362 nente
380 1307 612 1362 Thoma
650 1307 904 1378 episcopi
968 1308 1269 1377 Sardinia,
1320 1308 1634 1363 dixerunt:
1681 1306 1829 1375 Quia

189 1410 417 1453 canones
460 1400 791 1452 sanctorum
838 1397 1065 1452 Patrum
1098 1397 1199 1467 qui
1252 1396 1383 1452 lecti
1412 1402 1569 1462 sunt,
1600 1401 1712 1451 tam
1758 1394 1829 1448 de

187 1484 506 1541 Novatianis
524 1490 581 1540 et
600 1484 934 1554 Encratitis,
954 1499 1124 1555 quam
1145 1485 1217 1540 de
1235 1484 1476 1540 Adriani
1498 1484 1643 1539 dicti
1668 1489 1824 1553 sunt,

187 1574 346 1644 hujus
372 1574 656 1629 hareseos
675 1588 939 1630 censores
959 1588 1087 1629 cum
1117 1574 1333 1645 quibus
1349 1573 1676 1630 taxabimus
1694 1572 1722 1626 ?

243 1661 933 1717 Tarasiussanctissimus
954 1662 1278 1731 patriarcha
1295 1662 1474 1717 dixit:
1501 1660 1827 1716 Invenimus

1940 508 2326 565 ordinatione.

2009 597 2293 654 Antonius
2321 588 2834 655 reverendissimus
2864 597 3176 653 monachus
3208 598 3365 671 legit.

1936 725 2013 776 De
2032 724 2389 778 ecclesiastica
2412 727 2656 780 Historia
2676 727 2860 795 Rufini
2874 724 3181 794 presbyteri
3197 726 3441 779 Romani.

2008 830 2198 901 Pergit
2221 831 2433 887 interea
2456 832 2738 888 Eusebius
2757 832 3185 902 Alexandriam,
3213 834 3414 905 ibique
3443 847 3589 891 con-

1939 915 2217 975 fessorum
2274 920 2524 977 concilio
2576 922 3145 994 congregato(pauci
3181 938 3435 990 numero,
3489 923 3583 979 sed

1940 1005 2051 1062 ﬁde
2082 1008 2288 1080 integri
2321 1013 2377 1064 et
2408 1010 2631 1066 meritis
2664 1011 2830 1067 multi
2860 1010 2876 1084 )
2901 1012 3039 1068 aliis
3072 1012 3371 1069 videbatur
3398 1012 3589 1069 calore

1940 1093 2290 1152 ferventibus
2332 1097 2483 1167 ﬁdei,
2519 1099 2741 1155 nullum
2790 1100 2993 1156 debere
3024 1101 3174 1157 ultra
3213 1101 3272 1156 in
3319 1100 3589 1157 sacerdo—

1938 1185 2084 1241 tium
2107 1186 2308 1257 recipi,
2338 1187 2435 1256 qui
2468 1201 2527 1242 se
2547 1194 2840 1259 utcunque
2858 1190 3138 1246 haretica
3163 1191 3587 1246 communionis

1937 1274 2274 1345 contagione
2326 1277 2683 1333 maculasset.
2735 1277 2837 1333 Sed
2871 1279 2970 1348 qui
3001 1278 3294 1335 imitantes
3337 1278 3588 1349 Aposto—

1939 1361 2056 1417 lum
2089 1364 2419 1432 quarebant
2443 1378 2552 1421 non
2599 1366 2749 1436 quod
2784 1366 2897 1422 sibi
2932 1367 3076 1422 utile
3106 1371 3276 1439 esset,
3303 1368 3399 1424 sed
3433 1369 3582 1439 quod

1938 1450 2245 1522 pluribus;
2297 1454 2382 1508 vel
2416 1455 2514 1523 qui
2546 1455 2914 1511 imitarentur
2950 1456 3266 1527 Christum,
3300 1457 3400 1527 qui
3454 1471 3585 1512 cum

1937 1545 2085 1594 esset
2113 1542 2369 1597 omnium
2392 1543 2527 1614 vita,
2561 1557 2663 1613 pro
2693 1544 2877 1599 salute
2897 1549 3233 1601 cunctorum
3268 1544 3587 1601 humilians

1938 1645 1998 1687 se
2025 1631 2321 1687 descendit
2351 1632 2410 1687 in
2445 1637 2701 1702 mortem,
2734 1646 2850 1703 quo
2891 1633 3116 1689 scilicet
3147 1634 3503 1689 inveniretur
3531 1638 3589 1689 et

182 1755 230 1805 et
265 1748 617 1804 Manichaos
646 1763 757 1806 non
787 1720 1125 1819 recipientes
1161 1750 1373 1805 iconas.
1408 1754 1464 1803 et
1511 1747 1828 1803 Marcioni—
1856 1742 1910 1803 Β
1938 1721 1997 1776 in
2026 1720 2270 1819 πξθῗίυίδ
2298 1721 2452 1819 νίαίῆ
2483 1721 2771 1819 diem?“
2803 1722 3588 1819 m91_i“9(f3533_h“mi!iarife

181 1843 306 1907 stas,
322 1842 381 1892 et
401 1851 505 1893 eos
522 1837 621 1907 qui
643 1836 1008 1894 confundunt
1023 1838 1238 1894 Christi
1268 1844 1530 1905 naturas;
1580 1848 1825 1907 quorum

181 1926 396 1996 primus
420 1921 649 2000 [unus]
678 1932 764 1982 est
788 1928 986 1982 Petrus
1004 1925 1311 1997 Gnapheus
1331 1934 1386 1981 et
1403 1924 1652 1980 Xenaias
1681 1923 1823 1979 Hie—

181 2014 557 2085 rapolitanus,
584 2014 837 2071 haretici
865 2033 880 2084 ;
915 2016 1008 2071 sed
1038 2021 1093 2071 et
1114 2016 1371 2071 Severus.

238 2104 610 2174 Epiphanius
651 2105 932 2160 diaconus
957 2105 1335 2160 sanctissima
1372 2116 1438 2159 ac
1472 2116 1689 2175 magna
1714 2102 1830 2157 Ec—

170 2193 358 2248 clesia
386 2193 637 2264 Gaiana,
666 2198 722 2248 et
749 2193 932 2250 locum
959 2194 1210 2249 retinens
1226 2194 1453 2249 Thoma
1471 2190 1826 2248 sanctissimi

171 2282 599 2351 archiepiscopi
628 2283 928 2352 Sardinia,
959 2283 1110 2338 dixit
1139 2302 1151 2337 :
1195 2283 1381 2339 Minor
1404 2288 1490 2338 est
1534 2279 1828 2351 prioribus

174 2370 503 2426 haresibus
529 2371 755 2427 novitas
778 2386 1044 2442 prasens,
1073 2385 1144 2427 an
1178 2370 1402 2441 major?

233 2459 519 2514 Tarasius
539 2460 941 2515 sanctissimus
961 2460 1284 2530 patriarcha
1304 2460 1484 2515 dixit:
1514 2459 1674 2529 Quod
1704 2473 1829 2515 me—

171 2544 285 2601 lum
315 2553 427 2616 est,
448 2548 569 2616 jam
595 2548 797 2617 utique
820 2548 1029 2602 malum
1060 2554 1165 2618 est,
1202 2553 1258 2603 et
1290 2547 1532 2603 maxime
1558 2547 1620 2602 in
1648 2560 1830 2619 nego-

169 2635 268 2690 tiis
290 2635 735 2691 ecclesiasticis.
781 2638 842 2691 In
889 2636 1215 2708 dogmatum
1242 2636 1457 2707 quippe
1479 2649 1673 2704 causa,
1707 2636 1828 2691 sive

173 2722 225 2777 in
270 2736 471 2793 parva,
511 2722 634 2779 sive
674 2724 732 2779 in
778 2738 979 2797 magna
1021 2739 1272 2795 peccare,
1303 2725 1556 2796 idipsum
1583 2730 1669 2781 est
1702 2744 1714 2780 :
1758 2739 1828 2780 ex

178 2814 443 2884 utrisque
463 2813 624 2869 enim
649 2813 737 2869 lex
768 2813 867 2869 Dei
902 2813 1277 2884 improbatur.

234 2903 488 2957 Joannes
539 2902 1053 2958 reverendissimus
1106 2904 1418 2960 monachus
1463 2907 1519 2959 et
1574 2903 1828 2959 vicarius

163 2989 562 3047 Orientalium
587 2990 811 3047 sedium
858 2990 1011 3047 dixit
1039 3010 1051 3045 :
1095 2991 1335 3048 Haresis
1366 2992 1484 3047 hac
1512 2992 1672 3062 pejor
1699 3005 1830 3047 om—

166 3080 341 3136 nibus
388 3080 735 3152 haresibus,

160 3182 293 3237 qua
316 3168 814 3239 dispensationem
841 3168 1151 3225 Salvatoris
1172 3168 1468 3225 subvertit.

232 3256 517 3312 Tarasius
574 3256 975 3311 sanctissimus
1045 3257 1367 3327 patriarcha
1421 3258 1612 3313 dixit:
1659 3258 1832 3313 Docet

158 3356 271 3399 nos
306 3345 540 3401 dictum
596 3345 937 3415 patriarcha
969 3346 1148 3402 nostri
1197 3344 1520 3418 Athanasii,
1561 3353 1625 3403 ut
1670 3361 1834 3403 reve—

157 3434 510 3489 rendissimi
559 3434 813 3504 episcopi
858 3434 1233 3505 recipiantur,
1264 3436 1379 3492 nisi
1420 3437 1535 3493 alia
1561 3436 1834 3507 qualibet

154 3536 363 3578 eorum
391 3523 569 3593 culpa
591 3521 738 3579 facta
762 3524 857 3580 sit.
1098 3578 1099 3581 η

228 3611 444 3669 Sancta
513 3613 766 3682 synodus
821 3613 1008 3670 dixit:
1068 3615 1351 3686 Legantur
1396 3620 1586 3672 autem
1630 3620 1831 3673 catera

154 3701 530 3770 regularium
558 3700 1048 3758 testimoniorum.
1805 3742 1811 3749 .

226 3788 444 3844 Adhuc
463 3789 883 3846 Constantinus
906 3790 1186 3846 diaconus
1209 3797 1265 3847 et
1289 3792 1552 3848 notarius
1590 3806 1832 3850 venera-

154 3872 303 3930 bilis
316 3878 667 3946 patriarchii
694 3877 860 3947 legit:
885 3880 962 3933 De
984 3880 1161 3950 gestis
1177 3885 1385 3935 sancta
1406 3886 1461 3936 et
1484 3881 1831 3939 universalis

158 3965 369 4031 synodi
399 3969 625 4036 quarta
643 3966 995 4023 Chalcedone
1015 3967 1327 4024 celebrata.

230 4050 565 4109 Orientales
607 4059 664 4109 et
707 4054 808 4125 qui
851 4069 980 4110 cum
1026 4056 1172 4126 ipsis
1209 4058 1669 4115 reverendissimi
1696 4061 1830 4131 epi—

163 4142 323 4210 scopi
372 4143 806 4199 clamaverunt:
850 4143 1057 4200 Omnes
1088 4145 1468 4218 peccavimus,
1496 4161 1692 4204 omnes
1730 4163 1833 4205 ve—

167 4227 321 4284 niam
351 4231 740 4301 postulamus.

232 4320 305 4373 Et
360 4336 572 4376 rursus
622 4321 975 4393 Thalassius,
1033 4323 1320 4380 Eusebius
1380 4331 1436 4381 et
1490 4326 1831 4383 Eustathius

1939 1810 2237 1878 paululum
2269 1815 2499 1879 propter
2524 1810 2791 1879 dejectos,
2819 1815 2876 1866 et
2906 1810 3177 1867 inclinari
3212 1815 3445 1881 propter
3472 1809 3590 1866 eli—

1937 1913 2050 1967 sos,
2080 1904 2143 1955 ut
2171 1911 2268 1954 eos
2298 1912 2525 1954 rursum
2557 1898 2859 1969 erigerent.
2896 1901 3010 1954 Nec
3034 1898 3268 1955 sibimet
3297 1899 3442 1956 solis
3472 1913 3588 1968 pu—

1937 1987 2131 2043 ritatis
2170 1987 2373 2042 merito
2426 1986 2701 2042 calorum
2742 2000 2914 2058 regna
2950 1986 3292 2057 defendere;
3333 1987 3430 2042 sed
3459 1999 3587 2043 esse

1938 2074 2269 2146 gloriosius,
2288 2074 2339 2130 si
2361 2088 2489 2129 cum
2518 2074 2785 2143 pluribus
2802 2074 2944 2130 illuc
2965 2081 3318 2131 mererentur
3336 2074 3581 2144 intrare;

1936 2168 1993 2218 et
2017 2162 2144 2218 ideo
2166 2168 2380 2219 rectum
2407 2161 2518 2218 sibi
2538 2162 2741 2231 videri,
2767 2167 2832 2217 ut
2848 2166 3069 2218 tantum
3102 2162 3355 2232 perﬁdia
3375 2165 3586 2217 aucto—

1938 2250 2100 2307 ribus
2116 2250 2446 2321 amputatis,
2470 2250 2713 2321 reliquis
2742 2249 3137 2306 sacerdotibus
3149 2250 3384 2305 daretur
3403 2248 3584 2319 optio,

1937 2339 1987 2395 si
2039 2337 2184 2395 forte
2223 2338 2402 2394 velint
2452 2338 2716 2408 abjurato
2763 2351 2957 2393 errore
3004 2336 3256 2408 perﬁdia
3293 2338 3363 2393 ad
3416 2337 3584 2393 ﬁdem

1935 2428 2164 2484 Patrum
2224 2429 2551 2498 statutaque
2593 2427 2895 2498 converti;
2952 2441 3052 2483 nec
3102 2440 3306 2499 negare
3360 2426 3585 2482 aditum

1938 2516 2332 2588 redeuntibus,
2364 2516 2506 2586 quin
2537 2516 2730 2586 potius
2752 2516 2824 2572 de
2840 2530 3038 2572 eorum
3069 2514 3431 2572 confessione
3451 2528 3589 2585 gau-

1935 2605 2108 2674 dere;
2139 2605 2276 2675 quia
2299 2610 2356 2660 et
2386 2604 2485 2660 ille
2531 2604 2892 2676 evangelicus
2916 2604 3118 2674 junior
3147 2604 3307 2660 ﬁlius
3338 2610 3587 2674 paterna
3692 2644 3695 2651 .

1935 2692 2310 2764 depopulator
2325 2692 2679 2762 substantia,
2706 2692 2764 2747 in
2792 2693 3160 2762 semetipsum
3194 2705 3453 2749 reversus
3474 2706 3587 2748 non

1937 2782 2123 2838 solum
2148 2782 2365 2852 suscipi
2399 2782 2628 2850 meruit,
2657 2782 2752 2838 sed
2771 2788 2826 2837 et
2843 2782 3058 2853 dignus
3089 2780 3346 2851 paternis
3365 2780 3589 2850 ample-

1935 2871 2109 2928 xibus
2159 2872 2487 2942 deputatur,
2516 2876 2573 2926 et
2601 2870 2880 2926 annulum
2930 2870 3060 2926 ﬁdei
3094 2869 3320 2940 recipit,
3351 2875 3409 2925 et
3437 2868 3584 2924 stola

1936 2960 2330 3016 circumdatur
2357 2961 2520 3030 (Luc.
2554 2959 2678 3030 xv),
2713 2972 2813 3027 per
2847 2972 3017 3029 quam
3049 2958 3189 3029 quid
3221 2958 3382 3013 aliud
3411 2970 3584 3027 quam

779 3084 835 3135 ει
876 3046 1151 3136 malarum
1205 3046 1450 3150 pessima
1494 3046 1825 3149 e‘stz'veluﬁ
1860 3077 1909 3140 ο
1938 3047 2626 3150 εαοεέςᾱοιίὶρθιξξδωηῐιιι-
2652 3046 2946 3150 insignia?
2971 3047 3110 3150 Cum
3132 3046 3589 3150 igiturhujusce-

1940 3136 2093 3193 modi
2147 3136 2459 3191 sententias
2482 3148 2551 3190 ex
2580 3134 2903 3206 evangelica
2939 3135 3281 3190 auctoritate
3338 3134 3590 3203 prolatas

1938 3226 2078 3283 ordo
2104 3224 2203 3280 ille
2230 3223 2600 3279 sacerdotalis
2623 3228 2681 3279 et
2708 3222 3061 3292 apostolicus
3099 3221 3492 3297 approbasset,
3520 3235 3590 3277 ex

1939 3313 2170 3370 consilii
2229 3314 2455 3368 decreto
2492 3312 2716 3367 Asterio
2772 3310 3109 3382 caterisque
3152 3311 3252 3382 qui
3284 3324 3414 3367 cum
3443 3310 3591 3379 ipsis

1940 3406 2121 3469 erant,
2135 3400 2729 3470 Orientisinjungitur
2747 3400 3092 3468 procuratio,
3116 3398 3447 3454 Occidentis
3457 3411 3589 3453 vero

1940 3489 2185 3546 Eusebio
2207 3488 2562 3544 decernitur:
2597 3486 2833 3542 additur
2853 3500 2988 3542 sane
3016 3486 3075 3541 in
3100 3486 3203 3541 illo
3224 3484 3461 3541 concilii
3490 3484 3584 3539 de-

1939 3585 2093 3636 creto
2121 3578 2291 3637 etiam
2308 3577 2379 3633 de
2405 3576 2628 3646 Spiritu
2675 3581 2869 3631 sancto
2899 3574 3123 3644 plenior
3150 3572 3490 3643 disputatio,
3514 3575 3579 3628 ut

1939 3669 2191 3739 ejusdem
2211 3666 2547 3723 substantia
2586 3664 3010 3735 etdivinitatis,
3045 3664 3214 3733 cujus
3252 3664 3417 3717 Pater
3436 3660 3590 3717 etFi-

1942 3758 2077 3827 lius,
2129 3756 2301 3812 etiam
2357 3754 2612 3825 Spiritus
2659 3761 2890 3810 sanctus
2931 3753 3278 3822 crederetur,
3322 3764 3389 3807 eo
3437 3749 3585 3820 quod

1939 3846 2292 3917 pullularent
2314 3845 2522 3915 denuo,
2552 3844 2653 3914 qui
2685 3844 2943 3899 eumdem
2964 3842 3244 3912 Spiritum
3274 3843 3533 3897 sanctum
3556 3852 3589 3895 a

1939 3934 2353 4007 gloriﬁcatione
2382 3934 2567 3989 Patris
2585 3938 2643 3989 et
2669 3932 2775 3988 ﬁlii
2810 3936 3157 4002 separarent.

2007 4023 2416 4080 Constantinus
2433 4022 2941 4079 reverendissimus
2958 4021 3236 4077 diaconus
3255 4023 3313 4076 et
3328 4018 3590 4077 notarius

1941 4114 2102 4187 legit.

2222 4224 2298 4276 De
2348 4220 2706 4275 ecclesiastica
2743 4220 2989 4275 Historia
3040 4217 3298 4273 Socratis.

2009 4328 2291 4407 Photinus
2332 4325 2529 4383 Sirmii
2584 4326 2869 4396 quondam
2900 4324 3207 4395 episcopus
3257 4321 3587 4393 discipulus

169 4410 641 4465 reverendissimi
686 4412 939 4483 episcopi
986 4412 1296 4469 dixerunt:
1332 4414 1538 4471 Omnes
1565 4416 1831 4487 peccavi—
1859 4410 1915 4473 D
1940 4422 2063 4474 erat
2103 4416 2355 4472 Marcelli
2399 4414 2726 4485 Ancyrani;
2776 4419 2832 4469 et
2862 4413 2983 4483 ipse
3035 4425 3242 4482 purum
3298 4410 3584 4466 hominem

172 4508 318 4569 mus,
343 4512 545 4555 omnes
566 4501 788 4555 veniam
821 4502 1195 4571 postulamus.
1220 4503 1288 4558 Et
1310 4508 1436 4573 post
1456 4504 1572 4560 alia
1598 4523 1610 4559 :

241 4585 311 4640 Et
363 4603 613 4661 surgens
660 4590 1172 4647 reverendissimus
1211 4592 1517 4663 episcopus
1539 4594 1831 4649 Juvenalis

178 4690 283 4731 una
339 4693 473 4734 cum
518 4679 607 4734 eis
652 4678 902 4734 contulit
952 4693 1012 4735 se
1071 4680 1138 4735 ad
1195 4680 1430 4736 alteram
1486 4687 1723 4753 partem,
1775 4687 1831 4739 et

174 4766 568 4823 clamaverunt
610 4766 936 4835 orientales,
978 4772 1034 4824 et
1074 4768 1172 4839 qui
1223 4782 1351 4824 cum
1404 4769 1515 4841 ipsi
1562 4784 1831 4827 reveren—

177 4854 403 4912 dissimi
426 4856 688 4927 episcopi
716 4875 728 4911 :
764 4858 914 4912 Deus
936 4856 1075 4912 bene
1124 4857 1366 4913 adduxit
1386 4863 1439 4914 te
1465 4859 1778 4916 orthodoxe
1810 4879 1825 4932 ;

182 4942 315 4999 bene
344 4945 578 5001 venisti.

243 5034 314 5088 Et
341 5038 470 5103 post
490 5033 607 5088 alia
628 5032 816 5106 plura,
842 5033 1158 5104 Illyriciani
1206 5034 1666 5091 reverendissimi
1696 5037 1829 5108 cpi-

185 5123 331 5191 δεορί
354 5122 672 5177 dixerunt:
715 5122 925 5177 Omnes
970 5123 1341 5194 excessimus,
1385 5136 1578 5179 omnes
1604 5126 1828 5181 veniam

192 5210 538 5275 postulamus
561 5207 919 5284 [mereamur
939 5207 980 5285 ].
1251 5202 1261 5213 “

250 5299 462 5356 Sabbas
483 5314 675 5357 revere
716 5300 999 5356 dissimus
1034 5300 1344 5357 monachus
1381 5306 1437 5357 et
1476 5302 1828 5375 hegumenus

198 5391 509 5446 monasterii
548 5390 744 5447 Studii
785 5390 972 5445 dixit:
1018 5391 1075 5446 Si
1121 5391 1305 5461 placet
1342 5396 1550 5447 sancta
1587 5393 1823 5465 synodo,

197 5476 492 5554 vidamus,
532 5481 581 5537 si
624 5479 1023 5538 ordinationes
1060 5493 1259 5536 eorum
1285 5480 1387 5551 qui
1416 5482 1627 5552 recepti
1667 5488 1823 5555 sunt,

200 5564 260 5620 ab
276 5567 555 5629 hareticis
576 5569 822 5641 fuerint,
851 5582 923 5626 an
946 5583 1078 5626 non.

1940 4505 2165 4563 dicebat
2186 4504 2514 4573 Dominum,
2541 4503 2763 4559 sicutet
2793 4500 3115 4557 Marcellus:

2009 4595 2231 4651 Rursus
2249 4594 2369 4662 ipse
2387 4592 2525 4663 legit
2542 4593 2612 4648 de
2631 4590 3014 4647 ecclesiastica
3030 4588 3281 4657 Historia
3297 4586 3578 4644 Socratis:

1939 4683 2047 4753 Qui
2072 4688 2259 4738 autem
2291 4682 2350 4736 in
2380 4681 2609 4737 Sardice
2632 4682 3028 4749 convenerant,
3069 4678 3321 4749 primum
3348 4675 3580 4747 quidem

1941 4773 2143 4827 horum
2195 4771 2530 4826 damnavere
2585 4770 2872 4824 vesaniam
2924 4764 3172 4841 [indicta
3228 4777 3400 4821 causa
3450 4763 3584 4820 illos

1937 4856 2300 4932 damnavere]
2326 4876 2342 4929 ;
2372 4863 2429 4915 et
2454 4857 2762 4913 terminum
2786 4857 2917 4912 ﬁdei
2944 4857 3186 4912 Nicana
3202 4853 3584 4911 corroboran-

1938 4954 2023 5005 tes
2053 4946 2497 5018 inaqualitatem
2517 4951 2794 5015 respuunt
2813 4949 2869 5001 et
2901 4943 3396 5001 anathematizant.
3432 4941 3589 4997 Red-

1935 5037 2212 5093 diderunt
2241 5039 2426 5091 autem
2459 5034 2697 5090 thronos
2716 5033 2892 5089 Paulo
2917 5038 2973 5088 et
2992 5031 3324 5102 Athanasio,
3361 5043 3575 5086 necnon

1910 5120 1994 5181 'et
2022 5123 2286 5183 Marcello
2332 5122 2569 5193 Ancyra
2599 5122 2877 5178 rationem
2927 5120 3185 5177 reddenti
3218 5134 3283 5175 ac
3341 5118 3582 5189 dicenti,

1938 5215 2086 5286 quod
2122 5227 2233 5270 non
2263 5211 2478 5268 fuerint
2500 5212 2788 5268 intellecta
2815 5224 3171 5281 quacunque
3191 5209 3251 5264 in
3277 5207 3446 5264 libris
3475 5221 3584 5262 ex—

1938 5302 2228 5374 posuerit;
2290 5301 2606 5373 prasertim
2664 5314 2793 5357 cum
2849 5299 2970 5370 ipse
3017 5312 3112 5354 eos
3170 5297 3270 5369 qui
3318 5296 3584 5352 dicebant

1937 5392 2242 5448 Dominum
2281 5406 2490 5461 purum
2523 5390 2832 5461 hominem,
2870 5388 3159 5445 averterit.

2005 5481 2276 5537 Tarasius
2304 5480 2704 5537 sanctissimus
2734 5478 3059 5550 patriarcha
3082 5476 3268 5532 dixit:
3296 5475 3417 5529 Jam
3444 5472 3582 5541 plu-—

1939 5569 2073 5627 rimi
2100 5570 2361 5627 canonici
2390 5569 2527 5626 libri
2571 5574 2627 5625 et
2656 5568 2914 5640 synodici
2940 5573 3110 5638 atque
3138 5562 3360 5635 paterni
3384 5557 3578 5616 relecti
