4012 6162
417 239 522 298 227

1646 246 2008 304 ANASTASII
2048 245 2591 302 BIBLIOTHECARII

3725 242 3831 302 228

417 373 587 425 sunt:
615 375 673 426 et
694 385 764 428 ex
785 373 985 430 haeresi
1021 387 1323 432 conversos
1341 374 1660 432 docuerunt
1676 388 1779 432 nos
1796 372 2064 444 recipere‘
2091 374 2149 434 A
2179 374 2440 431 dicatum
2472 376 2562 428 est
2615 373 2676 429 in
2709 371 2898 429 medio
2926 375 3126 428 vestra:
3154 375 3364 428 sanctae
3389 370 3592 442 synodi
3637 369 3833 426 susci—

422 458 534 515 nisi
567 458 711 516 forte
741 463 990 536 maligna
1021 464 1080 520 in
1109 465 1196 520 eis
1228 463 1405 520 fuerit
1436 477 1580 520 noxa
1609 468 1848 534 reperta.

487 547 686 604 Sancta
717 552 969 620 synodus
996 553 1181 608 dixit:
1234 553 1380 608 Bene
1405 550 1618 623 fecisti,
1660 552 1911 622 domine,
1947 558 2064 608 tam

422 648 520 704 per
535 635 829 710 epistolas,
857 654 1026 710 quam
1057 654 1156 711 per
1175 641 1448 713 synodica
1467 640 1791 709 conscripta
1809 640 2066 696 docendo

422 735 524 779 nos
551 724 945 784 haereticorum
971 730 1384 801 agnoscendam
1407 726 1812 798 'receptionem.

489 813 758 872 Tarasius
807 815 1208 874 sanctissimus
1266 817 1592 888 patriarcha
1636 816 1832 872 dixit:
1874 817 2066 872 Sancti

419 901 719 960 Athanasii
750 905 937 961 denuo
963 905 1186 978 legatur
1214 907 1364 977 quod
1396 906 1605 962 lectum
1633 911 1733 962 est.

490 991 691 1048 Sancta
715 994 966 1064 synodus
991 995 1179 1050 dixit:
1223 995 1470 1067 Legatur
1500 994 1815 1051 secundum
1839 993 2069 1064 jussio-

423 1092 552 1135 nem
581 1082 761 1137 sancti
794 1083 979 1139 Patris
1009 1084 1210 1140 nostri.

492 1168 762 1226 Tarasius
787 1171 1190 1228 sanctissimus
1219 1171 1546 1242 patriarcha
1587 1171 1768 1228 dixit:
1801 1170 1883 1226 Ad
1911 1171 2068 1241 peti—

425 1257 546 1311 tum
578 1258 1181 1316 reverendissimorum
1203 1259 1610 1316 monachorum
1644 1259 1886 1330 legatur.

492 1343 816 1414 Stephanus
837 1347 1350 1405 reverendissimus
1367 1347 1679 1404 monachus
1705 1351 1763 1402 et
1784 1346 2067 1404 librorum

427 1437 624 1489 custos
645 1434 805 1506 legit,
830 1435 1012 1492 sancti
1059 1435 1358 1492 Athanasii
1385 1435 1455 1492 ad
1492 1435 1880 1506 Ruﬁnianum,
1916 1434 2071 1491 sicut

426 1521 705 1592 scriptum
735 1529 840 1580 est.

2181 477 2391 534 pimus.

2247 553 2452 608 Sancta
2488 551 2742 622 synodus
2762 550 2951 606 dixit:
2987 550 3292 620 Speramus
3312 549 3450 621 quia
3497 553 3626 620 post
3654 561 3836 619 syno—

2175 642 2315 698 dum
2347 654 2510 697 nemo
2531 645 2905 710 pervertetur,
2933 640 3100 709 juxta
3122 640 3271 710 quod
3307 639 3366 694 in
3385 637 3836 695 condescensio-

2179 729 2354 786 nibus
2373 725 2520 802 [Gr.,
2539 725 3036 803 depositionibus]
3059 729 3188 784 suis
3201 726 3838 798 semetipsianathema-

2179 819 2534 875 tizaverunt:
2572 818 2674 889 qui
2697 819 2747 874 si
2776 818 2986 875 reversi
3023 816 3310 874 fuerimus
3328 817 3397 874 ad
3431 816 3687 887 priorem
3714 814 3838 871 hae-

2181 908 2374 978 resim,
2397 907 2645 978 depositi
2668 908 2870 964 simus.

2245 997 2657 1054 Constantinus
2702 999 2816 1054 Deo
2853 995 3126 1054 amabilis
3153 996 3460 1068 episcopus
3485 995 3839 1052 Constantia:

2174 1085 3834 1159 Cypridixita:.........................

2247 1265 2464 1322 Habent
2502 1263 2729 1322 libellos
2759 1277 2896 1320 suos
2945 1278 3060 1335 pra:
3100 1262 3371 1320 manibus
3399 1261 3428 1305 ι)
3460 1303 3476 1336 ,
3512 1266 3572 1319 et
3609 1262 3842 1334 parati-

2179 1358 2316 1412 sunt
2335 1355 2490 1410 dare.

2248 1443 2520 1500 Tarasius
2558 1443 2960 1500 sanctissimus
2997 1443 3326 1514 patriarcha
3353 1442 3548 1500 dixit:
3599 1441 3838 1498 Interim

2180 1531 2403 1603 reliqua
2431 1532 2502 1588 de
2521 1531 2814 1602 proposita
2838 1536 3167 1588 sanctorum
3195 1531 3514 1602 quaestione
3543 1544 3838 1587 canonum

495 1611 764 1668 Tarasius
809 1615 1214 1672 sanctissimus
1258 1613 1584 1686 patriarcha
1625 1614 1822 1670 dixit:
1855 1613 2073 1684 Quem-
2125 1692 2130 1693 7
2183 1619 2462 1693 legantur.

426 1697 731 1758 admodum
762 1703 1153 1774 praediximus,
1197 1703 1277 1758 ita
1304 1707 1390 1758 est
1420 1717 1622 1759 sensus
1650 1702 1836 1758 Patris
1865 1701 2068 1758 nostri.
2099 1692 2152 1754 Β
2249 1692 2480 1765 Cosmas
2510 1708 3020 1766 reverendissimus
3047 1709 3328 1766 diaconus
3373 1712 3432 1766 et
3473 1709 3745 1767 notarius
3783 1716 3844 1768 et

497 1787 975 1848 Reverendissimi
1029 1792 1290 1848 monachi
1322 1791 1590 1847 dizerunt
1619 1809 1634 1845 :
1667 1792 1783 1846 Nos
1811 1794 1868 1846 et
1911 1789 2075 1860 prius

427 1874 684 1932 diximus
709 1878 933 1953 indigni
963 1881 1111 1937 servi
1129 1880 1454 1936 sanctitatis
1482 1884 1701 1938 vestrm.
1730 1879 1867 1950 quia
1896 1877 2078 1948 quid-

428 1964 566 2035 quid
599 1967 888 2037 recipiunt
915 1974 1124 2025 sancta;
1147 1973 1204 2024 et
1221 1969 1574 2024 universales
1594 1967 1820 2039 synodi,
1853 1966 2074 2036 recipi—

430 2066 590 2123 mus;
622 2055 736 2112 nisi
770 2055 945 2113 fuerit
967 2057 1190 2128 aliquid
1217 2057 1365 2127 quod
1397 2056 1660 2112 obsistat.

508 2141 708 2200 Petrus
745 2147 859 2202 Deo
887 2145 1155 2201 amabilis
1197 2145 1490 2216 presbyter
1519 2149 1576 2200 et
1606 2144 1794 2200 locum
1823 2143 2076 2199 retinens

427 2234 756 2307 apostolica:
779 2234 1060 2290 cathedra:
1080 2234 1318 2290 Adriani
1347 2246 1506 2304 papa:
1530 2233 1719 2289 Romae
1741 2232 1928 2288 dixit:
1959 2232 2075 2287 Hoc

430 2324 798 2397 perspicuum
819 2327 935 2378 est:
965 2323 1175 2379 etenim
1204 2323 1393 2378 Romae
1419 2323 1478 2378 in
1520 2323 1701 2377 exilio
1730 2327 1853 2377 erat
1881 2323 2075 2376 Maca-

430 2415 556 2471 rius
595 2413 898 2469 htereticus
925 2425 958 2467 a
987 2417 1144 2468 sexta
1190 2411 1404 2482 synodo
1445 2409 1778 2480 missus;'et
1821 2409 2076 2481 quadra-

431 2503 590 2575 ginta
614 2503 740 2558 dies
777 2501 938 2556 dedit
960 2501 1013 2556 ei
1052 2501 1300 2570 spatium
1327 2504 1535 2556 sancta
1574 2499 1860 2556 memoria:
1911 2501 2075 2554 Pater

431 2597 623 2648 noster
642 2604 786 2661 papa
806 2589 1161 2659 Benedictus,
1193 2593 1250 2644 et
1266 2603 1366 2659 per
1384 2589 1646 2661 singulos
1670 2589 1797 2644 dies
1814 2587 2074 2644 mittebat

431 2680 500 2736 ad
529 2693 658 2735 eum
688 2675 1043 2734 Bonifacium
1068 2677 1470 2734 consiliarium
1497 2691 1687 2748 suum,
1721 2683 1776 2733 et
1813 2689 2073 2732 commo—

433 2768 668 2825 nitoriis
694 2766 883 2823 verbis
919 2766 1155 2823 docebat
1181 2781 1309 2823 eum
1339 2780 1408 2822 ex
1431 2766 1630 2822 divina
1656 2767 1988 2836 Scriptura;
2015 2769 2073 2820 et

433 2871 724 2928 nunquam
780 2856 966 2913 voluit
1009 2855 1255 2928 corrigi:
1297 2855 1404 2912 hoc
1452 2859 1641 2911 autem
1693 2854 1953 2926 faciebat,
2005 2857 2070 2908 ut

433 2947 796 3017 persuaderet
821 2952 878 3001 et
903 2945 1179 3016 reciperet
1208 2959 1356 3001 eum.

2181 1797 2552 1855 cubuclesius
2574 1797 2920 1854 venerabilis
2953 1798 3292 1869 patriarchii
3327 1799 3482 1872 legit.

2464 1961 2540 2014 De
2575 1960 2702 2014 Vita
2726 1961 3098 2015 sanctiPatris
3124 1962 3298 2015 nostri
3321 1960 3546 2016 Sabbz:

2251 2121 2469 2178 Sancta:
2497 2121 2840 2178 venerabilis
2866 2123 3084 2194 quinta:
3115 2121 3342 2194 synodi,
3389 2137 3515 2194 qua:
3546 2123 3847 2180 Constan—

2181 2210 2424 2281 tinopoli
2455 2215 2793 2283 congregata
2823 2216 2928 2282 est,
2961 2211 3254 2268 communi
3288 2215 3346 2266 et
3386 2211 3702 2267 universali
3729 2211 3845 2268 sub

2183 2299 2346 2355 missi
2373 2304 2509 2356 sunt
2535 2299 2883 2355 anathemati
2913 2300 3190 2372 Origenes
3209 2307 3266 2355 et
3303 2299 3640 2356 Theodorus
3669 2302 3849 2371 Mop—

2180 2388 2408 2444 suestia:
2459 2392 2517 2444 et
2565 2401 2630 2443 ea
2681 2401 2807 2458 quae
2852 2388 2924 2444 ab
2975 2388 3214 2461 Evagrio
3263 2392 3321 2444 et
3366 2387 3606 2458 Didymo
3679 2388 3847 2444 dicta

2181 2481 2316 2532 sunt
2343 2471 2524 2550 [dicta
2542 2480 2678 2532 sunt
2692 2477 2762 2531 de
2789 2476 3212 2546 przeexistentia
3232 2481 3289 2532 et
3309 2473 3741 2552 restitutione],
3770 2478 3851 2532 de

2180 2578 2245 2620 eo
2275 2564 2560 2635 videlicet,
2593 2564 2744 2636 quod
2773 2569 2904 2620 ante
2933 2564 3316 2621 substantiam
3345 2564 3528 2621 fuisse
3559 2565 3851 2634 perhibe-

2180 2651 2336 2720 bant,
2364 2657 2421 2708 et
2447 2653 2596 2724 quod
2619 2653 2690 2708 de
2717 2653 3083 2710 restitutione
3107 2653 3165 2708 in
3187 2657 3398 2710 statum
3421 2653 3736 2724 pristinum
3766 2653 3853 2709 fa-

2181 2740 2464 2812 tebantur,
2519 2741 3014 2798 consentientibus
3065 2746 3122 2797 et
3169 2742 3546 2813 praesentibus
3587 2749 3851 2812 quatuor

2183 2829 2547 2899 patriarchis.
2576 2829 2715 2885 Cum
2731 2835 2920 2885 autem
2942 2831 3054 2886 Deo
3075 2831 3500 2887 conservandus
3519 2831 3842 2900 imperator

2183 2922 2376 2973 noster
2406 2917 2659 2974 misisset
2690 2918 3138 2990 Hierosolymam
3159 2932 3224 2974 ea
3247 2933 3371 2989 qua:
3394 2919 3455 2974 in
3485 2918 3705 2990 synodo
3731 2932 3850 2990 ge—

499 3035 702 3091 Sancta
731 3035 984 3106 synodus
1007 3007 1160 3090 dixit
1190 3053 1204 3090 :
1236 3034 1294 3090 Si
1335 3038 1456 3090 toto
1483 3034 1678 3090 animo
1705 3035 2074 3091 consentiunt
2104 3015 2154 3078 C
2183 3010 2270 3062 Sta
2296 3011 2474 3106 nsum’
2507 3010 2563 3060 θί
2586 3020 2780 3106 9¹η¹ξθδ
2805 3007 3060 3106 episcopi
3093 3007 3394 3106 Ῑῗθίθδίίξηθ
3425 3021 3597 3106 Πξίξηίί
3651 3011 3711 3106 εξ
3739 3021 3851 3062 ore

431 3125 532 3196 qui
576 3125 978 3181 examinantur
1007 3124 1282 3195 episcOpi,
1325 3123 1542 3196 gratias
1569 3125 1682 3179 Deo
1719 3126 1775 3179 et
1806 3123 1968 3194 ipsis.
2011 3125 2071 3180 Si

431 3228 564 3270 vero
607 3214 971 3270 dolositatem
998 3213 1223 3285 habent,
1268 3213 1494 3282 judicet
1515 3214 1666 3268 Deus
1705 3225 1876 3283 super
1915 3213 2068 3283 illos,

434 3304 906 3374 quemadmodum
927 3315 1101 3373 super
1124 3302 1324 3360 Arium
1351 3306 1408 3358 et
1425 3303 1771 3358 Nestorium.

502 3393 771 3464 Episcopi
785 3391 2078 3464 quidiscutiebantur,etanathematizaverunt

434 3495 512 3554 se,
539 3483 826 3538 dicentes:
878 3481 1026 3552 Quia
1053 3495 1163 3537 non
1191 3496 1392 3538 sumus
1413 3481 1520 3538 sub
1538 3481 1708 3552 dolo;
1761 3481 1855 3536 sed
1879 3479 1928 3535 si
1962 3493 2074 3535 non

433 3569 679 3628 confessi
733 3569 1033 3640 fuerimus,
1088 3570 1240 3624 sicut
1275 3570 1556 3625 catholica
1606 3568 1878 3639 Ecclesia,
1933 3580 2080 3623 ana-

435 3660 624 3716 thema
644 3659 997 3715 habeamusa
1026 3660 1188 3713 Patre
1209 3663 1266 3713 et
1294 3657 1442 3712 Filio
1461 3662 1518 3712 et
1539 3657 1761 3727 Spiritu
1787 3661 2001 3712 sancto.

504 3749 774 3804 Tarasius
793 3746 1194 3802 sanctissimus
1214 3746 1538 3816 patriarcha
1557 3745 1710 3801 dixit
1732 3763 1744 3798 :
1781 3744 2078 3814 Proposita

438 3850 864 3908 prosequamur.

507 3926 708 3980 Petrus
735 3925 848 3980 Deo
877 3922 1146 3979 amabilis
1195 3921 1488 3994 presbyter
1510 3927 1567 3979 et
1609 3923 1792 3980 locum
1825 3923 2079 3986 retinens

439 4013 791 4070 sanctissimi
825 4027 980 4084 papa:
1001 4013 1260 4084 Romani,
1300 4012 1480 4068 dixit:
1509 4013 1580 4068 Ut
1599 4013 1766 4069 aiunt
1795 4012 2080 4069 historio—

438 4101 666 4174 graphi,
697 4108 928 4158 sanctus
953 4101 1214 4158 Meletius
1229 4102 1300 4158 ab
1325 4102 1556 4158 Arianis
1576 4107 1664 4159 est
1677 4102 1998 4174 ordinatus,
2021 4105 2079 4158 et

437 4191 694 4248 ascendit
718 4206 889 4262 super
915 4191 1233 4263 ambonem,
1262 4197 1320 4248 et
1350 4193 1682 4263 praedicavit
1714 4192 2072 4250 homousion.

435 4281 738 4339 Ordinatio
759 4285 946 4337 autem
977 4281 1101 4351 ejus
1131 4295 1244 4337 non
1274 4286 1362 4337 est
1387 4283 1704 4352 repudiata.

2181 3094 2613 3151 confirmassent
2663 3098 2718 3149 et
2765 3093 3152 3167 roborassent,
3197 3099 3399 3164 praeter
3443 3094 3844 3151 Alexandrum

2181 3182 2482 3239 Abillmum
2513 3179 2808 3258 [Abillze],
2841 3183 2941 3254 qui
2973 3183 3044 3240 ob
3071 3183 3177 3240 hoc
3205 3183 3276 3239 ab
3305 3184 3638 3254 episcopatu
3687 3198 3846 3254 pro—

2178 3273 2367 3342 jectus
2407 3276 2464 3328 et
2499 3272 2754 3343 Byzantii
2784 3285 2818 3328 a
2871 3277 3196 3328 terrmmotu
3244 3272 3488 3328 obrutus
3515 3278 3636 3328 est:
3702 3273 3845 3328 novi

2186 3361 2418 3432 quidam
2450 3362 2759 3417 Laurenses
2792 3355 3184 3434 [neolauritze]
3216 3374 3248 3416 a
3277 3361 3559 3417 catholica
3585 3374 3646 3416 se
3681 3375 3852 3431 sepa-

2186 3455 2454 3506 raverunt
2499 3449 2916 3505 communione.
2967 3448 3039 3504 At
3085 3463 3216 3505 vero
3255 3449 3582 3520 patriarcha
3621 3450 3849 3506 Eusto-

2185 3539 2356 3595 chius
2383 3538 2630 3593 diversis
2657 3537 2842 3594 modis
2865 3551 2964 3594 eos
2990 3551 3315 3610 aggressus,
3339 3543 3394 3594 et
3417 3551 3515 3608 per
3533 3542 3662 3593 octo
3687 3551 3848 3594 men-

2187 3641 2276 3683 ses
2300 3626 2746 3682 admonitionem
2778 3624 2914 3682 fecit
2955 3626 3109 3682 circa
3140 3626 3292 3699 illos,
3325 3633 3382 3682 et
3413 3625 3680 3696 precibus
3710 3627 3847 3682 suis

2190 3711 2390 3789 [usus]
2436 3728 2566 3770 cum
2610 3729 2721 3770 non
2751 3715 3028 3770 valuisset
3073 3715 3158 3772 eis
3191 3715 3530 3785 persuadere
3574 3729 3687 3786 quo
3735 3715 3844 3770 Ec-

2187 3802 2375 3858 clesiae
2395 3802 2690 3859 catholicae
2719 3803 3226 3875 communicarent,
3263 3801 3666 3874 imperialibus
3701 3803 3852 3872 jus—

2187 3891 2452 3948 sionibus
2495 3906 2654 3962 usus,
2685 3905 2783 3962 per
2826 3890 3193 3947 Anastasium
3225 3891 3427 3946 ducem
3452 3904 3485 3946 a
3517 3903 3660 3948 nova
3705 3891 3849 3948 illos

2187 3979 2373 4036 Laura
2405 3980 2663 4051 projecit,
2698 3980 3165 4050 provinciamque
3196 3983 3370 4036 totam
3419 3978 3491 4035 ab
3520 3992 3717 4035 eorum
3753 3992 3853 4049 pe-

2186 4069 2446 4125 stilentia
2468 4069 2750 4124 liberavit.

2257 4158 2530 4214 Tarasius
2573 4157 2976 4214 sanctissimus
3020 4158 3344 4228 patriarcha
3373 4157 3560 4214 dixit:
3615 4157 3850 4214 Videtis

2188 4247 2324 4319 quia
2355 4253 2484 4304 octo
2514 4260 2735 4303 menses
2756 4247 3035 4318 transegit
3053 4247 3526 4318 archiepiscOpus
3555 4261 3768 4319 rogans
3789 4253 3849 4303 et

506 4370 839 4426 Theodorus
862 4335 1263 4428 sanctissimus
1291 4335 1594 4440 episcopus
1615 4372 1858 4443 Catanae,
1891 4377 1947 4428 et
1976 4373 2076 4444 qui
2110 4363 2164 4426 D
2189 4335 3025 4444 [‘2'}?_‘Ef‘:'}f’ff{‘§fﬂ§fﬂl’ff
3056 4335 3850 4444 ¥9§1quiajffljﬂa§¥ff§€t

440 4474 572 4518 aum
603 4473 668 4516 eo
695 4463 859 4516 erant
885 4459 1136 4530 episcopi
1163 4459 1401 4527 Siciliae,
1423 4460 1727 4516 dixerunt:
1754 4461 1959 4516 Verum
1979 4461 2081 4517 di—

441 4552 526 4609 cit
544 4549 1000 4620 archipresbyter
1022 4549 1348 4619 apostolica:
1376 4549 1677 4605 cathedrae.

511 4639 781 4697 Tarasius
817 4638 1217 4695 sanctissimus
1266 4638 1588 4708 patriarcha
1611 4639 1793 4696 dixit:
1828 4642 1888 4697 In
1921 4640 2082 4696 nullo

442 4737 667 4788 sanctos
691 4733 881 4801 patres
903 4727 1226 4785 invenimus
1265 4727 1581 4800 dissonare,
1617 4729 1712 4785 sed
1743 4735 1809 4784 ut
1827 4729 2082 4799 ejusdem

443 4819 687 4891 spiritus
741 4832 938 4875 omnes
974 4817 1302 4889 existentes,
1358 4816 1505 4873 idem
1557 4817 1746 4888 ipsum
1793 4818 1998 4874 docent
2027 4823 2082 4874 et

443 4908 770 4980 praedicant.
805 4907 909 4963 Sed
936 4907 1114 4962 veluti
1135 4906 1437 4976 quamdam
1460 4906 1946 4977 dispensationem
1977 4920 2084 4962 ex-

441 4997 700 5070 cogitans
720 5001 951 5052 sanctus
966 4996 1128 5052 Pater
1149 4995 1500 5052 Athanasius
1519 4995 1598 5051 ita
1619 4995 1900 5066 exposuit.
1926 4995 2084 5051 Unde

437 5085 720 5158 judicavit
740 5085 873 5142 illos
900 5085 958 5140 in
980 5085 1132 5142 clero
1151 5085 1394 5157 suscipi,
1417 5084 1515 5156 qui
1554 5098 1666 5140 non
1685 5089 1875 5140 essent
1895 5085 2086 5156 magi-

443 5177 550 5234 stri
580 5175 873 5232 haereseos.

514 5264 990 5324 Reverendissimi
1023 5264 1282 5320 monachi
1313 5263 1618 5320 dixerunt:
1661 5261 1953 5334 Quidquid
1979 5264 2086 5333 ju—

515 5405 539 5433 ·
556 5391 648 5446 Gr.
675 5391 808 5446 add.
824 5389 1220 5447 Sacratissime
1237 5389 1486 5461 domine,
1511 5389 1560 5445 si
1579 5386 2087 5461 quidemdeferunt

444 5461 697 5531 libellos,
719 5463 871 5518 deut:
905 5463 995 5518 sin
1020 5463 1230 5526 minus,
1256 5459 1486 5531 faciant,
1514 5459 1686 5531 atque
1710 5459 1788 5516 ita
1802 5459 2089 5531 judicabit

447 5503 1438 5606 'sEi'ii'éiigy‘HSthé’EKiﬁéfs‘I‘ﬁtﬁt
1449 5503 1788 5588 15:12am“:
1802 5503 2088 5589 ῑίὶῖθῖιὶἑ

2187 4438 2284 4480 eos
2307 4423 2935 4493 prmanathematizatos
2960 4423 3022 4479 in
3055 4424 3290 4494 synodo.
3325 4424 3509 4496 Igitur
3531 4425 3646 4493 jam
3679 4425 3850 4480 audi-

2188 4512 2378 4567 vimus
2397 4511 2672 4567 canonica
2697 4517 2974 4582 praecepta
3003 4517 3060 4568 et
3095 4513 3400 4584 synodicas
3437 4513 3850 4570 denuntiatio—

2192 4614 2290 4656 nes
2309 4605 2365 4657 et
2393 4605 2719 4657 sanctorum
2750 4601 2981 4656 Patrum
3012 4615 3305 4660 censuras.
3335 4601 3474 4672 quia
3495 4615 3692 4657 omnes
3722 4615 3844 4658 uno

2192 4705 2363 4747 sensu
2387 4691 2715 4746 accedentes
2732 4704 2764 4746 a
2788 4690 3049 4760 qualibet
3076 4691 3282 4747 haaresi
3316 4695 3689 4762 receperunt.

2261 4798 2464 4855 Sancta
2493 4797 2746 4870 synodus
2781 4797 2970 4853 dixit:
3017 4798 3110 4855 Sic
3159 4812 3218 4855 se
3239 4798 3451 4855 veritas
3499 4797 3690 4871 habet,
3723 4799 3845 4856 nisi

2188 4887 2304 4944 alia
2323 4888 2598 4944 canonica
2617 4900 2789 4944 causa
2809 4887 2908 4959 sit,
2931 4901 3056 4958 quae
3088 4887 3404 4958 prohibeat.

2260 4995 2531 5052 Tarasius
2554 4994 2959 5050 sanctissimus
2981 4994 3307 5064 patriarcha
3335 4993 3520 5050 dixit:
3545 4995 3630 5050 Ita
3656 4993 3852 5064 placet

2191 5082 2501 5141 omnibus?
2549 5079 2676 5156 [Gn
2711 5083 2840 5138 add.
2878 5087 2942 5138 ut
2989 5083 3334 5154 recipiamus
3379 5082 3515 5140 eos?
3565 5087 3733 5152 atque
3761 5086 3850 5138 ita

2190 5189 2288 5228 ms.
2313 5169 2448 5247 Jol.]

2261 5261 2466 5317 Sancta
2495 5261 2744 5332 synodus
2771 5261 2958 5318 dixit:
2993 5261 3180 5319 Placet
3198 5262 3484 5319 omnibus.

2197 5386 2424 5459 libellos
2453 5390 2700 5459 paratos,
2731 5391 2787 5444 et
2815 5387 3083 5446 dabimus
3113 5388 3264 5444 illos.
3423 5439 3430 5446 .

2267 5457 2296 5501 δ
2323 5457 2743 5516 Gloriosissimi
2767 5461 3058 5532 principes
3092 5459 3395 5518 dixerunt:
3418 5459 3639 5516 Habent
3663 5457 3854 5515 libel—

2199 5530 2288 5588 los
2317 5545 2452 5588 suos
2491 5546 2605 5602 pra:
2647 5531 2929 5589 manibus.
