4012 6162
245 243 330 300 229
1019 248 1560 306 INTERPRETATIO
1597 251 1845 310 SYNODI
1881 255 1974 310 VII
2009 255 2408 317 GENERALIS.
2449 294 2523 304 —
2557 266 2757 324 ACTIO
2795 271 2835 322 Ι.

3528 275 3635 334 230

301 366 777 423 Reverendissimi
845 371 1106 426 monachi
1175 372 1450 429 dixerunt
1482 393 1494 428 :
1562 375 1629 429 Et
1704 373 1871 430 nobis
1898 376 1958 437 A
1983 380 2039 432 et
2078 378 2382 439 Anatolius
2414 391 2502 440 est
2543 393 2820 458 receptus.
2857 391 2926 446 Et
2961 407 3180 463 rursus,
3227 409 3355 451 vere
3377 411 3484 454 vox
3529 400 3632 455 Dei

245 455 418 524 placet.

292 545 557 601 Tarasius
580 547 988 605 sanctissimus
1011 551 1338 620 patriarcha
1359 553 1536 608 dixit:
1569 555 1638 608 Et
1665 554 1873 610 iterum

237 633 486 703 dicimus,
520 636 570 690 si
598 636 716 692 alia
755 639 1030 695 canonica
1062 655 1231 696 causa
1264 657 1391 712 qua:
1421 642 1666 712 deponat
1705 658 1875 699 accc-

237 722 441 778 dentem
493 738 607 780 non
652 732 760 798 est,
825 729 1173 797 recipietur:
1227 731 1351 786 sine
1397 731 1576 787 dubio
1631 745 1876 802 namque

235 815 729 880 oportetcanonica
750 819 1075 873 conservari
1106 823 1403 890 praecepta.

289 901 774 959 Reverendissimi
818 907 1076 962 monachi
1109 909 1416 965 dixerunt:
1466 910 1612 979 Quia
1662 924 1874 967 secun-

229 990 348 1045 dum
384 1006 484 1046 sex
511 999 742 1049 sanctas
771 999 826 1049 et
858 997 1208 1052 universales
1247 999 1492 1069 synodos
1519 1002 1876 1071 suscipimus

230 1092 309 1134 eos
338 1081 442 1150 qui
493 1095 563 1136 ex
590 1082 792 1138 haeresi
843 1091 1274 1160 convertuntur,
1307 1089 1357 1144 si
1403 1103 1515 1145 non
1543 1094 1628 1146 est
1656 1091 1714 1145 in
1753 1091 1876 1146 illis

226 1167 413 1238 aliqua
443 1185 619 1226 causa
671 1171 911 1229 nefaria.

287 1257 562 1315 Tarasius
611 1262 1013 1320 sanctissimus
1063 1267 1386 1334 patriarcha
1415 1268 1609 1324 dixit:
1661 1270 1731 1324 Et
1770 1283 1875 1325 nos

226 1341 347 1418 [Gn
382 1347 519 1401 add.
549 1347 774 1425 omnes]
803 1352 884 1407 ita
907 1353 1216 1410 deﬁnimus
1241 1357 1427 1412 edocti
1459 1371 1491 1412 a
1517 1358 1734 1413 sanctis
1779 1359 1874 1414 Pa-

225 1434 408 1490 tribus
432 1439 679 1493 nostris.

286 1525 774 1584 Reverendissimi
805 1532 1064 1587 monachi
1102 1533 1374 1590 dixerunt
1401 1553 1412 1588 :
1444 1535 1502 1590 Si
1549 1536 1733 1606 aliqui
1765 1551 1879 1593 m0-

222 1614 384 1668 nachi
415 1622 629 1671 sanctae
658 1621 872 1688 synodo
891 1622 1116 1692 desunt,
1145 1623 1284 1693 quid
1313 1625 1383 1678 de
1406 1624 1528 1680 illis
1551 1625 1613 1679 ﬁt
1633 1626 1660 1678 '?

1985 471 2090 537 est,
2121 470 2257 538 quia
2284 485 2395 527 non
2420 475 2736 533 morientur
2752 477 2858 532 ﬁlii
2885 493 2985 548 pro
3010 481 3290 553 patribus,
3318 485 3415 540 sed
3458 502 3634 544 unus-

1985 558 2233 629 quisque
2255 575 2358 616 suo
2382 572 2606 632 peccato
2634 567 2910 624 morietur
2933 565 3147 642 [Ezeclu
3176 586 3318 628 xvui
3337 571 3389 647 ]:
3421 580 3476 629 et
3497 578 3634 646 quia

1985 659 2052 700 ex
2079 649 2193 703 Deo
2235 655 2321 704 est
2344 655 2716 710 consecratio.
2746 656 2904 725 Quod
2940 659 2990 713 si
3027 658 3172 716 forte
3218 661 3403 732 aliqui
3452 663 3638 720 dubi—

1987 739 2109 790 tant
2127 738 2195 791 de
2226 738 2512 813 Anatolio,
2543 743 2806 815 legantur
2825 760 2890 800 ea
2922 762 3048 817 quae
3073 749 3142 804 de
3177 750 3302 819 ipso
3330 757 3483 806 sunt.

2055 844 2284 901 Cosmas
2335 849 2614 906 diaconus
2637 855 2692 906 et
2725 853 3094 912 cubuclesius
3147 859 3493 915 venerabilis
3543 875 3634 931 pa-

1987 931 2252 988 triarchii
2282 936 2455 1007 legit:

1983 1054 2302 1113 Procemium
2376 1061 2822 1120 Chalcedonensis
2895 1073 3092 1123 sanctae
3167 1087 3232 1125 ac
3309 1074 3635 1129 universalis

2677 1155 2906 1222 synodi;

2055 1248 2433 1309 Conveniente
2487 1260 2676 1312 autem
2729 1259 2900 1315 etiam
2955 1267 3151 1319 sancto
3203 1269 3260 1320 et
3317 1267 3628 1324 universali

1987 1337 2236 1394 concilio
2269 1344 2581 1399 secundum
2618 1359 2777 1402 sacra
2827 1351 3257 1420 pneceptionem
3314 1354 3372 1409 in
3407 1355 3634 1412 Chalce-

1986 1424 2224 1483 donensi
2277 1434 2415 1485 urbe
2473 1439 2849 1506 congregato:
2906 1437 2962 1492 id
3021 1444 3125 1510 est,
3182 1441 3525 1499 Paschasino
3579 1450 3636 1500 et

1985 1512 2258 1573 Lucentio
2316 1522 2806 1579 reverendissimis
2861 1527 3169 1600 episcopis,
3223 1536 3278 1585 et
3339 1531 3635 1591 Bonifacio

1986 1604 2426 1675 religiosissimo
2456 1611 2800 1683 presbytero,
2824 1617 3151 1673 tenentibus
3178 1619 3363 1675 locum
3391 1624 3628 1679 sanctis-

283 1705 562 1761 Tarasius
583 1709 988 1766 sanctissimus
1013 1712 1342 1780 patriarcha
1362 1713 1542 1768 dixit:
1571 1714 1875 1770 Persuade-
1905 1717 1957 1777 B
1983 1693 2116 1748 Simi
2148 1696 2566 1768 ambiepiscopi
2610 1702 2856 1758 δθηίοτίδ
2886 1705 3075 1761 Romae
3123 1709 3356 1779 Leonis;
3391 1715 3448 1765 θί
3470 1711 3631 1769 ΑΠΗ-

219 1794 410 1850 bimus
434 1795 527 1850 eis
555 1810 624 1850 ex
649 1797 966 1854 canonibus
991 1800 1090 1868 qui
1125 1802 1372 1869 praelecti
1404 1807 1572 1858 sunt:
1623 1808 1870 1860 attamen

219 1883 592 1953 quamobrem
621 1899 734 1940 non
765 1893 1138 1944 occurrerunt
1162 1890 1231 1944 ad
1266 1890 1410 1946 hanc
1435 1905 1653 1946 sacram
1693 1906 1873 1962 syno—

215 1971 411 2026 dum?

281 2060 502 2116 Sabbas
529 2065 1041 2122 reverendissimus
1075 2068 1379 2125 monachas
1415 2070 1599 2125 dixit:
1635 2072 1867 2143 Nescio;

218 2149 314 2204 sed
339 2164 610 2206 seorsum
639 2160 792 2208 sunt.

282 2239 640 2309 Euthymius
676 2244 790 2298 Deo
819 2245 1086 2301 amabilis
1118 2247 1421 2317 episcopus
1455 2249 1866 2307 Sardinorum:

213 2321 606 2398 [Sardeorum
631 2349 646 2398 ;
670 2330 973 2406 Sardium]
997 2334 1176 2390 dixit:
1212 2337 1695 2405 Quemadmodum
1720 2355 1876 2412 roga-

208 2413 425 2484 vimus,
443 2417 569 2484 jam
592 2419 824 2474 veniant
842 2419 998 2490 libri,
1033 2427 1087 2476 et
1138 2422 1435 2496 legantur;
1465 2431 1519 2480 et
1557 2427 1870 2499 videamus,

209 2507 262 2562 si
309 2511 582 2576 oporteat
635 2509 856 2580 suscipi
903 2524 999 2566 eos
1043 2511 1140 2581 qui
1185 2513 1255 2567 ab
1299 2514 1586 2572 hmreticis
1621 2518 1873 2573 ordinati

210 2602 366 2652 sunt.

275 2686 705 2744 Constantinus
719 2690 980 2745 reverend
992 2691 1226 2748 issimus
1245 2693 1524 2750 diaconus
1545 2701 1599 2750 et
1614 2697 1874 2753 notarius

211 2775 401 2830 dixit:
451 2776 740 2844 Quoniam
779 2778 1014 2834 dixistis
1041 2780 1111 2835 de
1158 2783 1442 2838 ordinatis
1476 2784 1547 2840 ab
1587 2785 1874 2841 hmreticis

209 2863 321 2935 legi
380 2866 666 2935 exempla,
703 2881 817 2936 pra:
855 2869 1120 2924 manibus
1152 2870 1424 2927 habemus
1464 2872 1680 2928 libros:
1735 2880 1792 2928 et
1820 2875 1870 2930 si

203 2953 450 3024 jubetis,
479 2954 766 3025 legantur.

276 3043 494 3098 Sancta
519 3045 778 3114 synodus
805 3046 956 3101 dixit
981 3067 993 3102 :
1025 3050 1322 3122 Legantur.

274 3132 614 3202 Stephanus
641 3147 830 3189 revere
871 3136 1150 3194 dissimus
1172 3141 1483 3198 monachus
1511 3146 1568 3198 et
1588 3141 1868 3199 librorum

200 3225 409 3276 custos
437 3221 620 3293 legit:

541 3331 620 3383 De
648 3331 1006 3386 ecclesiastica
1038 3336 1280 3389 Historia
1309 3340 1509 3408 Ruﬁni.

276 3437 438 3491 Hanc
503 3436 736 3507 quidem
801 3439 1130 3497 intestinam
1200 3447 1670 3515 persecutionem,
1739 3465 1870 3505 cum

199 3522 404 3580 brevis
462 3530 633 3597 esset,
693 3527 939 3596 primum
1001 3530 1059 3585 in
1085 3533 1472 3604 episcopatum
1539 3539 1874 3597 transiliens

198 3613 586 3670 Macedonius
627 3629 878 3672 crescere
910 3617 1062 3674 fecit.
1096 3621 1338 3678 Acacius
1365 3631 1553 3680 autem
1584 3633 1640 3682 et
1671 3630 1874 3686 Patro—

202 3701 412 3770 philus
485 3704 798 3760 Maximum
854 3707 1434 3778 Hierosolymitanum
1499 3717 1865 3785 expellentes.

198 3789 494 3860 Cyrillum
545 3807 649 3862 pro
673 3807 738 3849 eo
777 3796 1223 3869 constituerunt.
1269 3803 1339 3855 Et
1370 3804 1605 3872 posthac
1643 3807 1874 3863 Cosmas

202 3882 732 3938 reverendissimus
751 3884 1028 3941 diaconus
1052 3891 1108 3942 et
1136 3888 1504 3947 cubuclesius
1527 3896 1873 3952 venerabilis

206 3970 558 4038 patriarchii
589 3971 731 4042 legit
754 3991 766 4026 :

204 4076 282 4129 De
350 4077 719 4132 ecclesiastica
787 4081 1029 4135 Historia
1095 4085 1360 4140 Theodori
1429 4088 1663 4153 lectoris,
1717 4091 1872 4145 'libro

945 4173 1150 4239 quinto.

281 4264 601 4320 Dioscorus
629 4265 780 4320 enim
803 4272 1000 4323 contra
1027 4269 1083 4324 id
1107 4272 1254 4340 quod
1287 4275 1502 4345 regulis
1525 4277 1726 4349 placet,
1755 4279 1870 4335 sibi

211 4353 641 4409 ordinationem
662 4356 1279 4428 Constantinopolitani
1296 4363 1660 4435 episcopatus
1684 4369 1779 4425 ind
1790 4371 1872 4427 ul-
1899 4367 1954 4430 ll

211 4455 370 4515 gens,
403 4445 672 4512 provehit
694 4445 754 4500 in
780 4447 904 4515 ejus
928 4451 1296 4516 praesulatum
1323 4453 1653 4512 Anatolium
1682 4474 1874 4529 quem-

212 4530 345 4586 dam
375 4533 898 4591 Alexandrinorum
928 4538 1192 4594 Ecclesia:
1239 4555 1508 4611 responsa
1536 4547 1873 4605 Constanti—

216 4621 411 4690 nopoli
441 4620 766 4694 facientem,
821 4624 1031 4682 habens
1063 4632 1268 4696 praesto
1297 4636 1355 4685 et
1384 4633 1696 4704 Eutychem
1727 4652 1874 4694 com-

218 4710 666 4767 ministrantem.
698 4711 780 4767 Ad
805 4727 971 4783 quem
990 4713 1294 4774 Anatolius
1315 4725 1476 4790 grato
1506 4724 1700 4780 animo
1720 4726 1873 4782 dixit

221 4793 402 4871 [scite
430 4798 639 4875 dixit],
692 4802 842 4872 quod
890 4801 1149 4861 futurum
1194 4814 1315 4863 erat
1350 4809 1657 4882 ignorans:
1711 4816 1876 4884 Quo-—

220 4901 443 4960 cunque
471 4889 806 4963 ambulasti,
868 4893 1260 4951 sanctiﬁcasti.
1303 4896 1632 4971 Agebantur
1679 4909 1869 4962 autem

225 4976 339 5034 haec
367 4980 673 5035 consulatu
704 4982 1036 5055 Protogenis
1065 4989 1122 5040 et
1151 4985 1382 5043 Asterii.

288 5067 560 5124 Tarasius
617 5069 1020 5128 sanctissimus
1079 5075 1404 5143 patriarcha
1460 5079 1658 5136 dixit:
1719 5084 1867 5153 Quid

227 5152 419 5211 dicitis
448 5157 518 5212 de
547 5156 815 5214 Anatolio
834 5159 862 5212 ‘?
899 5161 1096 5216 Nonne
1135 5163 1349 5232 primas
1380 5174 1587 5224 sancta:
1613 5183 1636 5209 ι
1666 5152 1867 5242 synodi

230 5239 371 5297 fuit?
388 5247 457 5300 Et
476 5260 605 5302 ecce
626 5260 658 5301 a
678 5247 948 5304 Dioscoro
972 5250 1149 5320 impio
1169 5253 1471 5312 ordinatus
1489 5262 1576 5313 est
1595 5239 1710 5332 [ϐτί
1734 5263 1866 5317 add.

236 5340 493 5397 praesente
510 5349 739 5405 quoque
768 5337 1070 5413 Eutyche}.
1104 5342 1251 5412 Ergo
1275 5348 1331 5399 et
1352 5358 1454 5402 nos
1481 5350 1869 5420 suscipiamus

234 5431 321 5476 eos
346 5424 441 5494 qui
471 5423 544 5479 ab
577 5425 865 5482 haereticis
901 5428 1154 5485 ordinati
1195 5437 1351 5504 sunt,
1387 5439 1867 5506 quemadmodum

297 5540 319 5567 ³
342 5529 583 5599 Quartae.

1984 1783 2124 1839 tolio
2156 1786 2520 1843 sanctissimo
2547 1791 2812 1862 episcopo
2863 1795 3050 1866 magni
3081 1797 3335 1853 nominis
3357 1798 3630 1858 Constan-

1982 1871 2300 1942 tinopoleos
2328 1889 2483 1932 novae
2507 1879 2731 1935 Romze:

2051 1981 2528 2041 Reverendissimi
2560 1988 2818 2044 monachi
2849 1991 3156 2050 dixerunt:
3187 1997 3257 2052 Et
3297 1999 3402 2056 hoc
3439 2003 3620 2058 susci-

1985 2083 2193 2138 pimus.

2052 2159 2254 2216 Adhuc
2276 2161 2686 2221 Constantinus
2717 2166 2995 2224 diaconus
3019 2174 3075 2225 et
3105 2175 3368 2230 notarius
3398 2190 3622 2234 venera-

1983 2245 2123 2302 bilis
2149 2249 2488 2317 patriarchii
2521 2252 2690 2323 legit:

2268 2395 2342 2446 De
2367 2395 2417 2448 γ
2417 2396 2493 2448 ita
2523 2398 2701 2450 sancti
2722 2399 2903 2454 Patris
2929 2404 3103 2456 nostri
3127 2403 3333 2460 Sabbw.

2057 2516 2323 2574 Flaviano
2351 2519 2534 2591 igitur
2559 2526 2616 2576 et
2643 2523 2768 2578 Elia
2801 2526 3146 2593 patriarchis
3169 2529 3397 2600 Sidone,
3427 2535 3491 2586 ut
3513 2533 3632 2587 dic-

1987 2609 2106 2662 tum
2155 2613 2258 2674 est,
2290 2610 2760 2682 consistentibus,
2811 2620 2867 2669 et
2905 2615 3118 2672 litteris
3169 2618 3396 2674 blandis
3422 2625 3478 2675 et
3519 2622 3634 2676 dis-

1987 2696 2330 2763 pensatoriis
2358 2699 2425 2753 ad
2467 2699 2862 2769 imperatorem
2919 2706 3233 2777 utentibus,
3277 2713 3448 2778 atque
3479 2713 3628 2780 apud

1981 2783 2246 2838 Sidonem
2280 2786 2552 2843 adversus
2579 2794 2785 2844 rectam
2841 2791 3004 2847 ﬁdem
3037 2800 3436 2867 congregatam
3468 2813 3629 2868 syno-

1982 2873 2117 2928 dum
2171 2873 2620 2946 destruentibus,
2674 2893 2887 2935 necnon
2939 2881 3007 2935 ad
3063 2883 3300 2939 thronos
3361 2887 3628 2954 proprios

1985 2962 2379 3036 redeuntibus,
2432 2966 2717 3037 indignati
2748 2969 2806 3022 hi
2842 2970 2941 3039 qui
2991 2971 3143 3027 circa
3169 2973 3529 3030 Sotericbum
3578 2982 3636 3031 et

1901 3044 1951 3106 C
1983 3051 2355 3107 Philoxenum
2401 3058 2581 3124 erant,
2625 3055 2684 3110 in
2729 3056 2872 3112 iram
2923 3059 3255 3116 immensam
3301 3076 3626 3119 commove—

1983 3146 2118 3194 runt
2145 3141 2563 3211 imperatorem,
2595 3145 2760 3214 quasi
2791 3147 3087 3216 deceptum
3112 3163 3144 3204 a
3168 3151 3625 3219 patriarcharum

1981 3229 2196 3283 astutia
2234 3235 2288 3284 et
2337 3231 2724 3288 simulatione.
2771 3236 2841 3289 Et
2867 3243 3094 3305 accepta
3140 3244 3416 3307 potestate
3459 3257 3627 3311 quam

1981 3316 2304 3388 voluerunt,
2333 3324 2390 3375 et
2418 3335 2559 3376 auro
2580 3322 2886 3378 sufﬁcienti
2916 3324 3238 3382 Antiochia:
3271 3329 3439 3399 vulgo
3469 3331 3622 3402 dato,

1985 3405 2186 3460 multis
2217 3407 2400 3462 modis
2431 3408 2853 3466 tribulaverunt
2883 3412 3236 3483 Flavianum,
3265 3421 3321 3470 et
3355 3419 3626 3487 quodam-

1988 3495 2151 3550 modo
2235 3496 2672 3569 suti‘ocaverunt,
2768 3507 3030 3572 cogentes
3116 3504 3630 3563 Chalcedonensem

1986 3586 2263 3656 synodum
2293 3587 2771 3643 anathematizare
2798 3608 2810 3643 :
2836 3590 3031 3646 taliter
3053 3605 3182 3646 eum
3204 3593 3274 3648 ab
3295 3595 3631 3665 episcopatu

1988 3675 2340 3747 repellentes,
2374 3677 2582 3734 exsilio
2610 3679 3038 3736 damnaverunt.
3068 3679 3190 3748 Quo
3221 3690 3508 3753 comperto
3533 3686 3635 3740 im-

1989 3769 2212 3832 perator
2245 3766 2474 3836 gavisus
2512 3772 2615 3838 est,
2644 3772 2700 3822 et
2718 3769 2980 3824 Severum
3016 3769 3430 3840 Acephalorum
3475 3774 3631 3843 prin-

1985 3851 2168 3921 cipem
2195 3853 2612 3910 Antiochenum
2657 3857 2986 3926 episcopum
3017 3859 3209 3925 ,misit.
3255 3860 3363 3928 Qui
3394 3861 3634 3919 Severus

1984 3941 2337 4012 apprehenso
2369 3945 2781 4015 patriarchatu,
2813 3947 2990 4002 multa
3014 3948 3244 4016 quidem
3263 3950 3481 4005 atrocia
3510 3951 3624 4006 sibi

1986 4045 2098 4086 non
2143 4034 2704 4090 communicantibus
2755 4036 3185 4092 demonstravit.
3237 4039 3419 4094 Mittit
3442 4045 3630 4095 autem

1985 4121 2255 4190 synodica
2293 4137 2397 4177 sua
2427 4122 2564 4177 Eliae
2607 4123 3040 4194 archiepiscOpo
3069 4143 3081 4179 :
3117 4130 3174 4181 et
3204 4140 3316 4181 non
3349 4134 3630 4199 receptus,

1981 4216 2293 4266 commovet
2343 4211 2402 4266 in
2437 4212 2578 4266 iram
2614 4212 3042 4284 imperatorem;
3077 4219 3134 4270 et
3159 4231 3360 4272 rursus
3384 4218 3636 4275 destinat

1981 4314 2084 4355 sua
2113 4299 2298 4368 ipsius
2324 4301 2594 4370 synodica
2609 4301 3054 4372 Hierosolymam
3075 4305 3223 4360 Maio
3255 4320 3443 4361 mense
3461 4313 3631 4364 sextae

1986 4389 2345 4461 indictionis,
2373 4403 2502 4445 cum
2542 4389 2884 4459 quibusdam
2925 4392 3153 4448 clericis
3185 4400 3240 4448 et
3270 4395 3483 4451 virtute
3516 4398 3635 4452 im—

1985 4479 2270 4547 peratoria
2298 4475 2388 4550 [id
2403 4483 2498 4548 est,
2521 4476 2789 4552 militia].
2818 4481 2888 4534 Et
2906 4481 3009 4536 hoc
3026 4482 3242 4554 agnito,
3262 4484 3424 4538 Pater
3443 4491 3637 4541 noster

1983 4566 2196 4622 Sabbas
2251 4572 2459 4623 sancta:
2516 4568 2802 4623 memoriae
2858 4571 3167 4627 ascendens
3223 4571 3282 4627 in
3342 4573 3633 4629 civitatem

1984 4661 2235 4712 sanctam
2270 4671 2381 4713 una
2410 4672 2539 4714 cum
2593 4658 2732 4714 aliis
2760 4659 2934 4714 eremi
2972 4660 3326 4732 hegumenis,
3381 4676 3478 4718 eos
3509 4665 3634 4734 qui-

1982 4747 2108 4802 dem
2156 4746 2255 4815 qui
2302 4750 2570 4801 venerant
2611 4760 2740 4802 cum
2795 4748 3088 4818 synodicis
3126 4749 3337 4818 Severi,
3371 4765 3403 4806 a
3436 4757 3631 4807 sancta

1985 4834 2231 4889 insecuti
2273 4839 2409 4890 sunt
2453 4833 2704 4889 civitate.
2739 4835 3170 4892 Multitudinem
3223 4843 3412 4893 autem
3447 4853 3634 4896 mona-

1982 4923 2222 4979 chorum
2248 4923 2502 4993 undique
2532 4923 2884 4995 colligentes,
2910 4930 3041 4981 ante
3059 4932 3309 4983 sanctam
3328 4928 3631 4985 calvariam

1982 5026 2110 5068 cum
2137 5010 2672 5081 Hierosolymitanis
2696 5012 3037 5084 clamabant,
3070 5014 3355 5071 dicentes:
3391 5017 3635 5074 Anathe-

1982 5116 2072 5158 ma
2102 5103 2301 5158 Severo
2331 5106 2387 5156 et
2419 5101 2511 5156 his
2541 5101 2640 5171 qui
2674 5101 3099 5158 communicant
3127 5104 3209 5158 ei:
3247 5107 3625 5174 priesentihus

1896 5241 1907 5250 .
1980 5197 2037 5247 et
2065 5190 2438 5247 audientibus
2469 5195 2584 5246 tam
2619 5191 3033 5262 magistrianis,
3069 5206 3239 5262 quam
3268 5194 3632 5264 principibus

1980 5287 2037 5336 et
2066 5280 2356 5337 militibus
2387 5281 2487 5350 qui
2535 5279 2760 5336 fuerant
2789 5279 2860 5335 ab
2895 5281 3234 5350 imperatore
3275 5264 3637 5338 transmissi.

1979 5374 2091 5426 Iste
2117 5371 2329 5440 quippe
2355 5371 2592 5425 Severus
2622 5370 2868 5424 elatione
2900 5370 3028 5424 dira
3061 5372 3344 5440 detentus,
3373 5376 3428 5425 et
3456 5371 3629 5440 impe-

1983 5460 2116 5515 riali
2145 5460 2410 5530 potentia:
2434 5459 2688 5530 innixus,
2707 5459 3212 5515 Chalcedonensem
3239 5460 3516 5528 synodum
3537 5459 3628 5512 de-
