4012 6162
404 253 502 314 234

1635 249 1993 307 ANASTASII
2040 213 2590 308 BIBLIOTHECAIiII

3716 251 3825 311 232

403 379 523 436 cies
540 377 732 434 milies
759 373 1054 452 [millenis]
1079 375 1846 446 submisitanathematibus,
1865 380 1922 432 et
1937 377 2053 432 Eu—
2083 375 2139 433 Α
2172 375 2401 448 lymam,
2427 378 2619 435 subito
2647 379 2804 449 capit
2838 378 3364 451 archiepisc0pum,
3393 383 3452 434 et
3490 379 3673 434 mittit
3694 393 3822 435 eum

404 467 653 540 tychetis
673 473 960 522 externam
987 465 1320 536 opinionem
1336 467 1674 522 conﬁrmare
1689 467 2055 533 contendens,

406 571 576 613 unam
589 556 822 612 Domini
837 555 1053 611 Christi
1066 555 1318 610 FiliiDei
1337 560 1392 610 et
1406 559 1610 624 postex
1623 553 1858 626 Virgine
1879 554 2062 609 incar-

408 645 696 701 nationem
722 651 778 702 et
804 645 1268 702 humanationem
1288 644 1636 714 praedicabat
1661 647 1921 700 naturam
1938 658 2058 700 cor-

408 741 657 806 ruptam;
675 734 962 790 etamicus
974 732 1406 790 turbationibus
1417 733 1670 789 existens
1683 733 1894 789 multas
1907 733 2062 788 novi-

406 829 550 882 tates
574 823 793 880 eﬁlnxit
834 823 1109 879 adversus
1135 827 1286 878 recta
1326 821 1596 877 Ecclesiae
1618 821 1902 894 dogmata,
1955 836 2058 878 seu

407 914 590 985 leges:
627 911 1032 982 impiissimam
1054 909 1204 966 enim
1232 915 1286 965 et
1316 909 1916 966 latrociniosissimam
1947 907 2060 984 [la-

408 997 944 1074 trocinalissimam]
973 999 1312 1069 Ephesinam
1331 1000 1636 1056 secundam
1655 1000 1931 1070 synodum
1961 1013 2060 1054 re—

409 1091 576 1162 cipit,
607 1095 665 1146 et
693 1088 940 1146 similem
981 1087 1128 1144 dicit
1151 1101 1272 1144 esse
1311 1087 1457 1143 hanc
1489 1087 1601 1157 illi,
1631 1079 1758 1158 quae
1791 1088 1953 1158 prius
1997 1088 2055 1144 in

406 1180 599 1236 eadem
624 1177 910 1248 Ephesina
939 1175 1079 1232 urbe
1095 1176 1376 1232 convenit.
1408 1178 1476 1232 Et
1494 1177 1742 1246 :equales
1767 1176 1826 1232 in
1853 1177 2060 1232 docto—

417 1267 580 1324 ribus
597 1265 934 1337 pronuntiat
945 1259 1222 1336 Cyrillum
1242 1263 1522 1321 deiferum
1540 1263 2056 1320 Alexandrinorum

427 1355 776 1426 episcopum,
803 1352 1207 1408 etDioscorum
1236 1353 1335 1424 qui
1369 1353 1429 1407 in
1442 1351 1900 1409 communionem
1916 1365 2062 1407 rece-

412 1445 498 1516 pit
547 1441 913 1512 Eutychetem
959 1441 1312 1512 haareticum,
1369 1446 1564 1512 utpote
1615 1449 2056 1496 consentaneum

409 1547 601 1604 suum,
632 1535 690 1586 et
714 1529 1145 1587 sanctissimum
1173 1535 1228 1586 et
1263 1529 1813 1586 orthodoxissimum
1845 1527 2062 1584 Flavia-

2171 465 2230 521 in
2265 467 2587 523 custodiam
2637 467 2946 538 publicam.
2977 468 3186 524 Omnes
3213 472 3404 524 autem
3452 473 3661 524 sancta:
3688 467 3828 522 civi-

2170 555 2306 609 tatis
2328 554 2678 611 habitatores
2707 555 2980 627 gratulati
3009 562 3164 626 sunt,
3198 569 3265 612 eo
3295 555 3445 626 quod
3481 553 3828 612 fueritinsié

2167 642 2358 698 diator
2385 647 2442 698 et
2472 643 2730 713 proditor
2749 644 2889 699 Elite
2913 643 3356 714 archiepiscopi.
3396 643 3702 700 Zacharias
3731 656 3828 699 au-

2167 735 2280 786 tem
2311 732 2506 802 quiam
2547 718 2985 788 Caesariensium
3028 731 3192 788 urbis
3219 732 3610 802 principatum
3642 731 3831 788 mode-

2171 833 2322 891 rans,
2355 820 2500 876 clam
2531 821 2587 875 in
2612 820 2992 876 munitionem
3035 821 3354 893 ingressus,
3385 820 3700 878 consilium
3728 821 3828 876 dat

2165 909 2388 980 Joanni,
2421 909 2654 965 dicens:
2687 910 2736 966 si
2763 909 2853 966 vis
2873 909 3014 965 bene
3038 923 3223 982 agere,
3268 914 3326 966 et
3352 909 3687 965 nullatenus
3709 909 3830 980 epi-

2167 1004 2404 1067 sc0patu
2434 998 2670 1069 privari,
2705 1011 2867 1054 nemo
2893 997 3002 1054 tibi
3029 998 3266 1054 suadeat
3293 998 3652 1054 Severum~in
3679 1011 3831 1054 com-

2169 1086 2496 1142 munionem
2547 1087 2818 1158 recipere,
2852 1087 2950 1143 sed
2994 1088 3160 1158 quasi
3197 1087 3532 1158 repromitte
3562 1087 3726 1156 duci,
3771 1091 3830 1142 et

2165 1174 2281 1245 dic,
2335 1175 2470 1246 quia
2494 1181 2550 1231 et
2581 1175 2676 1232 hic
2718 1175 2970 1248 quidem,
3023 1189 3148 1246 qua:
3192 1175 3592 1245 intenduntur,
3639 1174 3828 1231 facere

2167 1276 2281 1318 non
2309 1263 2543 1320 differo:
2577 1265 2673 1320 sed
2697 1278 2768 1320 ne
2797 1263 3086 1321 fateantur
3114 1264 3348 1335 quidam
3386 1278 3484 1334 per
3523 1263 3832 1320 necessita-

2168 1356 2278 1407 tem
2307 1357 2365 1408 et
2407 1353 2737 1408 violentiam
2765 1367 2852 1408 me
2879 1367 3066 1426 agere,
3115 1353 3382 1410 dimittar
3411 1353 3548 1408 hinc
3566 1371 3582 1421 ;
3603 1355 3672 1408 'et
3699 1357 3830 1424 post

2165 1441 2312 1496 duos
2340 1441 2466 1496 dies
2489 1441 2785 1497 Dominica
2823 1441 3102 1497 existente
3129 1454 3290 1514 agam
3337 1442 3609 1498 alacriter
3641 1457 3775 1514 qua:
3794 1456 3830 1498 a

2167 1528 2330 1584 vobis
2351 1528 2661 1600 jubentur;
2693 1534 2749 1584 et
2779 1529 3175 1600 hujuscemodi
3197 1528 3388 1586 verbis
3407 1531 3684 1588 credulus
3704 1532 3829 1588 dux

408 1635 546 1677 num
565 1620 736 1692 regiae
754 1617 920 1676 urbis
935 1618 1430 1688 archiepisc0pum
1470 1617 1742 1688 deposuit
1761 1622 1812 1672 et
1840 1617 2058 1672 intere—
2084 1690 2122 1692 Α
2168 1617 2426 1673 restituit
2440 1631 2568 1672 eum
2587 1617 2871 1674 Ecclesiae.
2891 1618 3376 1688 Archiepiscopus
3387 1633 3522 1691 ergo
3537 1619 3828 1676 dimissus

409 1709 550 1779 mit;
583 1690 648 1764 et
689 1707 767 1762 ita
793 1707 854 1762 in
914 1706 1206 1776 impietate
1260 1705 1564 1776 proﬁciens
1595 1705 1745 1762 idem
1797 1705 2054 1775 Severus,
2082 1690 2138 1752 Β
2171 1719 2268 1776 per
2298 1711 2538 1778 noctem,
2581 1707 2915 1772 universum
2964 1707 3364 1762 monachicum
3412 1690 3722 1780 collegium
3752 1708 3828 1764 ad

411 1796 716 1853 exacuitin
734 1795 1144 1866 blasphemiam
1170 1795 1272 1850 Dei
1301 1795 1556 1866 linguam
1575 1808 1760 1858 suam,
1788 1798 1845 1850 et
1871 1792 2061 1862 parti-
2168 1797 2420 1850 sanctam
2451 1794 2754 1866 accersivit
2773 1794 3082 1866 civitatem,
3132 1795 3389 1866 undique
3419 1795 3723 1868 colligens.
3754 1797 3835 1852 Ut

407 1885 556 1941 titus
581 1888 666 1940 est
693 1884 752 1938 in
783 1883 908 1939 suis
927 1883 1114 1952 ipsius
1127 1881 1489 1939 sermonibus
1505 1896 1617 1938 non
1645 1881 1971 1953 partibilem
1999 1881 2058 1938 in

413 1972 697 2028 Trinitate
721 1970 1106 2026 divinitatem.
1141 1970 1348 2026 Dicens
1395 1971 1548 2026 enim
1576 1975 1633 2026 et
1664 1969 1952 2026 aﬁirmans
1979 1983 2062 2026 es-

414 2061 655 2117 sentiam
685 2057 836 2133 [Gr.,
857 2057 1324 2132 subsistentiam]
1358 2073 1482 2116 esse
1507 2065 1766 2116 naturam
1794 2064 1851 2114 et
1863 2063 2059 2114 ’natu—

411 2163 532 2206 ram
563 2163 686 2206 esse
710 2149 1016 2204 essentiam
1050 2144 1206 2222 [Gr.,
1233 2145 1725 2222 subsistentiam],
1757 2153 1814 2203 et
1843 2147 2058 2203 nullam

409 2237 793 2294 differentiam
847 2238 906 2294 in
948 2237 1041 2292 his
1084 2237 1418 2294 nominibus
1454 2237 1662 2305 sciens,
1713 2240 1965 2293 sanctam
2005 2241 2063 2291 et

413 2327 756 2382 adorandam
788 2331 846 2382 et
882 2325 1426 2382 consubstantialem
1463 2325 1800 2382 Trinitatem
1841 2325 2064 2380 divina-

365 2485 370 2489 η
417 2428 542 2471 rum
565 2415 944 2470 essentiarum
967 2410 1119 2487 [Gr.,
1137 2410 1704 2487 subsistentiarum],
1726 2418 2060 2469 naturarum

410 2506 470 2558 et
491 2503 770 2559 deitatum
795 2508 852 2558 et
877 2503 1114 2558 deorum
1147 2503 1338 2558 dicere
1365 2504 1394 2556 'l
1411 2502 1702 2558 rinitatem
1736 2516 1914 2558 ausus
1937 2506 2055 2557 est:

421 2591 753 2661 huiusmodi
770 2605 904 2663 ergo
927 2591 1248 2647 animarum
1265 2595 1652 2662 corruptorem
1679 2595 1737 2646 et
1757 2589 2062 2660 depopula-

419 2683 598 2735 torem
627 2679 935 2749 imperator
967 2678 1308 2736 Anastasius
1343 2679 1530 2750 coegit
1558 2678 2058 2748 archiepiscopum

412 2769 596 2824 Eliam
618 2782 740 2823 com
751 2767 1159 2824 municatorem
1177 2767 1496 2824 admittere.
1519 2767 1628 2836 Qui
1651 2780 1780 2822 cum
1807 2766 2062 2822 nullate—

415 2870 526 2912 nus
556 2857 661 2912 hoc
695 2869 860 2927 agere
893 2855 1296 2928 consensisset,
1337 2855 1608 2912 effervens
1638 2854 1830 2912 furore
1874 2855 2062 2924 impe—

415 2951 573 3000 rator
598 2943 813 3000 direxit
839 2943 1165 3014 Olympium
1184 2944 1480 3014 quemdam
1499 2934 1920 3012 Caesariensem,
1944 2943 2064 2999 du-

2167 1886 2357 1938 autem
2385 1881 2620 1953 quidam
2653 1888 3016 1939 numerantes
3046 1883 3478 1939 multitudinem
3512 1885 3834 1941 nuntiave—

2171 1976 2326 2038 runt,
2357 1971 2493 2041 quia
2516 1969 2758 2026 habebat
2787 1971 3153 2043 congregatio
3177 1971 3368 2027 decem
3401 1972 3584 2028 millia
3618 1986 3834 2030 mona—

2169 2058 2429 2128 chorum,
2461 2064 2518 2114 et
2555 2059 2828 2129 quoniam
2857 2073 2958 2115 nec
2988 2065 3104 2116 tota
3153 2060 3394 2117 ecclesia
3420 2067 3639 2131 poterat
3688 2067 3834 2135 tan—

2175 2152 2294 2202 tum
2343 2154 2544 2218 capere
2593 2149 2888 2220 pepulum,
2950 2148 3132 2204 visum
3182 2155 3271 2204 est
3328 2153 3392 2205 ut
3445 2151 3836 2208 convenirent

2171 2235 2426 2292 universi
2471 2249 2570 2306 per
2603 2237 2937 2292 Dominicos
2959 2236 3087 2292 dies
3135 2233 3524 2310 [Dominicum
3546 2237 3732 2314 diem]
3763 2240 3832 2296 in

2168 2323 2398 2380 domum
2417 2325 2599 2380 sancti
2623 2325 3060 2396 protomartyris
3079 2325 3374 2397 Stephani,
3397 2340 3463 2382 eo
3480 2327 3630 2398 quod
3650 2327 3836 2384 sufﬁ—

2169 2412 2486 2470 ciensesset
2505 2414 2574 2469 od
2595 2414 2971 2483 receptionem
2991 2414 3414 2471 multitudinis:
3436 2415 3610 2473 simul
3628 2422 3836 2474 autem

2169 2506 2226 2557 et
2251 2506 2618 2572 properarent
2647 2501 2869 2558 obviam
2893 2503 3134 2572 Hypatio
3159 2503 3504 2560 consobrino
3523 2505 3840 2574 imperato-

2170 2588 2273 2660 ris,
2301 2595 2438 2645 tunc
2461 2603 2494 2644 a
2514 2589 2789 2645 Vitaliani
2820 2590 3153 2660 captivitate
3173 2590 3383 2658 soluto,
3405 2597 3462 2646 et
3495 2592 3836 2664 Hierosoly-

2171 2690 2316 2733 mam
2345 2677 2626 2734 orationis
2655 2691 2827 2734 causa
2847 2678 3120 2734 venienti.
3166 2679 3654 2736 Convenientibus
3685 2695 3836 2754 ergo

2171 2765 2458 2822 universis
2481 2755 2597 2823 tam
2629 2766 2924 2822 monachis
2948 2780 3120 2836 quam
3151 2767 3378 2824 civibus
3409 2768 3470 2823 in
3510 2775 3833 2826 memorata

2168 2854 2404 2910 colenda
2426 2855 2614 2926 domo,
2642 2855 2908 2910 convenit
2927 2860 2983 2910 et
3005 2855 3344 2912 Anastasius
3367 2855 3506 2927 dux,
3533 2863 3591 2912 et
3617 2858 3842 2914 Zacha-

2170 2943 2288 2998 rias
2307 2943 2648 2999 consularis.
2672 2943 2926 3014 Cumque
2946 2943 3270 3000 consularis
3298 2940 3631 3020 [Hypatius]
3658 2947 3837 3004 adve-

415 3037 604 3088 catum
631 3031 924 3088 habentem
952 3032 1284 3102 Palaestinae,
1313 3033 1546 3088 mittens
1587 3032 1801 3102 pariter
1827 3045 1956 3088 cum
1994 3045 2060 3087 eo
2091 3021 2142 3084 Ο
2172 3030 2370 3102 uisset,
2402 3034 2458 3085 et
2499 3045 2629 3086 cum
2663 3030 3038 3087 multitudine
3062 3031 3122 3086 in
3155 3032 3326 3101 primi
3368 3033 3639 3104 martyris
3686 3024 3836 3090 Ste—

417 3125 474 3175 et
495 3120 795 3190 epistolam
815 3120 1192 3176 universalem
1221 3117 1360 3194 [Gr.,
1387 3116 1912 3194 dispensatoriam],
1934 3133 2061 3191 qua

417 3209 685 3265 aSidone
727 3208 942 3278 scripta
975 3215 1062 3264 est
1105 3209 1455 3278 proﬁtentem
1495 3223 1606 3265 non
1651 3209 2060 3265 admittendam

419 3297 928 3365 Chalcedonensem
955 3287 1256 3368 synodum,
1283 3303 1347 3354 ut
1370 3298 1637 3354 omnibus
1672 3299 1857 3356 modis
1879 3299 2059 3354 Eliam

416 3385 488 3441 ab
516 3386 846 3456 episcopatu
879 3386 1193 3456 repelleret.
1223 3387 1332 3456 Qui
1366 3386 1667 3458 Olympius
1696 3402 1826 3443 cum
1855 3395 2063 3458 poten—

417 3479 542 3532 tatu
563 3474 850 3545 imperiali
880 3475 1234 3547 perveniens,
1253 3481 1307 3531 et
1337 3476 1538 3532 multis
1563 3476 1748 3531 modis
1771 3481 1828 3531 et
1853 3475 2064 3531 machi-

416 3563 700 3619 namentis
740 3569 926 3634 utens,
957 3567 1129 3633 atque
1153 3563 1270 3632 jam
1299 3563 1510 3619 dictam
1543 3563 1846 3638 epistolam
1883 3564 2062 3619 mani-

416 3649 648 3720 festans,
668 3651 850 3706 Eliam
873 3651 1103 3720 quidem
1120 3649 1191 3704 ab
1207 3650 1541 3720 episcopatu
1563 3651 1802 3720 pepulit,
1831 3656 1887 3706 et
1907 3653 2056 3721 apud

409 3737 599 3794 Ailam
625 3737 838 3793 exsilio
891 3737 1162 3808 relegavit
1213 3755 1226 3791 :
1276 3739 1543 3793 Joannem
1599 3752 1730 3794 vero
1782 3738 2054 3794 Marciani

414 3824 600 3881 ﬁlium
623 3825 990 3894 spondentem
1021 3830 1078 3880 et
1108 3821 1371 3880 Severum
1393 3825 1930 3882 communicatorem
1962 3828 2056 3883 ad-

412 3912 656 3982 mittere,
671 3916 727 3967 et
738 3911 1014 3988 synodum
1027 3912 1538 4008 Chalcedyrrensem
1552 3913 2049 3984 anathematizare,

409 3999 740 4070 episcopum
769 3999 1292 4071 Hierosolymorum
1317 3999 1454 4058 fecit
1503 4002 1686 4071 primo
1724 4003 1820 4058 die
1848 3999 2052 4076 [tertio

409 4104 476 4142 ea:
494 4089 611 4144 cod.
632 4087 774 4164 Jol.]
807 4090 1156 4160 Septembris
1177 4091 1390 4148 mensis
1415 4087 1566 4165 [Gr.,
1593 4093 1940 4162 Septembris
1957 4093 2054 4149 die

409 4173 634 4251 tertia],
669 4177 840 4234 initio
873 4178 1109 4234 decimae
1131 4175 1262 4252 [al.,
1291 4177 1644 4254 undecimae]
1689 4180 2048 4237 iudictionis.

405 4266 545 4323 Cum
596 4271 784 4322 autem
837 4267 1235 4340 cognovissent
1290 4267 1681 4325 sanctiﬁcatus
1731 4269 1946 4325 Sabbas
1995 4276 2052 4326 et
2090 4318 2096 4326 .

2172 3119 2344 3189 phani
2370 3119 2640 3189 templum
2659 3119 2950 3191 intrasset,
2973 3121 3204 3192 duxque
3226 3127 3451 3190 putaret
3467 3122 3832 3178 voluntatem

2173 3207 2534 3278 imperatoris
2581 3204 2950 3274 efﬁciendam,
2997 3210 3261 3265 ascendit
3307 3223 3479 3280 super
3518 3209 3830 3267 ambonem

2168 3297 2656 3368 archiepiscopus,
2701 3296 2914 3352 habens
2939 3311 3132 3354 secum
3173 3299 3555 3355 Theodosium
3601 3303 3659 3354 et
3687 3300 3834 3356 Sab-

2169 3383 2296 3440 bam
2319 3385 2728 3442 monachorum
2752 3400 3005 3442 summos
3033 3392 3089 3442 et
3107 3387 3314 3458 duces;
3348 3391 3405 3442 et
3434 3387 3622 3443 omnis
3645 3402 3834 3459 popu-

2170 3472 2262 3529 lus
2299 3488 2399 3543 per
2445 3474 2653 3529 multas
2697 3474 2866 3530 horas
2899 3474 3178 3531 clamabat
3221 3475 3461 3531 dicens:
3509 3477 3832 3533 Hzereticos

2167 3562 2603 3631 anathematiza,
2649 3567 2705 3618 et
2757 3563 3034 3633 synodum
3088 3563 3308 3638 robora.
3361 3565 3632 3621 Protinus
3679 3579 3826 3638 ergo

2168 3654 2283 3704 tres
2303 3663 2369 3704 ex
2399 3664 2681 3706 consensu
2695 3631 3176 3708 anathematizant
3197 3653 3544 3725 Nestorium,
3564 3659 3621 3710 et
3639 3631 3827 3726 Ευῑὲ-

2165 3736 2402 3809 chetem,
2463 3743 2518 3794 et
2545 3739 2828 3812 Severum,
2878 3745 2934 3796 et
2969 3733 3325 3797 Sote'riclmm
3357 3739 3636 3798 Carsareaa'
3657 3744 3829 3813 Cap—

2166 3825 2434 3898 padociaa,
2459 3830 2515 3883 et
2536 3842 2754 3884 omnem
2776 3829 2875 3899 qui
2901 3842 3012 3885 non
3036 3829 3314 3899 reciperet
3333 3831 3611 3900 synodum
3632 3831 3828 3887 Chal-

2163 3914 2553 3972 cedonensem.
3339 3929 3346 3934 ’

2231 4005 2501 4063 Tarasius
2563 4005 2965 4063 sanctissimus
3013 4006 3336 4077 patriarcha
3393 4006 3572 4063 dixit:
3637 4008 3832 4066 Audi-

2161 4095 2374 4151 tionem
2398 4095 2638 4152 fecimus
2660 4099 3024 4166 paternorum
3051 4097 3472 4154 mandatorum:
3508 4098 3648 4168 quid
3676 4113 3828 4171 ergo

2161 4184 2420 4253 oportet?
2434 4183 2734 4253 suscipitis
2752 4180 3080 4259 [suscipere]
3096 4185 3168 4240 ab
3183 4185 3467 4242 hzereticis
3485 4185 3830 4244 ordinatos?

2230 4273 2432 4328 Sancta
2452 4273 2704 4342 synodus
2727 4273 2909 4328 dixit:
2939 4273 3146 4348 Etiam,
3175 4274 3424 4346 domine,
3449 4274 3818 4346 audivimus,

405 4353 596 4410 caeteri
625 4355 798 4410 eremi
843 4355 1054 4424 Patres,
1085 4355 1202 4412 haec
1226 4355 1601 4425 spopondisse
1619 4357 1906 4428 Joannem,
1939 4357 2049 4414 col-
2077 4367 2132 4432 D
2159 4366 2216 4416 et
2239 4366 2460 4430 oportet
2480 4361 2787 4432 suscipere.

404 4442 537 4499 lecti
578 4443 882 4500 contestati
913 4447 1067 4514 sunt,
1113 4457 1182 4500 ne
1207 4444 1475 4500 Severum
1509 4445 1566 4501 in
1588 4447 2048 4503 communionem

405 4531 702 4604 reciperet,
733 4533 829 4588 sed
867 4532 1050 4603 magis
1087 4545 1189 4602 pro
1215 4531 1657 4590 Chalcedonensi
1699 4536 1912 4606 synodo
1935 4537 2054 4592 dis-

401 4619 618 4676 crimen
651 4620 990 4694 incurreret,
1033 4633 1163 4676 cum
1209 4619 1490 4690 profectos
1545 4618 1852 4699 [profecto]
1914 4625 2048 4682 illos

402 4707 632 4765 haberet
654 4723 851 4766 omnes
873 4710 1256 4780 auxiliantes;
1290 4715 1346 4766 et
1384 4711 1463 4766 ita
1492 4712 1735 4769 Joannes
1764 4719 2048 4786 quotquot

399 4797 534 4853 duci
563 4798 860 4868 pollicitus
888 4805 975 4854 est
1025 4797 1229 4858 facere.
1265 4801 1670 4870 praevaricatus
1709 4809 1814 4876 est,
1847 4805 2042 4860 Patres

403 4887 700 4943 reveritus.
758 4889 933 4944 Porro
977 4889 1318 4946 Anastasius
1349 4889 1659 4961 imperator
1686 4892 2042 4962 comperiens

396 4977 666 5032 Joannem
698 4976 896 5034 irritas
921 4977 1256 5047 sponsiones
1302 4977 1524 5051 fecisse,
1551 4986 1608 5036 et
1635 4979 1927 5036 insaniens
1951 4981 2046 5036 ad-

397 5079 595 5120 versus
619 5065 943 5146 Olympium
973 5065 1072 5138 qui
1107 5065 1292 5123 fuerat
1327 5067 1462 5140 fuga
1493 5069 1706 5140 lapsus,
1742 5068 1922 5124 mittit
1953 5064 2043 5142 [et

398 5153 712 5226 insaniens,
743 5154 1006 5225 Olympio
1053 5153 1186 5229 fuga
1216 5157 1395 5228 lapso,
1426 5154 1639 5232 mittit]
1673 5157 2038 5214 Anastasium

394 5242 702 5314 Pamphili,
730 5243 829 5314 qui
861 5243 1130 5300 ducatum
1156 5245 1396 5302 habebat
1415 5246 1734 5318 Palestina,
1759 5250 1821 5302 ut
1848 5251 2040 5318 ageret

395 5347 509 5404 quo
531 5333 774 5390 Joannes
793 5333 1057 5390 Severum
1091 5334 1152 5389 in
1181 5334 1639 5390 communionem
1689 5336 2032 5410 susciperet,

2227 4450 2498 4506 Tarasius
2519 4451 2920 4508 sanctissimus
2944 4451 3269 4520 patriarcha
3297 4452 3478 4508 dixit:
3507 4450 3660 4520 Quin
3687 4467 3810 4523 po—

2158 4539 2277 4595 tius
2295 4543 2352 4594 et
2373 4539 2567 4609 plures
2585 4553 2780 4596 eorum
2805 4539 2902 4610 qui
2927 4539 2989 4595 in
3011 4546 3170 4597 sexta
3211 4545 3405 4597 sancta
3431 4541 3648 4611 synodo
3679 4555 3828 4598 con-

2155 4627 2443 4698 sederunt,
2487 4642 2521 4684 a
2561 4629 2779 4700 Sergio,
2831 4630 3067 4701 Pyrrho,
3122 4630 3318 4702 Paulo,
3364 4636 3420 4686 et
3450 4631 3633 4699 Petro,
3671 4646 3830 4702 pra:-

2155 4717 2484 4788 ceptoribus
2526 4717 2796 4773 videlicet
2835 4717 3112 4774 haereseos
3150 4732 3321 4774 unam
3347 4719 3704 4775 voluntatem
3747 4721 3822 4777 in
3853 4725 3864 4730 ’

2152 4805 2380 4864 Christo
2414 4806 2870 4879 prmdicantium,
2911 4807 3164 4862 ordinati
3205 4812 3372 4864 sunt:
3423 4807 3699 4878 quoniam
3743 4807 3823 4864 hi

2153 4893 2410 4951 vicissim
2433 4895 3002 4966 Constantinopoleos
3024 4896 3294 4952 thronum
3315 4896 3506 4952 sortiti
3531 4901 3707 4967 sunt;
3743 4905 3822 4955 et

2151 4997 2184 5038 a
2221 4984 2404 5050 Petro,
2438 4983 2536 5054 qui
2580 4999 2648 5040 ex
2693 4984 2786 5040 his
2817 4985 3166 5040 novissimus
3203 4985 3386 5040 eidem
3412 4985 3621 5040 throno
3667 4999 3830 5055 prae-

2150 5071 2322 5140 cedit,
2370 5085 2553 5142 usque
2600 5073 2668 5128 ad
2722 5077 2936 5128 sextam
2981 5075 3260 5144 synodum
3313 5073 3452 5129 anni
3505 5073 3637 5144 plus
3688 5089 3822 5132 non

2149 5159 2506 5216 transierunt
2534 5173 2702 5230 quam
2731 5161 3098 5231 quindecim:
3151 5168 3207 5219 et
3231 5163 3343 5234 ipsi
3369 5163 3468 5234 qui
3502 5162 3658 5218 intra
3692 5163 3824 5222 hoc

2149 5253 2373 5319 tempus
2413 5247 2666 5314 fuerunt,
2698 5250 2942 5306 Thomas
2966 5256 3022 5306 et
3044 5253 3289 5308 Joannes
3309 5256 3365 5308 et
3383 5253 3824 5312 Constantinus

2149 5337 2446 5408 pontiﬁces
2485 5339 2545 5394 in
2571 5339 2914 5411 prasignato
2947 5345 3197 5410 tempore
3229 5337 3358 5415 [Gr.
3406 5341 3536 5395 add.
3565 5346 3739 5412 temp.
3763 5357 3824 5400 ει

391 5427 448 5478 et
491 5420 1001 5480 Chalcedonensem
1054 5423 1331 5493 synodum
1361 5421 1888 5496 anathematizaret,
1946 5427 2032 5484 vel
2143 5427 2437 5496 praedictis
2459 5427 2746 5484 haereticis
2765 5429 3018 5486 ordinati
3043 5435 3213 5486 sunt:
3243 5435 3300 5487 et
3325 5426 3584 5504 propt.];
3616 5429 3676 5486 id
3709 5437 3822 5488 est.

395 5511 547 5569 hunc
569 5510 640 5568 ab
663 5511 994 5583 episc0patu
1020 5509 1335 5582 repelleret.
1355 5509 1465 5580 Qui
1511 5510 1742 5568 veniens
1775 5514 2036 5574 Hieroso-
2141 5515 2279 5572 dum
2307 5515 2368 5572 hi
2405 5516 2506 5588 qui
2551 5516 2806 5574 haaretici
2846 5518 3126 5576 nominati
3173 5525 3330 5593 sunt,
3353 5519 3650 5577 exstitisse
3693 5533 3820 5575 no-
