4012 6162
255 301 327 362 333

1002 300 1546 359 INTERPRETATIO
1585 299 1834 358 SYNODI
1871 297 1966 355 VII
2000 299 2405 358 GENERALIS.
2435 332 2508 342 —
2543 302 2744 359 ACTIO
2783 303 2848 358 II.

3531 294 3640 356 234

259 439 485 490 scuntur:
534 439 590 490 et
654 437 949 505 prepterea
1013 445 1124 489 non
1191 437 1326 489 sunt
1373 431 1712 502 improbati:
1772 431 1954 501 perA
1982 430 2226 503 cOgitate
2267 431 2641 502 vosmetipsos
2677 441 3052 486 annumerare
3094 432 3462 485 sacrosancta
3501 425 3633 497 ple-

259 523 641 596 quinquaginta
685 524 840 579 enim
897 537 1077 578 annos
1124 528 1260 578 tunc
1319 521 1554 578 haeresis
1607 521 1874 590 perdura-

256 615 325 669 vit.
373 614 478 669 Sed
536 620 709 669 sexta
764 612 963 684 synodi
1011 613 1201 668 Patres
1255 611 1411 681 ipsos
1463 616 1710 682 quatuor
1746 622 1876 664 ana-

256 703 752 772 thematizaverunt,
775 715 1098 773 quanquam
1127 701 1416 757 ordinatio
1435 714 1632 756 eorum
1663 704 1869 755 essent.

303 794 488 849 Sancta
517 792 772 863 synodus
800 792 981 847 dixit:
1014 791 1240 847 Clarum
1267 796 1370 848 est.

305 881 705 937 Constantinus
735 879 1134 936 sanctissimus
1163 881 1466 949 episcopus
1489 877 1655 949 Cypri
1685 877 1867 933 dixit:

253 970 576 1027 Suﬁicienter
623 976 911 1025 ostensum
955 974 1058 1038 est,
1109 967 1600 1024 honorabilissimi
1647 965 1870 1038 fratres,

252 1059 372 1113 etde
425 1058 551 1121 hoc,
588 1058 723 1128 quia
772 1057 872 1128 qui
927 1056 997 1113 ab
1029 1056 1316 1111 hareticis
1370 1056 1663 1124 accedunt,
1696 1053 1876 1109 susci-

255 1146 417 1217 piendi
458 1151 610 1201 sunt.
659 1145 717 1199 Si
764 1145 897 1216 quis
943 1151 1130 1200 autem
1175 1142 1368 1199 studio
1424 1143 1490 1198 ad
1544 1141 1872 1197 hareticum

255 1235 379 1304 icrit,
415 1241 472 1289 et
525 1232 843 1302 susceperit
893 1232 1333 1302 ordinationem,
1384 1231 1509 1285 sine
1555 1230 1878 1300 receptione

253 1323 328 1376 sit.

307 1408 776 1464 Reverendissimi
822 1407 1080 1462 monachi
1139 1406 1443 1463 dixerunt:
1494 1405 1779 1461 Habemus
1825 1410 1882 1460 et

249 1500 304 1554 de
320 1498 417 1554 hoc
435 1498 620 1552 sancti
645 1497 843 1552 Basilii
872 1496 1170 1568 epistolam
1195 1497 1264 1552 ad
1291 1496 1679 1566 Nicopolitas;
1708 1499 1763 1550 et
1788 1493 1882 1550 ob-

249 1599 520 1640 secramus
553 1585 683 1657 legi.

303 1676 572 1731 Tarasius
606 1674 1005 1730 sanctissimus
1040 1673 1363 1744 patriarcha
1389 1673 1572 1729 dixit:
1618 1675 1878 1744 Legatur.

300 1765 709 1821 Constantinus
733 1765 1012 1821 diaconus
1042 1770 1096 1819 et
1128 1764 1388 1819 notarius
1437 1755 1602 1835 legit.

441 1913 519 1964 De
543 1910 770 1979 cpistola-
794 1910 971 1963 sanctz‘
996 1908 1192 1963 Basilii
1215 1907 1291 1962 ad
1315 1907 1665 1978 Nicopolitas.

300 2035 505 2093 Nescio
568 2035 921 2104 episcopum,
986 2047 1087 2089 nec
1156 2035 1682 2090 connumeraverim
1738 2035 1888 2090 inter

242 2125 557 2180 sacerdotes
585 2122 824 2192 Christi,
849 2135 976 2176 eum
1001 2120 1097 2191 qui
1136 2133 1168 2176 a
1212 2119 1469 2190 profanis
1509 2122 1775 2178 manibus
1829 2122 1890 2178 in

241 2211 690 2268 destructionem
731 2208 864 2264 ﬁdei
905 2209 973 2263 ad
1020 2207 1406 2278 pralationem
1448 2216 1746 2279 provectus
1771 2216 1889 2266 est:

235 2303 333 2357 hoc
362 2307 448 2356 est
465 2298 758 2368 judicium
791 2311 1004 2353 meum.
1036 2299 1144 2352 Vos
1162 2304 1349 2352 autem
1377 2297 1426 2352 si
1449 2298 1702 2367 aliquam
1736 2299 1901 2355 habe.

244 2393 316 2448 tis
338 2390 646 2446 nobiscum
676 2386 1013 2458 portionem,
1039 2385 1156 2441 hac
1177 2385 1476 2442 nobiscum
1500 2387 1698 2456 procul
1720 2388 1900 2446 dubio

233 2480 538 2537 sentietis:
568 2484 628 2533 at
656 2491 788 2533 vero
814 2476 864 2532 si
896 2489 927 2532 a
959 2475 1274 2545 nobisipsis
1302 2476 1612 2532 consilium
1646 2478 1900 2552 sumitis,

238 2569 652 2640 unusquisque
678 2580 796 2622 sua
825 2566 1118 2621 sententia
1142 2565 1415 2620 dominus
1438 2572 1541 2621 est.
1570 2567 1683 2623 Nos
1717 2575 1904 2624 autem

239 2661 506 2716 insontes
523 2671 556 2713 a
570 2655 994 2729 sanguineisto.
1013 2656 1184 2710 Porro
1200 2655 1315 2710 hac
1337 2656 1566 2726 scripsi,
1589 2670 1698 2711 non
1721 2658 1791 2712 de
1820 2671 1913 2714 vo-

235 2749 324 2805 bis
364 2747 663 2817 diﬂidens,
707 2745 801 2802 sed
840 2744 1215 2815 quorumdam
1256 2744 1672 2801 hasitationem
1708 2745 1912 2803 confir-

235 2854 424 2909 mans,
451 2853 523 2893 ex
549 2851 616 2892 eo
642 2836 792 2906 quod
823 2842 1010 2889 notam
1039 2833 1240 2890 faciam
1271 2848 1447 2890 meam
1479 2834 1667 2905 ipsius
1693 2845 1911 2893 senten-

232 2931 376 2985 tiam
388 2929 464 2985 de
479 2940 594 2983 non
608 2924 979 2981 admittendis
992 2924 1337 2994 quibusdam
1353 2924 1412 2979 in
1426 2939 1546 2980 com
1559 2926 1908 2998 munionem,

235 3032 429 3090 neque
455 3016 582 3072 illis
614 3015 713 3086 qui
750 3027 953 3069 manus
987 3027 1183 3069 eorum
1215 3014 1628 3083 promotionem
1661 3030 1917 3087 sumpse-

236 3119 397 3166 runt.
419 3111 730 3176 Propterea
750 3117 884 3174 pace
901 3102 1066 3174 facta,
1082 3103 1327 3174 c0gitate
1345 3104 1720 3175 vosmetipsos
1737 3119 1846 3160 ann
1856 3121 1916 3162 u-
1941 3095 1990 3158 C

235 3212 465 3256 merare
499 3201 875 3253 sacrosancta
920 3192 1268 3263 plenitudini
1319 3189 1468 3267 [Gr.,
1511 3198 1566 3248 et
1607 3207 1676 3249 ne
1709 3209 1914 3252 manus

235 3291 515 3360 ipsorum
552 3284 923 3356 impositione
938 3285 1568 3354 accepta,postmodum
1602 3298 1736 3355 pace
1764 3283 1910 3342 facta

232 3383 531 3435 conentur
563 3376 786 3446 seipsos
815 3371 1088 3449 annum].

311 3464 807 3525 Reverendissimi
874 3464 1132 3520 monachi
1191 3464 1496 3522 dixerunt:
1557 3467 1696 3521 Ecce
1753 3467 1916 3522 Pater

231 3564 585 3614 exsecratur
646 3555 1045 3611 hareticorum
1120 3554 1560 3627 ordinationem,
1631 3556 1912 3612 dicendo:

230 3651 442 3719 Neque
465 3644 998 3704 connumeraverim
1029 3645 1178 3700 inter
1198 3645 1519 3700 sacerdotes
1542 3645 1756 3701 Christi
1785 3659 1915 3702 eum

233 3739 346 3808 qui
390 3753 422 3794 a
465 3735 727 3808 profanis
768 3735 1034 3791 manibus
1065 3729 1135 3790 in
1179 3735 1624 3791 destructionem
1666 3735 1796 3792 ﬁdei
1846 3735 1914 3791 ad

235 3829 647 3897 praelationem
693 3834 992 3897 provectus
1029 3831 1132 3882 est.

312 3920 602 3976 Tarasius
654 3917 1055 3974 sanctissimus
1112 3917 1437 3987 patriarcha
1481 3917 1663 3973 dixit:
1712 3918 1779 3973 Et
1817 3932 1918 3991 ego

233 4024 519 4066 exsecror
558 4021 656 4064 eos
704 4008 802 4078 qui
838 4007 908 4063 ob
955 4007 1284 4077 hujusmodi
1326 4020 1557 4062 causam
1583 4013 1638 4063 et
1668 4007 1797 4064 ﬁdei
1830 4008 1922 4063 de-

234 4101 634 4156 structionem
677 4105 811 4154 sunt
857 4096 1141 4167 ordinati;
1188 4103 1242 4152 et
1287 4096 1531 4151 maxime
1574 4097 1622 4152 si
1663 4097 1916 4168 episcopi

235 4191 562 4247 orthodoxi
600 4195 904 4260 prasentes
931 4184 1182 4259 fuerunt,
1217 4187 1484 4258 aquibus
1512 4193 1772 4256 poterant
1791 4200 1921 4243 con-

237 4281 506 4337 secrari:
557 4280 644 4335 sic
680 4278 834 4334 enim
879 4282 963 4332 est
1000 4284 1270 4347 paternus
1314 4289 1535 4332 sensus.
1578 4276 1676 4332 Sin
1731 4282 1918 4332 autem

1984 520 2260 577 nitudini.
2311 524 2450 578 Ecce
2478 521 2631 577 enim
2669 524 2726 576 et
2763 524 2891 592 post
2920 531 3110 589 pacem
3151 517 3209 574 hi
3244 518 3343 589 qui
3375 517 3626 574 ordinati

1983 615 2137 680 sunt,
2172 625 2282 668 non
2316 612 2695 682 recipiuntur.

2053 701 2324 757 Tarasius
2349 701 2750 758 sanctissimus
2776 698 3100 770 patriarcha
3123 698 3306 754 dixit:
3335 700 3456 754 Non
3481 697 3640 754 dixit

1989 788 2168 864 Pater,
2199 805 2310 848 non
2344 791 2701 862 recipiendos
2726 789 2878 859 fore;
2911 789 3008 845 sed
3038 802 3105 843 ne
3134 787 3278 845 forte
3303 788 3634 844 violentiam

1984 884 2352 953 sustinerent,
2375 883 2474 953 qui
2494 883 2810 939 voluissent
2824 881 2980 936 uniri
2995 880 3145 936 clero
3163 880 3631 937 orthodoxorum.

1980 973 2200 1028 Etenim
2230 973 2290 1027 in
2315 972 2552 1027 veritate
2579 985 2688 1027 non
2706 971 2920 1040 absque
2947 969 3281 1026 necessitate
3309 983 3374 1025 ac
3395 969 3651 1039 diﬂicul.

1985 1069 2097 1119 tate
2128 1063 2234 1119 hoc
2265 1063 2375 1118 ﬂet.
2424 1065 2815 1118 Verumtamen
2857 1059 3122 1131 egregius
3164 1062 3326 1116 Pater
3369 1076 3467 1131 per
3506 1068 3640 1119 tem-

1987 1168 2096 1224 pus
2116 1154 2281 1224 illud,
2315 1168 2445 1209 cum
2471 1158 2660 1209 essent
2685 1151 2986 1208 orthodoxi
3005 1151 3257 1221 episcopi
3278 1151 3537 1224 plurimi,
3560 1155 3648 1210 in-

1989 1245 2298 1301 terdicebat
2327 1245 2580 1300 alumnis
2609 1243 2875 1298 Ecclesia
2900 1241 3263 1298 ordinatione
3295 1243 3378 1298 uti
3405 1243 3642 1302 Ariano-

1991 1350 2115 1391 rum
2133 1355 2144 1390 :
2164 1335 2321 1390 nulla
2335 1335 2486 1390 enim
2499 1332 2755 1389 defensio
2767 1333 2981 1388 aderat.
2995 1331 3142 1401 Quia
3159 1332 3311 1388 enim
3327 1332 3430 1389 hoc
3446 1347 3641 1390 verum

1989 1431 2093 1496 est,
2127 1432 2180 1481 et
2211 1438 2321 1481 non
2355 1424 2694 1496 ignorabant
2724 1435 2953 1478 sensum
2979 1422 3165 1477 Patris
3197 1422 3254 1476 hi
3285 1423 3383 1492 qui
3418 1429 3545 1493 post
3578 1425 3654 1480 il-

1994 1515 2111 1570 lum
2143 1519 2278 1570 sunt
2306 1513 2570 1568 Ecclesia
2601 1524 2977 1583 successores,
3010 1510 3081 1566 ab
3112 1511 3397 1567 hareticis
3434 1513 3645 1568 consti-

1994 1610 2167 1676 tutos,
2194 1603 2401 1659 deinde
2434 1603 2764 1659 melioratos
2790 1607 3184 1672 susceperunt,
3232 1606 3296 1657 ut
3324 1602 3642 1660 didicimus

1995 1708 2095 1766 per
2126 1693 2227 1750 illa
2257 1707 2383 1764 qua
2400 1693 2658 1768 pralecta
2689 1697 2840 1748 sunt.
2876 1691 3098 1762 Ubique
3126 1691 3278 1746 enim
3306 1692 3497 1746 Patres
3527 1692 3644 1747 sibi

1910 1765 1966 1829 Β
1997 1765 2239 1840 invicem
2266 1766 2674 1839 concordantes
2703 1787 2858 1853 sunt,
2886 1795 2988 1837 nec
3015 1781 3164 1837 inest
3190 1780 3312 1836 illis
3341 1780 3646 1853 refragatio

1996 1874 2151 1943 ulla;
2207 1873 2302 1929 sed
2334 1873 2707 1928 adversantur
2735 1871 2821 1927 eis
2849 1871 2949 1942 qui
2989 1869 3446 1940 dispensationes
3476 1877 3530 1926 et
3561 1870 3646 1925 in-

1997 1964 2278 2020 tentiones
2307 1977 2503 2019 eorum
2533 1961 2768 2016 minime
2791 1961 3143 2016 didiceruut.

2069 2051 2544 2109 Reverendissimi
2579 2049 2840 2106 monachi
2871 2049 3175 2104 dixerunt:
3207 2049 3469 2120 Congrua
3500 2062 3650 2118 qua-

2002 2157 2111 2215 que
2139 2141 2423 2198 dissoluta
2462 2144 2614 2196 sunt.

2075 2232 2276 2288 Sancta
2316 2229 2567 2300 synodus
2603 2227 2784 2283 dixit:
2833 2228 3045 2298 Legant
3102 2229 3354 2281 astantes
3394 2226 3650 2296 episcopi

2010 2320 2272 2392 proprios
2302 2318 2549 2390 libellos,
2577 2323 2845 2388 tanquam
2862 2315 3190 2372 accedentes
3219 2314 3287 2370 ad
3315 2314 3654 2371 catholicam

2009 2410 2339 2467 Ecclesiam.

2083 2498 2354 2554 Tarasius
2407 2496 2807 2553 sanctissimus
2863 2494 3188 2566 patriarcha
3216 2493 3398 2549 dixit:
3457 2497 3666 2566 Legant

2017 2594 2315 2660 postquam
2362 2587 2608 2643 duorum
2654 2584 3035 2655 capitulorum
3083 2597 3208 2654 qua
3239 2582 3662 2654 quarebantur,

2017 2677 2313 2735 subtiliter
2354 2689 2525 2732 causa
2567 2675 2887 2730 examinata
2925 2678 3030 2744 est,
3064 2680 3176 2728 tam
3207 2672 3430 2728 scilicet
3475 2673 3544 2728 de
3576 2673 3669 2729 his

2021 2768 2121 2838 qui
2153 2767 2222 2822 ab
2253 2766 2539 2822 hareticis
2567 2769 2704 2821 sunt
2731 2763 3005 2834 ordinati,
3036 2777 3205 2834 quam
3235 2762 3304 2818 de
3331 2762 3423 2818 his
3453 2762 3554 2832 qui
3585 2776 3671 2818 ac-

2020 2856 2230 2914 cedunt
2284 2857 2354 2913 ab
2407 2855 2607 2912 haresi
2655 2855 2724 2910 ad
2788 2858 3040 2909 sanctam
3093 2851 3433 2908 catholicam
3484 2852 3671 2908 Eccle-

2023 2961 2184 3004 sulm.

2093 3037 2368 3110 Hypatius
2396 3035 2700 3107 episcopus
2744 3033 2946 3089 Nicaa
2997 3032 3135 3104 legit
3187 3031 3448 3088 libellum
3479 3046 3668 3088 suum.

2023 3132 2322 3185 Estautem
2355 3126 2476 3196 ipse
2502 3124 2754 3196 libellus,
2786 3137 2950 3194 quem
2968 3129 3023 3178 et
3051 3122 3301 3178 Basilius
3327 3121 3676 3178 reverendis—

2022 3222 2206 3277 simus
2259 3217 2562 3288 episc0pus
2589 3214 3002 3286 Ancyrensium
3034 3211 3186 3268 fecit.

2095 3313 2201 3366 Leo
2226 3308 2530 3379 episcopus
2561 3305 2768 3375 Rhodi,
2813 3303 3084 3359 Nicolaus
3125 3302 3509 3372 Hierapoleos,
3541 3303 3676 3358 Gre-

2026 3395 2660 3474 goriusPessinuntius,
2675 3393 2990 3464 Gregorius
3005 3388 3342 3466 [Georgius]
3359 3391 3678 3447 Antiochia

2022 3489 2275 3561 Pisidia,
2309 3489 2416 3544 Leo
2437 3484 2728 3555 Carpathi,
2763 3483 3024 3554 legerunt
3047 3481 3394 3551 exemplaria
3424 3480 3680 3549 ejusdem

2027 3580 2232 3639 libelli.

2097 3669 2365 3728 Tarasius
2389 3665 2794 3724 sanctissimus
2816 3661 3141 3734 patriarcha
3163 3660 3349 3716 dixit:
3375 3658 3682 3716 Professio-

2028 3763 2201 3820 nibus
2219 3761 2372 3818 notis
2389 3772 2489 3830 per
2508 3757 2809 3813 lectionem
2824 3753 3173 3821 libellorum,
3192 3752 3252 3807 in
3267 3751 3384 3807 alio
3399 3755 3682 3806 conventu

2027 3853 2274 3924 receptio
2303 3863 2501 3908 eorum
2540 3848 2652 3920 ﬁet,
2689 3847 2739 3904 si
2769 3858 2880 3903 non
2912 3844 3061 3900 inest
3094 3843 3152 3898 in
3185 3842 3307 3898 illis
3336 3841 3494 3898 aliud
3529 3840 3679 3912 quod

2028 3944 2170 4016 proh
2185 3943 2349 3998 ibeat.

2097 4034 2298 4089 Sancta
2323 4028 2574 4102 synodus
2602 4026 2786 4083 dixit:
2809 4025 2932 4080 Fiat
2963 4024 3116 4079 sicut
3142 4022 3398 4092 jussistl.

2100 4124 2166 4178 Et
2197 4122 2253 4177 in
2288 4120 2381 4175 his
2413 4130 2726 4189 exsurgens
2771 4120 2965 4171 sancta
2993 4112 3247 4183 synodus
3279 4111 3534 4167 laudavit
3565 4111 3679 4166 ita:

2028 4211 2238 4268 Multos
2293 4221 2472 4265 annos
2525 4202 2962 4276 imperatorum!
3018 4204 3191 4258 Irena
3238 4206 3294 4256 et
3324 4198 3685 4257 Constantini

2032 4314 2363 4374 magnorum
2387 4295 2714 4369 principum
2736 4299 2792 4350 et
2810 4294 3219 4364 imperatorum
3239 4291 3452 4348 multos
3467 4303 3648 4347 annos
3674 4288 3688 4343 ι

239 4371 531 4440 synodica
551 4367 938 4439 promulgatio
957 4374 1010 4423 et
1033 4367 1338 4423 concordia
1355 4366 1729 4423 ecclesiarum
1747 4380 1920 4423 causa
1945 4438 1995 4455 ﬁ
2029 4366 2492 4450 οηῖλοάοχοιῆιω
2530 4386 2935 4455 imperatorum
2967 4382 3180 4439 ιηιιιιοε
3218 4380 3430 4438 annos:
3458 4379 3690 4451 Demsi.

241 4461 619 4518 θτῖηοάολίίθ
651 4456 799 4514 facta
833 4456 1028 4529 fuerit,
1061 4458 1161 4528 qui
1204 4458 1632 4530 pmsumpsem
1661 4472 1692 4514 ³
1739 4438 1999 4530 pmfa'D
2033 4438 2184 4539 tores
2199 4493 2398 4537 vocum
2435 4438 2706 4534 novitartis
2723 4487 2848 4546 qua
2870 4471 3016 4530 facta
3034 4478 3137 4543 est,
3160 4471 3416 4542 Domine,
3447 4438 3684 4527 robora!

245 4552 354 4608 nis
386 4550 678 4607 hareticis
703 4548 984 4620 ordinari,
1026 4548 1376 4618 depositioni
1423 4548 1772 4606 succumbet.

326 4643 534 4699 Sancta
575 4638 831 4711 synodus
859 4638 1040 4694 dixit:
1078 4639 1191 4694 Hoc
1215 4639 1436 4708 justum
1463 4639 1772 4709 judicium.

331 4729 821 4788 Reverendissimi
846 4729 1106 4784 monachi
1132 4729 1434 4786 dixerunt:
1461 4732 1529 4786 Et
1547 4730 1830 4801 quomodo
1859 4730 1919 4786 in

255 4823 375 4879 line
429 4820 692 4894 epistola
732 4818 1011 4889 scriptum
1062 4824 1178 4876 est:
1235 4820 1534 4891 Pr0pterea
1578 4835 1714 4893 pace
1751 4820 1918 4896 facta,

2031 4575 2186 4630 Piam
2216 4573 2289 4627 da
2318 4571 2494 4627 vitam
2525 4568 2611 4624 eis
2638 4566 2650 4620 l

2099 4663 2369 4719 Tarasius
2417 4656 2820 4716 sanctissimus
2854 4652 3178 4727 patriarcha
3219 4651 3405 4707 dixit:
3440 4652 3553 4708 Pax
3581 4651 3682 4707 Dei

2030 4756 2261 4814 sitcum
2292 4751 2562 4808 omnibus
2593 4747 2778 4805 nobis.
2807 4744 3005 4802 Amen.

1458 5001 1525 5023 ᾖ..
2973 4989 3641 5015 ι-,----.ηδ

1622 5148 1874 5222 ACTIO
1955 5147 2345 5222 SECUNDA
2361 5192 2380 5216 .

341 5448 395 5504 In
419 5447 654 5506 nomine
677 5446 910 5504 Domini
941 5451 997 5505 et
1019 5446 1399 5504 dominatoris
1425 5447 1556 5504 Jesu
1583 5447 1768 5504 Chriti
1801 5445 1919 5503 veri

269 5534 368 5592 Dei
394 5539 595 5611 nostri,
632 5537 880 5608 imperio
911 5536 1305 5608 piissimorum
1336 5543 1391 5593 et
1419 5537 1734 5594 amicorum
1763 5534 1927 5591 Chri-

271 5627 350 5682 sti
375 5630 740 5688 dominorum
774 5633 1100 5685 nostrorum
1137 5627 1497 5686 Constantini
1526 5631 1584 5686 et
1609 5629 1785 5686 Irena
1812 5628 1924 5684 Deo

698 5728 934 5785 ΡΑτιιοι..
983 5728 1240 5795 CXXIX.

2033 5450 2313 5504 coronata
2382 5449 2586 5505 matris
2647 5450 2792 5524 ejus,
2869 5463 3018 5507 anno
3084 5448 3420 5508 consulatus
3483 5455 3677 5502 eorum

2033 5542 2249 5608 octavo,
2278 5541 2436 5593 sexto
2464 5538 2747 5596 Kalendas
2773 5538 3070 5596 Octobrias
3111 5535 3428 5594 indictione
3455 5531 3537 5588 Η.

2103 5625 2482 5683 Conveniente
2513 5632 2707 5686 sancta
2725 5633 2782 5684 et
2820 5625 3129 5683 universali
3161 5623 3395 5693 synodo,
3429 5633 3556 5692 qua
3586 5630 3684 5689 per

3389 5721 3426 5776 8
