4018 6166
404 226 511 285 235

1635 215 1993 273 ANASTASII
2037 213 2581 271 BIBLIOTHECARII

3711 219 3804 280 236

401 350 652 408 divinam
686 347 926 421 gratiam
947 352 1004 402 ct
1023 346 1176 418 piam
1203 345 1554 402 sanctionem
1585 342 1912 400 earumdem
1940 341 2052 394 Deo
2079 336 2139 398 A
2167 336 2311 394 forte
2353 339 2518 410 quasi
2573 338 2886 395 velamento
2956 341 3187 396 astutiae
3239 343 3534 414 proprium
3593 358 3803 402 sensum

399 441 863 496 conﬁrmatorum
908 436 1316 506 imperatorum
1363 437 1700 507 congregata
1728 431 1903 488 estin
1945 429 2055 484 Ni—

399 528 823 586 censiumclara
851 525 1147 596 metropoli
1165 524 1625 595 Bithyniensium
1649 520 1976 594 provinciae,
1995 519 2050 575 id

398 625 502 692 est,
537 619 700 673 Petro
732 615 1202 673 reverendissimo
1243 615 1428 685 primo
1462 613 1788 684 presbytero
1817 609 2055 667 sanctis-

397 709 557 765 simae
586 709 760 763 Roma
797 706 1064 762 Ecclesiae
1105 705 1286 762 sancti
1313 703 1557 774 apostoli
1605 702 1776 773 Petri,
1803 706 1860 758 et
1889 702 2052 756 Petro

397 797 871 854 reverendissimo
903 795 1229 867 presbytero
1258 799 1315 851 et
1345 794 1622 852 monacho
1652 797 1708 848 et
1735 791 1937 847 abbate
1967 803 2054 845 ve-

394 887 674 946 uerabilis
692 887 1021 944 monasterii
1043 886 1224 942 sancti
1243 885 1441 940 Sabba:
1472 885 1734 940 Romana:
1765 882 1887 953 siti,
1920 881 2053 936 reti-

395 978 667 1034 nentibus
689 977 869 1035 locum
888 975 1216 1047 apostolica:
1233 975 1388 1031 sedis
1403 975 1538 1030 almi
1557 981 1614 1030 et
1630 972 1946 1030 beatissimi
1966 984 2052 1026 ar-

389 1067 748 1138 chiepiscOpi
770 1067 1019 1122 senioris
1045 1066 1232 1121 Romae
1256 1064 1498 1120 Adriani
1523 1070 1614 1134 :et
1637 1061 1872 1118 Tarasio
1897 1060 2047 1118 almo

388 1155 1267 1226 etsanctissimoarchiepiscopo
1297 1155 1485 1226 magni
1515 1152 2048 1210 nominisConstan-

388 1246 708 1324 tinopoleos
726 1259 880 1302 nova:
898 1246 1085 1301 Romae
1105 1240 1123 1317 [
1140 1243 1234 1299 Gr.
1255 1245 1386 1299 add.
1413 1248 1469 1298 et
1487 1242 1774 1313 episcopis
1795 1241 1893 1312 qui
1914 1252 2043 1295 cum

387 1337 473 1394 eis
523 1334 736 1411 erant],
782 1342 837 1392 et
889 1337 1102 1392 Joanne
1159 1349 1225 1391 ac
1280 1336 1493 1391 Thoma
1547 1329 2042 1390 reverendissimis

384 1427 730 1498 presbyteris
766 1426 1062 1484 monachis
1098 1429 1154 1482 et
1198 1425 1433 1481 vicariis
1462 1424 1906 1494 apostolicarum
1943 1433 2042 1476 se—

381 1517 542 1573 dium
561 1517 1217 1584 orientalisdimceseos;
1238 1515 1682 1585 sedentibusque
1706 1518 1838 1569 ante
1857 1525 2040 1567 sacra-

382 1606 671 1662 tissimum
694 1606 989 1662 ambonem
1014 1605 1208 1674 templi
1229 1604 1607 1660 sanctissime
1631 1616 1844 1674 magna:
1865 1601 2038 1657 eccle-

2164 427 2505 484 adumbrare
2538 428 2752 498 volens,
2795 428 2987 485 verbis
3025 429 3266 487 simulas
3292 432 3608 503 veritatem,
3642 438 3804 488 mente

2163 520 2354 572 autem
2387 517 2769 589 malignanter
2805 519 3063 588 operaris
3084 519 3111 574 ‘2

2184 666 2189 671 _
2233 606 2547 679 Gregorius
2570 607 3083 665 reverendissimus
3112 611 3418 681 episcopus
3455 613 3803 668 Neocaesaria:

2161 693 2346 749 dixit:
2390 695 2574 767 Absit,
2617 696 2911 752 veritatem
2957 697 3247 771 conﬁteor,
3299 705 3356 755 et
3394 714 3505 756 non
3550 702 3802 769 mentior,

2163 794 2345 854 neque
2366 782 2572 840 falsum
2596 783 2801 840 faciam
2833 785 3067 842 verbum
3095 801 3299 843 meum.

2216 867 2500 928 'Tarasius
2531 874 2933 931 sanctissimus
2961 877 3283 944 patriarcha
3319 877 3507 933 dixit:
3532 877 3802 935 Debueras

2158 972 2190 1014 a
2218 961 2512 1029 prioribus
2533 963 2702 1019 annis
2732 965 2954 1034 aperire
2979 979 3146 1021 aures
3166 970 3297 1022 tuas
3320 985 3334 1038 ;
3361 973 3416 1023 et
3454 968 3691 1023 Paulum
3711 968 3802 1023 di—

2158 1048 2353 1104 vinum
2399 1051 2719 1120 apostolum
2790 1052 2995 1109 audire
3058 1054 3340 1110 dicentem
3390 1074 3402 1110 :
3469 1058 3658 1111 Tenete
3705 1061 3804 1110 tra-

2157 1136 2387 1192 ditiones
2419 1155 2555 1209 quas
2608 1144 2889 1212 accepistis
2940 1145 3051 1198 sive
3077 1159 3179 1213 per
3216 1159 3529 1208 sermonem,
3570 1147 3681 1200 sive
3709 1165 3802 1218 per

2154 1228 2434 1294 epistolam
2463 1233 2705 1283 nostram.
2733 1228 2748 1294 ζ
2759 1232 2791 1284 Ι
2823 1231 3004 1285 Thess.
3034 1229 3138 1304 II);
3173 1237 3230 1288 et
3261 1248 3487 1288 rursum
3515 1234 3799 1293 Timotheo

2152 1317 2209 1369 et
2241 1315 2368 1372 Tito
2405 1316 2744 1373 scribentem
2772 1338 2784 1373 :
2817 1321 3087 1387 Profanas
3119 1337 3305 1376 vocum
3334 1325 3597 1379 novitates
3630 1325 3801 1380 devita

2150 1401 2208 1474 (Ι
2239 1406 2373 1459 Tim.
2399 1420 2477 1469 vr,
2516 1409 2618 1461 Tit.
2651 1407 2764 1480 ιιι).
2797 1409 2946 1478 Quid
2995 1409 3148 1466 enim
3181 1410 3480 1480 profanius
3529 1417 3587 1468 et
3629 1417 3800 1488 magis

2151 1506 2348 1549 vocum
2381 1496 2603 1552 novitas
2632 1503 2736 1568 est,
2773 1511 2943 1568 quam
2972 1499 3163 1555 dicere
3186 1500 3546 1558 Christianos
3572 1503 3801 1562 idolola-

2151 1586 2268 1638 tras
2292 1596 2417 1639 esse
2435 1583 2464 1637 ‘?

380 1696 480 1752 sim
493 1711 617 1767 quae
633 1696 1071 1769 cognominatur
1087 1673 1319 1765 Sophia,
1345 1673 2026 1764 praesentibusetauscul-

2216 1673 2531 1745 Gregorius
2558 1677 3068 1734 reverendissimus
3097 1679 3400 1750 episcopus
3435 1681 3798 1741 Neocaesariae

379 1786 637 1842 tantibus
659 1785 1167 1856 gloriosissimiset
1197 1783 1782 1857 magniﬁcentissimis
1809 1783 2036 1852 princi—

378 1876 567 1945 pibus,
595 1876 651 1930 id
675 1879 779 1934 est.
806 1876 1044 1931 Petrona
1085 1873 1471 1931 famosissimo
1507 1871 1830 1940 exconsule,
1862 1871 2034 1940 patri-

374 1964 464 2019 cio
489 1969 545 2020 et
565 1965 772 2020 comite
794 1965 908 2020 Deo
923 1963 1296 2020 conservandi
1317 1962 1636 2033 imperialis
1662 1961 1946 2032 obsequii,
1975 1965 2030 2014 et

370 2053 582 2109 Joanne
609 2053 896 2123 imperiali
925 2054 1166 2109 ostiario
1187 2059 1242 2108 et
1269 2052 1553 2125 logotheta
1579 2051 1852 2107 militaris
1881 2051 2030 2123 logo-

371 2142 567 2213 thesii,
596 2149 651 2198 et
671 2143 826 2200 omni
849 2147 1044 2199 sancta
1079 2143 1294 2215 synodo
1329 2141 1643 2199 secundum
1669 2141 1926 2196 ordinem
1967 2140 2024 2194 in

371 2234 552 2302 prima
592 2231 816 2288 actione
855 2232 1175 2303 signatum:
1222 2231 1599 2302 praesentibus
1622 2231 1792 2286 etiam
1819 2233 1876 2284 et
1912 2232 2024 2285 Deo

368 2320 716 2376 amabilibus
731 2320 1062 2375 archimand
1073 2321 1205 2375 ritis
1222 2324 1277 2375 et
1300 2318 1652 2390 hegumenis,
1677 2325 1848 2388 atque
1865 2319 2019 2374 omni

368 2409 728 2480 plenitudine
756 2409 1106 2478 monachica,
1133 2408 1446 2478 propositis
1470 2408 1690 2463 sanctis
1715 2411 1770 2462 et
1793 2402 2022 2462 inteme-

367 2498 509 2554 ratis
531 2497 632 2553 Dei
654 2496 998 2568 Evangeliis.

434 2586 790 2656 Nirephorus
814 2587 927 2641 Deo
956 2585 1224 2641 amabilis
1261 2585 1541 2641 diaconus
1578 2589 1636 2640 et
1681 2584 2018 2656 chartOphy-

362 2674 455 2731 lax
476 2674 820 2731 venerabilis
847 2674 1184 2745 patriarchii
1211 2675 1399 2730 dixit:
1448 2674 1660 2746 Regius
1684 2674 1850 2730 homo
1898 2689 2014 2744 pra).

359 2763 582 2820 foribus
608 2764 781 2834 hujus
806 2763 1150 2820 venerabilis
1188 2764 1382 2835 templi
1407 2767 1539 2835 stat,
1567 2763 1781 2819 ducens
1819 2776 2010 2819 secum

356 2856 687 2926 episcopum
711 2853 1094 2909 Neocmsarim.

425 2943 694 3000 Tarasius
738 2943 1141 2999 sanctissimus
1195 2941 1519 3012 patriarcha
1566 2941 1752 2998 dixit:

353 3034 605 3090 diantur.

421 3120 790 3178 Clarissimus
843 3120 1036 3191 regius
1098 3120 1394 3176 mandator
1451 3120 1746 3194 ingressus
1806 3119 2002 3176 dixit:

351 3211 561 3266 Missus
590 3221 716 3264 sum
741 3222 774 3263 a
799 3207 1052 3264 dominis
1094 3207 1306 3287 postris
1332 3207 1519 3280 bonis,
1561 3212 1624 3264 ut
1663 3207 2001 3265 adducerem

351 3298 888 3356 reverendissimum
933 3298 1262 3368 episcopum
1321 3298 1686 3356 Neocaesaria:
1737 3299 1806 3354 ad
1849 3298 2002 3369 piam

347 3394 403 3445 et
427 3394 680 3445 sanctam
707 3388 984 3459 synodum
1007 3393 1270 3460 vestram,
1298 3393 1354 3444 et
1377 3388 1640 3444 exhibui.

415 3479 619 3534 Sancta
663 3479 915 3548 synodus
953 3477 1139 3532 dixit:
1192 3480 1341 3532 Deus
1387 3482 1682 3533 conservet
1722 3477 1847 3545 pios
1902 3477 2002 3554 im-

1824 2945 2010 3015 Ingre-

2142 1760 2326 1817 dixit:
2356 1763 2564 1819 Malum
2588 1771 2746 1833 erat;
2773 1770 2830 1821 et
2858 1767 3216 1840 conﬁtemur,
3242 1770 3378 1839 quia
3406 1769 3617 1826 malum
3640 1778 3790 1829 erat:

2141 1850 2235 1904 sed
2258 1851 2336 1906 ita
2355 1857 2574 1922 gestum
2592 1861 2697 1925 est,
2723 1859 2778 1909 et
2801 1856 2879 1910 ita
2899 1857 3182 1928 gessimus
3197 1875 3210 1929 ;
3227 1865 3282 1913 et
3296 1858 3423 1915 ideo
3442 1862 3797 1931 postulamus

2141 1939 2360 1994 veniam
2402 1940 2744 1998 delictorum
2797 1950 3140 2002 nostrorum.
3193 1947 3493 2020 Conﬁteor,
3543 1950 3790 2023 domine,

2138 2040 2327 2084 coram
2371 2029 2806 2088 honoriﬁcentia
2841 2035 3168 2091 sanctitatis
3210 2043 3408 2093 vestra:
3446 2045 3502 2094 et
3539 2041 3793 2098 omnium

2138 2115 2380 2175 fratrum
2407 2127 2614 2176 sanctae
2644 2123 2868 2195 synodi,
2893 2126 3164 2195 quoniam
3199 2128 3575 2196 peccavimus,
3603 2136 3660 2186 et
3689 2133 3793 2188 ini-

2137 2207 2412 2277 quitatem
2436 2208 2699 2282 fecimus,
2727 2217 2782 2267 et
2805 2214 2949 2269 male
2972 2216 3324 2284 patravimus
3348 2225 3432 2288 ;et
3448 2219 3668 2275 veniam
3701 2236 3797 2292 po-

2134 2297 2619 2370 stulamussuper
2649 2301 2775 2357 hoc.

2201 2387 2471 2444 Tarasius
2501 2391 2906 2449 sanctissimus
2934 2392 3260 2463 patriarcha
3285 2397 3472 2452 dixit:
3508 2398 3788 2471 Dicimus,

2132 2480 2195 2531 ut
2216 2478 2477 2548 sequenti
2503 2480 2727 2536 actione
2766 2497 2894 2538 cum
2923 2483 3121 2540 libello
3161 2501 3365 2544 rursus
3393 2491 3786 2564 conveniente,

2124 2580 2254 2642 quae
2286 2567 2450 2623 illius
2477 2575 3034 2642 suntagnoscamus.

2195 2639 2398 2693 Sancta
2460 2639 2712 2711 synodus
2758 2644 2943 2700 dixit:
2990 2646 3059 2700 Ut
3104 2645 3268 2715 jubet
3325 2650 3601 2706 sanctitas
3663 2657 3785 2725 tua,

2123 2727 2427 2798 episcopus
2457 2730 2556 2800 qui
2591 2737 2760 2805 astat,
2794 2747 2924 2788 cum
2969 2734 3166 2791 libello
3210 2737 3437 2810 veniat;
3482 2746 3537 2794 et
3581 2741 3639 2795 in
3687 2755 3789 2797 se-

2123 2817 2320 2886 quenti
2347 2819 2590 2891 actione,
2625 2823 2937 2878 secundum
2966 2823 3115 2895 quod
3151 2825 3452 2897 placuerit,
3479 2836 3701 2901 agetur.

2194 2908 2463 2964 Leontius
2492 2909 2741 2982 inclytus
2771 2918 2826 2968 et
2858 2914 3051 2986 regius
3080 2930 3111 2970 a
3156 2918 3392 2972 secretis
3437 2918 3624 2974 dixit:
3659 2922 3789 2976 Me—

2036 3021 2086 3086 c
2121 2995 2291 3086 minit
2338 2998 2728 3057 sacratissima
2785 3007 2841 3056 et
2891 3002 3178 3062 divinitus
3208 3005 3446 3062 collecta
3495 3011 3781 3080 synodus;

2118 3084 2366 3156 qualiter
2414 3090 2750 3157 praecedenti
2787 3100 3068 3149 conventu
3119 3093 3332 3150 divina
3369 3095 3575 3153 littera:
3620 3098 3784 3155 lecta:

2116 3173 2233 3230 sint
2292 3177 2404 3232 Deo
2452 3184 2916 3237 conservatorum
2969 3196 3301 3256 magnorum
3368 3185 3784 3256 imperatorum

2117 3270 2463 3337 nostrorum,
2496 3267 2553 3322 in
2577 3269 2792 3339 quibus
2822 3272 3228 3329 continebatur
3262 3276 3533 3331 memoria
3564 3276 3788 3336 littera-

2114 3368 2262 3424 rum,
2288 3370 2413 3425 quae
2443 3358 2710 3426 synodice
2744 3360 2932 3416 missae
2955 3367 3091 3417 sunt
3116 3377 3147 3418 a
3180 3365 3546 3422 sanctissimo
3571 3373 3627 3422 et
3653 3367 3784 3424 bea-

2113 3442 2339 3500 tissimo
2372 3459 2511 3515 papa
2543 3447 2790 3504 senioris
2819 3450 3029 3520 Romae,
3064 3459 3119 3507 et
3148 3453 3580 3512 venerabilibus
3610 3471 3788 3514 sum-

2112 3532 2334 3603 misque
2355 3536 2748 3594 sacerdotibus
2766 3539 3028 3612 orientis,
3055 3541 3115 3597 in
3135 3542 3364 3600 duobus
3383 3547 3786 3615 quaternioni-

2111 3619 2251 3708 bus:
2306 3622 2518 3694 quibus
2548 3629 2604 3680 et
2649 3641 2799 3684 nunc
2828 3629 3045 3702 allatis,
3097 3633 3462 3705 suggerimus
3506 3634 3573 3691 ad
3621 3638 3780 3708 quod

2109 3707 2410 3778 placuerit.

2176 3797 2380 3855 Sancta
2427 3803 2680 3872 synodus
2723 3805 2908 3863 dixit:
2960 3809 3246 3880 Legantur
3293 3810 3476 3868 libelli
3517 3815 3785 3871 sanctis—

2106 3887 2240 3942 simi
2285 3895 2342 3943 et
2369 3889 2690 3950 beatissimi
2720 3909 2878 3966 papa:
2901 3897 3143 3955 Adriani
3170 3901 3419 3957 senioris
3450 3901 3657 3959 Roma.

2175 3979 2245 4032 Et
2279 3977 2418 4051 legit
2461 3982 2819 4053 Nicephorus
2847 3986 3096 4059 inclytus
3125 3995 3181 4046 et
3222 3992 3415 4064 regius
3451 4005 3484 4048 a
3530 3995 3783 4051 secretis

2111 4066 2633 4138 interpretationem
2657 4072 2980 4132 litterarum
3005 4078 3332 4136 Latinarum
3351 4081 3590 4139 Adriani
3612 4098 3783 4155 papa:

2106 4157 2367 4213 Romani.

347 3572 634 3639 peratores
662 3572 905 3622 nostros.

413 3657 684 3712 Tarasius
708 3654 1110 3710 sanctissimus
1155 3653 1478 3723 patriarcha
1513 3654 1666 3709 dixit
1690 3653 1759 3708 ad
1787 3654 2000 3724 episco-

344 3759 478 3816 pum
520 3744 916 3800 Neocaesariae:
962 3743 1034 3798 Ut
1073 3744 1266 3812 ignota
1316 3743 1424 3798 tibi
1479 3743 1754 3813 praeteriit
1787 3745 1997 3800 veritas

344 3847 524 3904 usque
549 3832 739 3888 nunc?
776 3845 846 3886 an
873 3836 934 3886 ut
956 3835 1144 3887 notam
1185 3831 1293 3887 tibi
1343 3832 1485 3888 hanc
1523 3832 1936 3903 parvipendisti
1968 3833 1996 3890 ‘2

341 3929 397 3978 et
417 3923 466 3978 si
499 3926 563 3978 ut
588 3922 782 3994 ignota
816 3921 925 3976 tibi
954 3921 1250 3993 prieteriit,
1282 3935 1350 3977 ne
1373 3919 1747 3979 confundaris
1779 3929 1994 3980 rectum

340 4024 655 4067 sermonem
699 4010 970 4081 ediscere,
1015 4009 1488 4081 quemadmodum
1541 4025 1652 4068 non
1703 4026 1763 4068 es
1801 4012 1997 4070 confu-

339 4115 439 4157 sus
461 4113 804 4169 perversum.

407 4188 718 4260 Gregorius
768 4188 1279 4245 reverendissimus
1339 4190 1647 4260 episcopus
1699 4192 1996 4248 Neocaesa-

339 4278 439 4334 riae
484 4278 668 4334 dixit:
731 4279 925 4348 Crede,
984 4278 1234 4348 domine,
1301 4284 1365 4334 ut
1413 4279 1635 4351 ignota,
1712 4286 1838 4350 peto
1880 4296 2071 4358 au-__
2106 4282 2396 4358 Adrianus
2447 4287 2727 4358 episcOpus
2773 4305 2958 4347 servus
3015 4307 3294 4348 servorum
3345 4297 3461 4350 Dei.
3517 4299 3776 4356 Dominis

337 4372 448 4424 tem
491 4368 730 4441 discere,
771 4373 827 4425 et
871 4373 934 4424 ut
966 4367 1130 4437 jubet
1170 4348 1462 4425 Dominus
1489 4372 1545 4423 et
1595 4348 1789 4426 sancta
1832 4385 1993 4442 syno—
2022 4348 2078 4412 D
2171 4348 2900 4447 Ρξξξὲξηῗίδηξξ,ξθίίῖῗξξδδὺηῗῖδ
2929 4348 3783 4447 insecutoribufa’cviviﬁci:

336 4457 464 4514 dus.
718 4427 729 4441 ι
966 4427 986 4437 -
1861 4427 1880 4442 υ
1925 4427 1961 4430 ν’
2177 4427 2402 4514 toribus,
2432 4429 2564 4514 filiis
2596 4430 2910 4514 "diligenti-is
2961 4427 3022 4514 ei
3061 4439 3172 4514 _Deo
3223 4442 3275 4492 et
3289 4441 3524 4514 Domino
3580 4427 3777 4497 ηὸεενο

587 4546 675 4578 :M
748 4545 1149 4578 mmmam.”
1224 4545 1542 4578 mhhmhn
1616 4547 1796 4578 AM“
1865 4550 1964 4578 mn
2169 4499 2297 4552 Jesu
2327 4498 2555 4564 Christo,
2590 4498 2944 4560 Constantino
2974 4511 3024 4561 et
3051 4508 3225 4564 Irenz
3259 4509 3550 4578 Augustis.

406 4548 1153 4683 [ξιῗνξξςἏξςοξξξξίωδηηυδ
1223 4546 1548 4616 parum“
1615 4547 1796 4604 dm“
1865 4551 1986 4623 D‘c’
2275 4596 2442 4670 (Vide
2472 4599 2806 4674 Patrologiaa
2847 4607 2982 4660 tom.
3023 4604 3208 4678 XCVI,
3249 4607 3357 4663 col.
3389 4605 3580 4683 4245.)

338 4634 475 4703 quid
507 4635 594 4690 vis
618 4634 878 4690 discere?
2275 4634 2442 4670 νων
2475 4634 2806 4674 ¹⁶¹⁸¹⁹¹υ⁶δ¹⁰⁵
2850 4634 2982 4660 ¹¹υ¹¹¹’
3025 4634 3208 4678 Aw”

410 4722 721 4793 Gregorius
746 4721 1256 4778 reverendissimus
1297 4723 1600 4794 episcopus
1625 4727 1989 4784 Neocaesaria:
2167 4720 2438 4777 Tarasius
2476 4719 2880 4778 sanctissimus
2909 4723 3237 4793 patriarcha
3269 4725 3460 4784 dixit:
3506 4727 3620 4798 Ipsi
3666 4743 3779 4786 vos

339 4811 525 4865 dixit:
558 4811 696 4866 Cum
730 4815 846 4865 tota
873 4810 988 4864 haec
1023 4816 1243 4866 caterva
1279 4825 1456 4868 unum
1495 4813 1651 4868 dicat
1687 4819 1743 4870 et
1779 4816 1983 4889 sapiat,
2097 4809 2346 4879 acceptis
2389 4823 2421 4865 ἃ
2470 4823 2611 4880 papa
2659 4809 2873 4867 litteris
2924 4813 3034 4886 his,
3068 4814 3365 4873 detulistis
3404 4830 3500 4873 eas
3527 4819 3596 4874 ad
3631 4820 3776 4889 pios

337 4903 392 4954 et
420 4899 601 4956 didici
640 4904 695 4955 et
733 4906 923 4955 certus
947 4914 1093 4971 sum,
1133 4900 1269 4971 quia
1307 4902 1515 4957 veritas
1556 4903 1672 4958 haec
1715 4910 1818 4976 est,
1863 4921 1987 4977 quae
2100 4899 2471 4968 imperatores
2496 4901 2770 4956 nostros?

341 5003 490 5045 nunc
517 4989 798 5060 quaeritur
821 4994 876 5044 et
914 4990 1290 5060 praedicatur:
1334 5005 1397 5046 ac
1425 5005 1522 5061 per
1560 4992 1666 5048 hoc
1708 5007 1810 5065 ego
1862 5001 1986 5064 peto

2167 4989 2368 5043 Petrus
2396 4993 2452 5043 et
2497 4991 2697 5045 Petrus
2725 4992 2837 5047 Deo
2866 4991 3141 5050 amabiles
3188 4994 3522 5068 presbyteri,
3576 5003 3635 5053 et
3687 4999 3781 5056 lo-

336 5078 557 5133 veniam
609 5079 863 5149 priorum
930 5079 1207 5136 malorum
1254 5094 1525 5152 meorum,
1585 5087 1642 5137 et
1681 5082 1807 5138 volo
1854 5097 1983 5139 cum
2095 5090 2223 5134 cum
2283 5083 2536 5134 tenentes
2575 5079 2815 5136 Adriani
2877 5083 3230 5139 sanctissimi
3283 5099 3441 5156 papae
3488 5087 3774 5162 Romani,

333 5167 601 5223 omnibus
647 5173 703 5223 et
748 5167 1066 5224 illuminari
1121 5173 1176 5223 et
1220 5168 1432 5224 doceri.
1483 5170 1698 5225 Delicta
1738 5171 1890 5226 enim
1929 5177 1986 5228 et
2093 5168 2401 5225 dixerunt:
2452 5169 2682 5240 Nosipsi
2731 5172 3056 5243 accepimus
3103 5173 3175 5230 ab
3222 5175 3540 5245 apostolico
3591 5179 3779 5236 Patre

333 5261 557 5326 peccata
603 5271 722 5312 mea
768 5257 1040 5313 immensa
1099 5262 1263 5314 sunt:
1306 5264 1363 5313 et
1403 5259 1556 5315 sicut
1595 5259 1870 5316 Dominus
1911 5261 1979 5317 ad
2095 5265 2289 5314 nostro
2332 5259 2726 5328 hujuscemodi
2767 5261 3011 5335 litteras,
3065 5268 3122 5319 et
3164 5263 3483 5322 detulimus
3531 5280 3628 5323 eas
3689 5269 3768 5326 ad

331 5345 824 5415 compunctionem
862 5346 1095 5403 duxerit
1119 5361 1338 5403 sacram
1369 5349 1646 5418 synodum
1672 5354 1727 5404 et
1748 5352 1984 5408 sanctis-
2097 5350 2224 5419 pios
2260 5349 2544 5406 dominos.

331 5434 541 5491 simum
567 5434 862 5491 dominum
885 5449 1092 5507 meum,
1119 5436 1200 5493 ita
1230 5436 1345 5494 ﬁat.
2159 5443 2401 5499 Joannes
2430 5441 3034 5514 magniﬁcentissimus
3065 5442 3354 5516 logotheta
3395 5445 3577 5502 dixit:
3622 5447 3776 5506 Haec

399 5524 668 5583 Tarasius
733 5526 1136 5583 sanctissimus
1203 5527 1528 5596 patriarcha
1569 5527 1756 5584 dixit:
1832 5533 1978 5588 Num
2091 5537 2369 5591 noverunt
2413 5537 2469 5588 et
2521 5532 3016 5590 honorabilissimi
3067 5533 3272 5606 Siculi,
3320 5536 3434 5592 Deo
3476 5537 3778 5595 amabilis
