4018 6166
197 343 295 404 237

975 355 1516 420 INTERPRETATIO
1551 364 1799 422 SYNODI
1839 355 1935 421 VII
1969 363 2374 426 GENERALIS.
2402 399 2476 410 —
2508 370 2708 426 ACTIO
2747 371 2811 425 ll.

3501 370 3609 429 238

196 473 523 530 Theodorus
555 475 965 566 Catanensium
1016 482 1339 556 episcopus,
1381 494 1436 544 et
1467 491 1565 561 qui
1606 505 1735 546 cum
1779 504 1844 546 eo
1870 479 1928 552 Α
1958 493 2156 548 ctuoso
2177 505 2369 550 amore
2393 497 2719 566 adoramus,
2751 501 3024 566 tanquam
3061 496 3130 551 ad
3162 508 3363 551 nomen
3391 498 3610 555 Christi

197 567 278 617 est
299 565 813 622 reverendissimus
832 569 1112 626 diaconus
1132 575 1508 650 Epiphanius,
1536 579 1635 649 qui
1659 579 1844 636 locum

196 657 342 706 tenet
371 653 794 726 archiepiscOpi
825 656 1123 715 Sardinia.
1176 661 1354 721 Ambo
1383 667 1534 722 enim
1577 682 1675 738 per
1715 669 1851 737 jus—

195 741 408 796 sionem
472 743 698 811 piorum
765 747 1169 816 imperatorum
1225 758 1550 811 nostrorum
1606 755 1847 826 profecti

196 835 321 885 sunt
361 832 599 888 Romam
639 849 769 889 cum
812 840 1286 898 reverendissimo
1309 846 1687 914 apocrisiario
1711 859 1852 902 san-

193 920 440 975 ctissimi
467 923 807 991 patriarcha
827 928 1030 982 nostri.

254 1009 594 1067 Theodorus
624 1015 736 1068 Deo
773 1015 1043 1072 amabilis
1067 1020 1372 1092 episcopus
1408 1024 1631 1080 Catana
1659 1025 1845 1080 dixit:

194 1098 282 1153 Pio
317 1100 568 1168 imperio
588 1101 824 1170 jubente
863 1119 961 1174 per
985 1107 1350 1166 honorabiles
1374 1112 1666 1181 jussiones
1697 1128 1849 1184 suas,

196 1186 418 1242 mittere
449 1191 687 1246 Leonem
720 1193 820 1247 Dei
851 1194 1128 1250 cultorem
1161 1199 1572 1273 presbyterum,
1603 1203 1702 1272 qui
1742 1215 1854 1258 una

196 1289 409 1332 mecum
465 1285 552 1334 est
603 1294 801 1337 servus
851 1288 1050 1340 vestra
1094 1289 1438 1361 sanctitatis,
1499 1291 1674 1346 simul
1723 1307 1853 1348 cum

198 1367 441 1437 pretiosa
473 1368 716 1438 epistola
761 1374 1138 1429 sacratissimi
1187 1375 1408 1432 domini
1444 1380 1586 1436 mei:
1625 1380 1724 1436 ille
1755 1382 1854 1452 qui

195 1456 326 1511 colit
380 1458 746 1514 sanctitatem
778 1466 1041 1532 vestram,
1091 1464 1417 1531 Siculorum
1467 1469 1690 1525 scilicet
1722 1485 1857 1526 mea

195 1546 502 1615 provincia
532 1549 900 1620 magistratus
929 1547 1273 1630 [strategus]
1321 1557 1481 1612 misit
1511 1572 1597 1613 me
1620 1559 1854 1616 Romam

195 1649 316 1690 cum
371 1636 469 1704 pia
505 1637 767 1705 jussione
809 1640 1257 1698 orthodoxorum
1300 1645 1707 1716 imperatorum
1749 1663 1860 1704 no—

195 1733 462 1780 strorum.
496 1727 606 1794 Qui
638 1726 928 1799 abeuntes,
968 1731 1049 1800 pii
1093 1732 1321 1803 imperii
1349 1749 1545 1792 eorum
1588 1737 1753 1794 ﬁdem
1799 1745 1854 1796 et

192 1815 618 1871 orthodoxiam
663 1818 1155 1878 denuntiavimus.

249 1906 323 1960 Et
348 1904 728 1963 beatissimus
755 1920 894 1978 papa
914 1911 1158 1967 audiens
1185 1913 1372 1970 dixit:
1398 1915 1542 1985 Quia
1573 1918 1623 1973 si
1654 1919 1711 1975 in
1738 1920 1858 1976 die-

193 1995 291 2051 bus
333 1995 574 2066 imperii
620 2009 813 2052 eorum
845 1997 1058 2054 factum
1100 2000 1278 2058 fuerit
1319 2005 1440 2074 hoc,
1490 2008 1855 2080 magniﬁcare

195 2085 356 2140 habet
375 2087 534 2140 Deus
561 2086 719 2155 pium
764 2088 1069 2157 imperium
1099 2105 1296 2148 eorum
1337 2108 1508 2164 super
1552 2097 1744 2166 priora
1775 2113 1858 2155 re-

192 2189 309 2247 gna.
347 2176 500 2230 ilinc
520 2183 577 2231 et
606 2179 1026 2249 suggestionem
1053 2195 1180 2251 qua
1204 2182 1344 2239 lecta
1383 2190 1486 2256 est,
1531 2189 1856 2244 transmisit

191 2265 251 2320 ad
297 2266 433 2334 pios
485 2266 858 2335 imperatores
900 2275 1122 2326 nostros
1174 2286 1286 2328 una
1344 2288 1472 2331 cum
1521 2276 1736 2333 litteris
1783 2279 1851 2334 ad

191 2357 556 2411 sanctitatem
589 2361 852 2426 vestram,
894 2364 948 2413 et
992 2360 1228 2417 vicariis
1257 2364 1382 2419 suis
1404 2365 1504 2435 qui
1529 2365 1623 2421 hic
1650 2368 1857 2437 prasi—

188 2446 385 2500 dentes
406 2445 643 2500 adsunt.

250 2537 494 2592 Cosmas
524 2535 825 2608 diaconus,
861 2539 1123 2596 notarius
1150 2545 1206 2596 et
1248 2542 1617 2599 cubuclesius
1663 2546 1847 2601 dixit:

190 2627 248 2679 Et
281 2625 426 2679 alia
471 2625 665 2679 missa
711 2631 847 2680 sunt
879 2627 1084 2683 littera
1119 2643 1150 2684 a
1195 2631 1560 2688 sanctissimo
1588 2646 1729 2703 papa
1761 2649 1860 2690 se—

191 2715 370 2770 nioris
407 2715 602 2769 Roma
631 2714 698 2768 ad
750 2716 1045 2772 Tarasium
1087 2719 1514 2777 sanctissimum
1538 2727 1592 2776 et
1636 2724 1859 2779 univer-

188 2803 356 2859 salem
396 2805 787 2873 patriarcham
814 2811 1069 2862 nostrum
1095 2827 1109 2877 ;
1138 2813 1194 2862 et
1223 2809 1632 2880 sicutjusserit
1662 2819 1858 2869 sancta

187 2893 458 2948 collectio
479 2898 688 2955 vestra,
716 2900 773 2949 et
791 2894 861 2951 de
885 2895 976 2950 his
1004 2895 1115 2951 ﬁet.

246 2983 468 3038 Sancta
499 2984 754 3052 synodus
773 2985 955 3040 dixit:
985 2988 1283 3058 Legantur.

246 3073 497 3128 Cosmas
528 3073 679 3141 prad
690 3073 840 3129 ictus
862 3074 999 3146 legit
1019 3093 1030 3129 :

1958 581 2078 651 Dei,
2133 587 2190 638 et
2234 583 2581 641 intemerata
2618 585 2866 642 domina
2909 589 3117 641 sancta
3149 585 3245 639 Dei
3277 586 3613 659 Genitricis,

1959 674 2401 744 sanctorumque
2443 675 2796 746 angelorum,
2843 687 2908 729 ac
2973 674 3230 730 omnium
3289 680 3613 732 sanctorum

1963 755 2157 830 factas,
2193 761 2660 820 manifestissime
2693 764 2751 818 in
2781 777 2959 819 unum
2991 763 3176 819 solum
3207 765 3383 819 Deum
3420 777 3615 820 verum

1961 849 2292 905 servitutem
2343 848 2490 925 [Gr.,
2552 849 2808 926 latriam]
2860 857 2918 908 et
2980 851 3146 908 ﬁdem
3196 856 3449 908 nostram
3529 866 3624 922 po-

1965 944 2178 994 nentes.

2031 1055 2233 1110 Sancta
2259 1058 2510 1126 synodus
2528 1059 2715 1114 dixit:
2757 1060 2893 1114 Tota
2937 1058 3326 1113 sacratissima
3369 1058 3620 1128 synodus

1968 1145 2046 1199 ita
2086 1145 2288 1216 credit,
2323 1147 2400 1202 ita
2433 1149 2602 1219 sapit,
2639 1148 2717 1203 ita
2757 1147 3118 1220 dogmatizat.

2039 1233 2237 1288 Petrus
2274 1239 2328 1290 et
2353 1237 2551 1291 Petrus
2574 1239 2688 1292 Deo
2718 1236 2992 1293 amabiles
3023 1236 3334 1308 presbyteri
3363 1242 3418 1291 et
3448 1236 3620 1308 legati

1965 1321 2293 1391 apostolica
2330 1325 2612 1381 cathedra
2650 1327 2956 1382 dixerunt:
3003 1325 3170 1382 Dicat
3213 1327 3378 1383 nobis
3427 1330 3620 1381 sancta

1967 1411 2141 1481 synod
2153 1427 2237 1484 us,
2259 1413 2307 1468 si
2325 1413 2582 1470 admittit
2595 1414 2818 1471 litteras
2833 1415 3186 1471 sanctissimi
3202 1429 3357 1486 papa
3374 1415 3622 1471 senioris

1969 1500 2176 1571 Roma,
2208 1515 2281 1557 an
2322 1514 2452 1558 non.

2035 1615 2237 1672 Sancta
2277 1619 2528 1688 synodus
2560 1620 2751 1676 dixit:
2785 1620 3113 1693 Sequimur,
3155 1625 3211 1676 et
3245 1619 3616 1691 suscipimus,

1968 1709 2024 1760 et
2043 1705 2423 1764 admittimus.

2038 1795 2278 1854 Joannes
2305 1799 2417 1856 Deo
2459 1797 2729 1856 amabilis
2781 1799 3074 1872 presbyter
3107 1805 3163 1856 et
3189 1801 3408 1874 legatus
3439 1801 3616 1858 orien-

1969 1885 2103 1944 talis
2125 1886 2433 1945 diaceseos
2452 1887 2635 1944 dixit:

2035 2002 2429 2072 Opportunum
2455 2012 2539 2060 est
2565 2005 2737 2059 etiam
2765 2005 2823 2061 in
2851 2007 3116 2076 praesenti
3147 2021 3276 2063 eum
3321 2008 3621 2064 Psalmista

1964 2104 2196 2146 canere:
2235 2093 2612 2146 Misericordia
2641 2097 2692 2147 et
2736 2096 2938 2149 veritas
2967 2097 3321 2150 obviaverunt
3363 2098 3489 2159 sibi,
3529 2098 3619 2164 ju-

1964 2183 2114 2236 stitia
2144 2185 2329 2250 etpost:
2375 2182 2663 2251 compleaa
2690 2187 2819 2236 sunt
2847 2180 3072 2254 se(Psal
3123 2184 3382 2257 Lxxxw).
3445 2185 3624 2240 Mise—

1967 2270 2216 2325 ricordia
2235 2274 2292 2324 et
2311 2271 2523 2326 veritas
2545 2271 2764 2327 scimus
2785 2272 2922 2341 quia
2942 2273 3220 2327 Dominus
3242 2278 3433 2328 noster
3460 2274 3622 2330 Jesus

1966 2359 2230 2415 Christus
2259 2364 2375 2414 est:
2427 2361 2869 2430 participatione
2907 2365 3095 2417 autem
3125 2362 3251 2430 ejus
3297 2362 3469 2417 etiam
3503 2377 3624 2418 san-

1967 2447 2212 2503 ctissimi
2246 2448 2586 2518 patriarcha
2606 2453 2661 2504 et
2690 2448 2851 2504 orbis
2880 2453 3045 2504 terra
3075 2454 3330 2519 pastores
3353 2456 3409 2505 et
3427 2451 3626 2507 dicun-

1967 2542 2064 2592 tur
2092 2542 2148 2592 et
2176 2541 2328 2592 sunt.
2362 2537 2585 2592 Etenim
2621 2536 3018 2592 misericordia
3049 2542 3105 2591 et
3132 2539 3344 2594 veritas
3373 2539 3626 2594 obviave-

1970 2629 2104 2681 runt
2121 2625 2252 2692 sibi,
2268 2625 2558 2681 Adrianus
2570 2625 2791 2681 scilicet
2804 2626 3208 2682 sanctissimus
3222 2641 3364 2697 papa
3378 2627 3626 2684 senioris

1969 2718 2174 2786 Roma,
2197 2723 2252 2771 et
2266 2715 2535 2771 Tarasius
2555 2716 2959 2772 sanctissimus
2983 2717 3306 2786 patriarcha
3333 2718 3627 2788 regnantis

1967 2803 2551 2874 Constantinopoleos.
2609 2803 2718 2873 Qui
2782 2817 2957 2860 unum
3017 2805 3331 2860 sentientes
3388 2810 3444 2860 et
3499 2819 3631 2862 con-

1970 2895 2209 2966 ﬁtentes,
2257 2894 2547 2963 justitiam
2578 2899 2632 2948 et
2671 2907 2862 2965 pacem
2906 2895 3187 2964 complexi
3221 2899 3374 2951 sunt.
3424 2895 3634 2952 Phero-

1970 2999 2131 3056 nyma
2167 2981 2387 3058 [Const.
2423 2997 2600 3040 unum
2632 2984 2943 3039 sentientes
2973 2989 3030 3039 et
3072 2984 3424 3041 conﬁtentes.
3457 2985 3632 3040 Justi-

1970 3076 2048 3130 tia
2077 3081 2134 3129 et
2155 3087 2261 3144 pax
2281 3073 2552 3129 osculata
2572 3077 2724 3128 sunt.
2753 3070 2917 3148 Phe.]
2941 3073 3096 3128 enim
3124 3076 3301 3144 Irene,
3325 3079 3383 3130 et
3399 3075 3627 3131 decreto

186 3181 433 3250 Epistola
496 3182 743 3234 Adriani
796 3185 1126 3237 sanctissimi
1176 3201 1335 3254 papa
1380 3189 1606 3242 senioris
1658 3191 1857 3254 Roma,
1887 3170 1937 3234 ο
1972 3163 2066 3219 Dei
2089 3177 2332 3235 regnans
2361 3167 2418 3218 et
2451 3163 2748 3254 imPeP‘a“S_
3039 3161 3251 3218 habens
3283 3163 3624 3254 rei_vernati

250 3255 628 3323 interpretata
679 3269 747 3306 ea:
801 3255 1117 3309 Latinorum
1171 3257 1402 3312 dictione
1448 3261 1506 3313 in
1553 3259 1857 3315 Gracorum

247 3340 464 3378 υοοεῐη.

482 3411 644 3484 (Vide
667 3414 875 3471 Patrol.
900 3419 1014 3472 tom
1036 3416 1218 3488 XCVI,
1252 3418 1360 3474 col.
1391 3415 1572 3493 4233.)

247 3523 470 3578 Petrus
503 3527 560 3576 et
581 3522 782 3576 Petrus
814 3523 1274 3578 reverendissimi
1306 3525 1616 3596 presbyteri
1658 3541 1721 3584 ac
1780 3529 1855 3585 vi-

179 3614 323 3668 carii
349 3611 721 3668 sanctissimi
755 3624 910 3681 papa
935 3612 1180 3668 senioris
1203 3614 1388 3669 Roma
1431 3613 1671 3673 Adriani
1702 3619 1862 3676 dixe-

181 3711 314 3761 runt
339 3724 352 3758 :
391 3704 571 3759 Dicat
602 3701 767 3757 nobis
797 3702 1200 3758 sanctissimus
1240 3704 1563 3772 patriarcha
1589 3709 1861 3766 Tarasius

181 3796 352 3864 regia
403 3793 692 3862 civitatis,
757 3792 806 3847 si
861 3791 1180 3848 consentiat
1240 3793 1455 3850 litteris
1503 3799 1857 3856 sanctissimi

177 3897 336 3955 papa
376 3881 643 3938 senioris
683 3882 872 3936 Roma
908 3880 1172 3953 Adriani,
1197 3895 1270 3937 an
1300 3897 1429 3938 non.

240 3972 542 4029 Tarasius
571 3970 975 4026 sanctissimus
1024 3971 1348 4040 patriarcha
1373 3973 1560 4029 dixit:
1591 3975 1862 4033 Sacratis-

174 4064 366 4120 simus
403 4062 632 4119 Paulus
660 4059 975 4132 apostolus,
1025 4061 1124 4131 qui
1159 4059 1490 4118 illustratus
1517 4067 1606 4120 est
1643 4065 1862 4123 lumine

170 4156 429 4223 Christi,
457 4157 518 4206 et
556 4150 756 4222 genuit
789 4164 892 4206 nos
923 4163 1022 4219 per
1060 4151 1449 4222 Evangelium,
1491 4167 1620 4209 cum
1666 4155 1862 4212 Roma-

174 4245 263 4300 nis
307 4241 632 4309 scriberet,
674 4238 997 4308 approbans
1035 4239 1296 4295 studium
1336 4241 1575 4296 sincera
1613 4241 1745 4299 ﬁdei
1777 4259 1864 4301 eo-

170 4349 325 4404 rum,
374 4343 565 4403 quam
591 4329 649 4383 in
673 4328 969 4384 Christum
997 4343 1192 4384 verum
1230 4330 1408 4384 Deum
1451 4331 1749 4404 habebant,
1777 4336 1861 4392 sic

167 4425 284 4478 ait:
341 4421 523 4476 Fides
573 4422 753 4473 vestra
807 4419 1175 4473 annuntiatur
1239 4419 1300 4472 in
1354 4421 1606 4475 universo
1655 4424 1860 4478 mundo

165 4512 350 4585 (Boni.
384 4513 479 4586 1):
531 4511 640 4565 hoc
672 4508 1064 4564 testimonium
1112 4508 1277 4579 sequi
1319 4511 1702 4568 necessarium
1746 4518 1854 4586 est,

165 4609 220 4657 et
253 4599 612 4658 inconsulte
640 4599 764 4670 agit
805 4597 904 4668 qui
929 4598 1065 4654 huic
1093 4602 1337 4654 conatur
1374 4600 1658 4657 resistere.
1701 4602 1859 4660 Unde

165 4693 490 4749 Adrianus
515 4688 720 4760 prasul
741 4687 991 4743 senioris
1015 4687 1224 4759 Roma,
1252 4702 1383 4744 cum
1405 4694 1553 4746 esset
1575 4692 1861 4762 particeps

167 4796 374 4837 eorum
419 4778 535 4849 qui
568 4777 838 4847 pradicto
869 4777 1202 4833 testimonio
1244 4779 1463 4834 muniri
1505 4786 1856 4852 meruerunt,

166 4871 423 4942 scripsit
492 4879 756 4937 expresse
800 4879 864 4922 ac
920 4866 1198 4922 veraciter
1246 4867 1363 4937 piis
1415 4867 1862 4939 imperatoribus

167 4962 424 5032 nostris,
487 4962 662 5027 atque
708 4956 777 5012 ad
820 4955 1207 5012 humilitatem
1258 4961 1532 5028 nostram,
1573 4959 1861 5018 afﬁrmans

168 5049 310 5108 bene
363 5064 444 5106 ac
496 5048 712 5117 Optime
776 5059 836 5102 se
885 5045 1089 5102 habere
1138 5047 1437 5118 antiquam
1492 5051 1859 5108 traditionem

169 5142 462 5197 Ecclesia
493 5137 809 5193 catholica.
853 5139 989 5192 Nam
1011 5141 1067 5193 et
1099 5137 1208 5208 ipsi
1242 5151 1345 5194 nos
1366 5142 1675 5197 scrutando
1716 5142 1863 5198 Scri-

176 5239 402 5302 pturas,
446 5233 516 5284 et
558 5227 913 5300 syllogistice
959 5228 1343 5299 approbando,
1392 5229 1584 5286 rimati
1613 5247 1854 5300 sumus:

175 5324 252 5377 sic
301 5319 478 5394 quod
539 5317 784 5374 confessi
833 5333 1058 5390 sumus,
1098 5319 1437 5375 conﬁtemur
1489 5326 1545 5377 et
1572 5321 1864 5378 conﬁtebi-

181 5426 321 5485 mur,
357 5421 766 5470 consonamus
799 5413 856 5464 et
892 5408 1314 5480 conﬁrmamus,
1361 5415 1534 5481 atque
1579 5425 1863 5482 permane-

180 5503 370 5560 bius
411 5502 484 5557 in
537 5497 957 5570 signiﬁcatione
1001 5498 1322 5554 litterarum
1354 5513 1481 5570 qua
1507 5500 1664 5556 lecta
1701 5505 1856 5574 sunt,

187 5590 548 5665 imaginales
574 5587 990 5659 descriptiones
1019 5587 1401 5659 suscipientes
1425 5590 1738 5648 secundum
1767 5604 1863 5648 an-

189 5683 408 5754 tiquam
447 5683 686 5752 patrum
717 5681 1044 5735 nostrorum
1075 5679 1484 5752 traditionem;
1515 5685 1572 5736 et
1602 5680 1704 5737 has
1731 5680 1860 5738 alie-

1968 3265 2277 3308 eonsonum
2290 3265 2354 3307 ac
2377 3247 2748 3324 respondens]
2769 3251 3084 3318 ;divinitus
3105 3256 3272 3322 mota,
3293 3256 3350 3307 et
3364 3252 3622 3308 decorem

1969 3339 2233 3394 Ecclesia
2260 3338 2594 3393 desiderans
2621 3343 2792 3407 atque
2813 3337 3027 3410 volens,
3064 3339 3278 3394 litteris
3311 3353 3431 3410 usa,
3461 3341 3632 3408 justi-

1971 3429 2107 3483 tiam
2126 3427 2550 3496 pheronymam,
2573 3425 2995 3481 sanctissimam
3022 3426 3294 3482 videlicet
3313 3428 3623 3484 Ecclesiam

1971 3517 2273 3571 Romanam
2295 3514 2551 3584 amplexa
2569 3517 2691 3582 est;
2724 3517 2781 3568 et
2801 3513 2978 3568 movit
2999 3514 3059 3570 in
3084 3514 3334 3570 medium
3357 3516 3623 3585 transire,

1968 3611 2022 3662 et
2061 3617 2307 3674 prasens
2345 3607 2605 3659 sanctum
2636 3601 2925 3657 latiﬁcare
2955 3602 3292 3674 collegium;
3327 3603 3421 3658 sed
3456 3608 3512 3659 et
3539 3618 3632 3659 or-

1971 3694 2271 3749 thodoxam
2323 3691 2635 3762 patefacere
2680 3690 2866 3746 ﬁdem.
2902 3692 2971 3746 Et
3000 3704 3151 3746 nunc
3183 3693 3455 3764 gaudium
3519 3707 3630 3749 ma-

1970 3795 2142 3855 gnum
2195 3781 2405 3837 factum
2443 3785 2530 3836 est
2573 3780 2633 3835 in
2685 3779 2932 3836 lectione
2962 3793 3254 3836 sacrarum
3301 3781 3625 3838 litterarum

1971 3870 2324 3927 sanctissimi
2353 3883 2508 3940 papa
2535 3867 2798 3940 Adriani,
2833 3872 2946 3923 tam
2976 3870 3045 3924 ad
3077 3868 3364 3926 divinitus
3389 3883 3628 3926 conser-

1971 3961 2184 4016 vandos
2200 3965 2254 4015 et
2267 3959 2784 4029 tranquillissimos
2806 3959 3176 4027 imperatores
3196 3964 3440 4031 nostros,
3457 3974 3626 4030 quam

1972 4050 2039 4106 ad
2055 4050 2482 4106 sanctissimum
2503 4052 2559 4102 et
2583 4053 2667 4104 ter
2686 4048 2912 4103 beatum
2929 4047 3311 4117 patriarcham
3331 4049 3626 4104 Tarasium

1972 4140 2422 4210 destinatarum;
2450 4142 2506 4193 et
2529 4150 2757 4208 magnas
2788 4137 2847 4192 in
2872 4138 2976 4193 hoc
3001 4137 3227 4208 agimus
3247 4139 3359 4192 Deo
3391 4138 3624 4208 gratias,

1975 4231 2111 4302 quia
2143 4234 2297 4284 tanto
2343 4227 2657 4282 meruimus
2688 4225 2898 4297 gaudio
2943 4224 3161 4296 perfrui
3194 4230 3252 4281 et
3292 4226 3512 4282 latitia.
3563 4229 3629 4282 Et

1973 4318 2306 4375 benedictus
2329 4318 2497 4386 Deus,
2526 4314 2626 4384 qui
2652 4314 2958 4370 suscitavit
2979 4314 3145 4370 nobis
3162 4314 3274 4368 tale
3298 4314 3623 4384 imperium,

1974 4407 2122 4481 quod
2173 4405 2489 4462 sollicitum
2521 4403 2600 4458 sit
2637 4417 2880 4474 semper,
2921 4407 2977 4458 et
3005 4403 3216 4459 excitet
3268 4404 3510 4473 populos
3556 4405 3625 4460 ad

1975 4511 2152 4554 unum
2174 4495 2695 4564 conspiramenlum
2716 4498 2774 4547 et
2793 4492 3231 4548 unanimitatem
3250 4496 3424 4562 atque
3444 4496 3630 4548 custo-

1972 4589 2125 4644 diam
2155 4585 2485 4642 divinorum
2515 4595 2816 4652 canonum,
2849 4596 2952 4637 seu
2985 4581 3360 4638 traditionum
3392 4581 3630 4637 sanctis-

1971 4678 2130 4735 sima
2159 4674 2445 4732 Ecclesia.
2473 4672 2575 4728 Sed
2615 4672 2880 4727 Christus
2904 4672 3056 4727 Deus
3087 4685 3185 4741 per
3213 4671 3536 4743 gignentem
3568 4685 3629 4727 se

1971 4767 2392 4826 sanctissimam
2413 4763 2511 4820 Dei
2529 4762 2899 4833 Genitricem,
2927 4765 2984 4817 et
3003 4775 3198 4818 omnes
3217 4766 3445 4818 sanctos
3466 4751 3632 4836 suos,

1969 4864 2026 4915 et
2048 4873 2148 4915 vos
2181 4855 2502 4913 sacerdotes
2526 4866 2680 4924 suos,
2723 4852 2823 4922 qui
2858 4866 3035 4908 unum
3067 4852 3292 4924 sapitis,
3338 4858 3393 4908 et
3429 4852 3625 4910 dolum

1973 4951 2032 5005 in
2097 4946 2370 5004 cordibus
2423 4957 2533 5000 non
2598 4942 2821 4998 habetis
2875 4942 3100 5014 vestris,
3171 4941 3268 4997 sed
3339 4941 3629 4999 festinatis

1971 5054 2097 5112 qua
2148 5037 2366 5106 scripta
2417 5041 2553 5091 sunt
2607 5031 2938 5103 adimplere,
3012 5031 3488 5102 repromissiones
3544 5047 3630 5088 ve-

1971 5137 2118 5187 stras
2166 5139 2391 5184 veraces
2418 5121 2697 5189 ostendat,
2755 5126 2814 5177 et
2863 5121 3141 5194 longavos
3190 5126 3486 5180 conservet
3536 5121 3631 5178 bo-

1970 5235 2074 5277 nos
2125 5217 2390 5274 dominos
2439 5218 2682 5282 nostros,
2729 5217 2785 5268 et
2842 5211 3122 5284 gloriﬁcet
3169 5227 3283 5282 eos,
3335 5219 3390 5269 et
3419 5213 3630 5268 exaltet

1969 5326 2148 5369 cornu
2173 5321 2391 5377 eorum,
2420 5309 2476 5360 et
2505 5303 2777 5372 subjiciat
2809 5302 3077 5360 inimicos
3114 5317 3310 5359 eorum
3342 5302 3448 5359 sub
3478 5301 3631 5372 pcdi-

1970 5404 2078 5460 bus
2127 5402 2407 5472 ipsorum,
2437 5401 2493 5453 et
2521 5395 2727 5467 dignos
2771 5408 2867 5451 eos
2898 5391 3072 5449 faciat
3098 5394 3268 5449 etiam
3321 5393 3380 5447 in
3431 5381 3627 5446 futuro

1970 5490 2178 5551 saculo
2203 5503 2333 5546 cum
2363 5486 2580 5544 sanctis
2609 5484 2841 5557 regibus
2863 5483 3285 5554 connumerari,
3314 5483 3629 5538 conservet-

1971 5595 2082 5656 que
2111 5581 2256 5638 hanc
2285 5577 2709 5636 sanctissimam
2755 5574 3054 5644 synodum.

2040 5672 2293 5744 Agapius
2314 5667 2718 5727 sanctissimus
2735 5663 3041 5733 episcopus
3060 5659 3318 5716 Casaria
3340 5656 3629 5727 Cappado-
