4012 6162
408 297 518 359 239

1639 287 1996 346 ANASTASII
2045 282 2584 341 BIBLlOTHECARll
3699 293 3790 355 ριο

409 425 514 481 cia
537 421 723 480 dixit:
747 418 1034 490 Scriptum
1060 419 1147 474 est
1169 417 1227 474 in
1247 415 1468 472 divinis
1485 413 1802 485 Scripturis
1822 411 2056 482 nostris,
2091 409 2152 472 A
2180 409 2367 466 saluto
2387 413 2444 465 et
2465 409 2776 480 amplector
2799 427 2989 470 sacras
3011 413 3223 488 iconas,
3245 431 3375 474 cum
3407 418 3528 476 sint
3556 423 3789 494 tanquam

411 513 546 584 quia
601 510 884 581 separavit
916 510 1068 564 Deus
1099 509 1249 563 inter
1275 507 1456 563 lucem
1497 509 1554 560 et
1580 505 1729 560 inter
1776 502 2054 558 tenebras.

407 604 547 658 Ecce
575 601 726 657 enim
757 603 1012 656 cessante
1037 596 1333 653 tenebrosa
1379 595 1522 651 male
1564 592 1927 663 opinantium
1955 592 2061 646 ha-

329 697 338 701 '
409 692 543 764 resi,
569 691 758 747 lumen
780 688 1007 745 cunctis
1027 686 1381 743 orthodoxia
1403 682 1664 740 refulsit:
1697 682 1846 752 quod
1867 681 2057 736 lumen

404 785 462 835 et
502 794 602 852 ego
635 792 895 850 sequens,
936 776 1190 846 suscipio
1220 778 1276 830 et
1301 773 1488 830 saluto
1514 785 1704 828 sacras
1728 784 1793 826 ac
1835 782 2060 826 venera-

404 869 550 924 biles
577 870 790 938 iconas,
825 871 881 923 et
903 880 1000 922 eos
1027 867 1124 936 qui
1157 865 1233 920 ita
1261 877 1370 920 non
1405 862 1684 932 sentiunt,
1707 857 2055 916 anathemati

402 957 698 1014 submitto.
743 990 751 997 ι

469 1049 710 1104 Joannes
740 1043 1141 1102 sanctissimus
1164 1042 1468 1113 episc0pus
1491 1039 1698 1111 Ephesi
1725 1037 1905 1094 dixit:
1941 1037 2056 1092 Sic-

399 1143 464 1193 ut
482 1135 845 1193 honorabiles
876 1134 1081 1189 littera
1103 1129 1455 1187 sanctissimi
1486 1142 1640 1199 papa
1661 1126 1900 1183 Romani
1927 1139 2056 1181 con-

399 1229 602 1298 tinent,
633 1225 712 1280 ita
742 1224 930 1293 credo,
963 1226 1018 1278 et
1041 1221 1119 1277 ita
1165 1219 1439 1277 conﬁteor
1477 1217 1660 1290 gratia
1684 1215 1899 1271 Christi
1933 1214 2052 1270 veri

398 1317 494 1372 Dei
529 1314 732 1371 nostri.

465 1402 876 1460 Constantinus
910 1399 1312 1455 sanctissimus
1361 1395 1666 1466 episcopus
1706 1391 2051 1450 Constantia

393 1493 561 1563 Cypri
579 1491 760 1547 dixit:
784 1489 967 1545 Modis
982 1487 1251 1544 omnibus
1265 1487 1420 1541 lecta
1437 1482 1813 1555 suggestioni,
1837 1495 1962 1552 qua
1977 1480 2046 1536 ad

392 1581 658 1637 dominos
684 1593 719 1635 n
759 1583 910 1634 stros
938 1576 1119 1633 bonos
1138 1574 1208 1630 ab
1229 1573 1482 1629 Adriano
1512 1570 1879 1626 sanctissimo
1906 1581 2047 1639 papa

392 1674 645 1728 Romano
677 1668 850 1724 missa
887 1671 1010 1736 est;
1059 1677 1273 1720 necnon
1305 1667 1363 1718 et
1389 1661 1646 1731 epistola
1671 1672 1796 1730 qua
1821 1658 1889 1713 ad
1924 1670 2047 1712 san-

2169 500 2340 556 arrha
2384 500 2593 556 salutis
2620 515 2771 558 mea.
2811 505 2920 560 Eos
2947 510 3134 561 antem
3171 508 3272 578 qui
3302 508 3380 564 ita
3413 523 3523 566 non
3567 512 3789 586 sapiunt,

2169 589 2606 647 anathematizo.

2241 679 2596 749 Nicephorus
2624 681 2928 753 episcopus
2950 685 3252 754 Dyrrachii
3283 686 3468 742 dixit:
3501 689 3790 747 Secundum

2170 769 2501 826 relationem
2535 785 2661 841 qua
2706 772 2878 828 missa
2905 779 2991 830 est
3037 774 3108 830 ab
3155 775 3409 833 Adriano
3455 780 3792 838 sanctissimo

2169 872 2310 928 papa
2339 859 2589 916 senioris
2618 861 2805 916 Roma
2836 863 2904 918 ad
2934 863 3060 932 pios
3091 864 3460 934 imperatores
3493 875 3718 941 nostros,
3747 876 3794 926 et

2164 947 2234 1002 ad
2266 947 2694 1005 sanctissimum
2721 955 2778 1005 et
2816 951 3193 1008 universalem
3228 955 3608 1023 patriarcham
3655 960 3795 1014 Tara-

2164 1036 2337 1109 sium,
2368 1039 2508 1108 quin
2539 1044 2595 1094 et
2624 1039 2937 1096 secundum
2958 1043 3083 1111 ejus
3108 1044 3462 1100 sanctissimi
3490 1046 3696 1102 Tarasii
3719 1062 3795 1103 ar-

2163 1125 2519 1197 chiepiscopi
2549 1128 2889 1196 doctrinam,
2922 1129 3084 1186 ﬁdem
3111 1135 3166 1187 et
3195 1131 3627 1208 confessionem,
3653 1139 3794 1208 sapio

2163 1218 2220 1270 et
2248 1219 2445 1285 teneo;
2480 1221 2536 1272 et
2582 1231 2711 1274 cum
2754 1218 2858 1274 hac
2900 1219 3259 1276 confessione
3290 1236 3409 1279 mea
3449 1223 3634 1281 brevis
3679 1227 3794 1283 vita

2163 1317 2298 1358 mea
2351 1308 2573 1376 tempus
2617 1306 2832 1378 ﬁniam,
2885 1313 2941 1363 et
2990 1309 3239 1365 terribili
3272 1311 3553 1368 tribunali
3599 1314 3792 1372 Christi

2159 1395 2447 1450 assistam.

2229 1484 2589 1554 Epiphanius
2617 1486 2895 1542 diaconus
2939 1487 3205 1543 Ecclesia
3242 1488 3594 1563 Catanensis,
3634 1498 3685 1548 et
3713 1493 3797 1550 lo—

2157 1584 2285 1627 cum
2309 1577 2507 1630 tenens
2534 1574 2952 1646 archiepiscOpi
2975 1577 3275 1648 Sardinia,
3308 1578 3492 1635 dixit:
3523 1581 3800 1639 Nitidissi-

2158 1680 2312 1725 mum
2341 1665 2697 1721 orthodoxia
2727 1666 3035 1722 terminum
3065 1672 3120 1722 et
3146 1668 3238 1723 SS.
3269 1669 3510 1738 apostol.
3553 1672 3797 1730 traditio.

389 1761 712 1818 ctissimum
739 1731 1118 1828 patriarcham
1162 1752 1380 1808 directa
1418 1755 1521 1821 est,
1542 1747 1856 1817 consentio,
1875 1751 1930 1801 et
1966 1746 2044 1801 ita
2075 1731 2129 1794 Β
2156 1772 2279 1814 nem
2332 1755 2534 1811 relatio
2577 1769 2702 1825 qua;
2735 1754 2907 1811 missa
2963 1761 3050 1811 es;
3077 1757 3145 1812 ad
3189 1731 3324 1827 ρίοέ
3358 1763 3416 1812 ει
3459 1759 3679 1817 Christo
3719 1762 3800 1817 (η.

389 1850 680 1917 conﬁteor,
712 1850 883 1916 atque
911 1856 1040 1899 cum
1070 1843 1172 1896 hac
1204 1840 1311 1896 ﬁde
1343 1838 1672 1909 proﬁciscar
1694 1836 1763 1892 ad
1790 1833 2043 1890 tribunal

386 1937 603 1993 Christi
635 1934 752 1989 veri
781 1933 878 1988 Dei
912 1931 1117 1987 nostri.

458 2024 710 2080 Basilius
762 2019 1163 2077 sanctissimus
1209 2017 1514 2086 episcopus
1561 2012 1796 2083 Ancyra
1855 2011 2038 2068 dixit:

387 2111 869 2182 Quemadmodum
887 2107 1182 2163 continent
1200 2105 1405 2160 littera
1431 2101 1780 2159 sanctissimi
1802 2099 2039 2156 Adriani

279 2199 286 2204 ”
388 2217 544 2274 papa
591 2199 840 2257 senioris
870 2199 1078 2266 Roma,
1124 2200 1180 2250 et
1209 2207 1410 2250 sensus
1462 2191 1813 2247 sanctissimi
1857 2188 2043 2245 Patris

387 2292 569 2349 nostri
593 2305 658 2346 ac
676 2286 1020 2346 universalis
1040 2284 1379 2355 patriarcha
1398 2301 1413 2353 ;
1432 2283 1516 2337 sic
1539 2281 1719 2352 sapio,
1744 2281 1829 2335 sic
1855 2285 2037 2350 teneo,

385 2388 442 2437 et
472 2382 552 2436 ita
580 2378 812 2449 docebo,
841 2381 896 2430 et
925 2387 1052 2430 cum
1088 2375 1191 2428 hoc
1221 2385 1392 2427 sensu
1424 2385 1546 2426 meo
1569 2370 1741 2426 etiam
1786 2369 1845 2424 in
1889 2367 2042 2425 futu-

388 2486 513 2528 rum
567 2468 836 2524 saculum
873 2463 1218 2533 proﬁciscar.

457 2559 728 2614 Nicolaus
756 2553 1160 2610 sanctissimus
1183 2551 1487 2620 episcopus
1513 2549 1700 2620 Cyzici
1733 2549 1916 2604 dixit:
1951 2549 2042 2603 Se-

385 2650 635 2708 cundum
678 2647 901 2702 litteras
952 2640 1304 2698 sanctissimi
1351 2653 1507 2710 papa
1555 2639 1802 2694 senioris
1854 2639 2042 2695 Roma

383 2738 645 2807 Adriani,
669 2740 725 2791 et
745 2732 1156 2804 expositionem
1179 2728 1560 2786 confessionis
1576 2728 1929 2784 sanctissimi
1951 2741 2042 2798 pa-

383 2828 649 2887 triarcha
675 2825 855 2881 nostri
883 2822 1126 2892 Tarasii,
1159 2819 1321 2890 sapio
1345 2825 1401 2874 et
1425 2819 1662 2888 sapiam,
1695 2823 1753 2874 et
1780 2819 1835 2873 in
1869 2817 2034 2874 illum

383 2919 657 2976 mundum
698 2914 951 2970 adducar
979 2926 1108 2968 cum
1160 2911 1262 2966 hac
1292 2908 1647 2966 confessione
1680 2923 1816 2965 mea.

452 3005 796 3076 Euthymius
825 3001 1227 3059 sanctissimus
1269 2998 1571 3069 episcopus
1616 2999 1813 3054 Sardis
1841 2999 2028 3054 dixit:

2152 1845 2328 1903 lectos
2361 1845 2728 1914 imperatores
2757 1858 2788 1899 a
2819 1843 3150 1902 beatissimo
3182 1860 3323 1917 papa
3345 1848 3592 1905 senioris
3619 1851 3794 1908 Roma

2149 1935 2419 2004 Adriano,
2478 1947 2576 2004 per
2606 1933 2906 1989 lectionem
2954 1935 3252 1991 exhibuit:
3315 1938 3412 1993 sed
3473 1942 3530 1993 et
3567 1940 3796 2010 epistola

2149 2025 2291 2094 ejus,
2335 2037 2460 2093 qua
2489 2022 2772 2078 destinata
2802 2027 2887 2078 est
2933 2023 3001 2079 ad
3035 2024 3331 2080 Tarasium
3373 2028 3796 2084 sanctissimum

2149 2119 2205 2169 et
2235 2112 2610 2169 universalem
2645 2111 3046 2182 patriarcham.
3083 2112 3239 2169 Unde
3269 2119 3325 2170 et
3349 2128 3452 2186 ego
3485 2129 3582 2186 per
3611 2119 3796 2174 omnia

2153 2202 2245 2257 his
2291 2202 2670 2272 consentiens,
2721 2207 2777 2256 et
2830 2202 2967 2257 recti
3020 2217 3222 2259 sensus
3265 2205 3491 2261 incessu
3541 2219 3794 2278 sequens.

2150 2291 2366 2347 honoro
2391 2297 2447 2346 et
2466 2292 2641 2346 adoro
2668 2295 2723 2346 et
2763 2291 2978 2360 recipio
3006 2291 3078 2346 ab
3108 2292 3246 2348 olim
3301 2294 3359 2349 in
3394 2295 3637 2352 Ecclesia
3676 2304 3801 2352 tra—

2148 2381 2301 2438 ditas
2333 2380 2681 2437 venerabiles
2709 2385 2766 2435 et
2793 2394 2983 2436 sacras
3038 2381 3270 2452 iconas;
3302 2387 3358 2438 et
3409 2398 3538 2441 eum
3583 2386 3677 2456 qui
3736 2387 3798 2442 in

2153 2471 2245 2527 his
2268 2484 2377 2526 non
2409 2470 2690 2540 convenit,
2717 2474 2779 2524 ut
2794 2469 3042 2526 haretici
3065 2471 3440 2529 conciliabuli
3469 2475 3796 2545 participem

2147 2566 2360 2630 averto,
2390 2564 2448 2613 et
2478 2558 2972 2614 anathematismis
3021 2561 3367 2617 transmitto.

2220 2651 2326 2705 Leo
2359 2647 2651 2719 presbyter
2696 2647 3076 2704 sanctissima
3119 2650 3384 2707 Ecclesia
3409 2652 3808 2712 Constantino-

2150 2738 2358 2807 poleos,
2413 2743 2470 2793 et
2505 2737 2690 2793 locum
2737 2743 2935 2793 tenens
2985 2739 3363 2809 metropoleos
3403 2741 3570 2813 Sida,
3614 2742 3798 2798 dixit:

2144 2826 2465 2882 Secundum
2529 2826 2701 2882 lectas
2759 2827 3060 2896 synodicas
3113 2828 3389 2898 epistolas
3447 2831 3803 2888 sanctissimi

2147 2930 2301 2986 papa
2351 2915 2599 2971 senioris
2620 2917 2828 2985 Roma,
2869 2919 2925 2971 et
2947 2917 3267 2973 doctrinam
3309 2921 3658 2976 sanctissimi
3711 2935 3809 2991 pa-

2145 3005 2411 3062 triarcha
2440 3005 2680 3076 Tarasii,
2730 3005 2986 3075 suscipio
3016 3007 3367 3064 venerabiles
3399 3009 3678 3082 imagines
3703 3024 3809 3066 se—

379 3101 446 3155 Et
469 3111 572 3169 ego
625 3095 915 3166 pralectas
947 3092 1170 3146 litteras
1194 3089 1546 3145 sanctissimi
1581 3102 1736 3159 papa
1783 3089 2033 3147 senioris
2062 3075 2110 3138 C
2141 3097 2392 3152 cundum
2419 3075 2714 3166 antiquam
2748 3097 3220 3153 consuetudinem
3246 3115 3260 3170 ἦ
3289 3103 3344 3154 et
3383 3112 3479 3155 eos
3502 3075 3601 3170 q'ui
3629 3100 3716 3157 sic
3741 3115 3808 3157 se

377 3189 565 3242 Roma
593 3185 815 3240 sincere
838 3195 903 3237 ac
931 3179 1326 3235 indubitanter
1367 3190 1628 3248 sequens,
1673 3177 1946 3246 polliceor
1975 3185 2030 3236 et

376 3275 648 3332 conﬁteor
678 3273 755 3328 ita
791 3284 876 3326 me
905 3281 1099 3339 sapere
1131 3273 1242 3323 tam
1267 3268 1338 3322 de
1361 3267 1674 3322 orthodoxa
1701 3266 1829 3339 ﬁde,
1859 3281 2027 3338 quam

374 3369 444 3423 de
471 3362 858 3422 sanctissimis
912 3359 1132 3415 iconis:
1171 3371 1280 3413 non
1313 3357 1476 3428 quasi
1512 3357 1784 3427 quiddam
1818 3372 2024 3414 novum

373 3458 574 3529 dogma
605 3453 932 3514 admittens,
961 3450 1056 3505 sed
1093 3454 1361 3518 tanquam
1391 3447 1712 3502 certissime
1740 3448 1928 3502 sciens
1957 3449 2026 3504 de

374 3547 497 3602 illis
526 3545 894 3600 traditionem
920 3545 1245 3594 sanctorum
1267 3536 1652 3606 apostolorum
1685 3541 1741 3590 et
1767 3538 2028 3593 sacratis-

373 3637 647 3691 simorum
673 3632 1074 3702 magistrorum
1099 3641 1197 3696 qm
1219 3627 1320 3680 has
1341 3625 1715 3696 reliquerunt,
1751 3625 1806 3679 in
1831 3631 2025 3682 sancta

370 3724 468 3778 Dei
499 3722 748 3778 Ecclesia
787 3717 1180 3773 constitutam.
1234 3717 1466 3782 Propter
1495 3714 1645 3781 quod
1678 3718 1796 3768 tota
1833 3715 2025 3770 anima

371 3813 587 3881 recipio
628 3808 956 3878 hujusmodi
1007 3803 1357 3861 venerabiles
1412 3804 1606 3858 iconas
1657 3817 1785 3859 cum
1831 3818 2026 3860 conve-

369 3902 552 3958 nienti
586 3901 798 3955 honore
822 3911 887 3952 ac
918 3895 1260 3952 salutatoria
1283 3893 1632 3949 adoratione.
1683 3895 1790 3949 Eos
1829 3899 2017 3950 autem

368 3992 467 4061 qui
489 3990 659 4046 aliter
681 3989 763 4044 vel
787 3989 1017 4044 adverse
1037 3985 1272 4055 sapiunt
1290 3987 1392 4040 aut
1413 3984 1798 4055 dogmatizant
1822 3993 2018 4042 contra

365 4087 592 4139 sanctas
610 4082 824 4149 iconas,
846 4079 1066 4133 alienos
1082 4090 1111 4131 a
1131 4074 1411 4132 catholica
1435 4074 1688 4130 Ecclesia
1705 4076 2014 4147 astimans‘,

363 4172 595 4242 abjicio,
637 4175 693 4226 et
723 4168 1020 4224 hareticos
1043 4165 1341 4222 denuntio.

434 4264 634 4318 Petrus
663 4259 1064 4316 sanctissimus
1094 4257 1397 4326 episcopus
1427 4255 1769 4311 Nicomedia
1819 4256 1973 4312 dixit
2007 4274 2019 4310 :

361 4353 679 4410 Secundum
732 4351 904 4424 lectas
935 4349 1156 4404 litteras
1185 4345 1539 4403 sanctissimi
1574 4358 1729 4416 papa
1771 4347 2020 4403 senioris

2148 3201 2259 3243 non
2293 3185 2516 3255 habent,
2579 3184 3011 3242 anathematizo.

2210 3275 2483 3332 Nicolaus
2513 3275 2864 3345 hegumenus
2895 3275 3054 3346 Apri,
3101 3280 3157 3331 et
3187 3276 3372 3333 locum
3407 3281 3602 3335 tenens
3645 3282 3810 3352 Tya—

2139 3367 2401 3424 nensium
2444 3365 2832 3436 metropoleos,
2883 3365 3068 3420 dixit:
3127 3366 3448 3424 Secundum
3491 3371 3811 3440 synodicas

2137 3456 2411 3527 epistolas
2438 3453 2678 3509 Adriani
2712 3453 3032 3510 beatissimi
3078 3470 3255 3526 papa,
3293 3471 3417 3528 qua
3453 3457 3608 3514 lecta
3639 3466 3804 3535 sunt,

2136 3545 2392 3614 suscipio
2423 3543 2772 3599 venerabiles
2803 3543 2994 3600 iconas
3014 3545 3326 3602 secundum
3351 3547 3649 3618 antiquam
3683 3555 3807 3606 tra-

2135 3635 2447 3691 ditionem:
2495 3638 2551 3686 et
2581 3633 2680 3702 qui
2713 3646 2772 3688 se
2803 3633 2882 3688 ita
2935 3647 3045 3689 non
3081 3634 3304 3705 habent,
3350 3637 3803 3700 anathematizo.

2203 3722 2612 3779 Constantinus
2633 3723 3036 3779 sanctissimus
3051 3724 3354 3794 episcopus
3373 3728 3809 3799 Gangrensium

2135 3811 2317 3868 dixit:
2353 3811 2672 3868 Secundum
2706 3811 3011 3868 relationes
3053 3827 3180 3883 qua
3210 3813 3368 3870 lecta
3407 3820 3542 3871 sunt
3571 3815 3813 3873 beatis—

2131 3902 2266 3957 simi
2291 3915 2446 3972 papa
2469 3901 2718 3958 senioris
2739 3901 2927 3957 Roma
2946 3901 3207 3975 Adriani,
3233 3904 3489 3975 suscipio
3506 3907 3814 3963 venerabi-

2131 3991 2214 4046 les
2250 3991 2444 4046 iconas
2468 3991 2632 4060 juxta
2673 3991 2917 4060 priscam
2963 3991 3348 4048 traditionem.
3383 3995 3492 4049 Eos
3527 4009 3662 4051 vero
3697 4001 3809 4067 qui

2133 4080 2216 4136 sic
2251 4094 2358 4137 non
2391 4081 2642 4152 sapiunt,
2694 4081 3041 4136 anathemati
3093 4081 3392 4139 submitto.

2202 4170 2397 4226 Niceta
2416 4170 2816 4226 sanctissimus
2832 4169 3136 4240 episcopus
3152 4170 3326 4228 Claud
3338 4171 3776 4242 iopoleosdixit
3790 4194 3808 4230 :

2129 4260 2448 4316 Secundum
2473 4260 2646 4316 lectas
2663 4260 2964 4332 synodicas
2985 4260 3259 4332 epistolas
3285 4261 3605 4318 beatissimi
3632 4279 3814 4335 papa

2130 4349 2377 4406 senioris
2402 4351 2591 4405 Roma
2619 4349 2857 4406 Adriani
2904 4350 3163 4420 suscipio
3195 4351 3546 4408 venerabiles
3592 4353 3816 4412 iconas

361 4445 549 4499 Roma
586 4441 848 4511 Adriani,
897 4444 952 4495 et
993 4437 1305 4494 secundum
1359 4435 1521 4490 ﬁdem
1580 4436 1931 4492 sanctissimi
1964 4441 2020 4492 et
2048 4452 2100 4512 D
2129 4440 2440 4496 secundum
2472 4439 2766 4509 antiquam
2798 4439 3305 4512 consuetudinem;
3333 4444 3390 4496 et
3413 4441 3513 4512 qui
3541 4441 3627 4498 sic
3680 4457 3809 4500 non

361 4533 708 4589 universalis
745 4527 1082 4601 patriarcha
1129 4525 1371 4591 Tarasii,
1416 4525 1767 4581 venerabiles
1821 4526 2016 4582 iconas

359 4623 635 4693 suscipio,
667 4626 724 4677 et
742 4621 936 4681 adoro,
959 4616 1265 4687 etdocebo,
1297 4619 1562 4685 tanquam
1595 4617 1927 4672 redditurus
1951 4616 2012 4671 in

357 4713 453 4768 die
476 4711 688 4782 judicii
723 4711 998 4764 rationem
1025 4705 1210 4776 judici
1262 4710 1318 4760 et
1344 4707 1457 4761 Deo
1505 4711 1719 4762 nostro.

428 4802 584 4857 Elias
615 4799 1016 4856 sanctissimus
1061 4797 1364 4866 episcopus
1390 4795 1566 4851 Creta
1588 4797 1772 4867 dixit;
1804 4797 2011 4853 Secun-

356 4892 491 4947 dum
532 4888 894 4946 honorabiles
917 4887 1138 4941 litteras
1169 4885 1522 4941 sanctissimi
1555 4899 1711 4956 papa
1759 4886 2010 4942 senioris

355 4982 543 5038 Roma
588 4979 849 5050 Adriani,
884 4978 968 5033 sic
997 4976 1269 5032 conﬁteor
1310 4981 1366 5030 et
1409 4980 1571 5031 teneo
1620 4976 1898 5045 pretiosas
1953 4980 2010 5030 et

355 5084 544 5126 sacras
592 5071 804 5139 iconas,
853 5080 1139 5138 nunquam
1197 5066 1507 5136 aliquando
1547 5065 2004 5132 commutandus,

354 5173 456 5215 nec
488 5159 652 5215 modo
681 5173 776 5214 eas
801 5162 1018 5212 tantum
1073 5157 1336 5212 adorans.
1371 5157 1480 5210 Eos
1525 5159 1715 5210 autem
1760 5154 1860 5224 qui
1896 5169 2005 5212 non

354 5252 431 5306 ita
463 5249 827 5320 conﬁtentur,
859 5246 1292 5302 anathematizo.

421 5339 756 5396 Stauracius
810 5336 1212 5392 sanctissimus
1273 5335 1579 5404 episcopus
1629 5331 2006 5389 Chalcedonis

349 5432 532 5490 dixit:
556 5429 877 5487 Secundum
895 5427 1194 5498 epistolam
1209 5424 1450 5480 Adriani
1473 5422 1826 5478 sanctissimi
1848 5438 2004 5496 papa

350 5521 599 5579 senioris
627 5521 833 5589 Roma,
890 5532 1015 5590 qua
1043 5518 1112 5573 ad
1159 5514 1588 5572 sanctissimum
1619 5515 2001 5585 patriarcham

352 5617 607 5667 nostrum
656 5610 951 5666 Tarasium
1013 5608 1187 5663 missa
1223 5611 1328 5677 est,
1375 5605 1460 5661 sic
1503 5610 1559 5661 et
1604 5619 1707 5677 ego
1757 5611 1997 5681 recepto,

2131 4529 2382 4600 sapiunt,
2421 4528 2766 4584 anathemati
2804 4528 3101 4586 submitto.

2193 4617 2522 4674 Theodorus
2547 4617 2949 4674 sanctissimus
2977 4619 3282 4688 episeopus
3306 4620 3660 4690 Myrensium
3702 4625 3819 4695 Ly-

2118 4707 2221 4763 cia
2250 4707 2435 4763 dixit:
2469 4707 2789 4763 Secundum
2819 4707 3121 4776 synodicas
3160 4707 3434 4777 epistolas
3465 4723 3591 4780 qua
3625 4709 3817 4768 lecta

2119 4802 2254 4853 sunt
2284 4796 2602 4854 beatissimi
2638 4810 2793 4867 papa
2823 4796 3010 4852 Roma
3036 4795 3298 4869 Adriani,
3333 4797 3499 4854 credo
3528 4804 3585 4854 et
3617 4800 3821 4868 proﬁ—

2119 4892 2257 4956 teor,
2285 4893 2456 4958 atque
2476 4887 2650 4943 adoro
2672 4892 2727 4942 et
2751 4885 3061 4956 amplector
3089 4891 3316 4942 sanctas
3343 4891 3399 4942 et
3424 4888 3820 4947 venerabiles

2121 4978 2346 5047 iconas;
2381 4981 2437 5031 et
2468 4977 2565 5048 qui
2597 4977 2674 5032 ita
2700 4989 2813 5032 non
2845 4976 3097 5047 sapiunt,
3127 4977 3544 5034 anathematizo
3585 4983 3653 5034 et
3685 4979 3822 5036 de-

2118 5065 2290 5122 cliuo.

2187 5153 2640 5226 Theophylactus
2664 5153 2942 5210 diaconus
2957 5159 3012 5210 et
3031 5155 3332 5226 exarchus,
3359 5155 3546 5212 locum
3577 5161 3821 5216 tenens

2044 5252 2046 5254 '
2118 5245 2492 5315 metropoleos
2519 5231 2716 5315 Caria,
2745 5244 2928 5300 dixit:
2979 5245 3296 5301 Secundum
3332 5245 3505 5302 lectas
3531 5250 3823 5318 synodi-

2115 5349 2211 5391 cas
2235 5334 2507 5405 epistolas
2528 5333 2845 5390 beatissimi
2871 5349 3026 5404 papa
3047 5335 3294 5392 senioris
3321 5336 3507 5392 Roma
3526 5336 3817 5394 Adriani

2118 5424 2420 5496 proﬁteor;
2453 5430 2510 5480 et
2537 5425 2636 5496 qui
2665 5423 2747 5481 ita
2782 5438 2894 5482 non
2924 5425 3180 5497 sapiunt,
3230 5426 3581 5483 anathemati
3637 5428 3823 5485 sub—

2117 5515 2300 5572 mitto.

2179 5605 2418 5663 Michael
2499 5606 2901 5664 sanctissimus
2970 5606 3275 5677 episcopus
3347 5607 3814 5678 Synadensium
