4012 6162
216 272 304 334 ευ
995 284 1540 342 ΙΝἸἘΒΡΒΕΤΑΤῙΟ
1575 281 1798 341 SYNOD

2045 281 2396 342 ENERALIS.
2429 316 2502 327 —
2538 287 2737 343 ACTIO
2774 285 2840 342 II.
3518 275 3629 338 242

218 403 386 460 dixit:
438 403 771 462 Secundum
814 408 1115 479 synodicas
1157 410 1432 482 epistolas
1457 425 1487 468 a
1529 409 1862 468 beatissimo
1893 395 1954 459 Α
1976 428 2144 486 quam
2185 415 2550 473 traditionem
2593 413 2889 471 catholicae
2911 409 3197 468 Ecclesiae.
3229 409 3338 467 Eos
3367 424 3498 468 vero
3522 412 3624 484 qui

219 508 347 566 papa
393 494 652 553 Adriano
693 499 944 556 senioris
977 501 1163 557 Romae
1201 501 1448 559 directas
1486 501 1778 573 conﬁteor,
1810 506 1866 556 et
1976 509 2055 565 ita
2092 523 2201 565 non
2234 510 2486 578 sapiunt,
2526 505 2958 564 anathematizo.

217 584 444 642 admitto
470 587 640 657 juxta
673 590 919 660 priscam
953 591 1320 648 traditionem
1363 607 1552 648 sacras
1600 598 1654 648 et
1692 605 1868 647 vene-
2047 600 2338 656 Marianus
2385 598 2786 654 sanctissimus
2822 596 3125 666 episcopus
3165 593 3628 661 Pompeiopoleos

218 675 418 732 rabiles
465 677 705 734 iconas:
741 683 798 735 et
827 681 924 751 qui
970 681 1049 738 ita
1099 695 1209 738 non
1255 683 1594 755 sascipiunt,
1641 683 1870 739 anathe-
1976 690 2162 746 dixit:
2216 691 2535 747 Secundum
2583 690 2755 745 lectas
2785 687 3087 757 synodicas
3111 685 3384 753 epistolas
3409 684 3629 739 beatis-

221 767 344 823 mati
379 767 678 825 submitto.
1977 781 2107 836 simi
2142 795 2294 850 papa:
2320 781 2567 836 senioris
2587 781 2772 835 Romae
2793 777 3028 832 Adriani
3053 775 3346 843 conﬁteor,
3371 773 3626 843 suscipio

274 858 617 914 Eustathius
634 860 1040 917 sanctissimus
1055 863 1360 934 episcopus
1378 863 1664 919 Laodicea:
1679 862 1861 919 dixit:
1975 876 2032 927 et
2056 872 2229 927 adoro
2263 885 2453 927 sacras
2481 877 2537 927 et
2565 869 2916 925 venerabiles
2951 869 3146 922 iconas
3176 865 3488 922 secundum
3517 877 3629 919 an-

209 945 522 1004 Secundum
568 951 836 1008 recitatas
887 953 1188 1023 synodicas
1231 953 1503 1023 epistolas
1545 952 1862 1009 beatissimi
1975 960 2194 1031 tiquam
2228 962 2594 1017 traditionem
2642 959 2920 1015 Ecclesia.
2960 959 3069 1014 Eos
3106 971 3237 1012 vero
3267 955 3366 1026 qui
3403 955 3482 1010 ita
3513 967 3624 1010 non

212 1052 359 1110 papae
403 1041 655 1097 senioris
695 1042 884 1098 Romae
927 1041 1169 1100 Adriani
1223 1044 1514 1114 conﬁteor,
1563 1049 1617 1100 et
1647 1043 1864 1113 recipio
1975 1052 2232 1124 sapiunt,
2263 1051 2695 1107 anathematizo.

210 1130 488 1200 pretiosas
502 1136 558 1187 et
579 1146 772 1188 sacras
794 1132 990 1189 iconas
1005 1134 1169 1202 juxta
1191 1135 1434 1204 priscam
1458 1133 1823 1190 traditionem
1846 1152 1859 1188 :
2043 1143 2285 1197 Joannes
2303 1135 3422 1208 eanctissimusepiscopus'l‘auromeniae
3441 1135 3621 1190 dixit:

208 1225 258 1274 et
287 1221 385 1290 qui
426 1221 505 1278 ita
536 1236 649 1279 non
680 1223 933 1293 sapiunt,
967 1223 1312 1280 anathemati
1348 1223 1645 1279 submitto.
1971 1231 2108 1286 Cum
2130 1233 2304 1287 veluti
2338 1233 2574 1287 divinus
2597 1228 2948 1286 orthodoxizr.
2971 1226 3253 1282 terminus
3278 1225 3398 1279 sint
3419 1225 3626 1280 littera:

271 1309 685 1368 Constantinus
724 1313 1029 1382 episcopus
1074 1315 1263 1385 Perga:
1304 1313 1491 1370 dixit:
1540 1313 1860 1370 Secundum
1973 1334 2099 1389 qua:
2130 1321 2200 1375 ab
2228 1320 2480 1376 Adriano
2519 1333 2659 1389 papa
2686 1318 2936 1373 senioris
2965 1317 3154 1372 Romae
3182 1317 3249 1371 ad
3287 1315 3410 1380 pios
3438 1315 3628 1382 impe-

209 1399 377 1456 lectas
427 1402 734 1472 synodicas
777 1403 1050 1474 epistolas
1080 1403 1398 1459 beatissimi
1433 1417 1589 1474 papa:
1615 1403 1862 1459 senioris
1974 1415 2210 1471 ratores,
2244 1423 2460 1465 necnon
2493 1414 2547 1463 et
2572 1409 2637 1464 ad
2656 1407 2951 1462 Tarasium
2980 1405 3357 1461 universalem
3387 1404 3627 1470 patriar-

207 1489 388 1546 Romte
446 1491 686 1546 Adriani
747 1493 1042 1563 conﬁteor,
1095 1499 1149 1549 et
1203 1494 1420 1563 recipio
1470 1493 1750 1563 pretiosas
1806 1498 1862 1549 et
1970 1500 2133 1555 cham
2162 1504 2440 1569 nostrum,
2475 1499 2663 1554 missa:
2685 1502 2840 1562 sunt,
2874 1497 2954 1551 ita
2979 1495 3263 1563 proﬁteor,
3297 1493 3624 1562 suscipiens

205 1592 396 1636 sacras
441 1581 724 1653 imagines
751 1583 1068 1638 secundum
1111 1583 1411 1653 antiquam
1452 1581 1854 1638 traditionem:
1971 1604 2162 1646 sacras
2184 1591 2380 1645 iconas
2396 1588 2707 1644 secundum
2727 1586 3021 1656 antiquam
3046 1583 3413 1640 traditionem
3440 1581 3626 1637 Eccle-

209 1673 261 1724 εἴ
286 1670 387 1739 (illi
421 1670 501 1726 ita
521 1684 630 1726 ηοη
657 1671 910 1742 sapiunt,
937 1672 1283 1728 anathemati
1308 1671 1604 1727 Sllbmilto-
1889 1733 1939 1746 “
1972 1680 2072 1736 size
2096 1679 2410 1735 catholicae.
2453 1679 2562 1734 Eos
2590 1690 2722 1732 vero
2751 1676 2852 1746 qui
2886 1675 2966 1730 ita
2993 1688 3104 1730 non
3133 1673 3369 1743 sapiunt
3396 1670 3626 1727 anathe-

265 1758 612 1816 Anastasius
651 1761 1057 1817 sanctissimus
1079 1761 1385 1831 episcOpus
1407 1760 1746 1831 Nicopoleos
1775 1773 1862 1816 ve-
1889 1733 1942 1794 B
1973 1769 2254 1824 matizato.
2770 1733 2784 1746 Ι
3412 1775 3417 1782 ‘

202 1849 338 1906 teris
391 1850 555 1919 Epiri
595 1850 778 1906 dixit:
831 1851 1156 1906 Secundum
1204 1849 1514 1906 recensitas
1557 1849 1861 1920 synodicas
2040 1859 2291 1929 Cyrillus
2328 1873 2394 1914 ex
2427 1870 2668 1928 persona
2707 1853 3060 1911 sanctissimi
3101 1851 3356 1924 episcopi
3399 1848 3622 1906 Gothiae

198 1939 475 2009 epistolas
520 1939 840 1997 beatissimi
891 1954 1047 2011 papae
1100 1939 1348 1996 senioris
1386 1941 1573 1996 Romae
1619 1939 1853 1996 Adriani
1973 1948 2356 2018 promulgavit
2383 1948 2674 2004 similiter.

197 2029 492 2098 conﬁteor,
563 2037 621 2086 et
665 2031 941 2101 suscipio,
995 2034 1052 2086 et
1091 2031 1266 2087 adoro
1319 2044 1509 2086 sacras
1537 2035 1593 2085 et
1633 2035 1860 2086 sanctas
2040 2038 2372 2095 Theodorus
2420 2037 2597 2093 sancti
2637 2037 2822 2091 simus
2871 2033 3178 2102 episcopus
3227 2031 3410 2086 Mitt-te
3461 2025 3617 2105 [Gr.,

197 2119 389 2175 iconas
415 2120 585 2189 juxta
619 2121 862 2189 priscam
899 2119 1288 2177 traditionem.
1323 2121 1432 2177 Eos
1473 2133 1606 2177 vero
1645 2119 1743 2191 qui
1779 2118 1860 2176 ita
1969 2128 2149 2199 Bizym
2179 2146 2246 2183 ea:
2266 2145 2347 2183 ms
2367 2125 2508 2192 101.]
2551 2125 2932 2196 promulgavit
2972 2122 3264 2186 similiter,

196 2221 303 2264 ηοη
337 2209 598 2279 sapiunt,
631 2209 1066 2266 δτιᾶῑῖιθωέὶῐίῑο·
2040 2219 2352 2290 Gregorius
2418 2216 2728 2288 presbyter,
2778 2220 2833 2270 et
2877 2214 3066 2268 locum
3116 2216 3318 2267 tenens
3363 2208 3617 2280 episcopi

259 2298 720 2369 Christophorus
791 2300 1195 2356 sanctissimus
1239 2301 1544 2371 episcopus
1593 2300 1858 2357 Phasidis
1969 2309 2239 2380 Smyrnae,
2268 2306 2652 2379 promulgavit
2680 2304 2976 2361 similiter.

194 2387 384 2443 dixit:
437 2389 758 2445 Secundum
795 2390 968 2446 lectas
998 2390 1299 2461 synodicas
1329 2391 1606 2460 epistolas
1637 2389 1861 2447 beatis-
2040 2400 2393 2456 Gaudiosius
2423 2398 2729 2466 epiSCOpus
2772 2393 3032 2449 Messina:
3071 2389 3364 2447 similiter.

193 2477 324 2533 simi
381 2492 544 2548 papae
588 2479 825 2536 Adriani
859 2480 1152 2551 conﬁteor,
1192 2485 1248 2536 et
1277 2480 1536 2550 suscipio
1577 2494 1642 2535 ac
1684 2481 1861 2537 adoro
2040 2489 2387 2545 Eustachius
2434 2481 2832 2560 [Eustratius]
2874 2482 3278 2539 sanctissimus
3315 2478 3622 2549 episcopus

189 2569 553 2626 venerabiles
585 2570 781 2627 iconas
799 2571 1114 2627 secundum
1153 2571 1449 2642 antiquam
1482 2570 1865 2627 consuetudi-
1969 2577 2220 2649 Apamia;
2269 2576 2557 2633 similiter.

192 2672 337 2714 nem.
377 2661 494 2716 Eos
535 2674 670 2717 vero
712 2661 812 2732 qui
847 2661 924 2717 ita
974 2675 1084 2718 non
1131 2662 1384 2732 sapiunt,
1421 2661 1859 2718 anathematizo-
2039 2669 2280 2723 Joannes
2347 2666 2645 2734 diaconus,
2695 2668 2751 2719 et
2796 2663 2984 2720 locum
3032 2666 3232 2719 tenens
3295 2659 3622 2731 apostolica:

253 2750 603 2807 Theodorus
619 2751 1020 2807 sanctissimus
1045 2751 1349 2822 episcopus
1369 2751 1641 2807 Seleuciae
1670 2750 1854 2810 dixit:
1970 2757 2124 2812 sedis
2141 2767 2183 2825 ι,
2221 2755 2512 2812 similiter.

190 2840 523 2896 Secundum
561 2841 732 2897 lectas
761 2842 1062 2912 synodicas
1093 2842 1314 2898 litteras
1345 2841 1663 2897 beatissimi
1703 2853 1860 2911 papae
2039 2847 2239 2902 Petrus
2277 2845 2580 2916 episcOpus
2618 2843 2978 2900 Germiorum
3005 2841 3298 2898 similiter.

191 2931 452 2987 senioris
481 2932 673 2988 Romae
700 2931 937 2988 Adriani
971 2931 1262 2995 conﬁteor.
1294 2937 1350 2988 et
1380 2931 1637 3001 suscipio
1667 2943 1859 2986 sacras
2037 2937 2368 2992 Theodorus
2411 2935 2815 2992 sanctissimus
2871 2933 3176 3003 episcopus
3219 2932 3484 2988 Panormi
3531 2934 3625 2991 si-

181 3027 233 3076 et
259 3020 626 3077 venerabiles
659 3021 853 3077 iconas
892 3021 1204 3077 secundum
1237 3021 1532 3093 antiquam
1581 3020 1860 3078 traditio—
1968 3025 2202 3082 militer.

180 3124 327 3166 nem.
356 3113 473 3167 Eos
499 3125 634 3167 vero
657 3111 754 3183 qui
793 3112 870 3168 ita
898 3125 1009 3168 non
1053 3112 1306 3181 sapiunt,
1338 3112 1774 3169 anathematizo.
1877 3096 1926 3160 Ο
2032 3116 2275 3171 Joannes
2299 3113 2704 3171 sanctissimus
2729 3114 3033 3184 episcopus
3056 3105 3501 3183 Arcadiopoleos
3530 3114 3624 3170 si-

245 3200 572 3266 Gregorius
603 3200 895 3271 presbyter
922 3201 1494 3272 Constantinopoleos
1521 3208 1850 3261 sanctorum
1963 3204 2199 3261 militer.

180 3289 604 3360 apostolorum,
639 3294 693 3345 et
721 3290 904 3345 locum
944 3294 1142 3346 tenens
1174 3291 1550 3360 metropoleos
1594 3293 1848 3366 Mocissi,
2033 3292 2355 3362 Stephanus
2375 3290 2782 3348 sanctissimus
2799 3287 3103 3358 episcopus
3122 3287 3530 3348 Bibonensium
3547 3289 3622 3347 si-

175 3378 368 3434 dixit:
405 3379 729 3435 Secundum
766 3379 938 3435 lectas
986 3379 1288 3450 synodicas
1331 3380 1604 3450 epistolas
1634 3381 1856 3440 beatis-
1964 3380 2198 3436 militer.

176 3467 312 3522 simi
346 3482 508 3538 papae
537 3468 786 3523 senioris
815 3469 1004 3524 Romae
1044 3467 1285 3524 Adriani
1328 3469 1621 3537 conﬁteor,
1656 3475 1713 3526 et
1743 3487 1855 3528 su—
2197 3509 2240 3521 ..
2277 3465 2530 3522 vicarius
2565 3464 2969 3534 Leontopoleos
2998 3464 3291 3520 similiter.

177 3557 388 3628 scipio,
425 3565 482 3613 et
527 3557 702 3613 adoro
728 3571 920 3614 sacras
949 3562 1004 3613 et
1033 3557 1385 3614 venerabiles
1413 3559 1607 3616 iconas
1634 3574 1851 3618 secun-
2029 3556 2326 3614 Sisinnius
2366 3554 2770 3611 sanctissimus
2799 3553 3104 3624 episcopus
3133 3553 3286 3608 Parii
3318 3552 3611 3608 similiter.

173 3645 315 3702 dum
356 3646 659 3717 antiquam
691 3647 1079 3704 traditionem.
1114 3647 1222 3704 Eos
1264 3652 1454 3704 autem
1483 3649 1582 3720 qui
1613 3649 1694 3707 ita
1734 3663 1847 3708 non
2027 3645 2440 3702 Constantinus
2457 3643 2863 3699 sanctissimus
2892 3643 3198 3713 episcopus
3227 3641 3517 3698 Leontina:
3541 3641 3618 3696 si-

177 3735 442 3805 sapiunt,
471 3735 914 3792 anathematizo.
1960 3735 2196 3792 militer.

247 3825 508 3881 Baslius
567 3825 974 3881 sanctissimus
1012 3826 1317 3896 episcopus
1352 3826 1613 3900 Syllegaz'
1647 3823 1844 3904 [Silai]
2026 3821 2386 3893 Epiphanius
2415 3822 2818 3879 sanctissimus
2848 3822 3152 3893 episcopus
3185 3819 3366 3878 Mileti
3402 3815 3618 3894 [Mito-

177 3914 330 3970 dixit
359 3934 371 3969 :
406 3914 732 3970 Secundum
767 3914 942 3970 lectas
981 3915 1284 3984 synodicas
1322 3916 1598 3986 epistolas
1627 3917 1848 3974 beatis—
1956 3910 2122 3988 rum]
2150 3911 2440 3968 similiter.

178 4005 310 4060 Slmi
340 4017 504 4074 papae
537 4003 786 4059 senioris
811 4004 1000 4060 Roma:
1020 4003 1258 4060 Adriani
1290 4005 1566 4062 conﬁteor
1589 4013 1644 4063 et
1669 4007 1849 4064 susci-
2025 4002 2356 4058 Theodorus
2397 4001 2800 4058 sanctissimus
2842 4003 3146 4073 episcopus
3177 4000 3484 4076 Tauriana:
3522 3999 3616 4058 si-

180 4095 275 4165 pio
313 4108 379 4150 ac
417 4094 596 4149 adoro
630 4093 984 4149 venerabiles
1009 4098 1066 4149 et
1095 4107 1288 4151 sacras
1319 4095 1598 4168 imagines
1633 4110 1846 4154 secun-
1955 4092 2190 4148 militer.

179 4184 314 4240 dum
348 4182 653 4254 antiquam
700 4182 1068 4239 traditionem
1110 4183 1393 4240 Ecclesiae.
1431 4186 1538 4241 Eos
1577 4199 1709 4242 vero
1741 4186 1840 4258 qui
2023 4180 2219 4237 Niceta
2262 4181 2665 4238 sanctissimus
2703 4180 3007 4252 episcOpus
3039 4179 3404 4237 Grieconnesi
3436 4179 3612 4237 simi-

180 4273 257 4328 ita
288 4287 400 4328 non
431 4271 689 4341 sapiunt,
721 4272 1156 4331 anathematizo.
1951 4269 2104 4327 liter.

245 4360 584 4417 Theodorus
629 4360 1035 4418 sanctissimus
1064 4362 1368 4431 episcOpus
1397 4362 1620 4418 Catana:
1649 4363 1832 4422 dixit:
1867 4431 1896 4432 ί
2018 4360 2468 4432 ChristOphorus
2506 4359 2908 4417 sanctissimus
2935 4359 3244 4432 episcopus
3272 4363 3484 4418 sanctae
3510 4357 3606 4429 Cy-

177 4449 338 4506 Omni
377 4449 724 4506 orthodoxia
759 4449 978 4520 plenam
1007 4450 1361 4521 relationem,
1398 4465 1523 4522 qua:
1555 4451 1726 4509 missa
1753 4462 1834 4510 est
1863 4431 1919 4494 D
1948 4449 2114 4506 riacae
2135 4431 2425 4507 similiter.

177 4551 206 4594 a
227 4538 600 4595 sanctissimo
623 4552 763 4608 papa
788 4539 1036 4595 senioris
1055 4539 1243 4595 Romae
1268 4538 1518 4597 Adriano
1544 4542 1610 4597 ad
1637 4542 1762 4612 pios
1782 4547 1836 4599 et
2017 4540 2362 4598 Eustachius
2409 4535 2804 4615 [Eustratius]
2847 4538 3250 4596 sanctissimus
3299 4537 3606 4610 episcopus

176 4628 389 4684 amicos
405 4626 628 4683 Christi
655 4627 1026 4697 imperatores
1055 4634 1298 4696 nostros,
1329 4630 1423 4685 sed
1455 4635 1510 4685 et
1538 4631 1835 4688 Tarasium
1945 4629 2280 4699 Methymna:
2309 4630 2600 4686 similiter.

177 4715 385 4772 almum
427 4722 486 4772 et
527 4716 908 4773 universalem
943 4716 1344 4786 patriarcham,
1396 4732 1494 4788 per
1534 4719 1832 4776 lectionem
2012 4717 2345 4774 Theotimus
2375 4718 2778 4776 sanctissimus
2816 4718 3122 4789 episcopus
3163 4717 3604 4775 Crotouensium

176 4806 394 4876 agnovi.
431 4805 593 4861 Unde
619 4811 675 4862 et
703 4820 805 4877 ego
827 4805 920 4862 his
947 4807 1252 4878 assentior,
1285 4812 1342 4863 et
1372 4822 1607 4878 prorsus
1635 4810 1829 4878 adoro,
1943 4807 2236 4864 similiter.

177 4895 485 4964 amplector
510 4901 566 4952 et
594 4895 836 4951 admitto
860 4908 1052 4952 sacras
1080 4895 1293 4952 iconas.
1329 4898 1437 4953 Eos
1468 4911 1600 4953 vero
1622 4898 1720 4968 qui
1754 4899 1833 4958 ita
2011 4895 2364 4966 Theophilus
2384 4896 2786 4953 sanctissimus
2813 4897 3120 4967 episcopus
3142 4896 3273 4952 Chii
3305 4896 3598 4954 similiter.

180 4995 284 5038 non
324 4984 587 5054 sapiunt,
633 4983 1129 5041 anathematismis
1169 4986 1519 5056 transmitto,
1558 4992 1829 5059 tanquam
2013 4987 2120 5041 Leo
2149 4985 2552 5041 sanctissimus
2594 4987 2896 5056 episcopus
2923 4986 3011 5041 Cii
3053 4985 3348 5042 similiter.

182 5071 400 5130 alienos
425 5073 500 5129 ab
530 5072 783 5128 Ecclesia
809 5073 1114 5130 catholica.
1997 5074 3293 5146 BasiliussanctissimusepiscopusNesiorum
3307 5076 3596 5135 similiter.

243 5162 468 5219 Manuel
547 5162 950 5219 sanctissimus
1012 5163 1319 5234 episcopus
1379 5163 1832 5236 Adrianopoleos
2009 5167 2251 5223 Joannes
2276 5165 2676 5222 sanctissimus
2704 5165 3008 5236 episcopus
3032 5165 3172 5237 Apri
3207 5165 3497 5222 similiter.

180 5249 424 5309 Thraciae
449 5251 632 5309 dixit:
664 5252 987 5308 Secundum
1018 5251 1192 5309 lectas
1222 5253 1526 5324 synodicas
1556 5255 1830 5326 epistolas
2009 5254 2266 5326 lgnatius
2305 5254 2705 5311 sanctissimus
2749 5254 3052 5326 episcOpus
3090 5255 3275 5310 Prina
3305 5254 3594 5310 similiter.

183 5337 491 5398 beatissimi
517 5355 674 5412 papae
705 5341 955 5398 senioris
979 5341 1170 5398 Romae
1195 5340 1434 5400 Adriani
1456 5344 1748 5416 conﬁteor,
1775 5352 1832 5404 et
2009 5343 2464 5414 Theophylactus
2507 5342 2910 5401 sanctissimus
2955 5344 3261 5413 episcopus
3302 5342 3602 5414 Cypsello—

185 5430 385 5501 recipio
415 5435 645 5488 sanctas
683 5430 1034 5490 venerabiles
1078 5431 1275 5489 iconas
1311 5433 1626 5492 secundum
1669 5435 1834 5492 anti-
1940 5445 2068 5488 rum
2093 5431 2386 5504 similiter,

247 5611 444 5666 'Sedis
497 5612 658 5667 deest
684 5611 744 5667 in
791 5624 892 5667 ms.
944 5612 1088 5682 Jolyi
1145 5612 1620 5684 quemadmodum
1673 5617 1730 5670 et
1770 5614 1830 5670 in
1863 5616 2080 5671 Graeco.
