4012 6162
237 270 343 331 245

1031 272 1584 332 INTERPRETATIO
1619 266 1868 329 SYNODI
1903 263 1999 322 VII
2036 262 2520 322 GENERALIS.—
2554 260 2757 319 ACTIO
2789 263 2855 317 Il.

3544 260 3652 322 2&6

298 403 633 463 Theodorus
686 403 1092 462 sanctissimus
1141 404 1446 477 episcopus
1484 403 1664 476 Abydi
1712 400 1886 457 simi-
1905 389 1963 451 A
1994 392 2264 450 viderunt
2285 396 2343 450 et
2370 392 2627 449 ministri
2659 390 2894 449 fuerunt
2923 391 3206 448 sermonis
3232 388 3373 462 (Act.
3407 390 3465 467 ι),
3497 396 3555 449 et
3584 392 3647 452 hi

235 493 378 552 liter.

1996 484 2096 554 qui
2119 483 2188 539 ab
2214 484 2299 540 eis
2318 483 2504 539 edocti
2533 486 2688 553 sunt,
2709 481 2891 538 sancti
2915 481 3185 537 videlicet
3204 486 3260 537 et
3278 480 3426 536 beati
3461 488 3650 552 patres

296 583 639 642 Anastasius
672 584 1079 643 sanctissimus
1129 584 1436 657 episcopus
1476 584 1769 655 Tripoleos
1795 580 1887 639 si-
1995 573 2177 629 nostri
2203 592 2218 644 ;
2250 574 2328 629 ita
2357 573 2681 629 certissime
2719 571 3077 641 comperiens
3100 570 3394 627 continere
3426 570 3648 629 litteras

232 673 377 731 liter.

1997 678 2122 734 quae
2180 677 2332 720 nunc
2380 663 2450 719 ab
2480 662 2733 719 Adriano
2779 661 3148 717 sanctissimo
3205 674 3347 730 papa
3397 660 3647 718 senioris

298 747 403 804 Leo
436 746 848 805 sanctissimus
890 746 1196 819 episcopus
1246 745 1679 804 Traculensium
1707 744 1887 801 simi-
1994 752 2183 809 Romae
2225 757 2338 808 tam
2382 753 2450 809 ad
2486 752 2614 823 pios
2658 756 2713 807 et
2756 751 2972 807 amicos
3011 749 3227 806 Christi
3275 750 3648 820 imperatores

229 835 375 893 liter.

289 926 620 997 Stephanus
658 926 1066 985 sanctissimus
1106 926 1413 998 episcopus
1439 924 1762 983 Salensium
1789 923 1882 980 si-

225 1016 460 1072 militer.

287 1106 534 1162 Joannes
575 1105 977 1163 Tahalensium
1022 1105 1427 1163 sanctissimus
1453 1104 1756 1177 episcopus
1787 1103 1881 1158 si—

226 1193 456 1250 militer.

292 1284 614 1354 Stephanus
658 1284 1064 1341 sanctissimus
1101 1285 1407 1355 episcopus
1448 1282 1668 1340 Silandi
1702 1281 1880 1338 simi-

224 1371 367 1429 liter.

288 1462 560 1520 Nicolaus
623 1463 1027 1520 sanctissimus
1085 1464 1392 1534 episcopus
1444 1461 1875 1519 Pericommatis

221 1552 509 1609 similiter.
1680 1564 1687 1572 ·

282 1643 526 1699 Joannes
555 1642 963 1699 sanctissimus
985 1643 1289 1715 episcopus
1331 1642 1650 1699 Setensium
1692 1640 1873 1697 simi-

220 1732 363 1789 liter.

280 1821 535 1878 Basilius
565 1821 974 1879 sanctissimus
994 1822 1299 1893 episcopus
1323 1821 1686 1893 Liprensium
1714 1818 1871 1877 simi-

214 1911 358 1968 liter.

276 2002 652 2072 Theophanes
698 2002 1102 2058 sanctissimus
1149 2003 1454 2074 episc0pus
1492 2001 1743 2058 Maeoniae
1785 2000 1866 2059 si-

214 2090 449 2147 militer.

274 2180 520 2238 Michael
548 2180 953 2238 sanctissimus
981 2181 1284 2252 episcopus
1313 2180 1671 2238 Stratonieiai
1706 2180 1867 2237 simi-

206 2274 359 2330 liter.

273 2364 548 2432 Lycastus
617 2360 1031 2416 sanctissimus
1082 2360 1386 2430 episcopus
1448 2358 1862 2430 Philadelphia

203 2452 500 2508 similiter.

266 2538 516 2596 Michael
562 2538 968 2595 sanctissimus
990 2538 1294 2609 episcopus
1330 2536 1532 2593 Trallae
1560 2536 1855 2594 similiter.

265 2628 588 2701 Gregorius
644 2627 1047 2686 sanctissimus
1120 2626 1426 2698 episcopus
1474 2626 1856 2684 Gordensium

200 2718 494 2776 similiter.

262 2810 516 2865 Joannes
545 2805 953 2864 sanctissimus
993 2805 1298 2877 episcopus
1334 2804 1523 2861 Daldaa
1558 2804 1851 2861 similiter.

263 2896 616 2954 Eustathius
657 2895 1060 2952 sanctissimus
1084 2895 1390 2965 episcOpus
1423 2894 1657 2951 Orcanae
1680 2893 1859 2950 simi-

198 2985 345 3042 liter.

1993 848 2239 904 nostros.
2263 856 2433 913 quam
2464 842 2533 898 ad
2560 841 2858 897 Tarasium
2881 840 3311 896 sanctissimum
3342 844 3396 894 et
3422 838 3647 895 univer-

1990 932 2163 987 salem
2196 931 2578 998 patriarcham
2612 930 2800 987 missae
2827 934 2982 999 sunt,
3017 928 3097 985 ita
3126 930 3314 994 credo,
3352 928 3430 984 ita
3459 926 3647 984 conti-

1988 1025 2128 1093 teor,
2161 1027 2215 1076 et
2243 1022 2322 1077 ita
2353 1027 2514 1077 teneo
2535 1026 2591 1076 et
2612 1019 2811 1076 tenebo
2833 1033 3015 1089 usque
3043 1020 3112 1075 ad
3147 1018 3417 1075 ultimum
3450 1017 3645 1087 spira-

1988 1115 2240 1166 mentum
2287 1125 2493 1181 meum,
2542 1110 2735 1166 colens
2782 1114 2953 1180 atque
2981 1110 3229 1165 adorans
3271 1106 3551 1177 pretiosas
3586 1108 3643 1161 et

1989 1213 2179 1256 sacras
2200 1200 2413 1256 iconas.
2446 1202 2552 1256 Eos
2573 1213 2704 1255 vero
2731 1199 2831 1269 qui
2865 1198 2945 1255 ita
2968 1213 3082 1255 non
3103 1198 3365 1254 sentiunt
3384 1196 3470 1252 vel
3496 1208 3644 1252 con-

1990 1289 2243 1361 ﬁtentur,
2274 1290 2709 1346 anathematizo.

2056 1379 2466 1435 Constantinus
2483 1378 2886 1435 sanctissimus
2906 1377 3211 1447 episcopus
3225 1373 3639 1431 Sasimensium

1983 1468 2166 1524 dixit:
2214 1468 2535 1524 Secundum
2576 1468 2751 1523 lectas
2781 1467 3084 1537 synodicas
3113 1464 3387 1536 epistolas
3418 1463 3640 1520 beatis-

1982 1558 2115 1614 simi
2168 1572 2324 1628 papae
2385 1557 2633 1615 senioris
2702 1558 2891 1614 Romae
2936 1555 3179 1613 Adriani
3242 1554 3538 1625 conﬁteor,
3582 1558 3639 1610 et

1980 1649 2175 1709 adoro.
2224 1652 2396 1719 atque
2424 1648 2683 1718 suscipio
2713 1660 2905 1704 sacras
2948 1651 3005 1702 et
3046 1645 3314 1702 colendas
3357 1643 3638 1716 imagines

1884 1709 1935 1769 Β
1980 1709 2612 1808 secundum-antiquam
2650 1737 3019 1793 traditionem
3052 1735 3335 1791 Ecclesiae.
3366 1709 3636 1791 Eos'vero

1980 1828 2081 1899 qui
2116 1827 2196 1883 ita
2230 1841 2342 1884 non
2369 1827 2623 1897 sapiunt,
2660 1826 3097 1883 anathematizo.

2049 1916 2247 1972 Niceta
2290 1916 2693 1973 sanctissimus
2724 1916 3029 1988 cpiscopus
3058 1912 3513 1986 Dadyhrensium
3543 1910 3638 1968 si—

1976 2005 2210 2062 militer.

2045 2094 2398 2165 Theophilus
2428 2093 2832 2151 sanctissimus
2860 2094 3165 2165 episcopus
3198 2090 3499 2149 Prusiadis
3541 2089 3634 2146 si-

1980 2184 2218 2241 militer.

2042 2273 2240 2329 Niceta
2263 2271 2667 2329 sanctissimus
2686 2270 2991 2342 episcopus
3002 2267 3452 2339 Adrianopoleos
3473 2265 3631 2324 simi-

1974 2360 2127 2418 liter.

2041 2452 2286 2507 Joannes
2332 2450 2738 2507 sanctissimus
2783 2448 3090 2520 episcopus
3138 2445 3415 2504 Heraclia:
3451 2444 3621 2501 Ponti

1968 2538 2261 2597 similiter.

2035 2629 2446 2686 Constantinus
2474 2628 2878 2685 sanctissnmus
2898 2628 3202 2698 episcopus
3229 2624 3434 2682 Cratiaa
3466 2622 3625 2681 simt-

1968 2718 2119 2775 liter.

1982 2869 1987 2878 I
2038 2806 2235 2863 Niceta
2266 2806 2673 2863 sanctissimus
2702 2806 3007 2876 episcopus
3037 2803 3218 2875 Rysaai
3251 2801 3545 2859 similiter.

2037 2895 2394 2965 Nicephorus
2441 2895 2847 2952 sanctissimus
2892 2894 3199 2965 episcopus
3248 2890 3617 2948 Clanensium

1966 2984 2259 3041 similiter.

261 3076 510 3132 Joannes
549 3070 829 3149 [Joseph]
863 3072 1264 3130 sanctissimus
1289 3072 1593 3143 episcopus
1627 3071 1856 3131 Attalis:
1886 3070 1934 3132 C
2035 3076 2143 3130 Leo
2182 3072 2586 3130 sanctissimus
2615 3073 2919 3143 episcopus
2945 3070 3431 3128 Trocnadensium
3463 3067 3620 3126 simi-

192 3164 492 3221 similiter.

261 3253 575 3310 Zacharias
628 3250 1034 3307 sanctissimus
1085 3250 1391 3321 episcopus
1431 3250 1853 3309 Hierocaesariie

189 3343 491 3399 similiter.

256 3433 436 3489 David
470 3430 882 3487 sanctissimus
918 3429 1225 3501 episcopus
1250 3428 1657 3500 HelenOpoleos
1678 3430 1852 3487 simi-

191 3520 342 3577 liter.

254 3610 425 3681 Cyrio
461 3609 870 3666 sanctissimus
898 3607 1203 3678 episcopus
1233 3606 1412 3679 LOphi
1443 3607 1735 3666 similiter.

255 3699 672 3756 Constantinus
701 3698 1104 3755 sanctissimus
1130 3696 1437 3768 episcOpus
1460 3698 1718 3755 Caesaris:
1756 3698 1847 3756 Bi-

186 3788 400 3859 thynia:
425 3788 722 3845 similiter.

255 3877 715 3947 Theophylactus
742 3874 1146 3932 sanctissimus
1170 3875 1476 3947 episcopus
1504 3875 1845 3947 Apollonia-

185 3965 279 4020 dis
314 3966 611 4023 similiter.

253 4055 537 4128 Georgius
565 4053 969 4110 sanctissimus
997 4053 1302 4125 episcOpus
1327 4054 1736 4126 Basinupoleos
1765 4055 1841 4113 si-

188 4143 422 4201 militer.

253 4235 361 4290 Leo
385 4233 791 4290 sanctissimus
822 4233 1127 4304 episcopus
1154 4232 1362 4290 Arista:
1400 4232 1693 4289 similiter.

253 4323 619 4393 Nicephorus
659 4321 1065 4379 sanctissimus
1103 4323 1410 4393 episcopus
1436 4321 1650 4379 Adrani
1682 4323 1841 4383 simi-

187 4409 333 4467 liter.

253 4501 504 4557 Basilius
529 4499 788 4556 viearius
830 4500 1081 4572 Dascylii
1113 4500 1405 4558 similiter.

250 4589 662 4647 Constantinus
701 4590 1105 4647 sanctissimus
1150 4590 1455 4661 episcopus
1495 4590 1716 4649 Carinae
1745 4593 1837 4650 si-

189 4678 414 4735 militer.

252 4768 443 4826 Niceta
473 4767 883 4825 sanctissimus
910 4767 1215 4839 episcopus
1244 4768 1400 4825 Melae
1429 4769 1721 4826 similiter.

251 4858 579 4929 Neophytus
595 4856 1003 4915 sanctissimus
1020 4858 1325 4929 episcopus
1346 4859 1830 4916 Gordoservorum

186 4944 466 5003 similiter.

249 5036 351 5091 Leo
389 5035 798 5093 sanctissimus
836 5035 1142 5106 episc0pus
1172 5035 1361 5091 Linoae
1391 5034 1683 5092 similiter.

243 5125 483 5183 Joannes
511 5124 919 5182 sanctissimus
946 5124 1250 5196 episcopus
1279 5126 1645 5183 Etenensium
1674 5122 1831 5203 [Ne-

184 5210 583 5289 cennensium]
616 5213 911 5270 similiter.
1562 5258 1569 5263 .

239 5302 652 5361 Constantinus
698 5302 1106 5361 sanctissimus
1152 5302 1459 5374 episc0pus
1508 5303 1825 5361 Zelensium

187 5384 660 5467 [Heeenensium]
686 5392 982 5448 similiter.

245 5482 554 5554 Gregorius
597 5480 1004 5539 sanctissimus
1043 5479 1348 5552 episcopus
1380 5480 1606 5551 Sinopm
1632 5481 1820 5539 dixit:

186 5567 657 5635 Quemadmodum
686 5570 1049 5627 tradiderunt
1079 5568 1247 5626 nobis
1278 5569 1390 5639 ipsi
1423 5569 1523 5641 qui
1550 5569 1622 5625 ab
1653 5571 1826 5629 initio

1966 3161 2117 3219 liter.

2032 3251 2375 3309 Anastasius
2429 3250 2833 3308 sanctissimus
2874 3249 3179 3321 episcopus
3222 3246 3615 3305 Patarensium

1963 3340 2257 3396 similiter.

2030 3429 2343 3501 Gregorius
2408 3423 2764 3503 [Georgius]
2826 3424 3231 3483 sanctissimus
3308 3424 3613 3495 episcopus

1958 3520 2149 3590 Nyssze
2179 3516 2471 3574 similiter.

2027 3608 2379 3665 Theodosius
2421 3605 2827 3665 sanctissimus
2861 3604 3166 3675 episcopus
3206 3599 3608 3658 Pinarensium

1957 3698 2251 3755 similiter.

2026 3788 2370 3844 Nicodemus
2399 3786 2804 3843 sanctissimus
2840 3784 3144 3855 episcopus
3168 3780 3389 3852 Sidymi
3432 3778 3612 3836 simi—

1954 3877 2109 3934 liter.

2020 3965 2334 4038 Gregorius
2358 3960 2714 4039 [Georgius]
2745 3961 3148 4019 sanctissimus
3170 3960 3474 4031 episcopus
3498 3959 3608 4014 Hu—
3650 3978 3653 3981 ‘

1950 4055 2314 4113 niadensium
2348 4054 2640 4111 similiter.

2016 4144 2428 4201 Constantinus
2465 4144 2771 4214 episcopus
2807 4140 3255 4198 Candibensium
3305 4138 3598 4197 similiter.

2016 4234 2352 4291 Stauracius
2389 4232 2795 4290 sanctissimus
2822 4231 3129 4301 episcopus
3158 4228 3501 4299 Zenopoleos
3530 4228 3606 4284 si-

1950 4323 2186 4378 militer.

1861 4448 1917 4509 Β
2018 4415 2125 4470 Leo
2168 4410 2573 4469 sanctissimus
2618 4408 2922 4480 episcopus
2962 4405 3381 4476 Limyrensium
3428 4402 3604 4460 simi-

1947 4500 2098 4557 liter.

2013 4589 2335 4659 Stephanus
2386 4585 2790 4651 sanctissimus
2842 4584 3147 4655 episcopus
3214 4580 3597 4638 Cannensium

1942 4678 2233 4735 similiter.

2010 4766 2424 4824 Constantinus
2491 4765 2893 4821 sanctissimus
2967 4762 3273 4833 epiSCOpus
3324 4760 3593 4817 Tensium

1943 4854 2093 4933 [δίνη
2119 4852 2290 4930 Tlon]
2324 4854 2616 4912 similiter.

2010 4944 2424 5003 Constantinus
2444 4942 2851 4999 sanctissimus
2870 4942 3175 5013 episcOpus
3193 4939 3593 4999 Combensium

1939 5035 2231 5092 similiter.
2976 5088 2985 5093 v

2007 5128 2211 5181 Petrus
2232 5122 2636 5179 sanctissimus
2656 5120 2967 5192 episcopus
2988 5121 3403 5179 Orcadensium
3436 5115 3588 5194 [Gr.,

1937 5216 2139 5271 Petrus
2185 5212 2464 5270 diaconus
2491 5216 2549 5268 et
2584 5210 2839 5267 vicarius
2886 5207 3377 5284 Hyrcanensium]
3411 5208 3590 5265 simi—

1938 5305 2089 5364 liter.

2004 5394 2246 5449 Joannes
2299 5391 2579 5448 diaconus
2621 5395 2678 5447 et
2732 5390 3057 5464 vicegerens
3095 5385 3584 5443 Phaselidensium

1936 5480 2228 5540 similiter.

2006 5568 2333 5625 Sabbas.....
2367 5568 2624 5625 vicarius
2651 5568 2739 5622 Tii
2769 5566 3057 5622 similiter.
