4012 6162
190 260 284 322 249
940 257 1484 317 marum“qu
1519 255 1769 314 smom
1805 256 1901 315 vn
1933 255 2338 318 GENERALIS.
2365 291 2439 305 -
2477 224 2679 321 aerio
2717 263 2808 322 III.

3483 259 3592 322 250

252 393 528 466 Georgius
566 390 978 451 sanctissimus
1046 391 1352 464 episcopus
1402 389 1832 486 PlutinOpoleos
1859 385 1915 448 A
1947 409 2147 469 porum
2193 396 2476 453 illibatam
2530 397 2713 454 ﬁdem.
2759 407 2888 468 "qua:
2939 393 3106 452 nobis
3146 399 3260 452 tam
3301 409 3333 453 a
3374 396 3591 454 sanctis

193 486 470 544 similiter.

250 575 500 632 Basilius
527 572 950 630 sanctissimus
989 571 1294 644 episcOpus
1337 571 1638 628 Perbereos
1677 571 1836 628 simi-
1890 593 1897 601 -

189 667 326 723 liter.

249 755 488 811 Michael
532 753 942 812 sanctissimus
979 753 1286 825 episcOpus
1313 751 1608 824 Pamphyli
1662 751 1837 808 simi-

187 847 323 903 liter.

245 935 438 991 Ruben
456 933 866 990 sanctissimus
881 933 1186 1003 episcopus
1200 931 1448 1002 Scopelii
1467 931 1759 988 similiter.

243 1025 543 1082 Sisinnius
589 1024 994 1082 sanctissimus
1036 1023 1340 1094 episcopus
1383 1021 1626 1079 Garialli
1678 1021 1837 1078 simi-

186 1116 326 1173 liter.

250 1207 450 1261 Petrus
476 1203 883 1260 sanctissimus
907 1202 1213 1273 episcopus
1244 1201 1642 1259 Monembasiae
1679 1202 1837 1258 simi-

189 1297 327 1353 liter.

249 1385 476 1442 Gabriel
491 1383 896 1440 sanctissimus
917 1382 1222 1453 episcopus
1246 1384 1448 1454 Egenaa
1468 1382 1761 1439 similiter.

252 1478 352 1532 Leo
371 1475 782 1532 sanctissimus
796 1473 1101 1543 episcopus
1120 1473 1377 1528 Porthmi
1397 1472 1689 1528 similiter.

250 1565 570 1621 Bardanius
632 1562 1035 1620 sanctissimus
1101 1561 1407 1634 episcopus
1458 1561 1834 1618 Doarensium

186 1655 472 1711 similiter.

1943 490 2221 561 apostolis
2245 494 2300 546 et
2339 489 2653 560 prephetis,
2687 503 2856 561 quam
2881 503 2913 544 a
2941 488 3275 545 doctoribus
3301 489 3361 544 in
3387 491 3592 546 catho—

1946 580 2057 638 lica
2098 579 2347 636 Ecclesia
2392 586 2477 636 est
2520 581 2752 648 tradita,
2795 583 2851 635 et
2893 579 3204 637 secundum
3247 579 3588 636 destinatam

1944 672 2218 743 syllabam
2245 686 2275 726 a
2303 676 2388 728 ter
2417 670 2578 728 beato
2621 678 2677 728 et
2713 671 3026 740 apostolico
3076 684 3217 741 papa
3239 669 3495 726 Adriano
3519 669 3588 724 ad

1945 763 2071 834 pios
2115 763 2484 832 imperatores
2522 768 2748 820 nostros
2785 768 2842 819 et
2881 763 3176 818 Tarasium
3211 762 3589 818 universalem

1946 853 2349 925 patriarcham,
2398 866 2523 924 quae
2573 853 3010 909 illustraverunt
3053 856 3107 908 et
3156 851 3593 922 fulguraverunt

1946 947 2162 999 mentes
2203 948 2447 1013 nostras,
2498 943 2810 1000 secundum
2858 943 3023 999 ﬁdem
3072 942 3407 998 audienteS'
3449 955 3593 999 con—

1946 1033 2107 1089 ﬁteor
2134 1037 2188 1087 et
2228 1033 2397 1089 credo
2430 1028 2448 1106 [
2482 1033 2574 1088 Gr.
2610 1034 2738 1087 add.
2782 1038 2836 1089 et
2865 1033 3038 1089 adoro
3069 1047 3259 1089 sacras
3292 1031 3586 1104 imagines.

1941 1124 2052 1179 Eos
2073 1127 2261 1178 autem
2284 1123 2383 1193 qui
2415 1137 2522 1178 non
2550 1123 2625 1178 ita
2653 1123 2928 1191 sentiunt,
2953 1118 3426 1194 anathematizo.]

2014 1213 2326 1284 Gregorius
2369 1212 2880 1269 reverendissimus
2937 1213 3247 1268 monachus
3295 1216 3350 1267 et
3408 1211 3595 1282 begu—

1946 1317 2145 1358 menus
2185 1303 2365 1357 sancti
2398 1303 2581 1374 Sergii
2622 1303 2774 1357 dixit
2805 1321 2817 1356 :
2855 1302 3173 1359 Secundum
3205 1302 3499 1372 antiquam
3537 1302 3593 1354 et

1948 1393 2266 1462 priscorum
2300 1395 2617 1461 temporum
2651 1391 3087 1462 legislationem,
3115 1406 3238 1461 quae
3272 1391 3483 1446 tradita
3508 1394 3594 1444 est

1948 1483 2008 1539 in
2039 1487 2230 1538 sancta
2254 1483 2353 1537 Dei
2393 1496 2593 1553 magna
2627 1482 2878 1537 Ecclesia
2908 1497 2976 1538 ex
3005 1483 3220 1538 sanctis
3250 1495 3315 1537 ac
3342 1479 3595 1536 laudabi-

1947 1572 2102 1628 libus
2130 1571 2427 1641 apostolis,
2460 1576 2515 1627 et
2556 1577 2884 1627 conservata
2904 1575 2991 1627 est
3019 1586 3050 1627 a
3080 1571 3294 1626 sanctis
3322 1575 3378 1626 et
3398 1583 3596 1625 sacra-

1947 1661 2195 1716 tissimis
2215 1661 2485 1716 Patribus
2504 1665 2559 1716 et
2587 1661 2884 1728 magistris
2910 1661 3144 1731 nostris,
3179 1660 3232 1715 id
3254 1664 3358 1727 est,
3380 1659 3596 1714 sanctis

247 1745 618 1801 Andronicus
662 1744 976 1816 presbyter,
1019 1746 1076 1799 et
1115 1756 1184 1799 ex
1236 1755 1479 1813 persona
1519 1744 1841 1812 LeontODO-
1869 1725 1921 1784 Β
1947 1765 2044 1806 sex
2067 1749 2493 1806 universalibus
2517 1725 2753 1821 synodis
2783 1754 2992 1820 ;atque
3019 1725 3355 1806 orthodoxis
3387 1749 3598 1804 litteris

187 1837 295 1893 leos
325 1850 427 1890 seu
457 1834 702 1906 Zalichi,
730 1834 1021 1890 similiter.

246 1929 352 1982 Leo
368 1924 782 1980 sanctissimus
805 1923 1111 1993 episcopus
1139 1921 1383 1978 Sebastae
1401 1921 1694 1977 similiter.

245 2016 443 2071 Niceta
468 2014 753 2070 diaconus
770 2028 839 2069 ex
862 2027 1099 2084 persona
1128 2011 1511 2068 Halicarnassi
1545 2010 1836 2068 similiter.

245 2107 354 2161 Leo
381 2103 794 2162 sanctissimus
823 2102 1129 2174 episcopus
1162 2100 1635 2172 Corydalensium
1666 2101 1844 2157 simi—

185 2195 333 2252 liter.

249 2285 590 2342 Theodorus
633 2283 1038 2340 sanctissimus
1072 2282 1383 2354 episcopus
1411 2280 1840 2338 Cremnensium

183 2376 476 2432 similiter.

242 2464 668 2521 Constantinus
732 2463 1138 2520 sanctissimus
1207 2461 1512 2532 episcopus
1579 2461 1844 2519 Adriana:

182 2556 478 2612 similiter.

245 2647 458 2702 Sancta
495 2643 751 2715 synodus
793 2643 974 2699 dixit:
1016 2644 1242 2698 Justum
1269 2645 1375 2713 est,
1409 2646 1472 2698 ut
1495 2645 1552 2699 et
1578 2655 1846 2699 reveren—

175 2735 406 2792 dissimi
436 2733 706 2791 monachi
726 2732 1118 2804 pronuntient.

241 2823 740 2881 Reverendissimi
794 2823 1054 2879 monachi
1112 2822 1419 2878 dixerunt:
1463 2821 1521 2876 Si
1566 2823 1708 2879 ordo
1760 2829 1845 2879 est

180 2914 334 2985 talis,
359 2919 426 2970 ut
443 2919 501 2969 et
518 2927 626 2968 nos
647 2911 907 2967 monachi
927 2910 1366 2982 pronuntiemus
1383 2928 1399 2975 ς
1419 2914 1485 2966 ut
1497 2910 1732 2980 jubetis.

242 3003 523 3060 Tarasius
555 3000 960 3058 sanctissimus
985 3000 1312 3070 patriarcha
1337 2999 1522 3055 dixit:
1563 2999 1715 3056 Ordo
1759 3005 1845 3056 est

181 3093 520 3164 unicuique,
572 3091 672 3162 qui
728 3065 1014 3161 reperitur
1051 3089 1109 3145 in
1147 3089 1383 3160 synodo,
1412 3093 1476 3145 ut
1511 3089 1844 3160 pronuntiet
1875 3065 1922 3126 Ο

179 3180 600 3237 confessionem
633 3193 816 3235 suam.

247 3269 460 3325 Sabbas
509 3267 1024 3324 reverendissimus
1055 3267 1369 3324 monachus
1397 3271 1453 3321 et
1486 3265 1841 3338 hegumenus

185 3358 369 3416 Studii
393 3359 582 3415 dixit:
609 3357 934 3414 Secundum
961 3357 1260 3427 antiquam
1282 3360 1338 3411 et
1356 3355 1678 3426 priscorum
1706 3359 1841 3410 tem-

1951 1852 2075 1910 quze
2107 1840 2295 1894 missa:
2318 1844 2452 1895 sunt
2481 1839 2551 1894 ab
2581 1838 2832 1895 Adriano
2857 1839 3105 1895 senioris
3138 1840 3326 1893 Romae
3346 1839 3600 1894 sanctis-

1949 1929 2094 1984 simo
2133 1933 2190 1983 et
2235 1929 2551 1998 apostolico
2601 1943 2741 1998 papa
2774 1929 2841 1984 ad
2879 1929 3004 1998 pios
3033 1935 3088 1983 et
3132 1928 3346 1983 Christi
3385 1929 3600 1984 amicos

1950 2019 2321 2087 imperatores
2363 2023 2606 2086 nostros,
2656 2025 2712 2074 et
2738 2019 3035 2074 Tarasium
3077 2018 3506 2074 sanctissimum
3547 2021 3601 2073 et

1950 2108 2330 2164 universalem
2361 2108 2764 2178 patriarcham,
2785 2123 2909 2179 quae
2932 2108 3365 2164 illustraverunt
3395 2112 3448 2162 et
3474 2107 3604 2163 illu-

1951 2198 2313 2254 minaverunt
2359 2212 2562 2253 sensus
2613 2203 2856 2268 nostros,
2899 2211 3029 2253 cum
3071 2197 3358 2252 desiderio
3410 2196 3605 2252 cordis

1951 2287 2062 2342 mei
2111 2287 2454 2357 suscipiens,
2491 2287 2571 2343 ita
2611 2287 2902 2356 conﬁteor,
2952 2288 3030 2342 ita
3065 2287 3330 2357 praedico,
3369 2287 3605 2343 credens

1952 2390 2051 2446 per
2082 2377 2228 2432 hanc
2263 2390 2452 2432 veram
2484 2375 2899 2432 confessionem
2925 2389 3036 2431 una
3069 2390 3199 2432 cum
3219 2375 3367 2431 bona
3382 2376 3606 2432 actione

1954 2464 2372 2537 indulgentiam
2398 2466 2654 2535 accipere
2682 2469 3038 2534 peccatorum
3062 2479 3187 2535 quae
3208 2466 3376 2537 gessi.

2021 2555 2264 2610 Joannes
2296 2555 2651 2625 hegumenus
2679 2555 2912 2625 Pagurii
2955 2554 3246 2610 similiter.

2026 2645 2364 2700 Eustathius
2383 2644 2736 2704 begumenus
2751 2643 3052 2699 Maximini
3071 2643 3364 2699 similiter.

2023 2733 2258 2804 Symeon
2295 2733 2648 2804 hegumenus
2693 2733 2889 2789 Charm
2919 2733 3209 2789 similiter.

2024 2821 2337 2893 Gregorius
2353 2819 2689 2896 [Georgius]
2710 2823 3060 2894 hegumenus
3072 2824 3229 2893 Pegae
3239 2821 3532 2877 similiter.

2024 2911 2260 2982 Symeon
2281 2912 2633 2984 hegumenus
2658 2911 3145 2968 Abramitensium
3164 2911 3454 2967 similiter.

2021 3002 2226 3071 Joseph
2281 3001 2632 3074 hegumenus
2678 3002 2924 3058 Heraclii
2956 3002 3248 3058 similiter.

2023 3089 2182 3146 Plato
2215 3091 2568 3161 hegumenus
2586 3091 2937 3148 Sacudeonis
2953 3092 3246 3147 similiter.

2023 3179 2336 3251 Gregorius
2357 3180 2709 3252 hegumenus
2735 3181 3036 3252 Hyacinthi
3060 3181 3352 3236 similiter.

2021 3269 2091 3323 Et
2117 3268 2305 3324 (κεῖθι-ἰ
2337 3282 2532 3326 omnes
2573 3270 2834 3326 monachi
2867 3270 3382 3340 pronuntiaverunt
3420 3268 3597 3325 simi-

1951 3355 2103 3413 liter.

1561 3677 1810 3748 ACTIO
1895 3677 2201 3749 TERTIA
2217 3724 2236 3743 .

256 3973 316 4026 In
362 3971 592 4028 nomine
633 3968 863 4026 Domini
913 3972 968 4026 et
1022 3968 1402 4026 dominatoris
1443 3971 1574 4026 Jesu
1619 3967 1839 4025 Chriiti

194 4060 305 4114 veri
334 4060 432 4116 Dei
481 4059 685 4116 nostri.
737 4058 980 4128 Imperio
1011 4058 1408 4128 piissimorum
1440 4065 1496 4115 et
1525 4059 1839 4114 amicorum

192 4147 396 4204 Christi
432 4149 802 4205 dominorum
828 4152 1152 4204 nostrorum
1183 4148 1548 4204 Constantini
1581 4152 1637 4202 et
1668 4150 1840 4202 Irena:

194 4250 224 4291 a
249 4239 360 4293 Deo
389 4238 675 4295 redimita:
698 4237 899 4293 matris
919 4239 1063 4308 ejus,
1098 4251 1245 4293 anno
1276 4243 1472 4293 octavo
1503 4236 1840 4294 consulatus

195 4340 404 4399 eorum,
437 4329 610 4384 tertio
661 4323 787 4401 [Gn
823 4331 872 4381 et
902 4343 1000 4381 ms.
1046 4327 1174 4390 Jol.,
1218 4323 1312 4400 ιν]
1356 4325 1636 4382 Kalendas
1664 4326 1840 4382 Octo—

197 4415 363 4488 brias,
397 4418 720 4473 indictione
744 4413 826 4471 Η.

260 4507 637 4564 Conveniente
666 4510 860 4562 sancta
889 4511 946 4562 et
975 4505 1288 4562 universali
1330 4505 1564 4577 synodo,
1597 4521 1723 4577 quae
1747 4519 1842 4577 per

196 4598 442 4653 divinam
467 4597 714 4670 gratiam
743 4601 799 4652 et
828 4597 979 4666 piam
1002 4595 1352 4675 sanctionem
1387 4596 1712 4652 earumdem
1741 4596 1843 4651 di-

201 4688 409 4743 vinitus
440 4687 909 4744 conﬁrmatorum
951 4686 1360 4755 imperatorum
1391 4690 1728 4757 congregata
1756 4690 1843 4741 est

205 4775 256 4830 in
272 4776 600 4832 Nicensium
617 4775 770 4831 clara
791 4774 1090 4844 metropoli
1110 4772 1572 4844 Bithyniensium
1605 4773 1844 4843 provin—

202 4863 323 4918 cia:
359 4864 413 4918 id
451 4869 559 4932 est,
605 4865 767 4919 Petro
798 4861 1270 4918 reverendissimo
1303 4861 1489 4932 primo
1519 4861 1842 4931 presbytero

203 4959 397 5009 sanctae
440 4953 708 5008 Romanae
751 4950 1019 5006 Ecclesiae
1059 4949 1242 5006 sancti
1291 4949 1536 5019 apostoli
1582 4949 1755 5019 Petri,
1787 4954 1844 5004 et

202 5041 350 5099 Petro
376 5040 858 5098 reverendissimo
902 5038 1229 5110 presbytero
1261 5044 1317 5095 et
1348 5037 1623 5094 monacho
1653 5043 1709 5093 et
1739 5038 1845 5094 he—

201 5145 432 5202 gumeno
479 5129 828 5187 venerabilis
887 5128 1220 5184 monasterii
1271 5127 1454 5197 sancti
1502 5126 1695 5182 Sabba:
1742 5127 1842 5183 siti

201 5220 399 5293 Romae,
447 5219 778 5277 tenentibus
823 5220 1003 5275 vicem
1033 5217 1360 5288 apostolicae
1403 5216 1556 5272 sedis
1598 5216 1735 5272 almi
1792 5222 1846 5272 et

204 5310 545 5370 sanctissimi
572 5309 994 5380 archiepiscOpi
1018 5307 1268 5364 senioris
1285 5307 1474 5362 Roma:
1488 5305 1729 5363 Adriani
1751 5325 1766 5377 ;
1791 5311 1847 5363 et

203 5402 436 5459 Tarasio'
462 5401 617 5457 almo
659 5405 718 5456 et
761 5398 1128 5455 sanctissimo
1171 5396 1605 5467 archiepiscopo
1655 5397 1844 5468 magni

205 5493 443 5548 nominis
492 5487 1068 5559 ConstantinOpoleos
1117 5500 1272 5544 nova:
1311 5486 1520 5558 Romae,
1553 5491 1610 5542 et
1634 5487 1848 5543 Joanne

208 5593 262 5634 ac
285 5583 498 5637 Thema
529 5577 1028 5636 reverendissimis
1058 5575 1407 5647 presbyteris
1459 5575 1757 5632 monachis
1793 5581 1850 5631 et

1960 3969 2198 4028 vicariis
2225 3973 2668 4043 apostolicarum
2700 3972 2921 4029 sedium
2955 3969 3257 4028 orientalis
3274 3969 3600 4034 dimceseos,

2031 4060 2438 4119 Residentibus
2477 4076 2706 4133 quoque
2756 4066 2886 4117 ante
2917 4060 3368 4117 sacratissimum
3405 4056 3608 4112 ambo-

1960 4165 2085 4208 nem
2117 4152 2312 4221 templi
2362 4151 2739 4208 sanctissimae
2783 4164 2997 4221 magna:
3026 4148 3124 4204 Dei
3173 4146 3435 4202 Ecclesia:
3482 4157 3607 4214 qua:

1958 4240 2397 4312 cognominatur
2442 4241 2691 4310 Sophia;
2744 4238 3120 4308 praesentibus
3150 4243 3205 4292 et
3235 4232 3606 4291 audientibus

1869 4373 1922 4434 D
1959 4329 2402 4400 gloriosissimis
2449 4335 2503 4384 et
2562 4326 3148 4400 magniﬁcentissimis
3173 4323 3491 4395 iudicibus,
3547 4321 3601 4375 id

1959 4422 2065 4490 est,
2111 4419 2350 4474 Petrona
2391 4417 2851 4474 laudabilissimo
2893 4414 3196 4471 exconsule
3251 4411 3512 4483 patricio,
3552 4414 3607 4463 et

1958 4507 2166 4564 comite
2227 4510 2340 4564 Deo
2404 4507 2720 4563 conservati
2780 4504 3133 4576 imperatorii
3201 4500 3486 4571 obsequii,
3551 4503 3606 4552 et

1956 4597 2168 4652 Joanne
2197 4596 2484 4666 imperiali
2527 4596 2767 4653 ostiario
2797 4599 2851 4650 et
2891 4594 3174 4665 logotheta
3208 4589 3481 4647 militaris
3513 4587 3607 4643 lo-

1959 4685 2228 4756 gothesii,
2267 4690 2322 4740 et
2362 4690 2478 4741 tota
2527 4690 2721 4740 sancta
2750 4683 2964 4754 synodo
3001 4681 3314 4738 secundum
3345 4678 3604 4734 ordinem

1959 4774 2059 4843 qui
2095 4774 2462 4844 praescriptus
2497 4779 2582 4828 est
2629 4759 2689 4828 in
2729 4772 2911 4842 prima
2941 4771 3197 4838 actione;
3233 4765 3608 4839 praesentibus

1959 4864 2129 4920 etiam
2160 4865 2273 4918 Deo
2303 4861 2652 4918 amabilibus
2670 4859 3143 4918 archimandritis
3171 4864 3225 4914 et
3250 4855 3606 4930 hegumenis,

1959 4959 2129 5022 atque
2160 4951 2315 5006 omni
2352 4950 2682 5006 monachica
2717 4949 3109 5020 plenitudine;
3139 4947 3451 5018 prepositis
3485 4959 3610 5000 san-

1960 5041 2072 5097 ctis
2099 5046 2156 5096 et
2185 5039 2541 5095 intemeratis
2569 5039 2892 5111 Evangeliis
2916 5057 2928 5092 :

2033 5129 2194 5184 Dixit
2219 5128 2545 5184 Demetrius
2572 5129 2686 5184 Deo
2715 5127 2983 5184 amabilis
3011 5128 3290 5184 diaconus
3324 5131 3382 5182 et
3408 5137 3608 5181 scevo-

1967 5218 2172 5290 phylax
2212 5223 2422 5275 sanctae
2450 5217 3098 5289 ConstantinOpolitanae
3128 5216 3423 5274 Ecclesiae:

2034 5307 2315 5377 Quoniam
2346 5307 2576 5379 quidem
2609 5306 2945 5379 prmeedenti
2977 5308 3072 5364 die
3109 5307 3297 5364 visum
3342 5308 3431 5360 est
3468 5315 3608 5358 san-

1965 5402 2068 5453 ctae
2105 5403 2162 5453 et
2186 5397 2498 5453 universali
2534 5397 2750 5468 synodo
2780 5396 3040 5468 sequenti
3075 5401 3307 5466 paterna
3334 5398 3391 5449 et
3419 5391 3607 5448 eccle—

1966 5485 2363 5558 siasticajura,
2383 5486 2782 5557 suscipiendos
2812 5499 2910 5543 eos
2931 5484 3030 5554 qui
3052 5497 3120 5539 ex
3144 5481 3342 5538 haeresi
3364 5490 3605 5534 conver-

1966 5579 2199 5644 tuntur;
2232 5588 2448 5631 necnon
2486 5580 2542 5629 et
2579 5588 2676 5631 eos
2707 5573 3054 5630 orthodoxos
3088 5570 3188 5640 qui
3215 5568 3286 5623 ab
3320 5562 3605 5620 haereticis
