4018 6166
450 255 551 315 254
1691 265 2050 326 ANASTASII
2095 261 2643 334 BIBLIOTHECARII

447 385 700 481 ordinati
725 393 888 481 sunt,
939 393 1343 450 assumendos:
1393 409 1506 465 prae
1545 395 1770 454 foribus
1797 398 2008 456 adsunt
2034 397 2094 453 hi
2121 381 2183 444 A
2210 401 2410 472 mitte;
2433 415 2500 459 eo
2519 404 2668 475 quod
2693 418 2895 464 manus
2915 401 3044 481 [Gr.
3061 406 3196 463 add.
3221 407 3282 464 in
3299 407 3516 479 synodo
3535 406 3848 468 latrocinali

447 477 546 548 qui
581 477 809 537 libellos
843 496 978 540 suos
1022 485 1138 554 jam
1171 485 1482 544 orthodoxe
1533 485 1792 562 legerunt
1819 489 2094 561 episcopi,

445 573 501 624 et
548 572 840 640 postulant
887 573 1111 646 ingredi
1174 582 1230 634 et
1266 578 1520 648 judicarl
1573 581 1885 638 secundum
1945 580 2094 652 quod

445 659 607 716 vobis
638 663 935 732 placuerit.

514 769 715 828 Sancta
737 776 989 844 synodus
1012 776 1196 834 dixit:
1227 781 1487 837 Veniant.

513 860 785 920 Tarasius
829 867 1230 926 sanctissimus
1287 871 1611 940 patriarcha
1659 871 1846 929 dixit:
1899 875 1954 929 Is
1992 875 2091 944 qui

442 963 624 1018 nuper
644 956 800 1010 venit
826 957 941 1012 Deo
971 959 1427 1018 amabilissimus
1465 964 1770 1034 episcopus
1796 965 2096 1021 Neocaasa-

441 1039 542 1095 riae
567 1044 767 1100 reddat
801 1047 1077 1105 rationem
1107 1065 1267 1107 suam
1302 1067 1400 1123 per
1429 1054 1710 1110 libellum.

506 1148 821 1222 Gregorius
879 1158 993 1211 Deo
1041 1160 1310 1216 amabilis
1366 1162 1669 1232 episcopus
1727 1163 2093 1218 Neocaesarim

441 1239 619 1295 dixit:
638 1241 1101 1304 ConﬁrmetDeus
1115 1249 1420 1318 imperium
1434 1251 1712 1309 bonorum
1726 1253 2088 1309 dominorum

436 1334 762 1388 nostrorum
785 1334 1063 1398 :lzetiﬁcet
1079 1353 1174 1394 eos
1190 1341 1340 1395 Deus
1359 1341 1415 1395 in
1437 1345 1630 1397 sancto
1648 1343 1794 1398 solio
1810 1343 2084 1411 ipsorum.

438 1418 876 1479 Sanctissimum
901 1427 1198 1484 dominum
1231 1436 1487 1486 nostrum
1513 1433 1662 1500 Deus
1703 1431 1940 1503 largiori
1973 1449 2089 1491 mvo

433 1506 595 1580 fungi
644 1509 817 1567 faciat
851 1515 1165 1586 pontiﬁcio,
1215 1524 1269 1574 et
1317 1526 1566 1576 sanctam
1615 1523 1891 1591 synodum
1939 1524 2088 1579 Deus

432 1597 708 1655 stabiliat.
743 1600 912 1659 Orate
964 1620 1062 1670 pro
1092 1614 1337 1679 egestate
1370 1624 1507 1666 mea.
1562 1612 1630 1666 Et
1675 1611 1964 1680 proferens
2007 1612 2090 1668 li—

430 1683 645 1743 bellum
667 1704 837 1789 suum
867 1691 1030 1795 legit.
1053 1697 1434 1809 continentem
1476 1700 1820 1800 exemplaria
1852 1699 2089 1757 libello—
2117 1717 2169 1778 Β
2195 1752 2255 1809 di

430 1789 556 1831 rum
583 1777 681 1846 qui
710 1782 1031 1852 przescripti
1058 1789 1193 1840 sunt
1219 1786 1278 1841 in
1305 1787 1530 1844 actione
1558 1789 1756 1857 prima.

499 1865 567 1920 Et
602 1873 900 1937 postquam
933 1872 1113 1930 lectus
1139 1880 1224 1932 est
1270 1877 1525 1946 libellus,
1553 1879 1824 1934 Tarasius
1850 1879 2087 1935 sanctis-

430 1953 614 2011 simus
640 1959 964 2025 patriarcha
986 1962 1169 2020 dixit:
1199 1965 1324 2022 Haec
1345 1980 1474 2022 cum
1498 1967 1871 2038 simplicitate
1891 1967 2083 2026 cordis

426 2044 720 2102 conﬁteris
743 2048 772 2102 ?

495 2152 810 2226 Gregorius
859 2160 973 2214 Deo
1028 2162 1302 2220 amabilis
1353 2165 1658 2236 episcopus
1712 2168 2078 2224 Neocresaria:

423 2239 624 2299 dixit:
676 2247 738 2301 In
784 2249 1012 2306 nomine
1068 2252 1167 2306 Dei
1211 2257 1267 2308 et
1317 2267 1415 2322 per
1468 2261 1719 2312 sanctam
1757 2257 2078 2315 orationem

425 2334 582 2388 tuam
613 2336 669 2388 et
711 2341 1039 2394 sanctorum
1089 2340 1343 2412 Patrum,
1381 2342 1440 2398 in
1487 2345 1696 2400 munda
1728 2347 2080 2404 conscientia

424 2425 480 2474 et
501 2422 654 2476 omni
677 2422 784 2478 sim
797 2424 1052 2492 plicitate
1067 2429 1359 2499 conﬁteor,
1379 2436 1435 2488 et
1452 2446 1644 2502 quaeso
1661 2433 2078 2493 beatitudinem

423 2513 666 2565 vestram
689 2514 744 2566 et
775 2515 950 2569 totam
975 2517 1254 2584 synodum
1285 2533 1448 2576 orare
1471 2535 1571 2590 pro
1599 2536 1704 2577 me.

492 2615 762 2672 Tarasius
791 2620 1192 2680 sanctissimus
1236 2625 1558 2692 patriarcha
1599 2628 1782 2684 dixit:
1834 2627 2072 2700 Aliquid

421 2701 490 2758 ad
514 2703 632 2758 haec
660 2707 1103 2779 promulgemus.
1133 2707 1152 2785 [
1167 2712 1260 2768 Gr.
1289 2715 1422 2768 add.
1441 2715 1800 2773 Sanctissimi
1819 2719 2073 2791 episcopi

419 2791 636 2849 Siciliae
656 2795 946 2960 dixetiunt.
981 2797 1140 2868 Quod
1166 2801 1224 2858 in
1247 2802 1385 2860 aliis
1421 2803 1632 2862 factum
1670 2811 1777 2879 est,
1805 2807 1904 2864 ﬁat
1923 2823 2076 2880 quo—

419 2896 530 2952 que
554 2883 611 2938 in
638 2884 788 2941 istis.

419 2896 530 2952 que
554 2883 611 2938 in
638 2884 788 2941 istis.

489 3006 690 3063 Sancta
718 3011 972 3080 synodus
991 3014 1179 3071 dixit:
1210 3017 1351 3074 Fiat.

2209 489 2445 567 manus]
2472 493 2735 564 injecerit
2756 510 2928 565 super
2957 497 3112 554 viros
3145 497 3414 556 insontes.

2275 583 2520 640 Joannes
2563 585 3076 644 reverendissimus
3129 587 3422 660 presbyter
3452 593 3510 645 et
3543 588 3730 647 locum
3763 595 3853 647 te-

2207 686 2348 729 nens
2379 673 2682 731 orientalis
2704 675 3018 734 dimceseos
3057 678 3247 734 dixit:
3291 681 3359 735 Et
3396 679 3620 748 Spiritu
3665 687 3850 739 sancto

2206 762 2486 833 inspirata
2498 769 2692 822 sancta
2704 767 2956 837 synodus
2967 769 3328 839 sponsionem
3343 765 3848 846 [constitutionem]

2206 853 2352 909 hanc
2377 855 2661 924 exposuit.

2274 943 2546 1000 Tarasius
2584 945 2988 1003 sanctissimus
3017 947 3343 1018 patriarcha
3379 948 3563 1005 dixit:
3606 949 3767 1006 Sicut
3801 957 3853 1007 et

2205 1033 2601 1107 praadiximus,
2634 1035 2826 1093 verbis
2851 1051 2976 1108 qua:
3005 1036 3512 1108 circumferuntur,
3542 1053 3654 1096 non
3679 1040 3858 1096 credi-

2150 1121 2154 1128 ’
2206 1138 2351 1180 mus.

2272 1214 2476 1270 Sancta
2524 1216 2778 1286 synodus
2813 1216 2999 1273 dixit:
3052 1219 3114 1274 In
3147 1221 3400 1288 tempore
3441 1233 3547 1276 suo
3587 1220 3853 1291 quisquis

2201 1303 2347 1360 hanc
2380 1303 2546 1361 habet
2584 1306 3022 1376 querimoniam,
3056 1312 3331 1378 queratur
3367 1309 3514 1379 apud
3544 1309 3692 1366 hanc
3717 1323 3852 1366 san-

2200 1398 2347 1449 ctam
2411 1396 2710 1465 synodum,
2761 1397 2846 1451 vel
2886 1396 3034 1467 apud
3083 1398 3442 1455 sanctitatem
3479 1403 3760 1455 vestram:
3799 1403 3853 1456 et

2199 1488 2424 1540 ostensa
2454 1485 2711 1557 veritate,
2739 1486 2894 1542 sicut
2915 1486 3216 1545 deﬁnitum
3246 1492 3333 1545 est
3355 1501 3389 1544 a
3411 1493 3607 1545 sancta
3637 1489 3850 1560 synodo

2199 1575 2324 1646 hac,
2360 1575 2670 1645 proveniet.

2267 1665 2580 1736 Gregorius
2649 1665 3055 1724 sanctissimus
3117 1667 3419 1738 episcopus
3483 1668 3852 1726 Neocaesariaa

2261 1753 2374 1809 xit:
2390 1756 2510 1810 Non
2527 1768 2614 1810 me
2635 1755 2802 1813 homo
2813 1756 3126 1813 accusabit.
3145 1757 3282 1829 quia
3295 1758 3550 1828 percussi
3563 1759 3648 1814 vel
3663 1759 3850 1817 occidi

2199 1837 2350 1916 [Gr.,
2374 1841 2615 1917 cecidi].

2263 1932 2467 1988 Sancta
2530 1934 2782 2004 synodus
2841 1935 3033 1991 dixit:
3094 1938 3157 1992 In
3211 1935 3305 1993 his
3361 1940 3419 1992 et
3470 1950 3573 1994 nos
3626 1937 3853 2010 gaude-

2193 2035 2339 2079 mus.

2261 2111 2574 2184 Gregorius
2641 2114 3044 2172 sanctissimus
3116 2115 3422 2186 episcopus
3481 2118 3851 2175 Neocaesariaa

2191 2201 2373 2258 dixit:
2395 2204 2588 2274 Neque
2618 2204 2673 2259 in
2693 2204 2980 2261 divinitus
3007 2205 3381 2262 custodienda
3399 2205 3558 2278 urbe,
3580 2221 3772 2278 neque
3792 2208 3849 2265 in

2192 2292 2424 2362 regione
2444 2307 2566 2350 mea
2583 2291 2756 2351 homo
2780 2308 2849 2350 ex
2869 2309 2955 2351 me
2980 2294 3257 2352 ultionem
3291 2310 3492 2366 passus
3521 2301 3626 2353 est.

2258 2381 2460 2438 Sancta
2491 2383 2743 2452 synodus
2762 2383 2945 2439 dixit:
2971 2384 3029 2440 Si
3069 2385 3222 2441 istud
3246 2389 3351 2454 est,
3390 2386 3756 2458 suscipiatur
3792 2387 3848 2444 in

2189 2469 2313 2528 loco
2340 2485 2463 2528 suo.

2256 2559 2469 2616 Sabbas
2500 2561 3010 2620 reverendissimus
3057 2563 3370 2621 monachus
3405 2569 3462 2620 et
3491 2565 3851 2638 hegumenus

2187 2649 2520 2706 monasterii
2564 2651 2753 2707 Studii
2797 2651 2986 2708 dixit:
3020 2652 3344 2724 Principem
3389 2653 3664 2711 haereseos
3702 2669 3852 2713 con-

2187 2737 2323 2795 fessi
2357 2745 2493 2796 sunt
2519 2740 2818 2809 pontiﬁces
2861 2755 2990 2798 eum
3035 2755 3191 2798 esse:
3244 2747 3302 2799 et
3339 2747 3404 2799 ut
3423 2743 3641 2812 jubetis
3669 2762 3689 2813 ;
3717 2759 3846 2802 nam

2186 2829 2350 2883 Pater
2377 2831 2570 2885 noster
2589 2827 2939 2887 Athanasius
2979 2831 3046 2889 ad
3085 2831 3451 2890 Ruﬁnianum
3481 2832 3653 2902 dixit,
3707 2836 3844 2906 quia

2183 2918 2269 2974 eis
2295 2917 2394 2987 qui
2420 2917 2710 2987 principes
2729 2917 2965 2976 fuerunt
2985 2920 3264 2978 haereseos
3289 2921 3519 2993 suﬁicit,
3539 2922 3588 2979 si
3613 2927 3843 2982 tantum

2182 3007 2251 3063 ad
2287 3006 2680 3076 paenitentiam
2710 3009 3108 3066 admittantur.

486 3097 755 3154 Tarasius
772 3103 1175 3162 sanctissimus
1205 3108 1527 3176 patriarcha
1553 3111 1735 3167 dixit:
1759 3113 1865 3169 Sed
1886 3128 2068 3172 sermo

2251 3097 2522 3153 Tarasius
2546 3097 2949 3155 sanctissimus
2980 3100 3303 3170 patriarcha
3323 3101 3508 3159 dixit:
3533 3103 3636 3160 Sed
3659 3104 3840 3178 dixit,

417 3185 650 3255 quidam
674 3191 925 3247 rumoris
945 3193 1241 3266 obstrepit,
1272 3199 1419 3268 quod
1449 3199 1510 3254 in
1537 3205 1788 3271 tempore
1813 3217 2070 3272 persecu-

414 3273 595 3330 tionis
621 3277 853 3346 quidam
885 3282 1281 3352 episcoporum
1310 3287 1702 3347 intolerabiles
1728 3293 2066 3361 persecutio-

2181 3186 2317 3258 quia
2340 3200 2451 3242 non
2473 3187 2704 3258 cecidit,
2729 3201 2912 3258 neque
2937 3195 3269 3258 persecutus
3299 3196 3400 3248 est.

2247 3296 2659 3353 Constantinus
2698 3297 3100 3354 sanctissimus
3141 3301 3444 3370 episcopus
3487 3301 3842 3360 Constantia:

415 3377 514 3419 nes
547 3365 660 3433 piis
686 3369 836 3424 veris
861 3370 1197 3429 intulerint:
1234 3376 1449 3446 quibus
1471 3379 1660 3435 verbis
1694 3381 1922 3450 injectis
1954 3397 2066 3439 non
2175 3385 2344 3456 Cypri
2383 3385 2572 3441 dixit:
2612 3385 2922 3457 Juvenalis,
2971 3391 3028 3443 et
3072 3365 3188 3459 qui-
3222 3365 3375 3447 circa
3415 3391 3604 3460 ipsum
3648 3399 3838 3466 erant,

412 3466 825 3527 usquequaque
854 3460 978 3516 sine
1003 3463 1414 3532 approbatione
1429 3470 1737 3525 credimus.
1760 3472 1928 3527 Novit
1949 3477 2066 3528 tota
2175 3480 2437 3531 auctores
2461 3471 2815 3549 [principes]
2843 3475 3201 3534 latrocinalis
3227 3480 3427 3549 synodi
3446 3460 3838 3549 exstiterunt:

412 3548 606 3636 sancta
633 3549 884 3616 synodus
917 3549 1053 3622 haec,
1087 3554 1224 3622 quia
1259 3569 1438 3611 canon
1473 3564 1798 3614 sanctorum
1830 3565 2067 3629 aposto—
2174 3565 2269 3620 sed
2296 3565 2354 3620 in
2377 3569 2581 3635 quarta
2612 3548 2828 3635 synodo
2850 3567 3063 3636 recepti
3086 3574 3240 3624 sunt.

410 3629 596 3688 lorum
649 3635 1004 3706 episcOpum,
1059 3640 1142 3695 vel
1179 3642 1593 3713 presbyterum,
1628 3646 1710 3700 vel
1756 3646 2061 3706 diaconum

410 3721 818 3788 percutientem
857 3725 1050 3782 ﬁdeles
1070 3729 1490 3800 delinquentes,
1523 3739 1624 3789 aut
1651 3734 1909 3792 inﬁdeles
1939 3737 2064 3793 ini—

409 3822 520 3898 que
566 3819 814 3881 agentes,
853 3819 908 3869 et
948 3829 1046 3884 per
1091 3817 1485 3887 hujuscemodi
1534 3821 1724 3878 timeri
1759 3824 2056 3898 volentem,

405 3894 615 3966 deponi
645 3901 924 3970 praecipit.

479 3984 682 4043 Sancta
713 3991 966 4060 synodus
990 3993 1178 4049 dixit:
1203 3997 1284 4051 Ita
1314 3996 1678 4057 denuntiant.

475 4093 745 4152 Tarasius
771 4099 1174 4158 sanctissimus
1200 4105 1526 4172 patriarcha
1557 4108 1743 4164 dixit:
1779 4111 1846 4167 Et
1866 4112 1916 4167 si
1951 4113 2057 4172 hoc

405 4179 484 4235 ita
507 4187 612 4252 est,
647 4185 784 4255 quid
815 4187 977 4245 vobis
999 4191 1225 4248 videtur
1247 4192 1274 4247 ?

471 4270 802 4331 Theodorus
831 4279 1235 4338 sanctissimis
1274 4283 1578 4354 episcopus
1605 4286 1828 4344 Catana:
1867 4290 2048 4348 dixit:

399 4357 722 4447 Secundum
754 4378 944 4423 sacras
974 4369 1271 4427 catholicae
1297 4372 1562 4430 Ecclesiae
1585 4376 1810 4447 regulas
1837 4379 1914 4435 ita
1945 4381 2054 4438 de—

401 4446 532 4505 ﬁnit
561 4457 755 4508 sancta
791 4457 1043 4524 synodus
1071 4457 1204 4515 ham.

469 4556 739 4616 Tarasius
759 4563 1163 4621 sanctissimus
1181 4568 1502 4636 patriarcha
1524 4571 1678 4628 dixit
1701 4591 1714 4628 :
1739 4575 1826 4632 Sit
1849 4576 2052 4635 intulit

2241 3671 2483 3726 Joannes
2514 3671 3121 3741 magniﬁcentissimus
3152 3675 3438 3747 logotheta
3459 3676 3643 3732 dixit:
3671 3678 3840 3736 Suili-

2170 3760 2253 3815 cit
2273 3760 2487 3830 synodo
2513 3765 2713 3816 vestrae
2742 3761 3030 3818 divinitus
3056 3770 3429 3836 congregatae,
3455 3766 3590 3836 quia
3619 3767 3838 3841 Grego-

2171 3849 2296 3904 rius
2320 3849 2705 3919 Neocmsariae,
2730 3855 2786 3906 et
2807 3851 2906 3920 qui
2933 3855 3137 3908 auctor
3173 3853 3400 3910 exstitit
3431 3858 3839 3924 pratereuntis

2171 3937 2363 4006 impiae
2393 3938 2615 4009 synodi,
2645 3943 3016 3996 conservatus
3041 3946 3128 3997 est
3154 3957 3338 4013 usque
3378 3943 3436 3999 in
3483 3944 3835 4003 hodiernum

2165 4027 2317 4084 diem
2339 4027 2407 4083 ad
2440 4040 2600 4083 suam
2648 4028 2908 4084 haeresim
2961 4033 3016 4084 et
3054 4029 3374 4088 doctrinam
3421 4032 3831 4092 damnandam.

2233 4135 2474 4190 Joannes
2512 4134 3024 4192 reverendissimus
3069 4137 3364 4209 presbyter
3409 4145 3464 4196 et
3518 4139 3714 4198 locum
3763 4149 3839 4198 te-

2164 4237 2304 4280 nens
2359 4223 2659 4280 orientalis
2705 4224 3016 4282 diceceseos
3059 4226 3251 4282 dixit:
3303 4228 3533 4285 Gratias
3594 4230 3834 4302 agimus

2159 4313 2294 4381 Deo,
2330 4313 2466 4383 quia
2493 4317 2884 4370 remanserant
2913 4315 3032 4370 veri
3059 4328 3088 4370 e
3130 4316 3274 4371 male
3313 4316 3547 4373 collecta
3580 4320 3828 4390 synodo,

2078 4421 2132 4484 D
2162 4406 2468 4473 arguentes
2488 4405 2544 4455 et
2565 4416 2690 4471 quae
2719 4401 2790 4457 ab
2813 4401 2959 4471 ipsis
2981 4403 3124 4459 male
3146 4409 3282 4460 sunt
3307 4411 3482 4477 gesta.
3511 4412 3566 4461 et
3592 4406 3833 4464 subver-

2162 4494 2343 4546 tentes
2362 4495 2534 4560 atque
2554 4489 2947 4548 confusionem
2975 4493 3261 4562 propriam
3289 4493 3672 4564 publicantes.

2228 4596 2499 4652 Tarasius
2547 4597 2950 4654 sanctissimus
2999 4599 3322 4668 patriarcha
3347 4600 3536 4657 dixit-
3589 4603 3831 4662 Scimus

397 4644 703 4715 episcOpus
717 4664 1090 4723 quascunque
1107 4654 1301 4727 plagas
1317 4661 1372 4712 et
1388 4661 1667 4717 tormenta
1685 4663 1829 4720 viris
1850 4666 2051 4722 timenv

399 4731 892 4827 tibusDominum,
912 4742 1010 4812 qui
1031 4746 1168 4798 tunc
1190 4749 1638 4814 persecutionem
1659 4753 2042 4827 patiebantur,

397 4832 510 4876 non
530 4828 617 4878 est
637 4825 852 4898 dignus
870 4829 1222 4901 episcopatu.

465 4927 668 4986 Sancta
699 4933 952 5003 synodus
979 4935 1133 4995 dixit
1159 4957 1172 4994 :
1203 4942 1324 4998 Non
1351 4945 1686 5014 estdignus.

464 5017 734 5075 Tarasius
765 5022 1168 5082 sanctissimus
1196 5031 1518 5096 patriarcha
1547 5033 1734 5091 dixit:
1762 5035 2042 5106 Quoniam

392 5107 450 5159 et
477 5105 630 5162 sicut
656 5116 984 5178 persecutor
1001 5114 1182 5171 caedes
1220 5116 1452 5174 inﬂixit.

461 5209 790 5303 Theodorus
811 5218 1218 5280 sanctissimus
1243 5225 1546 5296 episcopus
1574 5229 1818 5298 Catanm,
1854 5238 1911 5288 et
1940 5233 2041 5303 qui

391 5310 522 5390 cum
548 5313 613 5356 eo
633 5302 746 5359 Deo
771 5306 1046 5364 amabiles
1065 5311 1324 5384 episcopi
1349 5314 1586 5387 Siciliae,
1608 5323 1666 5373 et
1684 5302 2041 5390 Epiphanius

387 5385 733 5479 diaconuset
746 5392 932 5451 locum
946 5402 1143 5457 tenens
1155 5385 2033 5479 episcopiSardiniam-dixerunt:

387 5474 599 5545 Quarta
617 5481 868 5550 synodus
885 5497 1012 5541 mox
1031 5492 1095 5544 ut
1111 5490 1394 5561 praesedit,
1418 5492 1477 5548 in
1501 5474 1839 5563 primordiis
1857 5498 2041 5554 excla-

391 5566 600 5624 mavit:
656 5568 989 5629 Dioscorum
1044 5574 1196 5633 foras
1257 5579 1437 5651 mitte,
1491 5581 1834 5641 homicidam
1883 5585 2036 5644 foras

2157 4698 2353 4740 omnes
2379 4684 2704 4741 Juvenalem
2728 4686 3111 4756 patriarcbam
3143 4687 3324 4745 fuisse
3348 4689 3826 4763 Hierosolymita-

2159 4789 2332 4844 num;
2365 4780 2422 4831 et
2449 4775 2761 4832 secundum
2791 4775 3132 4847 dignitatem
3160 4792 3323 4834 suam
3357 4779 3560 4850 utique
3579 4785 3639 4836 et
3659 4783 3826 4851 prin-

2153 4877 2286 4934 ceps
2302 4863 2504 4934 synodi
2526 4862 2674 4920 fuit:
2709 4869 2765 4921 et
2786 4865 2870 4922 sic
2891 4861 2910 4940 [
2929 4865 3049 4938 Gr.,
3079 4864 3208 4941 hic]
3237 4872 3363 4937 post
3397 4869 3830 4939 praevaricatio-

2155 4967 2281 5009 nem
2313 4966 2473 5009 suam
2502 4953 2838 5023 paenitentia
2869 4961 3027 5027 gesta
3058 4962 3323 5028 receptus
3343 4962 3448 5015 est.

2223 5057 2587 5129 Epiphanius
2646 5061 3158 5120 reverendissimus
3225 5063 3506 5122 diaconus
3542 5065 3827 5124 Ecclesia:

2153 5146 2394 5215 Catanaz,
2445 5150 2502 5200 et
2532 5145 2717 5204 locum
2749 5149 3003 5206 retinens
3051 5151 3279 5209 Thomas
3317 5154 3573 5225 episcopi
3605 5154 3826 5213 Sardi-

2154 5235 2284 5304 nia,
2341 5234 2525 5290 dixit:
2579 5235 2684 5292 Sed
2749 5237 3032 5295 neminem
3098 5246 3432 5310 persecutus
3491 5248 3581 5298 est
3633 5245 3825 5301 Juve—

2152 5323 2322 5379 nalis.

2219 5411 2490 5468 Tarasius
2537 5413 2941 5472 sanctissimus
2989 5417 3314 5487 patriarcha
3343 5418 3528 5476 dixit:
3576 5419 3648 5476 Et
3693 5419 3819 5478 iste

2147 5499 2464 5572 respondit,
2489 5501 2626 5573 quia
2651 5503 2934 5560 neminem
2964 5512 3299 5576 persecutus
3329 5521 3476 5564 sum.

2218 5591 2355 5647 Nam
2381 5595 2437 5647 et
2462 5592 2798 5649 Eustathius
2825 5592 3169 5653 Sebastenus
3212 5596 3478 5667 princeps
3524 5603 3646 5653 erat
3675 5596 3819 5653 hae—
