4018 6166
945 269 1492 333 INTERPRE'I‘ATIO
1523 267 1775 326 SYNODI
1814 267 1906 325 vn
1939 266 2348 326 GENERALIS.
2377 297 2450 309 -
2484 266 2686 324 xeno
2715 233 2814 324 ‘m.

3476 258 3586 321 254

199 405 954 468 mseosﬁacedonianorum:
988 406 1081 462 sed
1100 419 1230 462 cum
1259 404 1458 462 libello
1476 406 1714 461 sanctus
1737 403 1834 460 Ba-
1858 389 1913 450 A
1948 397 2238 469 poscimus
2263 402 2329 455 ut
2354 395 2560 454 litterae
2603 395 2956 453 sanctissimi
2981 393 3321 465 patriarcha).
3340 392 3584 465 Tarasii,

195 501 352 558 silius
373 501 535 554 Pater
561 501 756 553 noster
775 497 1031 566 suscepit
1057 497 1242 554 illum.

255 590 724 647 Reverendissimi
771 591 1032 646 monachi
1082 590 1395 645 dixerunt:
1469 588 1675 642 Verum
1723 589 1827 656 est,

192 683 274 740 sed
299 681 428 752 quia
455 687 646 736 tacens
682 680 892 737 mansit
934 679 1244 749 Iuvenalis,
1278 678 1406 734 ideo
1429 677 1831 746 respondimus

191 769 305 845 [Gn
352 771 488 825 add.
538 771 814 827 Tarasius
851 769 1255 826 sanctissimus
1281 768 1605 838 patriarcha
1640 767 1825 823 dixit:

189 862 496 918 Laudamus
524 875 640 930 vos,
667 866 935 930 tanquam
965 860 1326 917 aemulatores
1349 857 1753 914 canonicarum
1775 861 1832 914 et

185 951 630 1018 evangelicarum
655 945 1198 1023 constitutionum.]

244 1041 456 1097 Sabbas
494 1040 1009 1097 reverendissimus
1049 1039 1362 1096 monachus
1382 1043 1443 1094 et
1480 1039 1834 1111 hegumenus

185 1131 506 1190 monasterii
553 1130 748 1186 Studii
801 1131 983 1186 dixit:
1031 1129 1336 1186 Conservet
1379 1131 1530 1186 Deus
1567 1128 1834 1185 dominos

185 1229 400 1280 nostros
425 1221 628 1290 bonos,
657 1220 874 1292 quibus
897 1219 1279 1292 dignantibus
1305 1220 1411 1275 hoc
1436 1218 1648 1276 factum
1669 1222 1756 1273 est
1778 1221 1834 1273 et

185 1315 576 1380 congregatum
613 1311 930 1367 concilium
957 1311 1026 1366 ad
1053 1309 1322 1366 Ecclesia:
1350 1309 1617 1366 unionem
1662 1312 1832 1379 atque

185 1402 409 1458 concord
420 1402 558 1456 iam.

241 1492 442 1547 Sancta
496 1491 750 1561 synodus
791 1491 983 1546 dixit:
1034 1488 1363 1546 Gratiarum
1411 1489 1562 1545 actio
1609 1490 1723 1544 Deo
1768 1492 1824 1543 et

182 1582 306 1639 laus.

239 1673 515 1728 Tarasius
536 1671 940 1727 sanctissimus
965 1670 1291 1741 patriarcha
1312 1671 1497 1726 dixit:
1525 1671 1644 1726 Jam
1667 1673 1826 1726 antea

181 1763 283 1818 hac
311 1766 520 1817 sancta
546 1762 803 1831 synodus
825 1760 1230 1832 promulgavit,
1269 1764 1464 1816 secuta
1490 1763 1716 1815 sanctos
1743 1773 1834 1829 pa-

182 1855 280 1908 tres
299 1856 558 1916 nostros,
591 1851 739 1919 quod
765 1850 983 1920 suscipi
1013 1855 1270 1919 oporteat
1285 1845 1313 1923 -[
1329 1849 1420 1904 Gr.
1446 1850 1578 1903 add.
1606 1849 1834 1904 venien-

181 1945 251 1997 tes
277 1941 348 1996 ab
378 1941 588 1997 haeresi
607 1937 650 2008 l,
680 1939 796 1996 nisi
824 1939 938 1996 alia
964 1954 1134 1996 causa
1166 1939 1497 2009 hujusmodi
1520 1952 1551 1993 a
1578 1938 1833 1994 sacerdo-

181 2030 267 2086 tali
293 2030 505 2100 ejiciat
535 2029 773 2086 ordine:
827 2029 1081 2099 idipsum
1110 2043 1244 2101 ergo
1269 2033 1324 2084 et
1360 2029 1569 2085 iterum
1609 2027 1834 2085 didici—

179 2134 308 2178 mus.

235 2210 444 2266 Sancta
461 2209 716 2278 synodus
742 2208 914 2263 dixit.
934 2207 1142 2264 Omnes
1170 2207 1424 2278 idipsum
1451 2207 1723 2263 dicimus.

236 2300 489 2356 Joannes
534 2298 1050 2354 reverendissimus
1092 2296 1383 2367 presbyter
1419 2301 1476 2353 et
1502 2296 1834 2364 monachus,

179 2388 356 2444 locum
432 2393 636 2443 tenens
677 2386 1048 2442 orientalium
1103 2386 1581 2457 patriarcharum,
1643 2385 1832 2440 dixit:

179 2479 312 2534 Bona
365 2491 502 2549 qua:
540 2477 770 2532 diverso
816 2476 980 2532 modo
1022 2473 1342 2544 dicuntur,‘
1373 2479 1567 2532 sancta
1609 2479 1743 2531 sunt
1781 2477 1837 2531 et

178 2567 356 2624 utilia.

236 2659 447 2712 Petrus
487 2657 602 2712 Deo
646 2655 915 2712 amabilis
959 2654 1250 2726 presbyter
1297 2657 1354 2711 et
1406 2653 1594 2711 locum
1637 2659 1836 2712 tenens

178 2747 414 2803 Adriani
442 2744 770 2802 beatissimi
803 2758 958 2814 papae
991 2743 1242 2800 senioris
1280 2744 1488 2812 Romae,
1514 2749 1571 2800 et
1592 2745 1834 2802 Joannes

179 2849 233 2892 ac
255 2838 515 2893 Thomas
540 2836 655 2891 Deo
678 2834 955 2891 amabiles
976 2833 1313 2905 presbyteri,
1337 2837 1393 2889 et
1418 2833 1622 2889 vicarii
1649 2833 1835 2891 orien-

179 2926 261 2997 tis,
283 2928 576 2984 dixerunt
596 2943 609 2980 :
634 2925 937 2992 Recipiant
957 2925 1119 2980 sedes
1139 2938 1293 2981 suas.

239 3017 450 3072 Sancta
477 3015 736 3086 synodus
757 3013 910 3069 dixit
934 3033 946 3068 :
971 3014 1086 3070 Hoc
1108 3013 1298 3084 ipsum
1321 3013 1595 3084 dicimus,
1618 3017 1674 3069 et
1694 3028 1840 3070 con-

177 3105 457 3162 sentimus
475 3117 692 3159 omnes.

242 3196 306 3250 Et
330 3193 725 3250 ascenderunt
749 3193 808 3248 in
834 3195 1217 3262 competentes
1245 3192 1360 3249 sibi
1397 3193 1702 3250 cathedras
1743 3207 1841 3248 re—

180 3283 581 3341 verendissimi
612 3282 892 3352 episcopi,
911 3282 1114 3338 Nicaea:
1138 3283 1426 3352 videlicet,
1449 3283 1840 3352 Neocaesari-aa,

180 3373 378 3443 Rhodi,
428 3373 638 3442 Iconii,
686 3372 1070 3444 Hierapoleos,
1127 3371 1544 3443 Pisinuntium,
1600 3378 1657 3428 et
1698 3372 1842 3428 Car-

179 3463 353 3532 pathi.

239 3553 449 3610 Sancta
473 3551 733 3623 synodus
760 3551 950 3607 dixit:
1003 3553 1152 3607 Deus
1183 3551 1324 3608 bene
1353 3552 1599 3609 adduxit
1639 3553 1842 3609 ortho—

178 3643 366 3698 doxos.

240 3731 663 3789 Constantinus
697 3729 1105 3786 sanctissimus
1144 3728 1447 3800 episcopus
1492 3732 1840 3790 Constantia:

180 3821 338 3892 Cypri
361 3820 557 3877 dixit:
586 3819 732 3890 Quia
761 3819 821 3874 in
850 3819 1032 3888 priori
1056 3820 1312 3876 sessione
1331 3826 1541 3877 sancta:
1568 3822 1742 3891 hujus
1758 3837 1844 3879 ve-

177 3911 455 3968 nerabilis
477 3909 682 3981 synodi
706 3908 1028 3978 piissimam
1047 3923 1268 3966 sacram
1297 3911 1410 3967 Deo
1435 3917 1840 3970 coronatorum

179 4007 510 4057 nostrorum
543 3999 952 4068 imperatorum
989 3999 1307 4056 meruimus
1337 4014 1438 4068 per
1460 4001 1677 4072 regium
1704 4017 1735 4058 a
1761 4018 1844 4060 se-

178 4089 349 4146 cretis
371 4087 672 4157 suscipere
698 4113 710 4155 -,
735 4087 795 4142 in
818 4100 928 4156 qua
959 4087 1382 4160 continebatur,
1409 4091 1558 4160 quod
1584 4091 1792 4149 littera:
1811 4108 1842 4149 a

181 4178 429 4234 senioris
442 4177 634 4232 Romae
647 4175 888 4246 praesule
902 4190 950 4230 m
962 4175 1088 4232 issae
1102 4175 1414 4234 fueruntad
1430 4180 1845 4249 tranquillissi-

179 4283 331 4325 mum
354 4265 668 4336 imperium
685 4265 964 4334 ipsorum,
988 4269 1044 4320 et
1062 4266 1178 4322 duo
1206 4266 1610 4335 quaterniones
1631 4270 1698 4326 ad
1719 4285 1842 4327 san-

181 4356 506 4414 ctissimum
526 4353 908 4423 patriarcham
921 4353 992 4409 ab
1004 4353 1388 4411 orientalibus
1404 4357 1646 4414 summis
1661 4373 1842 4417 sacer-

178 4445 417 4503 dotibus
442 4449 529 4500 :et
551 4443 776 4498 litteras
797 4442 1029 4513 quidem
1052 4442 1291 4500 Romani
1315 4458 1468 4514 papie
1484 4447 1835 4523 audivimus,

181 4540 235 4591 et
259 4548 386 4604 quae
415 4535 477 4589 in
516 4532 640 4588 illis
679 4530 1143 4602 continebantur,
1185 4533 1542 4600 agnovimus.
1574 4537 1845 4596 Postula—

183 4637 310 4680 mus
327 4623 529 4694 itaque
549 4635 581 4676 a
605 4619 871 4677 claritate
889 4624 1094 4688 vestra,
1116 4621 1464 4691 amplissimi
1501 4625 1757 4693 patricii,
1784 4634 1848 4684 ut

185 4727 312 4782 qua:
336 4712 408 4767 ab
449 4710 672 4767 oriente
701 4709 875 4765 missa
921 4713 1077 4778 sunt,
1127 4709 1390 4780 legantur
1425 4725 1614 4768 coram
1652 4722 1845 4772 sancta

187 4802 292 4857 ista
322 4805 379 4857 et
423 4798 742 4856 universali
785 4797 1022 4868 synodo,
1053 4811 1166 4867 quo
1191 4799 1633 4871 comperiamus,
1669 4804 1717 4860 si
1745 4819 1849 4861 ea-

185 4891 312 4945 dem
342 4888 598 4945 sentiant
632 4892 687 4943 et
727 4886 918 4942 eadem
950 4885 1260 4956 praedicent
1287 4892 1398 4944 tam
1435 4890 1686 4948 senioris
1729 4894 1849 4950 Ro-

191 4992 292 5034 mae
336 4991 499 5048 papa,
545 4990 714 5048 quam
761 4975 1167 5032 sanctissimus
1194 4976 1519 5047 patriarcha
1554 4981 1844 5043 Tarasius.

191 5067 288 5137 qui
339 5072 394 5122 et
453 5064 719 5136 praesidet
770 5064 940 5136 regiae
994 5063 1147 5135 urbi,
1197 5079 1367 5136 quam
1427 5067 1670 5126 orientis
1717 5071 1851 5142 epi-

195 5169 372 5226 scapi.

260 5240 818 5316 Magniﬁcentissimi
835 5240 1127 5310 principes
1139 5247 1194 5297 et
1205 5248 1399 5299 sancta
1413 5246 1588 5314 synod
1599 5248 1849 5305 usdixe—

199 5336 360 5388 runt:
389 5332 515 5387 Fiat
540 5331 855 5388 secundum
884 5329 1328 5400 postulationem
1366 5338 1631 5391 vestram.

265 5421 502 5476 Joannes
546 5424 603 5476 et
641 5419 886 5475 Thomas
935 5420 1050 5475 Deo
1096 5418 1374 5476 amabiles
1421 5422 1757 5496 presbyteri,
1796 5433 1851 5484 et

205 5507 386 5562 locum
413 5507 723 5564 retinentes
745 5507 1118 5564 orientalium
1157 5508 1635 5583 patriarcharum,
1680 5513 1852 5572 dixe—

212 5603 370 5650 runt:
398 5596 455 5652 Si
501 5596 686 5667 placet
737 5595 873 5651 huic
899 5600 1108 5652 sach
1153 5601 1210 5652 et
1258 5597 1567 5654 universali
1615 5603 1848 5675 synodo,

1946 489 2279 559 quaamissze
2300 491 2437 545 sunt
2478 487 2546 543 ad
2581 485 2976 542 sanctissimos
3020 489 3076 541 et
3106 497 3358 541 summos
3397 498 3591 541 sacer—

1941 578 2104 636 dotes
2155 579 2420 649 orientis,
2477 577 2639 648 prius
2700 575 2994 648 legantur;
3059 577 3113 631 et
3173 573 3254 630 ita
3301 573 3591 643 rescriptae

1944 683 2159 726 earum.

2013 759 2215 816 Sancta
2247 759 2498 830 synodus
2523 757 2712 814 dixit:
2744 758 3045 829 Legantur.

2013 849 2082 905 Et
2109 849 2247 919 legit
2279 850 2598 918 Stephanus
2636 847 2916 904 diaconus
2962 847 3075 902 Deo
3105 843 3378 901 amabilis
3402 845 3458 900 et
3483 856 3597 901 no—

1944 939 2131 996 tarius
2154 938 2499 995 venerabilis
2532 936 2900 1007 patriarchici
2929 934 3151 992 secreti.

1944 1077 2238 1146 Exemplar
2302 1077 2608 1130 litterarum
2673 1089 2794 1143 qua:
2832 1075 3012 1146 misse
3043 1076 3184 1146 sunt
3232 1070 3309 1146 ad
3365 1083 3597 1146 summos

2017 1141 2318 1202 sacerdotes
2371 1153 2420 1202 et
2475 1141 2778 1201 sacerdotes
2833 1144 3155 1204 Antiochia,
3217 1141 3595 1202 Alewandriae,

2017 1225 2065 1272 et
2096 1225 2296 1274 sanctae
2325 1221 2582 1278 civitatis,
2610 1235 2645 1271 a
2685 1219 2908 1272 Tarasio
2932 1221 2980 1270 et
3014 1216 3317 1270 beatissimo
3337 1214 3599 1284 patria-r-

2018 1293 2114 1344 cha
2148 1290 2700 1361 Constantinopoleos.

2013 1417 2191 1473 Multa
2212 1422 2268 1474 et
2304 1432 2502 1488 magna
2532 1415 2888 1486 providentia
2908 1415 3191 1472 Dominus
3220 1415 3371 1468 Deus
3403 1409 3600 1466 homi-

1944 1521 2079 1563 num
2127 1508 2274 1564 vitas
2314 1521 2514 1576 regens
2559 1511 2616 1563 et
2656 1506 3010 1576 protrahens,
3047 1508 3218 1574 atque
3259 1503 3592 1572 proventum

1940 1597 2072 1653 vita:
2120 1598 2580 1667 uniuscujusque
2628 1596 2886 1653 consulte
2934 1595 3221 1651 deducens
3274 1589 3430 1661 (sine
3464 1590 3591 1657 ipso

1944 1700 2187 1758 namque
2211 1687 2420 1754 factum
2438 1693 2523 1744 est
2537 1687 2710 1758 nihil,
2730 1687 2868 1757 quia
2885 1689 2941 1741 et
2960 1684 3158 1748 capilli
3177 1681 3388 1750 capitis
3406 1677 3588 1736 nostri

1944 1779 2225 1834 numerati
2271 1782 2406 1833 sunt
2449 1778 2534 1848 ei)
2565 1781 2618 1831 ct
2650 1791 2736 1832 me
2767 1777 2826 1832 in
2865 1776 3141 1832 laicorum
3181 1773 3384 1830 ordine
3411 1782 3592 1839 usque

1943 1881 2094 1924 nunc
2120 1873 2612 1936 connumeratum,
2635 1874 2691 1922 et
2714 1864 3114 1935 imperialibus
3141 1860 3488 1919 ministeriis
3503 1859 3596 1915 de-

1943 1961 2226 2028 putatum,
2260 1957 2455 2012 nescio
2477 1956 2690 2026 quibus
2707 1956 2955 2024 judiciis
2975 1952 2990 2024 (
3013 1955 3136 2024 ipse
3160 1951 3299 2024 scit)
3322 1951 3379 2008 in
3406 1949 3594 2005 cathe-

1945 2047 2104 2103 dram
2144 2047 2524 2117 pontiﬁcalem
2571 2047 2776 2115 evexit,
2802 2046 3032 2102 hortatu
3058 2044 3248 2100 valido
3268 2056 3301 2098 a
3330 2039 3593 2096 veritatis

1949 2137 2494 2208 propugnatoribus,
2529 2136 2815 2205 piissimis
2851 2135 3121 2190 videlicet
3153 2147 3218 2190 ac
3256 2129 3594 2188 orthodoxis

1950 2227 2416 2298 imperatoribus,
2437 2227 2673 2295 uostris,
2693 2230 2865 2295 atque
2881 2223 3267 2281 sanctissimis
3282 2219 3591 2291 episcopis,

1949 2331 2048 2373 seu
2074 2318 2323 2386 clericis,
2354 2317 2412 2372 in
2441 2330 2528 2372 me
2545 2316 2824 2372 violenter
2846 2313 3042 2370 eu‘ecto
3065 2333 3077 2368 :
3103 2313 3198 2368 cui
3221 2308 3598 2368 succumbens

1950 2407 2149 2472 annui,
2193 2411 2248 2462 et
2273 2407 2610 2463 obedientim
2649 2404 2896 2462 fructum
2935 2405 3028 2459 his
3058 2401 3402 2472 carpendum
3451 2412 3598 2454 com-

1947 2497 2102 2552 misi.
2131 2499 2200 2552 Et
2223 2511 2360 2567 rogo
2377 2510 2475 2552 vos
2513 2494 2952 2556 sacratissimos.
2997 2498 3060 2549 ut
3105 2497 3372 2562 tanquam
3410 2493 3598 2558 patres

1948 2601 2035 2643 me
2066 2587 2490 2654 pusillanimem
2537 2585 2740 2640 baculo
2785 2583 3071 2654 potentiae,
3122 2581 3180 2637 id
3231 2584 3318 2636 est
3344 2576 3598 2648 paternis

1946 2677 2152 2732 vestris
2197 2675 2549 2742 magisteriis
2591 2673 2869 2740 fulciatis,
2901 2678 2956 2729 et
2990 2672 3165 2728 veluti
3204 2670 3411 2726 fratres
3435 2665 3600 2736 puris

1947 2765 2312 2823 orationibus
2350 2764 2556 2820 vestris
2606 2778 2709 2820 nos
2747 2777 2878 2820 cum
2927 2766 3216 2818 armatura
3261 2759 3360 2815 Dei
3400 2760 3599 2813 contra

1947 2855 2232 2911 versutias
2268 2854 2494 2925 antiqui
2542 2853 2726 2910 hastis
2749 2852 3054 2921 adjuvetis,
3102 2855 3273 2920 atque
3323 2845 3598 2904 ﬂuctibus

1950 2945 2190 3001 invicem
2213 2943 2584 3006 surgentibus
2603 2942 2965 2999 vacillantem
2999 2938 3350 3010 gubernetis,
3393 2939 3602 3006 quate—

1950 3049 2060 3090 nus
2102 3033 2422 3101 pertinaam
2465 3033 2534 3088 ad
2591 3037 2816 3101 portum
2864 3029 3181 3086 voluntatis
3229 3026 3445 3082 Christi
3497 3022 3600 3080 Dei

1868 3105 1916 3170 C
1949 3123 2153 3179 nostri.
2176 3124 2275 3177 Est
2291 3121 2440 3178 enim
2462 3135 2696 3191 prorsus
2721 3121 2870 3188 apud
2901 3134 3003 3176 nos
3033 3118 3318 3189 quoddam
3339 3114 3599 3185 praelium

1952 3211 2077 3266 sine
2102 3209 2274 3280 ferro,
2301 3211 2436 3266 dum
2468 3223 2757 3265 sermones
2791 3209 3008 3278 jaciant
3059 3211 3115 3263 et
3137 3207 3445 3274 jaciautur.
3492 3201 3595 3259 Sed

1951 3300 2300 3369 triumphale
2349 3299 2620 3356 habemus
2645 3304 2942 3368 trepteum,
2983 3298 3279 3352 veritatem
3320 3307 3444 3366 quae
3489 3305 3601 3348 non

1950 3389 2224 3444 vincitur.
2252 3389 2467 3444 Deinde
2501 3402 2728 3458 quoque
2769 3392 2826 3442 et
2866 3386 3134 3456 procellis
3170 3381 3602 3440 vehementibus

1945 3477 2394 3546 inspirantibus,
2426 3477 2486 3531 in
2513 3476 2796 3532 auxilium
2827 3475 2990 3531 vobis
3015 3474 3348 3541 assumptis,
3397 3473 3600 3526 harum

1953 3567 2274 3638 pauxilium
2299 3566 2435 3636 quid
2469 3565 2802 3621 sufferentes
2827 3569 3050 3635 :estum,
3071 3562 3364 3618 Christum
3394 3560 3497 3615 has
3519 3559 3609 3616 in-

1951 3660 2272 3726 crepantem
2292 3656 2668 3725 inveniemus,
2687 3661 2744 3710 et
2757 3655 2933 3711 vitam
2963 3651 3275 3723 tranquille
3293 3661 3392 3720 per
3410 3648 3604 3706 omnia

1947 3747 2358 3813 transigemus.
2407 3747 2478 3801 Et
2525 3745 2619 3801 his
2668 3745 2900 3815 quidem
2955 3741 3275 3799 suliicenter
3311 3740 3369 3796 in
3395 3737 3608 3809 prmia—

1952 3837 2108 3892 tione
2134 3840 2329 3891 nostra
2366 3835 2701 3905 przemissis,
2731 3834 2791 3888 in
2831 3833 3054 3888 caneris
3082 3831 3373 3887 evidenter
3400 3829 3605 3884 horum

1953 3924 2208 3994 cognitio
2235 3923 2701 3981 denuntiabitur.
2725 3925 2888 3979 Nunc
2912 3927 3099 3978 autem
3137 3921 3204 3976 ad
3232 3919 3404 3975 aliam
3429 3918 3613 3973 inten-

1953 4013 2165 4070 tionem
2188 4013 2416 4069 dicendi
2445 4008 2728 4086 [dicendo]
2760 4011 3110 4081 progredior.
3133 4007 3279 4076 Quia
3299 4007 3450 4064 enin
3481 4005 3611 4075 pri—

1954 4116 2049 4159 sca
2080 4101 2356 4172 quaedam,
2391 4107 2446 4156 et
2472 4105 2537 4157 ut
2561 4101 2758 4157 verius
2789 4099 3085 4162 fateamur,
3131 4097 3446 4167 apostolica
3484 4099 3612 4151 tra—

1955 4191 2102 4247 ditio
2143 4190 2203 4245 in
2251 4189 2520 4246 omnibus
2557 4189 2818 4246 ecclesiis
2871 4188 3130 4258 inolevit,
3185 4191 3251 4242 ut
3290 4185 3350 4242 hi
3396 4184 3496 4255 qui
3537 4184 3607 4240 ad

1961 4279 2322 4350 pontiﬁcium
2347 4279 2757 4348 provehuntur,
2781 4275 3232 4346 praecedentibus
3252 4289 3312 4331 se
3334 4275 3393 4330 in
3414 4273 3609 4329 eodem

1964 4367 2186 4434 ordine,
2237 4365 2488 4436 qualiter
2535 4379 2594 4421 se
2642 4365 2886 4421 habeant
2931 4379 3060 4435 quae
3111 4377 3228 4421 suae
3271 4363 3401 4419 ﬁdei
3451 4365 3608 4433 sunt,

1962 4455 2296 4526 exponendo
2343 4455 2768 4511 commendent:
2819 4454 3014 4510 Visum
3062 4457 3148 4509 est
3207 4457 3263 4508 et
3312 4450 3454 4506 mihi
3507 4451 3612 4506 hoc

1959 4544 2223 4613 sectanti,
2255 4557 2342 4600 me
2362 4543 2524 4600 vobis
2543 4543 2846 4610 inclinare,
2865 4548 2922 4598 et
2948 4542 3172 4612 liquido
3198 4538 3611 4597 confessionem

1959 4633 2351 4703 pronuntiare,
2391 4631 2865 4702 quemadmodum
2887 4645 2918 4687 a
2952 4629 3112 4686 tubis
3151 4627 3334 4685 sancti
3360 4626 3615 4696 Spiritus

1957 4719 2235 4792 (quarum
2261 4734 2438 4776 sonus
2466 4720 2524 4775 in
2561 4733 2780 4776 omnem
2813 4725 3022 4776 terram
3053 4717 3252 4784 exivit,
3285 4720 3342 4774 et
3381 4715 3439 4770 in
3472 4714 3614 4770 fines

1959 4814 2124 4866 terra:
2149 4808 2350 4882 verba)
2371 4805 2389 4882 [
2408 4811 2554 4864 Psal.
2581 4806 2759 4876 xvuil
2783 4816 2838 4865 et
2863 4808 2934 4866 ab
2954 4821 3150 4865 earum
3169 4805 3423 4864 alumnis
3442 4810 3615 4875 atque

1957 4897 2214 4968 asseclis,
2235 4898 2645 4954 sacratissimis
2666 4898 2933 4955 videlicet
2959 4896 3229 4953 Patribus
3252 4893 3467 4953 nostris
3483 4893 3617 4950 edu-

1957 4993 2140 5049 catus,
2169 5001 2238 5043 ex
2261 4985 2406 5056 ipsis
2433 4985 2706 5042 mollibus
2737 4987 2974 5057 ungulis
2993 4985 3199 5042 didici.

2027 5074 2208 5130 Credo
2236 5074 2296 5129 in
2316 5087 2494 5130 unum
2516 5073 2695 5129 Deum
2721 5074 2942 5129 Patrem
2973 5075 3442 5145 omnipotentem,
3469 5077 3526 5128 et
3557 5071 3618 5126 in

1961 5177 2138 5220 unum
2154 5162 2461 5218 Dominum
2482 5163 2672 5219 Jesum
2693 5161 2987 5218 Christum
2999 5163 3213 5220 Filium
3231 5162 3333 5220 Dei
3359 5165 3414 5218 et
3437 5162 3616 5216 Deum

1962 5256 2243 5321 nostrum,
2270 5255 2462 5308 natum
2485 5265 2553 5307 ex
2583 5251 2747 5307 Patre
2775 5250 2901 5306 sine
2947 5255 3201 5322 tempore
3233 5255 3576 5307 coaeternum
3603 5247 3618 5286 ε

1959 5345 2017 5395 et
2047 5339 2106 5395 in
2154 5339 2434 5409 Spiritum
2483 5344 2765 5411 sanctum,
2797 5339 3102 5396 Dominum
3129 5344 3186 5394 et
3213 5337 3617 5407 viviﬁcantem,

1961 5441 2029 5484 ex
2062 5428 2226 5484 Patre
2257 5442 2354 5498 per
2397 5427 2611 5485 Filium
2653 5429 3048 5500 procedentem
3071 5433 3128 5483 et
3149 5427 3408 5484 eumdem
3444 5427 3621 5480 Deum

1961 5529 2084 5572 esse
2105 5521 2160 5572 et
2175 5516 2440 5587 cognosci
2465 5517 2834 5574 :Trinitatem
2860 5517 3037 5574 unius
3059 5513 3419 5580 substantia,
3443 5509 3620 5566 unius

1968 5604 2202 5660 honoris
2223 5611 2279 5660 et
2298 5605 2470 5675 sedis,
2492 5599 2896 5675 sempiternam
2913 5604 2971 5660 et
2995 5605 3326 5669 increatam,
3365 5596 3623 5656 omnium
