  <div class='ocr_page' id='page_1' title='image "/cluster/home/n/w/nwhite01/storage/ocr_20150623/129/hvd.32044054759907/133.png"; bbox 0 0 4018 6166; ppageno 0'>
   <div class='ocr_carea' id='block_1_1' title="bbox 414 294 521 358">
    <p class='ocr_par' dir='ltr' id='par_1_1' title="bbox 414 294 521 358">
     <span class='ocr_line' id='line_1_1' title="bbox 414 294 521 358; baseline 0 0"><span class='ocrx_word' id='word_1_1' title='bbox 414 294 521 358; x_wconf 78' lang='lat'><strong>255</strong></span> 
     </span>
    </p>
   </div>
   <div class='ocr_carea' id='block_1_2' title="bbox 1646 270 2594 339">
    <p class='ocr_par' dir='ltr' id='par_1_2' title="bbox 1646 270 2594 339">
     <span class='ocr_line' id='line_1_2' title="bbox 1646 270 2594 339; baseline -0.006 1"><span class='ocrx_word' id='word_1_2' title='bbox 1646 275 2004 339; x_wconf 76' lang='lat' dir='ltr'><strong>ANASTASII</strong></span> <span class='ocrx_word' id='word_1_3' title='bbox 2052 270 2594 334; x_wconf 73' lang='lat' dir='ltr'><strong>BIBLIOTHECARII</strong></span> 
     </span>
    </p>
   </div>
   <div class='ocr_carea' id='block_1_3' title="bbox 3715 269 3820 331">
    <p class='ocr_par' dir='ltr' id='par_1_3' title="bbox 3715 269 3820 331">
     <span class='ocr_line' id='line_1_3' title="bbox 3715 269 3820 331; baseline 0 0"><span class='ocrx_word' id='word_1_4' title='bbox 3715 269 3820 331; x_wconf 76' lang='lat'><strong>256</strong></span> 
     </span>
    </p>
   </div>
   <div class='ocr_carea' id='block_1_4' title="bbox 416 393 3822 486">
    <p class='ocr_par' dir='ltr' id='par_1_4' title="bbox 416 393 3822 486">
     <span class='ocr_line' id='line_1_4' title="bbox 416 393 3822 486; baseline -0.005 -6"><span class='ocrx_word' id='word_1_5' title='bbox 416 423 806 480; x_wconf 81' lang='lat' dir='ltr'><strong>creaturarum</strong></span> <span class='ocrx_word' id='word_1_6' title='bbox 838 417 1250 486; x_wconf 83' lang='lat' dir='ltr'><strong>conditricem;</strong></span> <span class='ocrx_word' id='word_1_7' title='bbox 1285 429 1461 473; x_wconf 89' lang='lat' dir='ltr'><strong>unum</strong></span> <span class='ocrx_word' id='word_1_8' title='bbox 1489 415 1862 486; x_wconf 83' lang='lat' dir='ltr'><strong>principium,</strong></span> <span class='ocrx_word' id='word_1_9' title='bbox 1899 425 2069 470; x_wconf 90' lang='lat' dir='ltr'><strong>unam</strong></span> <span class='ocrx_word' id='word_1_10' title='bbox 2096 393 2149 453; x_wconf 86' lang='grc' dir='ltr'><strong>Α</strong></span> <span class='ocrx_word' id='word_1_11' title='bbox 2182 407 2410 466; x_wconf 89' lang='lat' dir='ltr'><strong>naturis</strong></span> <span class='ocrx_word' id='word_1_12' title='bbox 2429 413 2484 466; x_wconf 91' lang='lat' dir='ltr'><strong>et</strong></span> <span class='ocrx_word' id='word_1_13' title='bbox 2509 408 2568 465; x_wconf 86' lang='lat' dir='ltr'><strong>in</strong></span> <span class='ocrx_word' id='word_1_14' title='bbox 2589 405 2816 464; x_wconf 83' lang='lat' dir='ltr'><strong>duabus</strong></span> <span class='ocrx_word' id='word_1_15' title='bbox 2835 406 3063 464; x_wconf 89' lang='lat' dir='ltr'><strong>naturis</strong></span> <span class='ocrx_word' id='word_1_16' title='bbox 3082 419 3260 463; x_wconf 88' lang='lat' dir='ltr'><strong>unum</strong></span> <span class='ocrx_word' id='word_1_17' title='bbox 3287 408 3495 462; x_wconf 67' lang='lat' dir='ltr'><strong>sanctae</strong></span> <span class='ocrx_word' id='word_1_18' title='bbox 3523 405 3822 463; x_wconf 69' lang='lat' dir='ltr'><strong>Trinitatis</strong></span> 
     </span>
    </p>
   </div>
   <div class='ocr_carea' id='block_1_5' title="bbox 415 506 2072 580">
    <p class='ocr_par' dir='ltr' id='par_1_5' title="bbox 415 506 2072 580">
     <span class='ocr_line' id='line_1_5' title="bbox 415 506 2072 580; baseline -0.008 -11"><span class='ocrx_word' id='word_1_19' title='bbox 415 513 682 570; x_wconf 81' lang='lat' dir='ltr'><strong>deitatem</strong></span> <span class='ocrx_word' id='word_1_20' title='bbox 720 516 774 566; x_wconf 93' lang='lat' dir='ltr'><strong>et</strong></span> <span class='ocrx_word' id='word_1_21' title='bbox 804 509 1273 580; x_wconf 79' lang='lat' dir='ltr'><strong>dominationem,</strong></span> <span class='ocrx_word' id='word_1_22' title='bbox 1316 521 1492 564; x_wconf 91' lang='lat' dir='ltr'><strong>unum</strong></span> <span class='ocrx_word' id='word_1_23' title='bbox 1527 506 1852 576; x_wconf 92' lang='lat' dir='ltr'><strong>imperium,</strong></span> <span class='ocrx_word' id='word_1_24' title='bbox 1881 507 2072 573; x_wconf 88' lang='lat' dir='ltr'><strong>poten-</strong></span> 
     </span>
    </p>
   </div>
   <div class='ocr_carea' id='block_1_6' title="bbox 418 596 2070 672">
    <p class='ocr_par' dir='ltr' id='par_1_6' title="bbox 418 596 2070 672">
     <span class='ocr_line' id='line_1_6' title="bbox 418 596 2070 672; baseline -0.006 -12"><span class='ocrx_word' id='word_1_25' title='bbox 418 608 596 660; x_wconf 91' lang='lat' dir='ltr'><strong>tatum</strong></span> <span class='ocrx_word' id='word_1_26' title='bbox 617 609 671 658; x_wconf 91' lang='lat' dir='ltr'><strong>et</strong></span> <span class='ocrx_word' id='word_1_27' title='bbox 692 607 1019 672; x_wconf 90' lang='lat' dir='ltr'><strong>potestatem</strong></span> <span class='ocrx_word' id='word_1_28' title='bbox 1046 601 1103 657; x_wconf 90' lang='lat' dir='ltr'><strong>in</strong></span> <span class='ocrx_word' id='word_1_29' title='bbox 1122 600 1310 656; x_wconf 89' lang='lat' dir='ltr'><strong>tribus</strong></span> <span class='ocrx_word' id='word_1_30' title='bbox 1328 598 1744 660; x_wconf 87' lang='lat' dir='ltr'><strong>subsistentiis,</strong></span> <span class='ocrx_word' id='word_1_31' title='bbox 1772 596 2070 652; x_wconf 90' lang='lat' dir='ltr'><strong>individue</strong></span> 
     </span>
    </p>
   </div>
   <div class='ocr_carea' id='block_1_7' title="bbox 420 685 2069 765">
    <p class='ocr_par' dir='ltr' id='par_1_7' title="bbox 420 685 2069 765">
     <span class='ocr_line' id='line_1_7' title="bbox 420 685 2069 765; baseline -0.005 -15"><span class='ocrx_word' id='word_1_32' title='bbox 420 695 649 765; x_wconf 88' lang='lat' dir='ltr'><strong>quidem</strong></span> <span class='ocrx_word' id='word_1_33' title='bbox 667 694 934 763; x_wconf 88' lang='lat' dir='ltr'><strong>divisam,</strong></span> <span class='ocrx_word' id='word_1_34' title='bbox 954 700 1008 748; x_wconf 90' lang='lat' dir='ltr'><strong>et</strong></span> <span class='ocrx_word' id='word_1_35' title='bbox 1023 692 1208 748; x_wconf 86' lang='lat' dir='ltr'><strong>divise</strong></span> <span class='ocrx_word' id='word_1_36' title='bbox 1227 691 1445 748; x_wconf 89' lang='lat' dir='ltr'><strong>unitam</strong></span> <span class='ocrx_word' id='word_1_37' title='bbox 1467 708 1480 744; x_wconf 91' lang='lat'><strong>:</strong></span> <span class='ocrx_word' id='word_1_38' title='bbox 1504 704 1613 745; x_wconf 93' lang='lat' dir='ltr'><strong>non</strong></span> <span class='ocrx_word' id='word_1_39' title='bbox 1632 703 1698 743; x_wconf 83' lang='lat' dir='ltr'><strong>ex</strong></span> <span class='ocrx_word' id='word_1_40' title='bbox 1718 685 2069 756; x_wconf 87' lang='lat' dir='ltr'><strong>imperfectis</strong></span> 
     </span>
    </p>
   </div>
   <div class='ocr_carea' id='block_1_8' title="bbox 415 777 2069 853">
    <p class='ocr_par' dir='ltr' id='par_1_8' title="bbox 415 777 2069 853">
     <span class='ocr_line' id='line_1_8' title="bbox 415 777 2069 853; baseline -0.005 -12"><span class='ocrx_word' id='word_1_41' title='bbox 415 785 604 842; x_wconf 91' lang='lat' dir='ltr'><strong>tribus</strong></span> <span class='ocrx_word' id='word_1_42' title='bbox 633 799 808 841; x_wconf 92' lang='lat' dir='ltr'><strong>unum</strong></span> <span class='ocrx_word' id='word_1_43' title='bbox 830 784 1051 853; x_wconf 91' lang='lat' dir='ltr'><strong>aliquid</strong></span> <span class='ocrx_word' id='word_1_44' title='bbox 1089 780 1432 852; x_wconf 83' lang='lat' dir='ltr'><strong>perfectum;</strong></span> <span class='ocrx_word' id='word_1_45' title='bbox 1457 781 1551 836; x_wconf 92' lang='lat' dir='ltr'><strong>sed</strong></span> <span class='ocrx_word' id='word_1_46' title='bbox 1579 793 1646 835; x_wconf 83' lang='lat' dir='ltr'><strong>ex</strong></span> <span class='ocrx_word' id='word_1_47' title='bbox 1664 779 1851 834; x_wconf 91' lang='lat' dir='ltr'><strong>tribus</strong></span> <span class='ocrx_word' id='word_1_48' title='bbox 1880 777 2069 847; x_wconf 89' lang='lat' dir='ltr'><strong>perfe-</strong></span> 
     </span>
    </p>
   </div>
   <div class='ocr_carea' id='block_1_9' title="bbox 417 868 2062 944">
    <p class='ocr_par' dir='ltr' id='par_1_9' title="bbox 417 868 2062 944">
     <span class='ocr_line' id='line_1_9' title="bbox 417 868 2062 944; baseline -0.006 -13"><span class='ocrx_word' id='word_1_49' title='bbox 417 876 528 931; x_wconf 90' lang='lat' dir='ltr'><strong>ctis</strong></span> <span class='ocrx_word' id='word_1_50' title='bbox 575 890 750 932; x_wconf 91' lang='lat' dir='ltr'><strong>unum</strong></span> <span class='ocrx_word' id='word_1_51' title='bbox 802 873 1288 944; x_wconf 86' lang='lat' dir='ltr'><strong>superperfectum</strong></span> <span class='ocrx_word' id='word_1_52' title='bbox 1319 877 1372 928; x_wconf 92' lang='lat' dir='ltr'><strong>et</strong></span> <span class='ocrx_word' id='word_1_53' title='bbox 1400 872 1700 942; x_wconf 84' lang='lat' dir='ltr'><strong>plusquam</strong></span> <span class='ocrx_word' id='word_1_54' title='bbox 1733 868 2062 939; x_wconf 87' lang='lat' dir='ltr'><strong>perfectum,</strong></span> 
     </span>
    </p>
   </div>
   <div class='ocr_carea' id='block_1_10' title="bbox 417 958 2064 1037">
    <p class='ocr_par' dir='ltr' id='par_1_10' title="bbox 417 958 2064 1037">
     <span class='ocr_line' id='line_1_10' title="bbox 417 958 2064 1037; baseline -0.007 -14"><span class='ocrx_word' id='word_1_55' title='bbox 417 966 501 1023; x_wconf 90' lang='lat' dir='ltr'><strong>uti</strong></span> <span class='ocrx_word' id='word_1_56' title='bbox 531 981 770 1037; x_wconf 87' lang='lat' dir='ltr'><strong>magnus</strong></span> <span class='ocrx_word' id='word_1_57' title='bbox 788 967 1016 1022; x_wconf 91' lang='lat' dir='ltr'><strong>locutus</strong></span> <span class='ocrx_word' id='word_1_58' title='bbox 1031 968 1117 1020; x_wconf 90' lang='lat' dir='ltr'><strong>est</strong></span> <span class='ocrx_word' id='word_1_59' title='bbox 1138 963 1450 1034; x_wconf 85' lang='lat' dir='ltr'><strong>Dionysius</strong></span> <span class='ocrx_word' id='word_1_60' title='bbox 1473 978 1512 1016; x_wconf 84' lang='grc' dir='ltr'><strong>ι.</strong></span> <span class='ocrx_word' id='word_1_61' title='bbox 1536 965 1732 1031; x_wconf 81' lang='lat' dir='ltr'><strong>Itaque</strong></span> <span class='ocrx_word' id='word_1_62' title='bbox 1753 958 2064 1014; x_wconf 90' lang='lat' dir='ltr'><strong>secundum</strong></span> 
     </span>
    </p>
   </div>
   <div class='ocr_carea' id='block_1_11' title="bbox 416 1049 2067 1126">
    <p class='ocr_par' dir='ltr' id='par_1_11' title="bbox 416 1049 2067 1126">
     <span class='ocr_line' id='line_1_11' title="bbox 416 1049 2067 1126; baseline -0.006 -14"><span class='ocrx_word' id='word_1_63' title='bbox 416 1057 819 1126; x_wconf 82' lang='lat' dir='ltr'><strong>proprietatem</strong></span> <span class='ocrx_word' id='word_1_64' title='bbox 849 1068 1214 1126; x_wconf 90' lang='lat' dir='ltr'><strong>personarum</strong></span> <span class='ocrx_word' id='word_1_65' title='bbox 1240 1054 1352 1108; x_wconf 84' lang='lat' dir='ltr'><strong>tria</strong></span> <span class='ocrx_word' id='word_1_66' title='bbox 1394 1053 1624 1122; x_wconf 85' lang='lat' dir='ltr'><strong>quidem</strong></span> <span class='ocrx_word' id='word_1_67' title='bbox 1651 1049 1937 1106; x_wconf 87' lang='lat' dir='ltr'><strong>adoranda</strong></span> <span class='ocrx_word' id='word_1_68' title='bbox 1965 1065 1980 1115; x_wconf 83' lang='grc'>;</span> <span class='ocrx_word' id='word_1_69' title='bbox 2010 1051 2067 1103; x_wconf 90' lang='lat' dir='ltr'><strong>at</strong></span> 
     </span>
    </p>
   </div>
   <div class='ocr_carea' id='block_1_12' title="bbox 413 1141 2068 1202">
    <p class='ocr_par' dir='ltr' id='par_1_12' title="bbox 413 1141 2068 1202">
     <span class='ocr_line' id='line_1_12' title="bbox 413 1141 2068 1202; baseline -0.005 -2"><span class='ocrx_word' id='word_1_70' title='bbox 413 1160 544 1201; x_wconf 88' lang='lat' dir='ltr'><strong>vero</strong></span> <span class='ocrx_word' id='word_1_71' title='bbox 587 1146 900 1202; x_wconf 86' lang='lat' dir='ltr'><strong>secundum</strong></span> <span class='ocrx_word' id='word_1_72' title='bbox 941 1158 1293 1200; x_wconf 87' lang='lat' dir='ltr'><strong>communem</strong></span> <span class='ocrx_word' id='word_1_73' title='bbox 1327 1147 1546 1199; x_wconf 77' lang='lat' dir='ltr'><strong>naturae</strong></span> <span class='ocrx_word' id='word_1_74' title='bbox 1587 1141 1864 1196; x_wconf 91' lang='lat' dir='ltr'><strong>rationem</strong></span> <span class='ocrx_word' id='word_1_75' title='bbox 1917 1151 2068 1193; x_wconf 91' lang='lat' dir='ltr'><strong>unus</strong></span> 
     </span>
    </p>
   </div>
   <div class='ocr_carea' id='block_1_13' title="bbox 411 1230 2069 1297">
    <p class='ocr_par' dir='ltr' id='par_1_13' title="bbox 411 1230 2069 1297">
     <span class='ocr_line' id='line_1_13' title="bbox 411 1230 2069 1297; baseline -0.005 -7"><span class='ocrx_word' id='word_1_76' title='bbox 411 1237 562 1292; x_wconf 89' lang='lat' dir='ltr'><strong>Deus</strong></span> <span class='ocrx_word' id='word_1_77' title='bbox 585 1237 840 1292; x_wconf 91' lang='lat' dir='ltr'><strong>omnium</strong></span> <span class='ocrx_word' id='word_1_78' title='bbox 872 1235 1053 1290; x_wconf 88' lang='lat' dir='ltr'><strong>factor</strong></span> <span class='ocrx_word' id='word_1_79' title='bbox 1081 1233 1404 1290; x_wconf 87' lang='lat' dir='ltr'><strong>visibilium</strong></span> <span class='ocrx_word' id='word_1_80' title='bbox 1433 1236 1487 1287; x_wconf 89' lang='lat' dir='ltr'><strong>et</strong></span> <span class='ocrx_word' id='word_1_81' title='bbox 1509 1230 1918 1297; x_wconf 89' lang='lat' dir='ltr'><strong>invisibilium,</strong></span> <span class='ocrx_word' id='word_1_82' title='bbox 1953 1242 2069 1283; x_wconf 89' lang='lat' dir='ltr'><strong>om-</strong></span> 
     </span>
    </p>
   </div>
   <div class='ocr_carea' id='block_1_14' title="bbox 415 1321 2068 1395">
    <p class='ocr_par' dir='ltr' id='par_1_14' title="bbox 415 1321 2068 1395">
     <span class='ocr_line' id='line_1_14' title="bbox 415 1321 2068 1395; baseline -0.004 -15"><span class='ocrx_word' id='word_1_83' title='bbox 415 1325 577 1381; x_wconf 88' lang='lat' dir='ltr'><strong>nium</strong></span> <span class='ocrx_word' id='word_1_84' title='bbox 621 1326 896 1395; x_wconf 91' lang='lat' dir='ltr'><strong>provisor.</strong></span> <span class='ocrx_word' id='word_1_85' title='bbox 940 1325 1224 1380; x_wconf 89' lang='lat' dir='ltr'><strong>Conﬁteor</strong></span> <span class='ocrx_word' id='word_1_86' title='bbox 1260 1329 1448 1379; x_wconf 90' lang='lat' dir='ltr'><strong>autem</strong></span> <span class='ocrx_word' id='word_1_87' title='bbox 1491 1321 1694 1376; x_wconf 87' lang='lat' dir='ltr'><strong>factam</strong></span> <span class='ocrx_word' id='word_1_88' title='bbox 1734 1324 1964 1390; x_wconf 82' lang='lat' dir='ltr'><strong>propter</strong></span> <span class='ocrx_word' id='word_1_89' title='bbox 1983 1333 2068 1373; x_wconf 89' lang='lat' dir='ltr'><strong>sa-</strong></span> 
     </span>
    </p>
   </div>
   <div class='ocr_carea' id='block_1_15' title="bbox 421 1411 2066 1470">
    <p class='ocr_par' dir='ltr' id='par_1_15' title="bbox 421 1411 2066 1470">
     <span class='ocr_line' id='line_1_15' title="bbox 421 1411 2066 1470; baseline -0.005 0"><span class='ocrx_word' id='word_1_90' title='bbox 421 1414 595 1470; x_wconf 90' lang='lat' dir='ltr'><strong>lutem</strong></span> <span class='ocrx_word' id='word_1_91' title='bbox 626 1419 875 1470; x_wconf 90' lang='lat' dir='ltr'><strong>nostram</strong></span> <span class='ocrx_word' id='word_1_92' title='bbox 909 1415 965 1470; x_wconf 90' lang='lat' dir='ltr'><strong>in</strong></span> <span class='ocrx_word' id='word_1_93' title='bbox 996 1413 1328 1469; x_wconf 92' lang='lat' dir='ltr'><strong>novissimis</strong></span> <span class='ocrx_word' id='word_1_94' title='bbox 1359 1412 1565 1467; x_wconf 90' lang='lat' dir='ltr'><strong>diebus</strong></span> <span class='ocrx_word' id='word_1_95' title='bbox 1595 1411 1906 1466; x_wconf 89' lang='lat' dir='ltr'><strong>secundum</strong></span> <span class='ocrx_word' id='word_1_96' title='bbox 1929 1422 2066 1463; x_wconf 88' lang='lat' dir='ltr'><strong>car—</strong></span> 
     </span>
    </p>
   </div>
   <div class='ocr_carea' id='block_1_16' title="bbox 412 1497 2068 1566">
    <p class='ocr_par' dir='ltr' id='par_1_16' title="bbox 412 1497 2068 1566">
     <span class='ocr_line' id='line_1_16' title="bbox 412 1497 2068 1566; baseline -0.005 -5"><span class='ocrx_word' id='word_1_97' title='bbox 412 1519 536 1561; x_wconf 88' lang='lat' dir='ltr'><strong>nem</strong></span> <span class='ocrx_word' id='word_1_98' title='bbox 565 1505 914 1560; x_wconf 86' lang='lat' dir='ltr'><strong>nativitatem</strong></span> <span class='ocrx_word' id='word_1_99' title='bbox 942 1505 1118 1560; x_wconf 91' lang='lat' dir='ltr'><strong>unius</strong></span> <span class='ocrx_word' id='word_1_100' title='bbox 1149 1508 1354 1558; x_wconf 66' lang='lat' dir='ltr'><strong>sanctae</strong></span> <span class='ocrx_word' id='word_1_101' title='bbox 1375 1501 1698 1566; x_wconf 77' lang='lat' dir='ltr'><strong>Trinitatis,</strong></span> <span class='ocrx_word' id='word_1_102' title='bbox 1727 1499 1861 1555; x_wconf 89' lang='lat' dir='ltr'><strong>Filii</strong></span> <span class='ocrx_word' id='word_1_103' title='bbox 1895 1497 2068 1553; x_wconf 90' lang='lat' dir='ltr'><strong>scili-</strong></span> 
     </span>
    </p>
   </div>
   <div class='ocr_carea' id='block_1_17' title="bbox 411 1588 2065 1656">
    <p class='ocr_par' dir='ltr' id='par_1_17' title="bbox 411 1588 2065 1656">
     <span class='ocr_line' id='line_1_17' title="bbox 411 1588 2065 1656; baseline -0.005 -5"><span class='ocrx_word' id='word_1_104' title='bbox 411 1601 498 1651; x_wconf 90' lang='lat' dir='ltr'><strong>cet</strong></span> <span class='ocrx_word' id='word_1_105' title='bbox 526 1596 623 1649; x_wconf 86' lang='lat' dir='ltr'><strong>Dei</strong></span> <span class='ocrx_word' id='word_1_106' title='bbox 658 1601 714 1650; x_wconf 91' lang='lat' dir='ltr'><strong>et</strong></span> <span class='ocrx_word' id='word_1_107' title='bbox 755 1595 981 1650; x_wconf 90' lang='lat' dir='ltr'><strong>Domini</strong></span> <span class='ocrx_word' id='word_1_108' title='bbox 1028 1594 1209 1650; x_wconf 85' lang='lat' dir='ltr'><strong>nostri</strong></span> <span class='ocrx_word' id='word_1_109' title='bbox 1249 1595 1379 1648; x_wconf 88' lang='lat' dir='ltr'><strong>.lesu</strong></span> <span class='ocrx_word' id='word_1_110' title='bbox 1425 1590 1663 1656; x_wconf 80' lang='lat' dir='ltr'><strong>Christi,</strong></span> <span class='ocrx_word' id='word_1_111' title='bbox 1696 1604 1762 1645; x_wconf 84' lang='lat' dir='ltr'><strong>ex</strong></span> <span class='ocrx_word' id='word_1_112' title='bbox 1789 1588 2065 1644; x_wconf 89' lang='lat' dir='ltr'><strong>veraciter</strong></span> 
     </span>
    </p>
   </div>
   <div class='ocr_carea' id='block_1_18' title="bbox 412 1679 2064 1754">
    <p class='ocr_par' dir='ltr' id='par_1_18' title="bbox 412 1679 2064 1754">
     <span class='ocr_line' id='line_1_18' title="bbox 412 1679 2064 1754; baseline -0.005 -14"><span class='ocrx_word' id='word_1_113' title='bbox 412 1689 605 1740; x_wconf 91' lang='lat' dir='ltr'><strong>sancta</strong></span> <span class='ocrx_word' id='word_1_114' title='bbox 627 1685 727 1739; x_wconf 91' lang='lat' dir='ltr'><strong>Dei</strong></span> <span class='ocrx_word' id='word_1_115' title='bbox 758 1684 1036 1754; x_wconf 89' lang='lat' dir='ltr'><strong>genitrice</strong></span> <span class='ocrx_word' id='word_1_116' title='bbox 1074 1696 1408 1752; x_wconf 88' lang='lat' dir='ltr'><strong>semperque</strong></span> <span class='ocrx_word' id='word_1_117' title='bbox 1429 1681 1664 1749; x_wconf 75' lang='lat' dir='ltr'><strong>Virgine</strong></span> <span class='ocrx_word' id='word_1_118' title='bbox 1701 1679 1910 1735; x_wconf 89' lang='lat' dir='ltr'><strong>Maria:</strong></span> <span class='ocrx_word' id='word_1_119' title='bbox 1935 1691 2064 1734; x_wconf 91' lang='lat' dir='ltr'><strong>con-</strong></span> 
     </span>
    </p>
   </div>
   <div class='ocr_carea' id='block_1_19' title="bbox 413 1767 2061 1844">
    <p class='ocr_par' dir='ltr' id='par_1_19' title="bbox 413 1767 2061 1844">
     <span class='ocr_line' id='line_1_19' title="bbox 413 1767 2061 1844; baseline -0.005 -14"><span class='ocrx_word' id='word_1_120' title='bbox 413 1775 848 1830; x_wconf 87' lang='lat' dir='ltr'><strong>substantialem</strong></span> <span class='ocrx_word' id='word_1_121' title='bbox 879 1773 1108 1844; x_wconf 87' lang='lat' dir='ltr'><strong>quidem</strong></span> <span class='ocrx_word' id='word_1_122' title='bbox 1137 1770 1346 1827; x_wconf 90' lang='lat' dir='ltr'><strong>factum</strong></span> <span class='ocrx_word' id='word_1_123' title='bbox 1390 1771 1554 1826; x_wconf 90' lang='lat' dir='ltr'><strong>nobis</strong></span> <span class='ocrx_word' id='word_1_124' title='bbox 1587 1769 1771 1825; x_wconf 93' lang='lat' dir='ltr'><strong>modis</strong></span> <span class='ocrx_word' id='word_1_125' title='bbox 1793 1767 2061 1824; x_wconf 90' lang='lat' dir='ltr'><strong>omnibus</strong></span> 
     </span>
    </p>
   </div>
   <div class='ocr_carea' id='block_1_20' title="bbox 411 1857 2059 1934">
    <p class='ocr_par' dir='ltr' id='par_1_20' title="bbox 411 1857 2059 1934">
     <span class='ocr_line' id='line_1_20' title="bbox 411 1857 2059 1934; baseline -0.005 -13"><span class='ocrx_word' id='word_1_126' title='bbox 411 1864 625 1934; x_wconf 89' lang='lat' dir='ltr'><strong>absque</strong></span> <span class='ocrx_word' id='word_1_127' title='bbox 670 1868 915 1933; x_wconf 87' lang='lat' dir='ltr'><strong>peccato,</strong></span> <span class='ocrx_word' id='word_1_128' title='bbox 955 1876 1064 1918; x_wconf 92' lang='lat' dir='ltr'><strong>non</strong></span> <span class='ocrx_word' id='word_1_129' title='bbox 1110 1866 1296 1917; x_wconf 87' lang='lat' dir='ltr'><strong>autem</strong></span> <span class='ocrx_word' id='word_1_130' title='bbox 1336 1861 1687 1915; x_wconf 87' lang='lat' dir='ltr'><strong>desinentem</strong></span> <span class='ocrx_word' id='word_1_131' title='bbox 1745 1873 1869 1913; x_wconf 87' lang='lat' dir='ltr'><strong>esse</strong></span> <span class='ocrx_word' id='word_1_132' title='bbox 1911 1857 2059 1928; x_wconf 92' lang='lat' dir='ltr'><strong>quod</strong></span> 
     </span>
    </p>
   </div>
   <div class='ocr_carea' id='block_1_21' title="bbox 411 1949 2062 2010">
    <p class='ocr_par' dir='ltr' id='par_1_21' title="bbox 411 1949 2062 2010">
     <span class='ocr_line' id='line_1_21' title="bbox 411 1949 2062 2010; baseline -0.004 0"><span class='ocrx_word' id='word_1_133' title='bbox 411 1959 557 2010; x_wconf 91' lang='lat' dir='ltr'><strong>erat:</strong></span> <span class='ocrx_word' id='word_1_134' title='bbox 581 1956 675 2010; x_wconf 76' lang='lat' dir='ltr'><strong>sed</strong></span> <span class='ocrx_word' id='word_1_135' title='bbox 697 1953 922 2009; x_wconf 91' lang='lat' dir='ltr'><strong>duabus</strong></span> <span class='ocrx_word' id='word_1_136' title='bbox 940 1952 1165 2008; x_wconf 90' lang='lat' dir='ltr'><strong>naturis</strong></span> <span class='ocrx_word' id='word_1_137' title='bbox 1179 1950 1478 2007; x_wconf 84' lang='lat' dir='ltr'><strong>inconfuse</strong></span> <span class='ocrx_word' id='word_1_138' title='bbox 1497 1949 1860 2005; x_wconf 88' lang='lat' dir='ltr'><strong>manentibus</strong></span> <span class='ocrx_word' id='word_1_139' title='bbox 1877 1953 1932 2003; x_wconf 92' lang='lat' dir='ltr'><strong>et</strong></span> <span class='ocrx_word' id='word_1_140' title='bbox 1951 1961 2062 2004; x_wconf 91' lang='lat' dir='ltr'><strong>una</strong></span> 
     </span>
    </p>
   </div>
   <div class='ocr_carea' id='block_1_22' title="bbox 411 2039 2068 2108">
    <p class='ocr_par' dir='ltr' id='par_1_22' title="bbox 411 2039 2068 2108">
     <span class='ocr_line' id='line_1_22' title="bbox 411 2039 2068 2108; baseline -0.004 -8"><span class='ocrx_word' id='word_1_141' title='bbox 411 2059 539 2100; x_wconf 92' lang='lat' dir='ltr'><strong>cum</strong></span> <span class='ocrx_word' id='word_1_142' title='bbox 566 2042 1018 2100; x_wconf 86' lang='lat' dir='ltr'><strong>consistentibus</strong></span> <span class='ocrx_word' id='word_1_143' title='bbox 1041 2043 1098 2096; x_wconf 94' lang='lat' dir='ltr'><strong>in</strong></span> <span class='ocrx_word' id='word_1_144' title='bbox 1125 2056 1182 2097; x_wconf 91' lang='lat' dir='ltr'><strong>se</strong></span> <span class='ocrx_word' id='word_1_145' title='bbox 1203 2041 1430 2097; x_wconf 89' lang='lat' dir='ltr'><strong>duabus</strong></span> <span class='ocrx_word' id='word_1_146' title='bbox 1446 2039 1841 2096; x_wconf 85' lang='lat' dir='ltr'><strong>voluntatibus</strong></span> <span class='ocrx_word' id='word_1_147' title='bbox 1861 2043 1916 2094; x_wconf 92' lang='lat' dir='ltr'><strong>et</strong></span> <span class='ocrx_word' id='word_1_148' title='bbox 1941 2053 2068 2108; x_wconf 89' lang='lat' dir='ltr'><strong>ope-</strong></span> 
     </span>
    </p>
   </div>
   <div class='ocr_carea' id='block_1_23' title="bbox 411 2129 2061 2200">
    <p class='ocr_par' dir='ltr' id='par_1_23' title="bbox 411 2129 2061 2200">
     <span class='ocr_line' id='line_1_23' title="bbox 411 2129 2061 2200; baseline -0.006 -10"><span class='ocrx_word' id='word_1_149' title='bbox 411 2134 765 2190; x_wconf 87' lang='lat' dir='ltr'><strong>rationibus:</strong></span> <span class='ocrx_word' id='word_1_150' title='bbox 789 2132 1130 2188; x_wconf 85' lang='lat' dir='ltr'><strong>cruciﬁxum</strong></span> <span class='ocrx_word' id='word_1_151' title='bbox 1161 2145 1261 2200; x_wconf 90' lang='lat' dir='ltr'><strong>pro</strong></span> <span class='ocrx_word' id='word_1_152' title='bbox 1279 2130 1447 2186; x_wconf 94' lang='lat' dir='ltr'><strong>nobis</strong></span> <span class='ocrx_word' id='word_1_153' title='bbox 1462 2143 1650 2200; x_wconf 90' lang='lat' dir='ltr'><strong>carne,</strong></span> <span class='ocrx_word' id='word_1_154' title='bbox 1673 2136 1731 2184; x_wconf 92' lang='lat' dir='ltr'><strong>et</strong></span> <span class='ocrx_word' id='word_1_155' title='bbox 1752 2129 2061 2198; x_wconf 53' lang='lat' dir='ltr'><strong>sepultum,</strong></span> 
     </span>
    </p>
   </div>
   <div class='ocr_carea' id='block_1_24' title="bbox 410 2220 2060 2292">
    <p class='ocr_par' dir='ltr' id='par_1_24' title="bbox 410 2220 2060 2292">
     <span class='ocr_line' id='line_1_24' title="bbox 410 2220 2060 2292; baseline -0.005 -11"><span class='ocrx_word' id='word_1_156' title='bbox 410 2228 467 2282; x_wconf 85' lang='lat' dir='ltr'><strong>et</strong></span> <span class='ocrx_word' id='word_1_157' title='bbox 481 2223 883 2291; x_wconf 80' lang='lat' dir='ltr'><strong>resurrexisse,</strong></span> <span class='ocrx_word' id='word_1_158' title='bbox 921 2223 978 2277; x_wconf 92' lang='lat' dir='ltr'><strong>in</strong></span> <span class='ocrx_word' id='word_1_159' title='bbox 1003 2222 1288 2292; x_wconf 73' lang='lat' dir='ltr'><strong>cmlosque</strong></span> <span class='ocrx_word' id='word_1_160' title='bbox 1309 2220 1651 2290; x_wconf 89' lang='lat' dir='ltr'><strong>ascendisse,</strong></span> <span class='ocrx_word' id='word_1_161' title='bbox 1684 2224 1739 2275; x_wconf 92' lang='lat' dir='ltr'><strong>et</strong></span> <span class='ocrx_word' id='word_1_162' title='bbox 1759 2223 2060 2274; x_wconf 90' lang='lat' dir='ltr'><strong>venturum</strong></span> 
     </span>
    </p>
   </div>
   <div class='ocr_carea' id='block_1_25' title="bbox 406 2307 2066 2384">
    <p class='ocr_par' dir='ltr' id='par_1_25' title="bbox 406 2307 2066 2384">
     <span class='ocr_line' id='line_1_25' title="bbox 406 2307 2066 2384; baseline -0.005 -14"><span class='ocrx_word' id='word_1_163' title='bbox 406 2315 669 2384; x_wconf 82' lang='lat' dir='ltr'><strong>judicare</strong></span> <span class='ocrx_word' id='word_1_164' title='bbox 689 2313 848 2368; x_wconf 91' lang='lat' dir='ltr'><strong>vivos</strong></span> <span class='ocrx_word' id='word_1_165' title='bbox 867 2318 922 2367; x_wconf 89' lang='lat' dir='ltr'><strong>et</strong></span> <span class='ocrx_word' id='word_1_166' title='bbox 940 2316 1214 2367; x_wconf 89' lang='lat' dir='ltr'><strong>mortuos.</strong></span> <span class='ocrx_word' id='word_1_167' title='bbox 1242 2313 1480 2377; x_wconf 87' lang='lat' dir='ltr'><strong>Insuper</strong></span> <span class='ocrx_word' id='word_1_168' title='bbox 1499 2323 1663 2377; x_wconf 90' lang='lat' dir='ltr'><strong>spero</strong></span> <span class='ocrx_word' id='word_1_169' title='bbox 1699 2307 2066 2364; x_wconf 88' lang='lat' dir='ltr'><strong>resurrectio-</strong></span> 
     </span>
    </p>
   </div>
   <div class='ocr_carea' id='block_1_26' title="bbox 412 2397 2065 2471">
    <p class='ocr_par' dir='ltr' id='par_1_26' title="bbox 412 2397 2065 2471">
     <span class='ocr_line' id='line_1_26' title="bbox 412 2397 2065 2471; baseline -0.004 -12"><span class='ocrx_word' id='word_1_170' title='bbox 412 2418 538 2461; x_wconf 90' lang='lat' dir='ltr'><strong>nem</strong></span> <span class='ocrx_word' id='word_1_171' title='bbox 572 2407 948 2471; x_wconf 91' lang='lat' dir='ltr'><strong>mortuorum,</strong></span> <span class='ocrx_word' id='word_1_172' title='bbox 991 2406 1046 2456; x_wconf 93' lang='lat' dir='ltr'><strong>et</strong></span> <span class='ocrx_word' id='word_1_173' title='bbox 1088 2400 1449 2466; x_wconf 88' lang='lat' dir='ltr'><strong>singulorum</strong></span> <span class='ocrx_word' id='word_1_174' title='bbox 1479 2403 1763 2469; x_wconf 86' lang='lat' dir='ltr'><strong>gestorum</strong></span> <span class='ocrx_word' id='word_1_175' title='bbox 1795 2397 2065 2453; x_wconf 90' lang='lat' dir='ltr'><strong>redditio-</strong></span> 
     </span>
    </p>
   </div>
   <div class='ocr_carea' id='block_1_27' title="bbox 413 2486 2064 2564">
    <p class='ocr_par' dir='ltr' id='par_1_27' title="bbox 413 2486 2064 2564">
     <span class='ocr_line' id='line_1_27' title="bbox 413 2486 2064 2564; baseline -0.004 -16"><span class='ocrx_word' id='word_1_176' title='bbox 413 2507 536 2549; x_wconf 93' lang='lat' dir='ltr'><strong>nem</strong></span> <span class='ocrx_word' id='word_1_177' title='bbox 567 2488 698 2564; x_wconf 65' lang='lat' dir='ltr'><strong>[Gn</strong></span> <span class='ocrx_word' id='word_1_178' title='bbox 733 2492 864 2545; x_wconf 80' lang='lat' dir='ltr'><strong>add.</strong></span> <span class='ocrx_word' id='word_1_179' title='bbox 911 2486 1212 2561; x_wconf 62' lang='lat' dir='ltr'><strong>aeternam]</strong></span> <span class='ocrx_word' id='word_1_180' title='bbox 1254 2488 1532 2544; x_wconf 89' lang='lat' dir='ltr'><strong>bonorum</strong></span> <span class='ocrx_word' id='word_1_181' title='bbox 1574 2487 1817 2557; x_wconf 90' lang='lat' dir='ltr'><strong>scilicet,</strong></span> <span class='ocrx_word' id='word_1_182' title='bbox 1873 2490 1928 2542; x_wconf 93' lang='lat' dir='ltr'><strong>et</strong></span> <span class='ocrx_word' id='word_1_183' title='bbox 1970 2486 2064 2541; x_wconf 89' lang='lat' dir='ltr'><strong>his</strong></span> 
     </span>
    </p>
   </div>
   <div class='ocr_carea' id='block_1_28' title="bbox 410 2576 2064 2648">
    <p class='ocr_par' dir='ltr' id='par_1_28' title="bbox 410 2576 2064 2648">
     <span class='ocr_line' id='line_1_28' title="bbox 410 2576 2064 2648; baseline -0.004 -11"><span class='ocrx_word' id='word_1_184' title='bbox 410 2580 850 2638; x_wconf 90' lang='lat' dir='ltr'><strong>contrariorum.</strong></span> <span class='ocrx_word' id='word_1_185' title='bbox 902 2581 1181 2648; x_wconf 86' lang='lat' dir='ltr'><strong>Expetens</strong></span> <span class='ocrx_word' id='word_1_186' title='bbox 1224 2578 1395 2632; x_wconf 91' lang='lat' dir='ltr'><strong>etiam</strong></span> <span class='ocrx_word' id='word_1_187' title='bbox 1448 2576 1888 2632; x_wconf 89' lang='lat' dir='ltr'><strong>intercessiones</strong></span> <span class='ocrx_word' id='word_1_188' title='bbox 1923 2589 2064 2630; x_wconf 88' lang='lat' dir='ltr'><strong>san—</strong></span> 
     </span>
    </p>
   </div>
   <div class='ocr_carea' id='block_1_29' title="bbox 411 2665 2066 2732">
    <p class='ocr_par' dir='ltr' id='par_1_29' title="bbox 411 2665 2066 2732">
     <span class='ocr_line' id='line_1_29' title="bbox 411 2665 2066 2732; baseline -0.004 -7"><span class='ocrx_word' id='word_1_189' title='bbox 411 2669 686 2726; x_wconf 73' lang='lat' dir='ltr'><strong>ctissima:</strong></span> <span class='ocrx_word' id='word_1_190' title='bbox 711 2673 767 2724; x_wconf 91' lang='lat' dir='ltr'><strong>et</strong></span> <span class='ocrx_word' id='word_1_191' title='bbox 793 2668 1140 2723; x_wconf 80' lang='lat' dir='ltr'><strong>intemeratae</strong></span> <span class='ocrx_word' id='word_1_192' title='bbox 1163 2667 1410 2722; x_wconf 67' lang='lat' dir='ltr'><strong>dominae</strong></span> <span class='ocrx_word' id='word_1_193' title='bbox 1437 2671 1643 2721; x_wconf 68' lang='lat' dir='ltr'><strong>nostrae</strong></span> <span class='ocrx_word' id='word_1_194' title='bbox 1671 2665 1771 2720; x_wconf 91' lang='lat' dir='ltr'><strong>Dei</strong></span> <span class='ocrx_word' id='word_1_195' title='bbox 1814 2665 2066 2732; x_wconf 89' lang='lat' dir='ltr'><strong>genitri—</strong></span> 
     </span>
    </p>
   </div>
   <div class='ocr_carea' id='block_1_30' title="bbox 410 2753 2064 2828">
    <p class='ocr_par' dir='ltr' id='par_1_30' title="bbox 410 2753 2064 2828">
     <span class='ocr_line' id='line_1_30' title="bbox 410 2753 2064 2828; baseline -0.005 -12"><span class='ocrx_word' id='word_1_196' title='bbox 410 2759 498 2816; x_wconf 85' lang='lat' dir='ltr'><strong>cis</strong></span> <span class='ocrx_word' id='word_1_197' title='bbox 518 2764 573 2813; x_wconf 91' lang='lat' dir='ltr'><strong>et</strong></span> <span class='ocrx_word' id='word_1_198' title='bbox 597 2771 819 2826; x_wconf 91' lang='lat' dir='ltr'><strong>semper</strong></span> <span class='ocrx_word' id='word_1_199' title='bbox 842 2757 1102 2828; x_wconf 80' lang='lat' dir='ltr'><strong>Virginis</strong></span> <span class='ocrx_word' id='word_1_200' title='bbox 1133 2755 1343 2822; x_wconf 66' lang='lat' dir='ltr'><strong>Marim,</strong></span> <span class='ocrx_word' id='word_1_201' title='bbox 1373 2759 1815 2824; x_wconf 91' lang='lat' dir='ltr'><strong>sanctorumque</strong></span> <span class='ocrx_word' id='word_1_202' title='bbox 1839 2753 2064 2824; x_wconf 90' lang='lat' dir='ltr'><strong>angelo-</strong></span> 
     </span>
    </p>
   </div>
   <div class='ocr_carea' id='block_1_31' title="bbox 414 2844 2057 2914">
    <p class='ocr_par' dir='ltr' id='par_1_31' title="bbox 414 2844 2057 2914">
     <span class='ocr_line' id='line_1_31' title="bbox 414 2844 2057 2914; baseline -0.004 -9"><span class='ocrx_word' id='word_1_203' title='bbox 414 2863 563 2914; x_wconf 92' lang='lat' dir='ltr'><strong>rum,</strong></span> <span class='ocrx_word' id='word_1_204' title='bbox 578 2853 633 2903; x_wconf 91' lang='lat' dir='ltr'><strong>et</strong></span> <span class='ocrx_word' id='word_1_205' title='bbox 655 2852 980 2904; x_wconf 89' lang='lat' dir='ltr'><strong>sanctorum</strong></span> <span class='ocrx_word' id='word_1_206' title='bbox 999 2850 1053 2902; x_wconf 92' lang='lat' dir='ltr'><strong>et</strong></span> <span class='ocrx_word' id='word_1_207' title='bbox 1077 2846 1629 2913; x_wconf 86' lang='lat' dir='ltr'><strong>gloriosissimorum</strong></span> <span class='ocrx_word' id='word_1_208' title='bbox 1649 2844 2057 2913; x_wconf 90' lang='lat' dir='ltr'><strong>apostolorum,</strong></span> 
     </span>
    </p>
   </div>
   <div class='ocr_carea' id='block_1_32' title="bbox 414 2934 2064 3009">
    <p class='ocr_par' dir='ltr' id='par_1_32' title="bbox 414 2934 2064 3009">
     <span class='ocr_line' id='line_1_32' title="bbox 414 2934 2064 3009; baseline -0.004 -15"><span class='ocrx_word' id='word_1_209' title='bbox 414 2939 840 3009; x_wconf 91' lang='lat' dir='ltr'><strong>prophetarum,</strong></span> <span class='ocrx_word' id='word_1_210' title='bbox 867 2940 1200 3006; x_wconf 87' lang='lat' dir='ltr'><strong>martyrum,</strong></span> <span class='ocrx_word' id='word_1_211' title='bbox 1224 2934 1640 3002; x_wconf 88' lang='lat' dir='ltr'><strong>confessorum,</strong></span> <span class='ocrx_word' id='word_1_212' title='bbox 1668 2939 1722 2990; x_wconf 90' lang='lat' dir='ltr'><strong>et</strong></span> <span class='ocrx_word' id='word_1_213' title='bbox 1749 2935 2064 3007; x_wconf 89' lang='lat' dir='ltr'><strong>magistro-</strong></span> 
     </span>
    </p>
   </div>
   <div class='ocr_carea' id='block_1_33' title="bbox 409 3022 2063 3099">
    <p class='ocr_par' dir='ltr' id='par_1_33' title="bbox 409 3022 2063 3099">
     <span class='ocr_line' id='line_1_33' title="bbox 409 3022 2063 3099; baseline -0.004 -16"><span class='ocrx_word' id='word_1_214' title='bbox 409 3041 535 3083; x_wconf 90' lang='lat' dir='ltr'><strong>rum</strong></span> <span class='ocrx_word' id='word_1_215' title='bbox 567 3022 960 3099; x_wconf 87' lang='lat' dir='ltr'><strong>[doctorum],</strong></span> <span class='ocrx_word' id='word_1_216' title='bbox 989 3025 1248 3080; x_wconf 90' lang='lat' dir='ltr'><strong>salutans</strong></span> <span class='ocrx_word' id='word_1_217' title='bbox 1273 3029 1330 3079; x_wconf 92' lang='lat' dir='ltr'><strong>et</strong></span> <span class='ocrx_word' id='word_1_218' title='bbox 1367 3023 1719 3080; x_wconf 87' lang='lat' dir='ltr'><strong>venerabiles</strong></span> <span class='ocrx_word' id='word_1_219' title='bbox 1750 3024 1946 3080; x_wconf 89' lang='lat' dir='ltr'><strong>iconas</strong></span> <span class='ocrx_word' id='word_1_220' title='bbox 1975 3036 2063 3077; x_wconf 90' lang='lat' dir='ltr'><strong>eo-</strong></span> 
     </span>
    </p>
   </div>
   <div class='ocr_carea' id='block_1_34' title="bbox 408 3112 2061 3184">
    <p class='ocr_par' dir='ltr' id='par_1_34' title="bbox 408 3112 2061 3184">
     <span class='ocr_line' id='line_1_34' title="bbox 408 3112 2061 3184; baseline -0.002 -12"><span class='ocrx_word' id='word_1_221' title='bbox 408 3131 556 3184; x_wconf 92' lang='lat' dir='ltr'><strong>rum,</strong></span> <span class='ocrx_word' id='word_1_222' title='bbox 610 3120 665 3171; x_wconf 90' lang='lat' dir='ltr'><strong>et</strong></span> <span class='ocrx_word' id='word_1_223' title='bbox 712 3129 932 3170; x_wconf 90' lang='lat' dir='ltr'><strong>omnem</strong></span> <span class='ocrx_word' id='word_1_224' title='bbox 975 3114 1298 3169; x_wconf 75' lang='lat' dir='ltr'><strong>haereticam</strong></span> <span class='ocrx_word' id='word_1_225' title='bbox 1349 3113 1689 3170; x_wconf 89' lang='lat' dir='ltr'><strong>abominans</strong></span> <span class='ocrx_word' id='word_1_226' title='bbox 1730 3112 2061 3169; x_wconf 91' lang='lat' dir='ltr'><strong>contentio—-</strong></span> 
     </span>
    </p>
   </div>
   <div class='ocr_carea' id='block_1_35' title="bbox 409 3203 2060 3274">
    <p class='ocr_par' dir='ltr' id='par_1_35' title="bbox 409 3203 2060 3274">
     <span class='ocr_line' id='line_1_35' title="bbox 409 3203 2060 3274; baseline -0.004 -12"><span class='ocrx_word' id='word_1_227' title='bbox 409 3220 555 3274; x_wconf 87' lang='lat' dir='ltr'><strong>nem,</strong></span> <span class='ocrx_word' id='word_1_228' title='bbox 601 3218 815 3260; x_wconf 90' lang='lat' dir='ltr'><strong>necnon</strong></span> <span class='ocrx_word' id='word_1_229' title='bbox 860 3208 915 3258; x_wconf 88' lang='lat' dir='ltr'><strong>et</strong></span> <span class='ocrx_word' id='word_1_230' title='bbox 961 3217 1156 3258; x_wconf 93' lang='lat' dir='ltr'><strong>eorum</strong></span> <span class='ocrx_word' id='word_1_231' title='bbox 1201 3203 1468 3260; x_wconf 88' lang='lat' dir='ltr'><strong>ductores</strong></span> <span class='ocrx_word' id='word_1_232' title='bbox 1529 3207 1700 3274; x_wconf 91' lang='lat' dir='ltr'><strong>atque</strong></span> <span class='ocrx_word' id='word_1_233' title='bbox 1759 3203 2060 3273; x_wconf 90' lang='lat' dir='ltr'><strong>primores,</strong></span> 
     </span>
    </p>
   </div>
   <div class='ocr_carea' id='block_1_36' title="bbox 407 3291 2061 3362">
    <p class='ocr_par' dir='ltr' id='par_1_36' title="bbox 407 3291 2061 3362">
     <span class='ocr_line' id='line_1_36' title="bbox 407 3291 2061 3362; baseline -0.004 -11"><span class='ocrx_word' id='word_1_234' title='bbox 407 3295 673 3352; x_wconf 91' lang='lat' dir='ltr'><strong>Sinonem</strong></span> <span class='ocrx_word' id='word_1_235' title='bbox 718 3293 1002 3360; x_wconf 91' lang='lat' dir='ltr'><strong>videlicet,</strong></span> <span class='ocrx_word' id='word_1_236' title='bbox 1060 3292 1422 3362; x_wconf 89' lang='lat' dir='ltr'><strong>Marcionem,</strong></span> <span class='ocrx_word' id='word_1_237' title='bbox 1473 3294 1768 3354; x_wconf 85' lang='lat' dir='ltr'><strong>Manetem,</strong></span> <span class='ocrx_word' id='word_1_238' title='bbox 1822 3291 2061 3346; x_wconf 90' lang='lat' dir='ltr'><strong>Paulum</strong></span> 
     </span>
    </p>
   </div>
   <div class='ocr_carea' id='block_1_37' title="bbox 414 3381 2065 3455">
    <p class='ocr_par' dir='ltr' id='par_1_37' title="bbox 414 3381 2065 3455">
     <span class='ocr_line' id='line_1_37' title="bbox 414 3381 2065 3455; baseline -0.004 -15"><span class='ocrx_word' id='word_1_239' title='bbox 414 3397 644 3455; x_wconf 91' lang='lat' dir='ltr'><strong>quoque</strong></span> <span class='ocrx_word' id='word_1_240' title='bbox 668 3384 1114 3439; x_wconf 90' lang='lat' dir='ltr'><strong>Samosatenum.</strong></span> <span class='ocrx_word' id='word_1_241' title='bbox 1154 3386 1209 3437; x_wconf 90' lang='lat' dir='ltr'><strong>et</strong></span> <span class='ocrx_word' id='word_1_242' title='bbox 1239 3381 1524 3438; x_wconf 91' lang='lat' dir='ltr'><strong>Sabellum</strong></span> <span class='ocrx_word' id='word_1_243' title='bbox 1561 3381 1820 3451; x_wconf 88' lang='lat' dir='ltr'><strong>Libyum,</strong></span> <span class='ocrx_word' id='word_1_244' title='bbox 1845 3393 2065 3436; x_wconf 88' lang='lat' dir='ltr'><strong>eorum-</strong></span> 
     </span>
    </p>
   </div>
   <div class='ocr_carea' id='block_1_38' title="bbox 410 3469 2066 3545">
    <p class='ocr_par' dir='ltr' id='par_1_38' title="bbox 410 3469 2066 3545">
     <span class='ocr_line' id='line_1_38' title="bbox 410 3469 2066 3545; baseline -0.003 -16"><span class='ocrx_word' id='word_1_245' title='bbox 410 3488 521 3544; x_wconf 92' lang='lat' dir='ltr'><strong>que</strong></span> <span class='ocrx_word' id='word_1_246' title='bbox 548 3473 809 3545; x_wconf 81' lang='lat' dir='ltr'><strong>dogmata</strong></span> <span class='ocrx_word' id='word_1_247' title='bbox 857 3470 1094 3527; x_wconf 91' lang='lat' dir='ltr'><strong>nefaria.</strong></span> <span class='ocrx_word' id='word_1_248' title='bbox 1124 3471 1358 3541; x_wconf 79' lang='lat' dir='ltr'><strong>Recipio</strong></span> <span class='ocrx_word' id='word_1_249' title='bbox 1382 3471 1554 3527; x_wconf 91' lang='lat' dir='ltr'><strong>etiam</strong></span> <span class='ocrx_word' id='word_1_250' title='bbox 1592 3476 1817 3526; x_wconf 90' lang='lat' dir='ltr'><strong>sanctas</strong></span> <span class='ocrx_word' id='word_1_251' title='bbox 1841 3474 1896 3524; x_wconf 92' lang='lat' dir='ltr'><strong>et</strong></span> <span class='ocrx_word' id='word_1_252' title='bbox 1922 3469 2066 3524; x_wconf 90' lang='lat' dir='ltr'><strong>uni-</strong></span> 
     </span>
    </p>
   </div>
   <div class='ocr_carea' id='block_1_39' title="bbox 405 3560 2065 3631">
    <p class='ocr_par' dir='ltr' id='par_1_39' title="bbox 405 3560 2065 3631">
     <span class='ocr_line' id='line_1_39' title="bbox 405 3560 2065 3631; baseline -0.004 -14"><span class='ocrx_word' id='word_1_253' title='bbox 405 3563 653 3618; x_wconf 88' lang='lat' dir='ltr'><strong>versales</strong></span> <span class='ocrx_word' id='word_1_254' title='bbox 676 3576 773 3618; x_wconf 79' lang='lat' dir='ltr'><strong>sex</strong></span> <span class='ocrx_word' id='word_1_255' title='bbox 817 3560 1083 3631; x_wconf 88' lang='lat' dir='ltr'><strong>synodos,</strong></span> <span class='ocrx_word' id='word_1_256' title='bbox 1110 3565 1166 3615; x_wconf 93' lang='lat' dir='ltr'><strong>et</strong></span> <span class='ocrx_word' id='word_1_257' title='bbox 1201 3574 1395 3616; x_wconf 90' lang='lat' dir='ltr'><strong>earum</strong></span> <span class='ocrx_word' id='word_1_258' title='bbox 1422 3560 1620 3614; x_wconf 92' lang='lat' dir='ltr'><strong>divina</strong></span> <span class='ocrx_word' id='word_1_259' title='bbox 1651 3560 1913 3629; x_wconf 82' lang='lat' dir='ltr'><strong>dogmata</strong></span> <span class='ocrx_word' id='word_1_260' title='bbox 1957 3571 2065 3626; x_wconf 88' lang='lat' dir='ltr'><strong>pa—</strong></span> 
     </span>
    </p>
   </div>
   <div class='ocr_carea' id='block_1_40' title="bbox 408 3645 2064 3716">
    <p class='ocr_par' dir='ltr' id='par_1_40' title="bbox 408 3645 2064 3716">
     <span class='ocr_line' id='line_1_40' title="bbox 408 3645 2064 3716; baseline -0.004 -9"><span class='ocrx_word' id='word_1_261' title='bbox 408 3651 550 3707; x_wconf 91' lang='lat' dir='ltr'><strong>riter</strong></span> <span class='ocrx_word' id='word_1_262' title='bbox 569 3655 623 3706; x_wconf 92' lang='lat' dir='ltr'><strong>et</strong></span> <span class='ocrx_word' id='word_1_263' title='bbox 650 3649 965 3716; x_wconf 90' lang='lat' dir='ltr'><strong>doctrinas,</strong></span> <span class='ocrx_word' id='word_1_264' title='bbox 992 3652 1262 3716; x_wconf 89' lang='lat' dir='ltr'><strong>tanquam</strong></span> <span class='ocrx_word' id='word_1_265' title='bbox 1297 3661 1423 3716; x_wconf 69' lang='lat' dir='ltr'><strong>quae</strong></span> <span class='ocrx_word' id='word_1_266' title='bbox 1451 3646 1648 3702; x_wconf 90' lang='lat' dir='ltr'><strong>divina</strong></span> <span class='ocrx_word' id='word_1_267' title='bbox 1681 3645 2064 3715; x_wconf 88' lang='lat' dir='ltr'><strong>inspiratione</strong></span> 
     </span>
    </p>
   </div>
   <div class='ocr_carea' id='block_1_41' title="bbox 406 3733 2066 3803">
    <p class='ocr_par' dir='ltr' id='par_1_41' title="bbox 406 3733 2066 3803">
     <span class='ocr_line' id='line_1_41' title="bbox 406 3733 2066 3803; baseline -0.003 -9"><span class='ocrx_word' id='word_1_268' title='bbox 406 3738 576 3794; x_wconf 89' lang='lat' dir='ltr'><strong>nobis</strong></span> <span class='ocrx_word' id='word_1_269' title='bbox 601 3738 813 3794; x_wconf 91' lang='lat' dir='ltr'><strong>tradita</strong></span> <span class='ocrx_word' id='word_1_270' title='bbox 838 3735 1074 3792; x_wconf 85' lang='lat' dir='ltr'><strong>fuerint.</strong></span> <span class='ocrx_word' id='word_1_271' title='bbox 1102 3737 1170 3790; x_wconf 88' lang='lat' dir='ltr'><strong>Et</strong></span> <span class='ocrx_word' id='word_1_272' title='bbox 1190 3749 1322 3791; x_wconf 92' lang='lat' dir='ltr'><strong>cum</strong></span> <span class='ocrx_word' id='word_1_273' title='bbox 1355 3735 1539 3802; x_wconf 89' lang='lat' dir='ltr'><strong>prima</strong></span> <span class='ocrx_word' id='word_1_274' title='bbox 1567 3734 1797 3803; x_wconf 91' lang='lat' dir='ltr'><strong>quidem</strong></span> <span class='ocrx_word' id='word_1_275' title='bbox 1835 3733 2066 3790; x_wconf 72' lang='lat' dir='ltr'><strong>homou&#39;</strong></span> 
     </span>
    </p>
   </div>
   <div class='ocr_carea' id='block_1_42' title="bbox 405 3823 2066 3884">
    <p class='ocr_par' dir='ltr' id='par_1_42' title="bbox 405 3823 2066 3884">
     <span class='ocr_line' id='line_1_42' title="bbox 405 3823 2066 3884; baseline -0.003 -1"><span class='ocrx_word' id='word_1_276' title='bbox 405 3827 532 3884; x_wconf 85' lang='lat' dir='ltr'><strong>sion</strong></span> <span class='ocrx_word' id='word_1_277' title='bbox 560 3831 614 3882; x_wconf 90' lang='lat' dir='ltr'><strong>et</strong></span> <span class='ocrx_word' id='word_1_278' title='bbox 657 3839 773 3881; x_wconf 89' lang='lat' dir='ltr'><strong>una</strong></span> <span class='ocrx_word' id='word_1_279' title='bbox 812 3839 940 3880; x_wconf 93' lang='lat' dir='ltr'><strong>cum</strong></span> <span class='ocrx_word' id='word_1_280' title='bbox 980 3827 1144 3879; x_wconf 88' lang='lat' dir='ltr'><strong>Patre</strong></span> <span class='ocrx_word' id='word_1_281' title='bbox 1169 3824 1299 3880; x_wconf 91' lang='lat' dir='ltr'><strong>sine</strong></span> <span class='ocrx_word' id='word_1_282' title='bbox 1325 3823 1497 3879; x_wconf 91' lang='lat' dir='ltr'><strong>initio</strong></span> <span class='ocrx_word' id='word_1_283' title='bbox 1539 3823 1753 3879; x_wconf 90' lang='lat' dir='ltr'><strong>Filium</strong></span> <span class='ocrx_word' id='word_1_284' title='bbox 1787 3837 1910 3879; x_wconf 89' lang='lat' dir='ltr'><strong>esse</strong></span> <span class='ocrx_word' id='word_1_285' title='bbox 1933 3837 2066 3878; x_wconf 87' lang='lat' dir='ltr'><strong>cre-</strong></span> 
     </span>
    </p>
   </div>
   <div class='ocr_carea' id='block_1_43' title="bbox 406 3911 2067 3985">
    <p class='ocr_par' dir='ltr' id='par_1_43' title="bbox 406 3911 2067 3985">
     <span class='ocr_line' id='line_1_43' title="bbox 406 3911 2067 3985; baseline -0.001 -15"><span class='ocrx_word' id='word_1_286' title='bbox 406 3915 566 3985; x_wconf 72' lang='lat' dir='ltr'><strong>dens,</strong></span> <span class='ocrx_word' id='word_1_287' title='bbox 590 3913 1009 3969; x_wconf 84' lang='lat' dir='ltr'><strong>anathematizo</strong></span> <span class='ocrx_word' id='word_1_288' title='bbox 1036 3913 1278 3981; x_wconf 92' lang='lat' dir='ltr'><strong>impium</strong></span> <span class='ocrx_word' id='word_1_289' title='bbox 1306 3912 1529 3982; x_wconf 82' lang='lat' dir='ltr'><strong>Arium,</strong></span> <span class='ocrx_word' id='word_1_290' title='bbox 1571 3911 1819 3982; x_wconf 80' lang='lat' dir='ltr'><strong>Aetium,</strong></span> <span class='ocrx_word' id='word_1_291' title='bbox 1865 3914 2067 3969; x_wconf 89' lang='lat' dir='ltr'><strong>Euno—</strong></span> 
     </span>
    </p>
   </div>
   <div class='ocr_carea' id='block_1_44' title="bbox 408 4001 2063 4072">
    <p class='ocr_par' dir='ltr' id='par_1_44' title="bbox 408 4001 2063 4072">
     <span class='ocr_line' id='line_1_44' title="bbox 408 4001 2063 4072; baseline -0.001 -15"><span class='ocrx_word' id='word_1_292' title='bbox 408 4002 610 4071; x_wconf 92' lang='lat' dir='ltr'><strong>mium,</strong></span> <span class='ocrx_word' id='word_1_293' title='bbox 640 4001 965 4056; x_wconf 86' lang='lat' dir='ltr'><strong>Eudoxium</strong></span> <span class='ocrx_word' id='word_1_294' title='bbox 991 4006 1047 4057; x_wconf 92' lang='lat' dir='ltr'><strong>et</strong></span> <span class='ocrx_word' id='word_1_295' title='bbox 1093 4001 1532 4071; x_wconf 87' lang='lat' dir='ltr'><strong>Demophilum:</strong></span> <span class='ocrx_word' id='word_1_296' title='bbox 1581 4006 1708 4072; x_wconf 90' lang='lat' dir='ltr'><strong>post</strong></span> <span class='ocrx_word' id='word_1_297' title='bbox 1739 4002 1844 4057; x_wconf 91' lang='lat' dir='ltr'><strong>hos</strong></span> <span class='ocrx_word' id='word_1_298' title='bbox 1873 4005 1929 4056; x_wconf 90' lang='lat' dir='ltr'><strong>et</strong></span> <span class='ocrx_word' id='word_1_299' title='bbox 1965 4015 2063 4056; x_wconf 90' lang='lat' dir='ltr'><strong>eos</strong></span> 
     </span>
    </p>
   </div>
   <div class='ocr_carea' id='block_1_45' title="bbox 406 4091 2064 4161">
    <p class='ocr_par' dir='ltr' id='par_1_45' title="bbox 406 4091 2064 4161">
     <span class='ocr_line' id='line_1_45' title="bbox 406 4091 2064 4161; baseline 0 -15"><span class='ocrx_word' id='word_1_300' title='bbox 406 4091 506 4161; x_wconf 87' lang='lat' dir='ltr'><strong>qui</strong></span> <span class='ocrx_word' id='word_1_301' title='bbox 525 4092 656 4160; x_wconf 89' lang='lat' dir='ltr'><strong>jure</strong></span> <span class='ocrx_word' id='word_1_302' title='bbox 671 4091 949 4146; x_wconf 92' lang='lat' dir='ltr'><strong>dicuntur</strong></span> <span class='ocrx_word' id='word_1_303' title='bbox 961 4091 1288 4146; x_wconf 90' lang='lat' dir='ltr'><strong>Dissimiles</strong></span> <span class='ocrx_word' id='word_1_304' title='bbox 1302 4095 1358 4146; x_wconf 92' lang='lat' dir='ltr'><strong>et</strong></span> <span class='ocrx_word' id='word_1_305' title='bbox 1371 4091 1737 4152; x_wconf 83' lang='lat' dir='ltr'><strong>Semiariani,</strong></span> <span class='ocrx_word' id='word_1_306' title='bbox 1760 4096 1929 4160; x_wconf 90' lang='lat' dir='ltr'><strong>atque</strong></span> <span class='ocrx_word' id='word_1_307' title='bbox 1951 4104 2064 4146; x_wconf 91' lang='lat' dir='ltr'><strong>om-</strong></span> 
     </span>
    </p>
   </div>
   <div class='ocr_carea' id='block_1_46' title="bbox 405 4178 2062 4250">
    <p class='ocr_par' dir='ltr' id='par_1_46' title="bbox 405 4178 2062 4250">
     <span class='ocr_line' id='line_1_46' title="bbox 405 4178 2062 4250; baseline 0 -15"><span class='ocrx_word' id='word_1_308' title='bbox 405 4192 530 4235; x_wconf 88' lang='lat' dir='ltr'><strong>nem</strong></span> <span class='ocrx_word' id='word_1_309' title='bbox 578 4178 1009 4250; x_wconf 88' lang='lat' dir='ltr'><strong>coinquinatam</strong></span> <span class='ocrx_word' id='word_1_310' title='bbox 1054 4193 1250 4236; x_wconf 91' lang='lat' dir='ltr'><strong>eorum</strong></span> <span class='ocrx_word' id='word_1_311' title='bbox 1295 4183 1594 4235; x_wconf 89' lang='lat' dir='ltr'><strong>catervam.</strong></span> <span class='ocrx_word' id='word_1_312' title='bbox 1646 4180 1784 4234; x_wconf 89' lang='lat' dir='ltr'><strong>Cum</strong></span> <span class='ocrx_word' id='word_1_313' title='bbox 1813 4180 2062 4235; x_wconf 90' lang='lat' dir='ltr'><strong>secunda</strong></span> 
     </span>
    </p>
   </div>
   <div class='ocr_carea' id='block_1_47' title="bbox 402 4267 2059 4338">
    <p class='ocr_par' dir='ltr' id='par_1_47' title="bbox 402 4267 2059 4338">
     <span class='ocr_line' id='line_1_47' title="bbox 402 4267 2059 4338; baseline 0.001 -16"><span class='ocrx_word' id='word_1_314' title='bbox 402 4281 534 4324; x_wconf 91' lang='lat' dir='ltr'><strong>vero</strong></span> <span class='ocrx_word' id='word_1_315' title='bbox 557 4270 735 4325; x_wconf 90' lang='lat' dir='ltr'><strong>Deum</strong></span> <span class='ocrx_word' id='word_1_316' title='bbox 764 4281 888 4324; x_wconf 90' lang='lat' dir='ltr'><strong>esse</strong></span> <span class='ocrx_word' id='word_1_317' title='bbox 934 4267 1214 4338; x_wconf 86' lang='lat' dir='ltr'><strong>Spiritum</strong></span> <span class='ocrx_word' id='word_1_318' title='bbox 1249 4273 1506 4325; x_wconf 88' lang='lat' dir='ltr'><strong>sanctum</strong></span> <span class='ocrx_word' id='word_1_319' title='bbox 1543 4273 1598 4323; x_wconf 91' lang='lat' dir='ltr'><strong>et</strong></span> <span class='ocrx_word' id='word_1_320' title='bbox 1647 4268 2059 4324; x_wconf 86' lang='lat' dir='ltr'><strong>viviﬁcatorem</strong></span> 
     </span>
    </p>
   </div>
   <div class='ocr_carea' id='block_1_48' title="bbox 400 4357 2062 4428">
    <p class='ocr_par' dir='ltr' id='par_1_48' title="bbox 400 4357 2062 4428">
     <span class='ocr_line' id='line_1_48' title="bbox 400 4357 2062 4428; baseline 0.001 -16"><span class='ocrx_word' id='word_1_321' title='bbox 400 4357 695 4426; x_wconf 87' lang='lat' dir='ltr'><strong>conﬁtens,</strong></span> <span class='ocrx_word' id='word_1_322' title='bbox 748 4357 960 4425; x_wconf 90' lang='lat' dir='ltr'><strong>abjicio</strong></span> <span class='ocrx_word' id='word_1_323' title='bbox 997 4358 1392 4414; x_wconf 78' lang='lat' dir='ltr'><strong>Macedoniam</strong></span> <span class='ocrx_word' id='word_1_324' title='bbox 1441 4362 1497 4412; x_wconf 92' lang='lat' dir='ltr'><strong>et</strong></span> <span class='ocrx_word' id='word_1_325' title='bbox 1521 4371 1716 4412; x_wconf 91' lang='lat' dir='ltr'><strong>omnes</strong></span> <span class='ocrx_word' id='word_1_326' title='bbox 1742 4357 1842 4428; x_wconf 78' lang='lat' dir='ltr'><strong>qui</strong></span> <span class='ocrx_word' id='word_1_327' title='bbox 1886 4358 2062 4414; x_wconf 93' lang='lat' dir='ltr'><strong>unius</strong></span> 
     </span>
    </p>
   </div>
   <div class='ocr_carea' id='block_1_49' title="bbox 2095 1727 2149 1790">
    <p class='ocr_par' dir='ltr' id='par_1_49' title="bbox 2095 1727 2149 1790">
     <span class='ocr_line' id='line_1_49' title="bbox 2095 1727 2149 1790; baseline 0 0"><span class='ocrx_word' id='word_1_328' title='bbox 2095 1727 2149 1790; x_wconf 90' lang='lat' dir='ltr'>B</span> 
     </span>
    </p>
   </div>
   <div class='ocr_carea' id='block_1_50' title="bbox 2091 3071 2140 3134">
    <p class='ocr_par' dir='ltr' id='par_1_50' title="bbox 2091 3071 2140 3134">
     <span class='ocr_line' id='line_1_50' title="bbox 2091 3071 2140 3134; baseline 0 -2"><span class='ocrx_word' id='word_1_329' title='bbox 2091 3071 2140 3134; x_wconf 89' lang='lat' dir='ltr'><strong>C</strong></span> 
     </span>
    </p>
   </div>
   <div class='ocr_carea' id='block_1_51' title="bbox 2178 497 3821 558">
    <p class='ocr_par' dir='ltr' id='par_1_51' title="bbox 2178 497 3821 558">
     <span class='ocr_line' id='line_1_51' title="bbox 2178 497 3821 558; baseline -0.001 -1"><span class='ocrx_word' id='word_1_330' title='bbox 2178 502 2470 558; x_wconf 88' lang='lat' dir='ltr'><strong>Christum</strong></span> <span class='ocrx_word' id='word_1_331' title='bbox 2519 502 2694 557; x_wconf 90' lang='lat' dir='ltr'><strong>Deum</strong></span> <span class='ocrx_word' id='word_1_332' title='bbox 2750 504 3006 556; x_wconf 89' lang='lat' dir='ltr'><strong>nostrum</strong></span> <span class='ocrx_word' id='word_1_333' title='bbox 3061 511 3230 554; x_wconf 89' lang='lat' dir='ltr'><strong>carne</strong></span> <span class='ocrx_word' id='word_1_334' title='bbox 3275 498 3499 553; x_wconf 87' lang='lat' dir='ltr'><strong>venisse</strong></span> <span class='ocrx_word' id='word_1_335' title='bbox 3553 497 3821 555; x_wconf 86' lang='lat' dir='ltr'><strong>sentiens.</strong></span> 
     </span>
    </p>
   </div>
   <div class='ocr_carea' id='block_1_52' title="bbox 2180 587 3827 661">
    <p class='ocr_par' dir='ltr' id='par_1_52' title="bbox 2180 587 3827 661">
     <span class='ocr_line' id='line_1_52' title="bbox 2180 587 3827 661; baseline -0.004 -13"><span class='ocrx_word' id='word_1_336' title='bbox 2180 591 2600 648; x_wconf 85' lang='lat' dir='ltr'><strong>anathematizo</strong></span> <span class='ocrx_word' id='word_1_337' title='bbox 2630 591 3016 661; x_wconf 84' lang='lat' dir='ltr'><strong>Eutychetem,</strong></span> <span class='ocrx_word' id='word_1_338' title='bbox 3043 589 3400 657; x_wconf 90' lang='lat' dir='ltr'><strong>Dioscorum,</strong></span> <span class='ocrx_word' id='word_1_339' title='bbox 3441 592 3498 643; x_wconf 90' lang='lat' dir='ltr'><strong>et</strong></span> <span class='ocrx_word' id='word_1_340' title='bbox 3531 593 3703 643; x_wconf 87' lang='lat' dir='ltr'><strong>totam</strong></span> <span class='ocrx_word' id='word_1_341' title='bbox 3731 587 3827 657; x_wconf 86' lang='lat' dir='ltr'><strong>ip-</strong></span> 
     </span>
    </p>
   </div>
   <div class='ocr_carea' id='block_1_53' title="bbox 2183 677 3827 751">
    <p class='ocr_par' dir='ltr' id='par_1_53' title="bbox 2183 677 3827 751">
     <span class='ocr_line' id='line_1_53' title="bbox 2183 677 3827 751; baseline -0.005 -12"><span class='ocrx_word' id='word_1_342' title='bbox 2183 697 2374 739; x_wconf 87' lang='lat' dir='ltr'><strong>sorum</strong></span> <span class='ocrx_word' id='word_1_343' title='bbox 2399 682 2526 737; x_wconf 89' lang='lat' dir='ltr'><strong>sine</strong></span> <span class='ocrx_word' id='word_1_344' title='bbox 2547 681 2733 751; x_wconf 86' lang='lat' dir='ltr'><strong>capite</strong></span> <span class='ocrx_word' id='word_1_345' title='bbox 2762 680 3215 741; x_wconf 90' lang='lat' dir='ltr'><strong>multitudinem,</strong></span> <span class='ocrx_word' id='word_1_346' title='bbox 3241 693 3352 735; x_wconf 88' lang='lat' dir='ltr'><strong>una</strong></span> <span class='ocrx_word' id='word_1_347' title='bbox 3375 693 3503 733; x_wconf 92' lang='lat' dir='ltr'><strong>cum</strong></span> <span class='ocrx_word' id='word_1_348' title='bbox 3543 677 3827 734; x_wconf 76' lang='lat' dir='ltr'><strong>divinitus</strong></span> 
     </span>
    </p>
   </div>
   <div class='ocr_carea' id='block_1_54' title="bbox 2168 769 3823 841">
    <p class='ocr_par' dir='ltr' id='par_1_54' title="bbox 2168 769 3823 841">
     <span class='ocr_line' id='line_1_54' title="bbox 2168 769 3823 841; baseline -0.003 -14"><span class='ocrx_word' id='word_1_349' title='bbox 2168 771 2538 829; x_wconf 39' lang='lat' dir='ltr'><strong>&#39;fulminando</strong></span> <span class='ocrx_word' id='word_1_350' title='bbox 2554 772 2775 841; x_wconf 90' lang='lat' dir='ltr'><strong>Severo,</strong></span> <span class='ocrx_word' id='word_1_351' title='bbox 2795 776 2850 825; x_wconf 91' lang='lat' dir='ltr'><strong>et</strong></span> <span class='ocrx_word' id='word_1_352' title='bbox 2869 769 3105 825; x_wconf 91' lang='lat' dir='ltr'><strong>infando</strong></span> <span class='ocrx_word' id='word_1_353' title='bbox 3123 769 3353 824; x_wconf 88' lang='lat' dir='ltr'><strong>Juliano</strong></span> <span class='ocrx_word' id='word_1_354' title='bbox 3375 769 3823 833; x_wconf 87' lang='lat' dir='ltr'><strong>Halicarnasseo,</strong></span> 
     </span>
    </p>
   </div>
   <div class='ocr_carea' id='block_1_55' title="bbox 2181 861 3829 934">
    <p class='ocr_par' dir='ltr' id='par_1_55' title="bbox 2181 861 3829 934">
     <span class='ocr_line' id='line_1_55' title="bbox 2181 861 3829 934; baseline -0.004 -14"><span class='ocrx_word' id='word_1_355' title='bbox 2181 864 2281 934; x_wconf 91' lang='lat' dir='ltr'><strong>qui</strong></span> <span class='ocrx_word' id='word_1_356' title='bbox 2301 863 2559 920; x_wconf 89' lang='lat' dir='ltr'><strong>fabulose</strong></span> <span class='ocrx_word' id='word_1_357' title='bbox 2576 863 2882 919; x_wconf 91' lang='lat' dir='ltr'><strong>Dominum</strong></span> <span class='ocrx_word' id='word_1_358' title='bbox 2907 865 3163 918; x_wconf 82' lang='lat' dir='ltr'><strong>nostrum</strong></span> <span class='ocrx_word' id='word_1_359' title='bbox 3198 861 3596 930; x_wconf 91' lang='lat' dir='ltr'><strong>incorruptum</strong></span> <span class='ocrx_word' id='word_1_360' title='bbox 3617 875 3829 929; x_wconf 89' lang='lat' dir='ltr'><strong>corpus</strong></span> 
     </span>
    </p>
   </div>
   <div class='ocr_carea' id='block_1_56' title="bbox 2175 950 3831 1024">
    <p class='ocr_par' dir='ltr' id='par_1_56' title="bbox 2175 950 3831 1024">
     <span class='ocr_line' id='line_1_56' title="bbox 2175 950 3831 1024; baseline -0.004 -14"><span class='ocrx_word' id='word_1_361' title='bbox 2175 954 2494 1024; x_wconf 84' lang='lat' dir='ltr'><strong>suscepisse</strong></span> <span class='ocrx_word' id='word_1_362' title='bbox 2523 952 2833 1022; x_wconf 90' lang='lat' dir='ltr'><strong>perhibuit.</strong></span> <span class='ocrx_word' id='word_1_363' title='bbox 2858 951 3132 1018; x_wconf 81' lang='lat' dir='ltr'><strong>.Denique</strong></span> <span class='ocrx_word' id='word_1_364' title='bbox 3158 951 3215 1006; x_wconf 91' lang='lat' dir='ltr'><strong>in</strong></span> <span class='ocrx_word' id='word_1_365' title='bbox 3263 951 3484 1020; x_wconf 89' lang='lat' dir='ltr'><strong>quinta.</strong></span> <span class='ocrx_word' id='word_1_366' title='bbox 3528 964 3653 1020; x_wconf 76' lang='lat' dir='ltr'><strong>qme</strong></span> <span class='ocrx_word' id='word_1_367' title='bbox 3678 950 3831 1006; x_wconf 88' lang='lat' dir='ltr'><strong>sicut</strong></span> 
     </span>
    </p>
   </div>
   <div class='ocr_carea' id='block_1_57' title="bbox 2178 1041 3830 1113">
    <p class='ocr_par' dir='ltr' id='par_1_57' title="bbox 2178 1041 3830 1113">
     <span class='ocr_line' id='line_1_57' title="bbox 2178 1041 3830 1113; baseline -0.002 -14"><span class='ocrx_word' id='word_1_368' title='bbox 2178 1045 2455 1099; x_wconf 55' lang='lat' dir='ltr'><strong>machara</strong></span> <span class='ocrx_word' id='word_1_369' title='bbox 2476 1043 2724 1113; x_wconf 88' lang='lat' dir='ltr'><strong>spiritus</strong></span> <span class='ocrx_word' id='word_1_370' title='bbox 2753 1043 2811 1097; x_wconf 94' lang='lat' dir='ltr'><strong>in</strong></span> <span class='ocrx_word' id='word_1_371' title='bbox 2837 1041 3142 1110; x_wconf 86' lang='lat' dir='ltr'><strong>superﬁcie</strong></span> <span class='ocrx_word' id='word_1_372' title='bbox 3159 1041 3576 1110; x_wconf 89' lang='lat' dir='ltr'><strong>quodammodo</strong></span> <span class='ocrx_word' id='word_1_373' title='bbox 3593 1057 3657 1097; x_wconf 84' lang='lat' dir='ltr'><strong>ex</strong></span> <span class='ocrx_word' id='word_1_374' title='bbox 3682 1041 3830 1111; x_wconf 91' lang='lat' dir='ltr'><strong>prio-</strong></span> 
     </span>
    </p>
   </div>
   <div class='ocr_carea' id='block_1_58' title="bbox 2177 1132 3834 1206">
    <p class='ocr_par' dir='ltr' id='par_1_58' title="bbox 2177 1132 3834 1206">
     <span class='ocr_line' id='line_1_58' title="bbox 2177 1132 3834 1206; baseline -0.002 -16"><span class='ocrx_word' id='word_1_375' title='bbox 2177 1134 2341 1190; x_wconf 92' lang='lat' dir='ltr'><strong>ribus</strong></span> <span class='ocrx_word' id='word_1_376' title='bbox 2367 1133 2721 1203; x_wconf 79' lang='lat' dir='ltr'><strong>temporibus</strong></span> <span class='ocrx_word' id='word_1_377' title='bbox 2746 1133 3076 1206; x_wconf 73' lang='lat' dir='ltr'><strong>navigantes</strong></span> <span class='ocrx_word' id='word_1_378' title='bbox 3114 1132 3347 1202; x_wconf 90' lang='lat' dir='ltr'><strong>iniquas</strong></span> <span class='ocrx_word' id='word_1_379' title='bbox 3377 1132 3614 1188; x_wconf 87' lang='lat' dir='ltr'><strong>rescidit</strong></span> <span class='ocrx_word' id='word_1_380' title='bbox 3644 1132 3834 1187; x_wconf 64' lang='lat' dir='ltr'><strong>haere-</strong></span> 
     </span>
    </p>
   </div>
   <div class='ocr_carea' id='block_1_59' title="bbox 2178 1221 3835 1294">
    <p class='ocr_par' dir='ltr' id='par_1_59' title="bbox 2178 1221 3835 1294">
     <span class='ocr_line' id='line_1_59' title="bbox 2178 1221 3835 1294; baseline -0.002 -14"><span class='ocrx_word' id='word_1_381' title='bbox 2178 1239 2286 1294; x_wconf 88' lang='lat' dir='ltr'><strong>ses,</strong></span> <span class='ocrx_word' id='word_1_382' title='bbox 2314 1223 2717 1279; x_wconf 91' lang='lat' dir='ltr'><strong>etinventores</strong></span> <span class='ocrx_word' id='word_1_383' title='bbox 2762 1221 3028 1293; x_wconf 86' lang='lat' dir='ltr'><strong>patefecit</strong></span> <span class='ocrx_word' id='word_1_384' title='bbox 3057 1236 3274 1290; x_wconf 89' lang='lat' dir='ltr'><strong>earum,</strong></span> <span class='ocrx_word' id='word_1_385' title='bbox 3319 1222 3619 1292; x_wconf 88' lang='lat' dir='ltr'><strong>Origenem</strong></span> <span class='ocrx_word' id='word_1_386' title='bbox 3664 1223 3835 1278; x_wconf 91' lang='lat' dir='ltr'><strong>vide-</strong></span> 
     </span>
    </p>
   </div>
   <div class='ocr_carea' id='block_1_60' title="bbox 2176 1312 3836 1385">
    <p class='ocr_par' dir='ltr' id='par_1_60' title="bbox 2176 1312 3836 1385">
     <span class='ocr_line' id='line_1_60' title="bbox 2176 1312 3836 1385; baseline 0 -17"><span class='ocrx_word' id='word_1_387' title='bbox 2176 1313 2331 1385; x_wconf 91' lang='lat' dir='ltr'><strong>licet,</strong></span> <span class='ocrx_word' id='word_1_388' title='bbox 2360 1318 2416 1369; x_wconf 91' lang='lat' dir='ltr'><strong>et</strong></span> <span class='ocrx_word' id='word_1_389' title='bbox 2433 1313 2760 1384; x_wconf 90' lang='lat' dir='ltr'><strong>Didymum,</strong></span> <span class='ocrx_word' id='word_1_390' title='bbox 2790 1317 2846 1368; x_wconf 91' lang='lat' dir='ltr'><strong>et</strong></span> <span class='ocrx_word' id='word_1_391' title='bbox 2863 1313 3166 1381; x_wconf 90' lang='lat' dir='ltr'><strong>Evagrium</strong></span> <span class='ocrx_word' id='word_1_392' title='bbox 3193 1330 3209 1379; x_wconf 73' lang='grc' dir='ltr'>ς</span> <span class='ocrx_word' id='word_1_393' title='bbox 3234 1313 3313 1367; x_wconf 88' lang='lat' dir='ltr'><strong>ita</strong></span> <span class='ocrx_word' id='word_1_394' title='bbox 3344 1316 3400 1367; x_wconf 90' lang='lat' dir='ltr'><strong>et</strong></span> <span class='ocrx_word' id='word_1_395' title='bbox 3440 1327 3541 1384; x_wconf 86' lang='lat' dir='ltr'><strong>ego</strong></span> <span class='ocrx_word' id='word_1_396' title='bbox 3570 1312 3692 1381; x_wconf 91' lang='lat' dir='ltr'><strong>has,</strong></span> <span class='ocrx_word' id='word_1_397' title='bbox 3732 1315 3836 1368; x_wconf 81' lang='lat' dir='ltr'><strong>ut-</strong></span> 
     </span>
    </p>
   </div>
   <div class='ocr_carea' id='block_1_61' title="bbox 2177 1401 3828 1475">
    <p class='ocr_par' dir='ltr' id='par_1_61' title="bbox 2177 1401 3828 1475">
     <span class='ocr_line' id='line_1_61' title="bbox 2177 1401 3828 1475; baseline -0.002 -16"><span class='ocrx_word' id='word_1_398' title='bbox 2177 1409 2306 1473; x_wconf 87' lang='lat' dir='ltr'><strong>pote</strong></span> <span class='ocrx_word' id='word_1_399' title='bbox 2328 1408 2687 1475; x_wconf 91' lang='lat' dir='ltr'><strong>portentosas</strong></span> <span class='ocrx_word' id='word_1_400' title='bbox 2723 1403 3122 1459; x_wconf 67' lang='lat' dir='ltr'><strong>haereticorum</strong></span> <span class='ocrx_word' id='word_1_401' title='bbox 3159 1401 3564 1470; x_wconf 90' lang='lat' dir='ltr'><strong>fabulationes,</strong></span> <span class='ocrx_word' id='word_1_402' title='bbox 3595 1402 3828 1470; x_wconf 85' lang='lat' dir='ltr'><strong>repello.</strong></span> 
     </span>
    </p>
   </div>
   <div class='ocr_carea' id='block_1_62' title="bbox 2175 1491 3834 1562">
    <p class='ocr_par' dir='ltr' id='par_1_62' title="bbox 2175 1491 3834 1562">
     <span class='ocr_line' id='line_1_62' title="bbox 2175 1491 3834 1562; baseline -0.001 -14"><span class='ocrx_word' id='word_1_403' title='bbox 2175 1495 2348 1550; x_wconf 87' lang='lat' dir='ltr'><strong>Porro</strong></span> <span class='ocrx_word' id='word_1_404' title='bbox 2378 1509 2476 1562; x_wconf 91' lang='lat' dir='ltr'><strong>per</strong></span> <span class='ocrx_word' id='word_1_405' title='bbox 2504 1499 2718 1549; x_wconf 84' lang='lat' dir='ltr'><strong>sextam</strong></span> <span class='ocrx_word' id='word_1_406' title='bbox 2742 1494 2895 1549; x_wconf 88' lang='lat' dir='ltr'><strong>sicut</strong></span> <span class='ocrx_word' id='word_1_407' title='bbox 2923 1507 2989 1549; x_wconf 84' lang='lat' dir='ltr'><strong>ex</strong></span> <span class='ocrx_word' id='word_1_408' title='bbox 3011 1493 3238 1548; x_wconf 89' lang='lat' dir='ltr'><strong>duabus</strong></span> <span class='ocrx_word' id='word_1_409' title='bbox 3268 1493 3495 1548; x_wconf 91' lang='lat' dir='ltr'><strong>naturis</strong></span> <span class='ocrx_word' id='word_1_410' title='bbox 3513 1491 3834 1560; x_wconf 85' lang='lat' dir='ltr'><strong>Christum,</strong></span> 
     </span>
    </p>
   </div>
   <div class='ocr_carea' id='block_1_63' title="bbox 2173 1583 3838 1654">
    <p class='ocr_par' dir='ltr' id='par_1_63' title="bbox 2173 1583 3838 1654">
     <span class='ocr_line' id='line_1_63' title="bbox 2173 1583 3838 1654; baseline -0.001 -16"><span class='ocrx_word' id='word_1_411' title='bbox 2173 1597 2239 1639; x_wconf 85' lang='lat' dir='ltr'><strong>ex</strong></span> <span class='ocrx_word' id='word_1_412' title='bbox 2271 1584 2485 1654; x_wconf 88' lang='lat' dir='ltr'><strong>quibus</strong></span> <span class='ocrx_word' id='word_1_413' title='bbox 2517 1589 2573 1639; x_wconf 90' lang='lat' dir='ltr'><strong>et</strong></span> <span class='ocrx_word' id='word_1_414' title='bbox 2593 1589 2698 1654; x_wconf 91' lang='lat' dir='ltr'><strong>est,</strong></span> <span class='ocrx_word' id='word_1_415' title='bbox 2746 1584 2885 1640; x_wconf 91' lang='lat' dir='ltr'><strong>olim</strong></span> <span class='ocrx_word' id='word_1_416' title='bbox 2926 1598 3048 1638; x_wconf 89' lang='lat' dir='ltr'><strong>esse</strong></span> <span class='ocrx_word' id='word_1_417' title='bbox 3081 1583 3439 1651; x_wconf 88' lang='lat' dir='ltr'><strong>didiceram;</strong></span> <span class='ocrx_word' id='word_1_418' title='bbox 3484 1583 3561 1638; x_wconf 89' lang='lat' dir='ltr'><strong>ita</strong></span> <span class='ocrx_word' id='word_1_419' title='bbox 3593 1587 3648 1637; x_wconf 90' lang='lat' dir='ltr'><strong>et</strong></span> <span class='ocrx_word' id='word_1_420' title='bbox 3685 1583 3838 1638; x_wconf 87' lang='lat' dir='ltr'><strong>duas</strong></span> 
     </span>
    </p>
   </div>
   <div class='ocr_carea' id='block_1_64' title="bbox 2178 1673 3840 1744">
    <p class='ocr_par' dir='ltr' id='par_1_64' title="bbox 2178 1673 3840 1744">
     <span class='ocr_line' id='line_1_64' title="bbox 2178 1673 3840 1744; baseline -0.001 -15"><span class='ocrx_word' id='word_1_421' title='bbox 2178 1675 2469 1730; x_wconf 89' lang='lat' dir='ltr'><strong>naturales</strong></span> <span class='ocrx_word' id='word_1_422' title='bbox 2493 1675 2816 1731; x_wconf 90' lang='lat' dir='ltr'><strong>voluntates</strong></span> <span class='ocrx_word' id='word_1_423' title='bbox 2845 1678 2902 1728; x_wconf 87' lang='lat' dir='ltr'><strong>et</strong></span> <span class='ocrx_word' id='word_1_424' title='bbox 2925 1673 3285 1743; x_wconf 88' lang='lat' dir='ltr'><strong>operationes</strong></span> <span class='ocrx_word' id='word_1_425' title='bbox 3323 1675 3448 1742; x_wconf 88' lang='lat' dir='ltr'><strong>ejus</strong></span> <span class='ocrx_word' id='word_1_426' title='bbox 3488 1674 3545 1728; x_wconf 94' lang='lat' dir='ltr'><strong>in</strong></span> <span class='ocrx_word' id='word_1_427' title='bbox 3589 1679 3840 1744; x_wconf 89' lang='lat' dir='ltr'><strong>utraque</strong></span> 
     </span>
    </p>
   </div>
   <div class='ocr_carea' id='block_1_65' title="bbox 2178 1762 3841 1836">
    <p class='ocr_par' dir='ltr' id='par_1_65' title="bbox 2178 1762 3841 1836">
     <span class='ocr_line' id='line_1_65' title="bbox 2178 1762 3841 1836; baseline -0.002 -15"><span class='ocrx_word' id='word_1_428' title='bbox 2178 1769 2381 1821; x_wconf 88' lang='lat' dir='ltr'><strong>natura</strong></span> <span class='ocrx_word' id='word_1_429' title='bbox 2416 1764 2660 1836; x_wconf 86' lang='lat' dir='ltr'><strong>credidi,</strong></span> <span class='ocrx_word' id='word_1_430' title='bbox 2687 1765 2932 1820; x_wconf 89' lang='lat' dir='ltr'><strong>humana</strong></span> <span class='ocrx_word' id='word_1_431' title='bbox 2960 1763 3185 1818; x_wconf 90' lang='lat' dir='ltr'><strong>scilicet</strong></span> <span class='ocrx_word' id='word_1_432' title='bbox 3231 1768 3286 1819; x_wconf 90' lang='lat' dir='ltr'><strong>et</strong></span> <span class='ocrx_word' id='word_1_433' title='bbox 3321 1764 3535 1820; x_wconf 90' lang='lat' dir='ltr'><strong>divina.</strong></span> <span class='ocrx_word' id='word_1_434' title='bbox 3569 1762 3841 1819; x_wconf 89' lang='lat' dir='ltr'><strong>Submit—</strong></span> 
     </span>
    </p>
   </div>
   <div class='ocr_carea' id='block_1_66' title="bbox 2178 1854 3842 1926">
    <p class='ocr_par' dir='ltr' id='par_1_66' title="bbox 2178 1854 3842 1926">
     <span class='ocr_line' id='line_1_66' title="bbox 2178 1854 3842 1926; baseline -0.001 -16"><span class='ocrx_word' id='word_1_435' title='bbox 2178 1859 2350 1924; x_wconf 92' lang='lat' dir='ltr'><strong>toque</strong></span> <span class='ocrx_word' id='word_1_436' title='bbox 2371 1854 2723 1910; x_wconf 91' lang='lat' dir='ltr'><strong>anathemati</strong></span> <span class='ocrx_word' id='word_1_437' title='bbox 2749 1854 2976 1925; x_wconf 90' lang='lat' dir='ltr'><strong>Cyrum,</strong></span> <span class='ocrx_word' id='word_1_438' title='bbox 3005 1854 3288 1926; x_wconf 82' lang='lat' dir='ltr'><strong>Sergium,</strong></span> <span class='ocrx_word' id='word_1_439' title='bbox 3314 1855 3648 1921; x_wconf 82' lang='lat' dir='ltr'><strong>Honorium,</strong></span> <span class='ocrx_word' id='word_1_440' title='bbox 3687 1855 3842 1924; x_wconf 84' lang='lat' dir='ltr'><strong>Pyr-</strong></span> 
     </span>
    </p>
   </div>
   <div class='ocr_carea' id='block_1_67' title="bbox 2177 1945 3832 2012">
    <p class='ocr_par' dir='ltr' id='par_1_67' title="bbox 2177 1945 3832 2012">
     <span class='ocr_line' id='line_1_67' title="bbox 2177 1945 3832 2012; baseline -0.002 -12"><span class='ocrx_word' id='word_1_441' title='bbox 2177 1945 2368 2012; x_wconf 92' lang='lat' dir='ltr'><strong>rhum,</strong></span> <span class='ocrx_word' id='word_1_442' title='bbox 2418 1945 2680 2012; x_wconf 87' lang='lat' dir='ltr'><strong>Paulum,</strong></span> <span class='ocrx_word' id='word_1_443' title='bbox 2733 1949 2788 2000; x_wconf 92' lang='lat' dir='ltr'><strong>et</strong></span> <span class='ocrx_word' id='word_1_444' title='bbox 2855 1958 3050 2000; x_wconf 88' lang='lat' dir='ltr'><strong>omnes</strong></span> <span class='ocrx_word' id='word_1_445' title='bbox 3115 1947 3531 2000; x_wconf 87' lang='lat' dir='ltr'><strong>consectatores</strong></span> <span class='ocrx_word' id='word_1_446' title='bbox 3583 1957 3832 2000; x_wconf 87' lang='lat' dir='ltr'><strong>eorum:</strong></span> 
     </span>
    </p>
   </div>
   <div class='ocr_carea' id='block_1_68' title="bbox 2175 2034 3839 2106">
    <p class='ocr_par' dir='ltr' id='par_1_68' title="bbox 2175 2034 3839 2106">
     <span class='ocr_line' id='line_1_68' title="bbox 2175 2034 3839 2106; baseline -0.001 -15"><span class='ocrx_word' id='word_1_447' title='bbox 2175 2036 2378 2106; x_wconf 81' lang='lat' dir='ltr'><strong>dogma</strong></span> <span class='ocrx_word' id='word_1_448' title='bbox 2414 2049 2641 2106; x_wconf 91' lang='lat' dir='ltr'><strong>quoque</strong></span> <span class='ocrx_word' id='word_1_449' title='bbox 2681 2035 2958 2106; x_wconf 90' lang='lat' dir='ltr'><strong>ipsorum,</strong></span> <span class='ocrx_word' id='word_1_450' title='bbox 2999 2039 3062 2090; x_wconf 88' lang='lat' dir='ltr'><strong>ut</strong></span> <span class='ocrx_word' id='word_1_451' title='bbox 3103 2034 3506 2090; x_wconf 92' lang='lat' dir='ltr'><strong>Sodomiticam</strong></span> <span class='ocrx_word' id='word_1_452' title='bbox 3539 2035 3734 2104; x_wconf 86' lang='lat' dir='ltr'><strong>vitem,</strong></span> <span class='ocrx_word' id='word_1_453' title='bbox 3782 2039 3839 2090; x_wconf 90' lang='lat' dir='ltr'><strong>et</strong></span> 
     </span>
    </p>
   </div>
   <div class='ocr_carea' id='block_1_69' title="bbox 2174 2124 3843 2196">
    <p class='ocr_par' dir='ltr' id='par_1_69' title="bbox 2174 2124 3843 2196">
     <span class='ocr_line' id='line_1_69' title="bbox 2174 2124 3843 2196; baseline -0.002 -13"><span class='ocrx_word' id='word_1_454' title='bbox 2174 2127 2656 2183; x_wconf 89' lang='lat' dir='ltr'><strong>Gomorrhiticam</strong></span> <span class='ocrx_word' id='word_1_455' title='bbox 2707 2125 3095 2196; x_wconf 81' lang='lat' dir='ltr'><strong>propaginem,</strong></span> <span class='ocrx_word' id='word_1_456' title='bbox 3151 2125 3562 2180; x_wconf 89' lang='lat' dir='ltr'><strong>amaritudinis</strong></span> <span class='ocrx_word' id='word_1_457' title='bbox 3594 2124 3843 2195; x_wconf 88' lang='lat' dir='ltr'><strong>botryo—</strong></span> 
     </span>
    </p>
   </div>
   <div class='ocr_carea' id='block_1_70' title="bbox 2178 2216 3840 2286">
    <p class='ocr_par' dir='ltr' id='par_1_70' title="bbox 2178 2216 3840 2286">
     <span class='ocr_line' id='line_1_70' title="bbox 2178 2216 3840 2286; baseline -0.001 -14"><span class='ocrx_word' id='word_1_458' title='bbox 2178 2230 2302 2272; x_wconf 91' lang='lat' dir='ltr'><strong>nem</strong></span> <span class='ocrx_word' id='word_1_459' title='bbox 2325 2216 2616 2284; x_wconf 90' lang='lat' dir='ltr'><strong>habentes,</strong></span> <span class='ocrx_word' id='word_1_460' title='bbox 2645 2216 2822 2272; x_wconf 89' lang='lat' dir='ltr'><strong>odivi.</strong></span> <span class='ocrx_word' id='word_1_461' title='bbox 2859 2217 3050 2286; x_wconf 87' lang='lat' dir='ltr'><strong>Ipsius</strong></span> <span class='ocrx_word' id='word_1_462' title='bbox 3075 2219 3263 2271; x_wconf 88' lang='lat' dir='ltr'><strong>autem</strong></span> <span class='ocrx_word' id='word_1_463' title='bbox 3299 2220 3507 2270; x_wconf 70' lang='lat' dir='ltr'><strong>sanctae</strong></span> <span class='ocrx_word' id='word_1_464' title='bbox 3536 2218 3708 2270; x_wconf 68' lang='lat' dir='ltr'><strong>sextae</strong></span> <span class='ocrx_word' id='word_1_465' title='bbox 3733 2231 3840 2284; x_wconf 87' lang='lat' dir='ltr'><strong>sy—</strong></span> 
     </span>
    </p>
   </div>
   <div class='ocr_carea' id='block_1_71' title="bbox 2177 2305 3840 2377">
    <p class='ocr_par' dir='ltr' id='par_1_71' title="bbox 2177 2305 3840 2377">
     <span class='ocr_line' id='line_1_71' title="bbox 2177 2305 3840 2377; baseline -0.002 -14"><span class='ocrx_word' id='word_1_466' title='bbox 2177 2308 2311 2363; x_wconf 89' lang='lat' dir='ltr'><strong>nodi</strong></span> <span class='ocrx_word' id='word_1_467' title='bbox 2336 2321 2464 2364; x_wconf 85' lang='lat' dir='ltr'><strong>cum</strong></span> <span class='ocrx_word' id='word_1_468' title='bbox 2489 2306 2760 2363; x_wconf 89' lang='lat' dir='ltr'><strong>omnibus</strong></span> <span class='ocrx_word' id='word_1_469' title='bbox 2779 2305 3164 2375; x_wconf 84' lang='lat' dir='ltr'><strong>dogmatibus,</strong></span> <span class='ocrx_word' id='word_1_470' title='bbox 3215 2319 3339 2376; x_wconf 56' lang='lat' dir='ltr'><strong>quae</strong></span> <span class='ocrx_word' id='word_1_471' title='bbox 3371 2305 3631 2377; x_wconf 87' lang='lat' dir='ltr'><strong>legaliter</strong></span> <span class='ocrx_word' id='word_1_472' title='bbox 3660 2317 3729 2360; x_wconf 92' lang='lat' dir='ltr'><strong>ac</strong></span> <span class='ocrx_word' id='word_1_473' title='bbox 3750 2305 3840 2361; x_wconf 86' lang='lat' dir='ltr'><strong>di-</strong></span> 
     </span>
    </p>
   </div>
   <div class='ocr_carea' id='block_1_72' title="bbox 2174 2395 3840 2466">
    <p class='ocr_par' dir='ltr' id='par_1_72' title="bbox 2174 2395 3840 2466">
     <span class='ocr_line' id='line_1_72' title="bbox 2174 2395 3840 2466; baseline -0.001 -14"><span class='ocrx_word' id='word_1_474' title='bbox 2174 2397 2395 2452; x_wconf 90' lang='lat' dir='ltr'><strong>vinitus</strong></span> <span class='ocrx_word' id='word_1_475' title='bbox 2437 2397 2508 2452; x_wconf 92' lang='lat' dir='ltr'><strong>ab</strong></span> <span class='ocrx_word' id='word_1_476' title='bbox 2547 2411 2608 2452; x_wconf 93' lang='lat' dir='ltr'><strong>ea</strong></span> <span class='ocrx_word' id='word_1_477' title='bbox 2660 2395 3014 2466; x_wconf 75' lang='lat' dir='ltr'><strong>promulgata</strong></span> <span class='ocrx_word' id='word_1_478' title='bbox 3051 2399 3207 2465; x_wconf 90' lang='lat' dir='ltr'><strong>sunt,</strong></span> <span class='ocrx_word' id='word_1_479' title='bbox 3253 2395 3423 2450; x_wconf 92' lang='lat' dir='ltr'><strong>etiam</strong></span> <span class='ocrx_word' id='word_1_480' title='bbox 3466 2395 3840 2463; x_wconf 85' lang='lat' dir='ltr'><strong>depromptos</strong></span> 
     </span>
    </p>
   </div>
   <div class='ocr_carea' id='block_1_73' title="bbox 2173 2483 3838 2556">
    <p class='ocr_par' dir='ltr' id='par_1_73' title="bbox 2173 2483 3838 2556">
     <span class='ocr_line' id='line_1_73' title="bbox 2173 2483 3838 2556; baseline -0.001 -15"><span class='ocrx_word' id='word_1_481' title='bbox 2173 2500 2417 2542; x_wconf 88' lang='lat' dir='ltr'><strong>canones</strong></span> <span class='ocrx_word' id='word_1_482' title='bbox 2439 2486 2656 2556; x_wconf 90' lang='lat' dir='ltr'><strong>recipio</strong></span> <span class='ocrx_word' id='word_1_483' title='bbox 2679 2503 2696 2556; x_wconf 68' lang='grc' dir='ltr'>ς</span> <span class='ocrx_word' id='word_1_484' title='bbox 2719 2486 2775 2542; x_wconf 94' lang='lat' dir='ltr'><strong>in</strong></span> <span class='ocrx_word' id='word_1_485' title='bbox 2823 2485 3038 2556; x_wconf 86' lang='lat' dir='ltr'><strong>quibus</strong></span> <span class='ocrx_word' id='word_1_486' title='bbox 3083 2483 3364 2541; x_wconf 87' lang='lat' dir='ltr'><strong>refertur:</strong></span> <span class='ocrx_word' id='word_1_487' title='bbox 3402 2486 3460 2539; x_wconf 92' lang='lat' dir='ltr'><strong>In</strong></span> <span class='ocrx_word' id='word_1_488' title='bbox 3484 2483 3838 2553; x_wconf 88' lang='lat' dir='ltr'><strong>quibusdam</strong></span> 
     </span>
    </p>
   </div>
   <div class='ocr_carea' id='block_1_74' title="bbox 2173 2573 3844 2647">
    <p class='ocr_par' dir='ltr' id='par_1_74' title="bbox 2173 2573 3844 2647">
     <span class='ocr_line' id='line_1_74' title="bbox 2173 2573 3844 2647; baseline 0 -18"><span class='ocrx_word' id='word_1_489' title='bbox 2173 2575 2583 2632; x_wconf 90' lang='lat' dir='ltr'><strong>venerabilium</strong></span> <span class='ocrx_word' id='word_1_490' title='bbox 2613 2575 2929 2647; x_wconf 85' lang='lat' dir='ltr'><strong>imaginum</strong></span> <span class='ocrx_word' id='word_1_491' title='bbox 2979 2575 3226 2644; x_wconf 89' lang='lat' dir='ltr'><strong>picturis</strong></span> <span class='ocrx_word' id='word_1_492' title='bbox 3269 2587 3451 2644; x_wconf 91' lang='lat' dir='ltr'><strong>agnus</strong></span> <span class='ocrx_word' id='word_1_493' title='bbox 3481 2573 3669 2645; x_wconf 88' lang='lat' dir='ltr'><strong>digito</strong></span> <span class='ocrx_word' id='word_1_494' title='bbox 3699 2588 3844 2642; x_wconf 64' lang='lat' dir='ltr'><strong>pras-</strong></span> 
     </span>
    </p>
   </div>
   <div class='ocr_carea' id='block_1_75' title="bbox 2173 2663 3844 2734">
    <p class='ocr_par' dir='ltr' id='par_1_75' title="bbox 2173 2663 3844 2734">
     <span class='ocr_line' id='line_1_75' title="bbox 2173 2663 3844 2734; baseline -0.002 -14"><span class='ocrx_word' id='word_1_495' title='bbox 2173 2665 2430 2721; x_wconf 90' lang='lat' dir='ltr'><strong>cursoris</strong></span> <span class='ocrx_word' id='word_1_496' title='bbox 2472 2670 2738 2720; x_wconf 86' lang='lat' dir='ltr'><strong>exaratur</strong></span> <span class='ocrx_word' id='word_1_497' title='bbox 2767 2668 3048 2731; x_wconf 89' lang='lat' dir='ltr'><strong>ostensus,</strong></span> <span class='ocrx_word' id='word_1_498' title='bbox 3093 2664 3192 2734; x_wconf 91' lang='lat' dir='ltr'><strong>qui</strong></span> <span class='ocrx_word' id='word_1_499' title='bbox 3224 2663 3284 2718; x_wconf 96' lang='lat' dir='ltr'><strong>in</strong></span> <span class='ocrx_word' id='word_1_500' title='bbox 3325 2663 3505 2733; x_wconf 89' lang='lat' dir='ltr'><strong>ﬁgura</strong></span> <span class='ocrx_word' id='word_1_501' title='bbox 3543 2663 3844 2732; x_wconf 71' lang='lat' dir='ltr'><strong>prmcessit</strong></span> 
     </span>
    </p>
   </div>
   <div class='ocr_carea' id='block_1_76' title="bbox 2174 2753 3832 2826">
    <p class='ocr_par' dir='ltr' id='par_1_76' title="bbox 2174 2753 3832 2826">
     <span class='ocr_line' id='line_1_76' title="bbox 2174 2753 3832 2826; baseline -0.001 -16"><span class='ocrx_word' id='word_1_502' title='bbox 2174 2755 2389 2826; x_wconf 60' lang='lat' dir='ltr'><strong>gratiae,</strong></span> <span class='ocrx_word' id='word_1_503' title='bbox 2415 2768 2606 2810; x_wconf 90' lang='lat' dir='ltr'><strong>verum</strong></span> <span class='ocrx_word' id='word_1_504' title='bbox 2626 2754 2794 2810; x_wconf 92' lang='lat' dir='ltr'><strong>nobis</strong></span> <span class='ocrx_word' id='word_1_505' title='bbox 2817 2767 2914 2822; x_wconf 92' lang='lat' dir='ltr'><strong>per</strong></span> <span class='ocrx_word' id='word_1_506' title='bbox 2936 2753 3113 2822; x_wconf 82' lang='lat' dir='ltr'><strong>legem</strong></span> <span class='ocrx_word' id='word_1_507' title='bbox 3149 2753 3548 2809; x_wconf 89' lang='lat' dir='ltr'><strong>demonstrans</strong></span> <span class='ocrx_word' id='word_1_508' title='bbox 3589 2767 3832 2824; x_wconf 84' lang='lat' dir='ltr'><strong>agnum,</strong></span> 
     </span>
    </p>
   </div>
   <div class='ocr_carea' id='block_1_77' title="bbox 2171 2843 3843 2914">
    <p class='ocr_par' dir='ltr' id='par_1_77' title="bbox 2171 2843 3843 2914">
     <span class='ocr_line' id='line_1_77' title="bbox 2171 2843 3843 2914; baseline 0 -15"><span class='ocrx_word' id='word_1_509' title='bbox 2171 2845 2464 2900; x_wconf 89' lang='lat' dir='ltr'><strong>Christum</strong></span> <span class='ocrx_word' id='word_1_510' title='bbox 2489 2843 2757 2899; x_wconf 84' lang='lat' dir='ltr'><strong>videlicet</strong></span> <span class='ocrx_word' id='word_1_511' title='bbox 2779 2843 3086 2898; x_wconf 89' lang='lat' dir='ltr'><strong>Dominum</strong></span> <span class='ocrx_word' id='word_1_512' title='bbox 3112 2849 3392 2897; x_wconf 93' lang='lat' dir='ltr'><strong>nostrum.</strong></span> <span class='ocrx_word' id='word_1_513' title='bbox 3431 2844 3657 2898; x_wconf 86' lang='lat' dir='ltr'><strong>Veteres</strong></span> <span class='ocrx_word' id='word_1_514' title='bbox 3697 2857 3843 2914; x_wconf 84' lang='lat' dir='ltr'><strong>ergo</strong></span> 
     </span>
    </p>
   </div>
   <div class='ocr_carea' id='block_1_78' title="bbox 2175 2933 3844 3005">
    <p class='ocr_par' dir='ltr' id='par_1_78' title="bbox 2175 2933 3844 3005">
     <span class='ocr_line' id='line_1_78' title="bbox 2175 2933 3844 3005; baseline -0.001 -16"><span class='ocrx_word' id='word_1_515' title='bbox 2175 2933 2388 3005; x_wconf 88' lang='lat' dir='ltr'><strong>ﬁguras</strong></span> <span class='ocrx_word' id='word_1_516' title='bbox 2413 2938 2468 2989; x_wconf 90' lang='lat' dir='ltr'><strong>et</strong></span> <span class='ocrx_word' id='word_1_517' title='bbox 2492 2933 2740 3000; x_wconf 88' lang='lat' dir='ltr'><strong>umbras,</strong></span> <span class='ocrx_word' id='word_1_518' title='bbox 2786 2937 2979 3003; x_wconf 88' lang='lat' dir='ltr'><strong>utpote</strong></span> <span class='ocrx_word' id='word_1_519' title='bbox 3019 2933 3279 2988; x_wconf 85' lang='lat' dir='ltr'><strong>veritatis</strong></span> <span class='ocrx_word' id='word_1_520' title='bbox 3308 2933 3543 3000; x_wconf 86' lang='lat' dir='ltr'><strong>indicia,</strong></span> <span class='ocrx_word' id='word_1_521' title='bbox 3591 2937 3646 2988; x_wconf 86' lang='lat' dir='ltr'><strong>et</strong></span> <span class='ocrx_word' id='word_1_522' title='bbox 3679 2948 3844 3002; x_wconf 71' lang='lat' dir='ltr'><strong>prae-</strong></span> 
     </span>
    </p>
   </div>
   <div class='ocr_carea' id='block_1_79' title="bbox 2171 3022 3832 3092">
    <p class='ocr_par' dir='ltr' id='par_1_79' title="bbox 2171 3022 3832 3092">
     <span class='ocr_line' id='line_1_79' title="bbox 2171 3022 3832 3092; baseline -0.001 -13"><span class='ocrx_word' id='word_1_523' title='bbox 2171 3024 2433 3080; x_wconf 90' lang='lat' dir='ltr'><strong>cedentes</strong></span> <span class='ocrx_word' id='word_1_524' title='bbox 2482 3023 2839 3078; x_wconf 91' lang='lat' dir='ltr'><strong>characteres</strong></span> <span class='ocrx_word' id='word_1_525' title='bbox 2876 3022 3142 3078; x_wconf 75' lang='lat' dir='ltr'><strong>Ecclesiae</strong></span> <span class='ocrx_word' id='word_1_526' title='bbox 3194 3022 3437 3077; x_wconf 89' lang='lat' dir='ltr'><strong>traditos</strong></span> <span class='ocrx_word' id='word_1_527' title='bbox 3479 3022 3832 3092; x_wconf 88' lang='lat' dir='ltr'><strong>salutantes,</strong></span> 
     </span>
    </p>
   </div>
   <div class='ocr_carea' id='block_1_80' title="bbox 2173 3111 3843 3183">
    <p class='ocr_par' dir='ltr' id='par_1_80' title="bbox 2173 3111 3843 3183">
     <span class='ocr_line' id='line_1_80' title="bbox 2173 3111 3843 3183; baseline 0 -15"><span class='ocrx_word' id='word_1_528' title='bbox 2173 3113 2415 3183; x_wconf 87' lang='lat' dir='ltr'><strong>gratiam</strong></span> <span class='ocrx_word' id='word_1_529' title='bbox 2450 3113 2664 3168; x_wconf 90' lang='lat' dir='ltr'><strong>honore</strong></span> <span class='ocrx_word' id='word_1_530' title='bbox 2717 3111 3071 3182; x_wconf 68' lang='lat' dir='ltr'><strong>praaferimus</strong></span> <span class='ocrx_word' id='word_1_531' title='bbox 3115 3116 3169 3167; x_wconf 90' lang='lat' dir='ltr'><strong>et</strong></span> <span class='ocrx_word' id='word_1_532' title='bbox 3205 3111 3523 3179; x_wconf 89' lang='lat' dir='ltr'><strong>veritatem,</strong></span> <span class='ocrx_word' id='word_1_533' title='bbox 3577 3111 3724 3166; x_wconf 91' lang='lat' dir='ltr'><strong>hanc</strong></span> <span class='ocrx_word' id='word_1_534' title='bbox 3773 3118 3843 3169; x_wconf 89' lang='lat' dir='ltr'><strong>ut</strong></span> 
     </span>
    </p>
   </div>
   <div class='ocr_carea' id='block_1_81' title="bbox 2174 3199 3842 3273">
    <p class='ocr_par' dir='ltr' id='par_1_81' title="bbox 2174 3199 3842 3273">
     <span class='ocr_line' id='line_1_81' title="bbox 2174 3199 3842 3273; baseline 0.001 -17"><span class='ocrx_word' id='word_1_535' title='bbox 2174 3202 2317 3273; x_wconf 84' lang='lat' dir='ltr'><strong>legis</strong></span> <span class='ocrx_word' id='word_1_536' title='bbox 2356 3202 2772 3272; x_wconf 90' lang='lat' dir='ltr'><strong>plenitudinem</strong></span> <span class='ocrx_word' id='word_1_537' title='bbox 2817 3201 3200 3257; x_wconf 89' lang='lat' dir='ltr'><strong>admittentes.</strong></span> <span class='ocrx_word' id='word_1_538' title='bbox 3255 3201 3328 3256; x_wconf 94' lang='lat' dir='ltr'><strong>Ut</strong></span> <span class='ocrx_word' id='word_1_539' title='bbox 3375 3215 3508 3271; x_wconf 89' lang='lat' dir='ltr'><strong>ergo</strong></span> <span class='ocrx_word' id='word_1_540' title='bbox 3557 3199 3842 3271; x_wconf 90' lang='lat' dir='ltr'><strong>perfectio</strong></span> 
     </span>
    </p>
   </div>
   <div class='ocr_carea' id='block_1_82' title="bbox 2172 3290 3842 3362">
    <p class='ocr_par' dir='ltr' id='par_1_82' title="bbox 2172 3290 3842 3362">
     <span class='ocr_line' id='line_1_82' title="bbox 2172 3290 3842 3362; baseline -0.001 -16"><span class='ocrx_word' id='word_1_541' title='bbox 2172 3292 2344 3346; x_wconf 90' lang='lat' dir='ltr'><strong>etiam</strong></span> <span class='ocrx_word' id='word_1_542' title='bbox 2370 3306 2467 3361; x_wconf 92' lang='lat' dir='ltr'><strong>per</strong></span> <span class='ocrx_word' id='word_1_543' title='bbox 2497 3291 2750 3347; x_wconf 90' lang='lat' dir='ltr'><strong>colorum</strong></span> <span class='ocrx_word' id='word_1_544' title='bbox 2785 3291 3145 3362; x_wconf 81' lang='lat' dir='ltr'><strong>Operationes</strong></span> <span class='ocrx_word' id='word_1_545' title='bbox 3172 3291 3229 3346; x_wconf 92' lang='lat' dir='ltr'><strong>in</strong></span> <span class='ocrx_word' id='word_1_546' title='bbox 3273 3291 3528 3346; x_wconf 93' lang='lat' dir='ltr'><strong>omnium</strong></span> <span class='ocrx_word' id='word_1_547' title='bbox 3570 3290 3842 3347; x_wconf 88' lang='lat' dir='ltr'><strong>vultibus</strong></span> 
     </span>
    </p>
   </div>
   <div class='ocr_carea' id='block_1_83' title="bbox 2171 3379 3832 3452">
    <p class='ocr_par' dir='ltr' id='par_1_83' title="bbox 2171 3379 3832 3452">
     <span class='ocr_line' id='line_1_83' title="bbox 2171 3379 3832 3452; baseline 0 -16"><span class='ocrx_word' id='word_1_548' title='bbox 2171 3381 2536 3452; x_wconf 89' lang='lat' dir='ltr'><strong>depingatur,</strong></span> <span class='ocrx_word' id='word_1_549' title='bbox 2562 3381 2947 3436; x_wconf 89' lang='lat' dir='ltr'><strong>characterem</strong></span> <span class='ocrx_word' id='word_1_550' title='bbox 2973 3380 3104 3449; x_wconf 88' lang='lat' dir='ltr'><strong>agni</strong></span> <span class='ocrx_word' id='word_1_551' title='bbox 3127 3380 3226 3434; x_wconf 92' lang='lat' dir='ltr'><strong>Dei</strong></span> <span class='ocrx_word' id='word_1_552' title='bbox 3249 3380 3428 3436; x_wconf 89' lang='lat' dir='ltr'><strong>nostri</strong></span> <span class='ocrx_word' id='word_1_553' title='bbox 3460 3379 3699 3449; x_wconf 89' lang='lat' dir='ltr'><strong>Christi,</strong></span> <span class='ocrx_word' id='word_1_554' title='bbox 3723 3381 3832 3450; x_wconf 91' lang='lat' dir='ltr'><strong>qui</strong></span> 
     </span>
    </p>
   </div>
   <div class='ocr_carea' id='block_1_84' title="bbox 2173 3469 3839 3540">
    <p class='ocr_par' dir='ltr' id='par_1_84' title="bbox 2173 3469 3839 3540">
     <span class='ocr_line' id='line_1_84' title="bbox 2173 3469 3839 3540; baseline -0.001 -15"><span class='ocrx_word' id='word_1_555' title='bbox 2173 3470 2330 3526; x_wconf 93' lang='lat' dir='ltr'><strong>tollit</strong></span> <span class='ocrx_word' id='word_1_556' title='bbox 2361 3476 2582 3539; x_wconf 88' lang='lat' dir='ltr'><strong>peccata</strong></span> <span class='ocrx_word' id='word_1_557' title='bbox 2614 3470 2834 3540; x_wconf 90' lang='lat' dir='ltr'><strong>mundi,</strong></span> <span class='ocrx_word' id='word_1_558' title='bbox 2867 3471 3181 3525; x_wconf 92' lang='lat' dir='ltr'><strong>secundum</strong></span> <span class='ocrx_word' id='word_1_559' title='bbox 3215 3469 3624 3524; x_wconf 88' lang='lat' dir='ltr'><strong>humanitatem</strong></span> <span class='ocrx_word' id='word_1_560' title='bbox 3655 3469 3839 3524; x_wconf 90' lang='lat' dir='ltr'><strong>etiam</strong></span> 
     </span>
    </p>
   </div>
   <div class='ocr_carea' id='block_1_85' title="bbox 2175 3557 3835 3630">
    <p class='ocr_par' dir='ltr' id='par_1_85' title="bbox 2175 3557 3835 3630">
     <span class='ocr_line' id='line_1_85' title="bbox 2175 3557 3835 3630; baseline -0.001 -16"><span class='ocrx_word' id='word_1_561' title='bbox 2175 3559 2236 3614; x_wconf 95' lang='lat' dir='ltr'><strong>in</strong></span> <span class='ocrx_word' id='word_1_562' title='bbox 2269 3559 2453 3614; x_wconf 91' lang='lat' dir='ltr'><strong>iconis</strong></span> <span class='ocrx_word' id='word_1_563' title='bbox 2477 3573 2544 3614; x_wconf 82' lang='lat' dir='ltr'><strong>ex</strong></span> <span class='ocrx_word' id='word_1_564' title='bbox 2567 3558 2674 3614; x_wconf 94' lang='lat' dir='ltr'><strong>hoc</strong></span> <span class='ocrx_word' id='word_1_565' title='bbox 2710 3573 2812 3628; x_wconf 92' lang='lat' dir='ltr'><strong>pro</strong></span> <span class='ocrx_word' id='word_1_566' title='bbox 2845 3559 3021 3614; x_wconf 89' lang='lat' dir='ltr'><strong>veteri</strong></span> <span class='ocrx_word' id='word_1_567' title='bbox 3047 3571 3193 3629; x_wconf 88' lang='lat' dir='ltr'><strong>agno</strong></span> <span class='ocrx_word' id='word_1_568' title='bbox 3225 3557 3533 3613; x_wconf 89' lang='lat' dir='ltr'><strong>deﬁnimus</strong></span> <span class='ocrx_word' id='word_1_569' title='bbox 3556 3557 3835 3630; x_wconf 86' lang='lat' dir='ltr'><strong>depingi:</strong></span> 
     </span>
    </p>
   </div>
   <div class='ocr_carea' id='block_1_86' title="bbox 2176 3645 3839 3718">
    <p class='ocr_par' dir='ltr' id='par_1_86' title="bbox 2176 3645 3839 3718">
     <span class='ocr_line' id='line_1_86' title="bbox 2176 3645 3839 3718; baseline -0.001 -14"><span class='ocrx_word' id='word_1_570' title='bbox 2176 3662 2274 3718; x_wconf 91' lang='lat' dir='ltr'><strong>per</strong></span> <span class='ocrx_word' id='word_1_571' title='bbox 2293 3661 2421 3703; x_wconf 91' lang='lat' dir='ltr'><strong>eum</strong></span> <span class='ocrx_word' id='word_1_572' title='bbox 2439 3647 2707 3704; x_wconf 90' lang='lat' dir='ltr'><strong>videlicet</strong></span> <span class='ocrx_word' id='word_1_573' title='bbox 2723 3647 3127 3703; x_wconf 90' lang='lat' dir='ltr'><strong>celsitudinem</strong></span> <span class='ocrx_word' id='word_1_574' title='bbox 3149 3647 3501 3703; x_wconf 87' lang='lat' dir='ltr'><strong>humilitatis</strong></span> <span class='ocrx_word' id='word_1_575' title='bbox 3536 3645 3636 3701; x_wconf 91' lang='lat' dir='ltr'><strong>Dei</strong></span> <span class='ocrx_word' id='word_1_576' title='bbox 3655 3647 3839 3703; x_wconf 87' lang='lat' dir='ltr'><strong>Verbi</strong></span> 
     </span>
    </p>
   </div>
   <div class='ocr_carea' id='block_1_87' title="bbox 2173 3735 3838 3807">
    <p class='ocr_par' dir='ltr' id='par_1_87' title="bbox 2173 3735 3838 3807">
     <span class='ocr_line' id='line_1_87' title="bbox 2173 3735 3838 3807; baseline -0.001 -14"><span class='ocrx_word' id='word_1_577' title='bbox 2173 3736 2637 3807; x_wconf 90' lang='lat' dir='ltr'><strong>considerantes,</strong></span> <span class='ocrx_word' id='word_1_578' title='bbox 2709 3742 2765 3792; x_wconf 90' lang='lat' dir='ltr'><strong>et</strong></span> <span class='ocrx_word' id='word_1_579' title='bbox 2819 3738 2890 3792; x_wconf 88' lang='lat' dir='ltr'><strong>ad</strong></span> <span class='ocrx_word' id='word_1_580' title='bbox 2968 3737 3295 3793; x_wconf 90' lang='lat' dir='ltr'><strong>memoriam</strong></span> <span class='ocrx_word' id='word_1_581' title='bbox 3367 3735 3838 3793; x_wconf 86' lang='lat' dir='ltr'><strong>conversationis</strong></span> 
     </span>
    </p>
   </div>
   <div class='ocr_carea' id='block_1_88' title="bbox 2175 3824 3841 3897">
    <p class='ocr_par' dir='ltr' id='par_1_88' title="bbox 2175 3824 3841 3897">
     <span class='ocr_line' id='line_1_88' title="bbox 2175 3824 3841 3897; baseline 0.001 -17"><span class='ocrx_word' id='word_1_582' title='bbox 2175 3839 2343 3896; x_wconf 90' lang='lat' dir='ltr'><strong>quam</strong></span> <span class='ocrx_word' id='word_1_583' title='bbox 2374 3826 2432 3881; x_wconf 88' lang='lat' dir='ltr'><strong>in</strong></span> <span class='ocrx_word' id='word_1_584' title='bbox 2459 3837 2628 3881; x_wconf 90' lang='lat' dir='ltr'><strong>carne</strong></span> <span class='ocrx_word' id='word_1_585' title='bbox 2659 3826 2858 3897; x_wconf 88' lang='lat' dir='ltr'><strong>gessit,</strong></span> <span class='ocrx_word' id='word_1_586' title='bbox 2889 3825 3176 3895; x_wconf 88' lang='lat' dir='ltr'><strong>passionis</strong></span> <span class='ocrx_word' id='word_1_587' title='bbox 3216 3839 3443 3896; x_wconf 91' lang='lat' dir='ltr'><strong>quoque</strong></span> <span class='ocrx_word' id='word_1_588' title='bbox 3463 3838 3528 3879; x_wconf 87' lang='lat' dir='ltr'><strong>ac</strong></span> <span class='ocrx_word' id='word_1_589' title='bbox 3554 3824 3841 3882; x_wconf 89' lang='lat' dir='ltr'><strong>salutaris</strong></span> 
     </span>
    </p>
   </div>
   <div class='ocr_carea' id='block_1_89' title="bbox 2175 3913 3841 3985">
    <p class='ocr_par' dir='ltr' id='par_1_89' title="bbox 2175 3913 3841 3985">
     <span class='ocr_line' id='line_1_89' title="bbox 2175 3913 3841 3985; baseline 0 -15"><span class='ocrx_word' id='word_1_590' title='bbox 2175 3915 2377 3970; x_wconf 90' lang='lat' dir='ltr'><strong>mortis</strong></span> <span class='ocrx_word' id='word_1_591' title='bbox 2403 3916 2528 3983; x_wconf 90' lang='lat' dir='ltr'><strong>ejus</strong></span> <span class='ocrx_word' id='word_1_592' title='bbox 2558 3915 2815 3982; x_wconf 90' lang='lat' dir='ltr'><strong>adducti,</strong></span> <span class='ocrx_word' id='word_1_593' title='bbox 2863 3919 3034 3985; x_wconf 91' lang='lat' dir='ltr'><strong>atque</strong></span> <span class='ocrx_word' id='word_1_594' title='bbox 3075 3913 3487 3984; x_wconf 88' lang='lat' dir='ltr'><strong>redemptionis</strong></span> <span class='ocrx_word' id='word_1_595' title='bbox 3520 3927 3645 3983; x_wconf 64' lang='lat' dir='ltr'><strong>quae</strong></span> <span class='ocrx_word' id='word_1_596' title='bbox 3694 3913 3841 3970; x_wconf 91' lang='lat' dir='ltr'><strong>hinc</strong></span> 
     </span>
    </p>
   </div>
   <div class='ocr_carea' id='block_1_90' title="bbox 2173 4001 3841 4071">
    <p class='ocr_par' dir='ltr' id='par_1_90' title="bbox 2173 4001 3841 4071">
     <span class='ocr_line' id='line_1_90' title="bbox 2173 4001 3841 4071; baseline 0.001 -13"><span class='ocrx_word' id='word_1_597' title='bbox 2173 4007 2258 4058; x_wconf 91' lang='lat' dir='ltr'><strong>est</strong></span> <span class='ocrx_word' id='word_1_598' title='bbox 2279 4003 2492 4058; x_wconf 91' lang='lat' dir='ltr'><strong>mundo</strong></span> <span class='ocrx_word' id='word_1_599' title='bbox 2521 4003 2733 4059; x_wconf 85' lang='lat' dir='ltr'><strong>effecta.</strong></span> <span class='ocrx_word' id='word_1_600' title='bbox 2788 4003 3118 4071; x_wconf 90' lang='lat' dir='ltr'><strong>Superﬁuas</strong></span> <span class='ocrx_word' id='word_1_601' title='bbox 3162 4007 3349 4059; x_wconf 91' lang='lat' dir='ltr'><strong>autem</strong></span> <span class='ocrx_word' id='word_1_602' title='bbox 3384 4001 3841 4060; x_wconf 88' lang='lat' dir='ltr'><strong>tumultationes</strong></span> 
     </span>
    </p>
   </div>
   <div class='ocr_carea' id='block_1_91' title="bbox 2171 4091 3841 4164">
    <p class='ocr_par' dir='ltr' id='par_1_91' title="bbox 2171 4091 3841 4164">
     <span class='ocr_line' id='line_1_91' title="bbox 2171 4091 3841 4164; baseline -0.001 -16"><span class='ocrx_word' id='word_1_603' title='bbox 2171 4096 2228 4148; x_wconf 90' lang='lat' dir='ltr'><strong>et</strong></span> <span class='ocrx_word' id='word_1_604' title='bbox 2253 4092 2626 4164; x_wconf 90' lang='lat' dir='ltr'><strong>garrulitates</strong></span> <span class='ocrx_word' id='word_1_605' title='bbox 2649 4097 2774 4162; x_wconf 91' lang='lat' dir='ltr'><strong>post</strong></span> <span class='ocrx_word' id='word_1_606' title='bbox 2800 4092 2918 4148; x_wconf 58' lang='lat' dir='ltr'><strong>haec</strong></span> <span class='ocrx_word' id='word_1_607' title='bbox 2963 4092 3288 4148; x_wconf 89' lang='lat' dir='ltr'><strong>inconsulte</strong></span> <span class='ocrx_word' id='word_1_608' title='bbox 3329 4091 3738 4162; x_wconf 85' lang='lat' dir='ltr'><strong>promulgatas,</strong></span> <span class='ocrx_word' id='word_1_609' title='bbox 3772 4097 3841 4147; x_wconf 90' lang='lat' dir='ltr'><strong>ut</strong></span> 
     </span>
    </p>
   </div>
   <div class='ocr_carea' id='block_1_92' title="bbox 2173 4180 3833 4250">
    <p class='ocr_par' dir='ltr' id='par_1_92' title="bbox 2173 4180 3833 4250">
     <span class='ocr_line' id='line_1_92' title="bbox 2173 4180 3833 4250; baseline 0 -15"><span class='ocrx_word' id='word_1_610' title='bbox 2173 4181 2323 4249; x_wconf 88' lang='lat' dir='ltr'><strong>apud</strong></span> <span class='ocrx_word' id='word_1_611' title='bbox 2351 4195 2449 4236; x_wconf 92' lang='lat' dir='ltr'><strong>vos</strong></span> <span class='ocrx_word' id='word_1_612' title='bbox 2477 4181 2714 4236; x_wconf 90' lang='lat' dir='ltr'><strong>minime</strong></span> <span class='ocrx_word' id='word_1_613' title='bbox 2740 4185 3012 4250; x_wconf 89' lang='lat' dir='ltr'><strong>receptas,</strong></span> <span class='ocrx_word' id='word_1_614' title='bbox 3040 4193 3221 4250; x_wconf 90' lang='lat' dir='ltr'><strong>neque</strong></span> <span class='ocrx_word' id='word_1_615' title='bbox 3270 4193 3369 4250; x_wconf 90' lang='lat' dir='ltr'><strong>per</strong></span> <span class='ocrx_word' id='word_1_616' title='bbox 3395 4180 3649 4236; x_wconf 89' lang='lat' dir='ltr'><strong>divinam</strong></span> <span class='ocrx_word' id='word_1_617' title='bbox 3684 4195 3833 4250; x_wconf 85' lang='lat' dir='ltr'><strong>gra-</strong></span> 
     </span>
    </p>
   </div>
   <div class='ocr_carea' id='block_1_93' title="bbox 2173 4268 3834 4340">
    <p class='ocr_par' dir='ltr' id='par_1_93' title="bbox 2173 4268 3834 4340">
     <span class='ocr_line' id='line_1_93' title="bbox 2173 4268 3834 4340; baseline 0.001 -16"><span class='ocrx_word' id='word_1_618' title='bbox 2173 4269 2313 4325; x_wconf 90' lang='lat' dir='ltr'><strong>tiam</strong></span> <span class='ocrx_word' id='word_1_619' title='bbox 2339 4270 2544 4335; x_wconf 90' lang='lat' dir='ltr'><strong>dictas,</strong></span> <span class='ocrx_word' id='word_1_620' title='bbox 2567 4270 2768 4326; x_wconf 91' lang='lat' dir='ltr'><strong>irritas</strong></span> <span class='ocrx_word' id='word_1_621' title='bbox 2783 4270 3169 4326; x_wconf 60' lang='lat' dir='ltr'><strong>astimamus:</strong></span> <span class='ocrx_word' id='word_1_622' title='bbox 3195 4274 3250 4325; x_wconf 89' lang='lat' dir='ltr'><strong>et</strong></span> <span class='ocrx_word' id='word_1_623' title='bbox 3271 4284 3371 4325; x_wconf 89' lang='lat' dir='ltr'><strong>ave</strong></span> <span class='ocrx_word' id='word_1_624' title='bbox 3394 4269 3525 4325; x_wconf 91' lang='lat' dir='ltr'><strong>istis</strong></span> <span class='ocrx_word' id='word_1_625' title='bbox 3545 4268 3834 4340; x_wconf 83' lang='lat' dir='ltr'><strong>dicentes,</strong></span> 
     </span>
    </p>
   </div>
   <div class='ocr_carea' id='block_1_94' title="bbox 2174 4357 3838 4430">
    <p class='ocr_par' dir='ltr' id='par_1_94' title="bbox 2174 4357 3838 4430">
     <span class='ocr_line' id='line_1_94' title="bbox 2174 4357 3838 4430; baseline 0 -16"><span class='ocrx_word' id='word_1_626' title='bbox 2174 4357 2515 4429; x_wconf 88' lang='lat' dir='ltr'><strong>fugacesque</strong></span> <span class='ocrx_word' id='word_1_627' title='bbox 2547 4358 2778 4430; x_wconf 91' lang='lat' dir='ltr'><strong>facturi,</strong></span> <span class='ocrx_word' id='word_1_628' title='bbox 2829 4359 3188 4430; x_wconf 86' lang='lat' dir='ltr'><strong>accingimus</strong></span> <span class='ocrx_word' id='word_1_629' title='bbox 3219 4358 3445 4416; x_wconf 93' lang='lat' dir='ltr'><strong>lumbos</strong></span> <span class='ocrx_word' id='word_1_630' title='bbox 3478 4358 3688 4414; x_wconf 90' lang='lat' dir='ltr'><strong>mentis</strong></span> <span class='ocrx_word' id='word_1_631' title='bbox 3720 4373 3838 4414; x_wconf 90' lang='lat' dir='ltr'><strong>no-</strong></span> 
     </span>
    </p>
   </div>
   <div class='ocr_carea' id='block_1_95' title="bbox 403 4447 3841 4520">
    <p class='ocr_par' dir='ltr' id='par_1_95' title="bbox 403 4447 3841 4520">
     <span class='ocr_line' id='line_1_95' title="bbox 403 4447 3841 4520; baseline -0.001 -16"><span class='ocrx_word' id='word_1_632' title='bbox 403 4462 536 4505; x_wconf 89' lang='lat' dir='ltr'><strong>cum</strong></span> <span class='ocrx_word' id='word_1_633' title='bbox 566 4449 668 4506; x_wconf 92' lang='lat' dir='ltr'><strong>illo</strong></span> <span class='ocrx_word' id='word_1_634' title='bbox 694 4453 830 4504; x_wconf 87' lang='lat' dir='ltr'><strong>sunt</strong></span> <span class='ocrx_word' id='word_1_635' title='bbox 859 4462 1081 4516; x_wconf 89' lang='lat' dir='ltr'><strong>sensus,</strong></span> <span class='ocrx_word' id='word_1_636' title='bbox 1105 4463 1232 4504; x_wconf 91' lang='lat' dir='ltr'><strong>cum</strong></span> <span class='ocrx_word' id='word_1_637' title='bbox 1265 4447 1356 4502; x_wconf 91' lang='lat' dir='ltr'><strong>his</strong></span> <span class='ocrx_word' id='word_1_638' title='bbox 1375 4452 1562 4502; x_wconf 91' lang='lat' dir='ltr'><strong>autem</strong></span> <span class='ocrx_word' id='word_1_639' title='bbox 1586 4454 1641 4502; x_wconf 90' lang='lat' dir='ltr'><strong>et</strong></span> <span class='ocrx_word' id='word_1_640' title='bbox 1661 4449 1774 4502; x_wconf 91' lang='lat' dir='ltr'><strong>Deo</strong></span> <span class='ocrx_word' id='word_1_641' title='bbox 1796 4461 2060 4517; x_wconf 91' lang='lat' dir='ltr'><strong>perosum</strong></span> <span class='ocrx_word' id='word_1_642' title='bbox 2095 4447 2148 4510; x_wconf 90' lang='lat' dir='ltr'><strong>D</strong></span> <span class='ocrx_word' id='word_1_643' title='bbox 2173 4453 2306 4504; x_wconf 70' lang='lat' dir='ltr'><strong>straa</strong></span> <span class='ocrx_word' id='word_1_644' title='bbox 2334 4449 2390 4504; x_wconf 92' lang='lat' dir='ltr'><strong>in</strong></span> <span class='ocrx_word' id='word_1_645' title='bbox 2418 4449 2676 4520; x_wconf 88' lang='lat' dir='ltr'><strong>veritate,</strong></span> <span class='ocrx_word' id='word_1_646' title='bbox 2699 4453 2755 4504; x_wconf 90' lang='lat' dir='ltr'><strong>ct</strong></span> <span class='ocrx_word' id='word_1_647' title='bbox 2776 4449 3128 4505; x_wconf 89' lang='lat' dir='ltr'><strong>suscitamur</strong></span> <span class='ocrx_word' id='word_1_648' title='bbox 3151 4463 3261 4505; x_wconf 89' lang='lat' dir='ltr'><strong>una</strong></span> <span class='ocrx_word' id='word_1_649' title='bbox 3288 4463 3415 4505; x_wconf 93' lang='lat' dir='ltr'><strong>cum</strong></span> <span class='ocrx_word' id='word_1_650' title='bbox 3447 4447 3559 4517; x_wconf 93' lang='lat' dir='ltr'><strong>piis</strong></span> <span class='ocrx_word' id='word_1_651' title='bbox 3605 4451 3662 4503; x_wconf 89' lang='lat' dir='ltr'><strong>et</strong></span> <span class='ocrx_word' id='word_1_652' title='bbox 3683 4447 3841 4502; x_wconf 86' lang='lat' dir='ltr'><strong>ﬁde—</strong></span> 
     </span>
    </p>
   </div>
   <div class='ocr_carea' id='block_1_96' title="bbox 410 4531 2062 4608">
    <p class='ocr_par' dir='ltr' id='par_1_96' title="bbox 410 4531 2062 4608">
     <span class='ocr_line' id='line_1_96' title="bbox 410 4531 2062 4608; baseline 0 -16"><span class='ocrx_word' id='word_1_653' title='bbox 410 4536 854 4608; x_wconf 80' lang='lat' dir='ltr'><strong>Apollinarium,</strong></span> <span class='ocrx_word' id='word_1_654' title='bbox 881 4537 978 4607; x_wconf 91' lang='lat' dir='ltr'><strong>qui</strong></span> <span class='ocrx_word' id='word_1_655' title='bbox 1010 4536 1295 4590; x_wconf 87' lang='lat' dir='ltr'><strong>insensate</strong></span> <span class='ocrx_word' id='word_1_656' title='bbox 1333 4531 1626 4608; x_wconf 90' lang='lat' dir='ltr'><strong>desipuit[</strong></span> <span class='ocrx_word' id='word_1_657' title='bbox 1664 4535 1780 4605; x_wconf 79' lang='lat' dir='ltr'><strong>Gr.,</strong></span> <span class='ocrx_word' id='word_1_658' title='bbox 1810 4537 1908 4606; x_wconf 90' lang='lat' dir='ltr'><strong>qui</strong></span> <span class='ocrx_word' id='word_1_659' title='bbox 1937 4537 2062 4593; x_wconf 90' lang='lat' dir='ltr'><strong>sine</strong></span> 
     </span>
    </p>
   </div>
   <div class='ocr_carea' id='block_1_97' title="bbox 403 4621 2060 4697">
    <p class='ocr_par' dir='ltr' id='par_1_97' title="bbox 403 4621 2060 4697">
     <span class='ocr_line' id='line_1_97' title="bbox 403 4621 2060 4697; baseline 0.001 -18"><span class='ocrx_word' id='word_1_660' title='bbox 403 4631 587 4680; x_wconf 91' lang='lat' dir='ltr'><strong>mente</strong></span> <span class='ocrx_word' id='word_1_661' title='bbox 599 4625 870 4694; x_wconf 90' lang='lat' dir='ltr'><strong>opinatus</strong></span> <span class='ocrx_word' id='word_1_662' title='bbox 882 4621 1010 4697; x_wconf 89' lang='lat' dir='ltr'><strong>est].</strong></span> <span class='ocrx_word' id='word_1_663' title='bbox 1024 4623 1165 4679; x_wconf 91' lang='lat' dir='ltr'><strong>Cum</strong></span> <span class='ocrx_word' id='word_1_664' title='bbox 1180 4623 1348 4678; x_wconf 88' lang='lat' dir='ltr'><strong>tertia</strong></span> <span class='ocrx_word' id='word_1_665' title='bbox 1361 4627 1548 4678; x_wconf 88' lang='lat' dir='ltr'><strong>autem</strong></span> <span class='ocrx_word' id='word_1_666' title='bbox 1564 4637 1742 4680; x_wconf 88' lang='lat' dir='ltr'><strong>unum</strong></span> <span class='ocrx_word' id='word_1_667' title='bbox 1756 4625 2060 4680; x_wconf 91' lang='lat' dir='ltr'><strong>Dominum</strong></span> 
     </span>
    </p>
   </div>
   <div class='ocr_carea' id='block_1_98' title="bbox 397 4713 2062 4769">
    <p class='ocr_par' dir='ltr' id='par_1_98' title="bbox 397 4713 2062 4769">
     <span class='ocr_line' id='line_1_98' title="bbox 397 4713 2062 4769; baseline 0.002 -3"><span class='ocrx_word' id='word_1_668' title='bbox 397 4713 587 4768; x_wconf 87' lang='lat' dir='ltr'><strong>Jesum</strong></span> <span class='ocrx_word' id='word_1_669' title='bbox 634 4713 929 4768; x_wconf 88' lang='lat' dir='ltr'><strong>Christum</strong></span> <span class='ocrx_word' id='word_1_670' title='bbox 996 4725 1192 4768; x_wconf 92' lang='lat' dir='ltr'><strong>verum</strong></span> <span class='ocrx_word' id='word_1_671' title='bbox 1237 4713 1415 4768; x_wconf 90' lang='lat' dir='ltr'><strong>Deum</strong></span> <span class='ocrx_word' id='word_1_672' title='bbox 1460 4717 1718 4768; x_wconf 90' lang='lat' dir='ltr'><strong>nostrum</strong></span> <span class='ocrx_word' id='word_1_673' title='bbox 1770 4727 1837 4768; x_wconf 85' lang='lat' dir='ltr'><strong>ex</strong></span> <span class='ocrx_word' id='word_1_674' title='bbox 1900 4715 2062 4769; x_wconf 90' lang='lat' dir='ltr'><strong>Patre</strong></span> 
     </span>
    </p>
   </div>
   <div class='ocr_carea' id='block_1_99' title="bbox 399 4791 2062 4872">
    <p class='ocr_par' dir='ltr' id='par_1_99' title="bbox 399 4791 2062 4872">
     <span class='ocr_line' id='line_1_99' title="bbox 399 4791 2062 4872; baseline 0.001 -16"><span class='ocrx_word' id='word_1_675' title='bbox 399 4801 678 4872; x_wconf 86' lang='lat' dir='ltr'><strong>genitum,</strong></span> <span class='ocrx_word' id='word_1_676' title='bbox 707 4801 1082 4870; x_wconf 90' lang='lat' dir='ltr'><strong>eumdemque</strong></span> <span class='ocrx_word' id='word_1_677' title='bbox 1115 4801 1173 4856; x_wconf 92' lang='lat' dir='ltr'><strong>in</strong></span> <span class='ocrx_word' id='word_1_678' title='bbox 1223 4801 1558 4857; x_wconf 91' lang='lat' dir='ltr'><strong>novissimis</strong></span> <span class='ocrx_word' id='word_1_679' title='bbox 1581 4791 1797 4858; x_wconf 88' lang='lat' dir='ltr'><strong>diebus</strong></span> <span class='ocrx_word' id='word_1_680' title='bbox 1830 4809 2062 4872; x_wconf 90' lang='lat' dir='ltr'><strong>propter</strong></span> 
     </span>
    </p>
   </div>
   <div class='ocr_carea' id='block_1_100' title="bbox 400 4887 2062 4962">
    <p class='ocr_par' dir='ltr' id='par_1_100' title="bbox 400 4887 2062 4962">
     <span class='ocr_line' id='line_1_100' title="bbox 400 4887 2062 4962; baseline 0.002 -18"><span class='ocrx_word' id='word_1_681' title='bbox 400 4887 648 4944; x_wconf 86' lang='lat' dir='ltr'><strong>salutem</strong></span> <span class='ocrx_word' id='word_1_682' title='bbox 684 4893 937 4945; x_wconf 88' lang='lat' dir='ltr'><strong>nostram</strong></span> <span class='ocrx_word' id='word_1_683' title='bbox 967 4889 1326 4946; x_wconf 88' lang='lat' dir='ltr'><strong>incarnatum</strong></span> <span class='ocrx_word' id='word_1_684' title='bbox 1349 4903 1416 4945; x_wconf 87' lang='lat' dir='ltr'><strong>ex</strong></span> <span class='ocrx_word' id='word_1_685' title='bbox 1447 4894 1641 4946; x_wconf 89' lang='lat' dir='ltr'><strong>sancta</strong></span> <span class='ocrx_word' id='word_1_686' title='bbox 1659 4891 1758 4945; x_wconf 92' lang='lat' dir='ltr'><strong>Dei</strong></span> <span class='ocrx_word' id='word_1_687' title='bbox 1784 4890 2062 4962; x_wconf 86' lang='lat' dir='ltr'><strong>genitrice</strong></span> 
     </span>
    </p>
   </div>
   <div class='ocr_carea' id='block_1_101' title="bbox 401 4977 2060 5048">
    <p class='ocr_par' dir='ltr' id='par_1_101' title="bbox 401 4977 2060 5048">
     <span class='ocr_line' id='line_1_101' title="bbox 401 4977 2060 5048; baseline 0.001 -16"><span class='ocrx_word' id='word_1_688' title='bbox 401 4989 735 5046; x_wconf 86' lang='lat' dir='ltr'><strong>semperque</strong></span> <span class='ocrx_word' id='word_1_689' title='bbox 761 4977 997 5048; x_wconf 87' lang='lat' dir='ltr'><strong>Virgine</strong></span> <span class='ocrx_word' id='word_1_690' title='bbox 1031 4977 1230 5046; x_wconf 87' lang='lat' dir='ltr'><strong>Maria,</strong></span> <span class='ocrx_word' id='word_1_691' title='bbox 1269 4977 1608 5048; x_wconf 75' lang='lat' dir='ltr'><strong>praedicans,</strong></span> <span class='ocrx_word' id='word_1_692' title='bbox 1650 4977 1905 5034; x_wconf 90' lang='lat' dir='ltr'><strong>hominis</strong></span> <span class='ocrx_word' id='word_1_693' title='bbox 1930 4979 2060 5035; x_wconf 83' lang='lat' dir='ltr'><strong>cul-</strong></span> 
     </span>
    </p>
   </div>
   <div class='ocr_carea' id='block_1_102' title="bbox 401 5065 2061 5150">
    <p class='ocr_par' dir='ltr' id='par_1_102' title="bbox 401 5065 2061 5150">
     <span class='ocr_line' id='line_1_102' title="bbox 401 5065 2061 5150; baseline 0.002 -31"><span class='ocrx_word' id='word_1_694' title='bbox 401 5068 589 5120; x_wconf 91' lang='lat' dir='ltr'><strong>torum</strong></span> <span class='ocrx_word' id='word_1_695' title='bbox 623 5065 972 5136; x_wconf 89' lang='lat' dir='ltr'><strong>Nestorium,</strong></span> <span class='ocrx_word' id='word_1_696' title='bbox 1006 5070 1063 5121; x_wconf 91' lang='lat' dir='ltr'><strong>et</strong></span> <span class='ocrx_word' id='word_1_697' title='bbox 1103 5066 1293 5138; x_wconf 86' lang='lat' dir='ltr'><strong>bigam</strong></span> <span class='ocrx_word' id='word_1_698' title='bbox 1341 5081 1466 5137; x_wconf 61' lang='lat' dir='ltr'><strong>quae</strong></span> <span class='ocrx_word' id='word_1_699' title='bbox 1515 5067 1670 5123; x_wconf 90' lang='lat' dir='ltr'><strong>circa</strong></span> <span class='ocrx_word' id='word_1_700' title='bbox 1719 5067 1911 5137; x_wconf 91' lang='lat' dir='ltr'><strong>ipsum</strong></span> <span class='ocrx_word' id='word_1_701' title='bbox 1955 5072 2061 5150; x_wconf 56' lang='lat' dir='ltr'><strong>est,</strong></span> 
     </span>
    </p>
   </div>
   <div class='ocr_carea' id='block_1_103' title="bbox 394 5151 2062 5225">
    <p class='ocr_par' dir='ltr' id='par_1_103' title="bbox 394 5151 2062 5225">
     <span class='ocr_line' id='line_1_103' title="bbox 394 5151 2062 5225; baseline 0.002 -18"><span class='ocrx_word' id='word_1_702' title='bbox 394 5151 707 5208; x_wconf 93' lang='lat' dir='ltr'><strong>Diodorum</strong></span> <span class='ocrx_word' id='word_1_703' title='bbox 751 5154 844 5209; x_wconf 89' lang='lat' dir='ltr'><strong>aio</strong></span> <span class='ocrx_word' id='word_1_704' title='bbox 887 5167 952 5210; x_wconf 91' lang='lat' dir='ltr'><strong>ac</strong></span> <span class='ocrx_word' id='word_1_705' title='bbox 1021 5153 1400 5225; x_wconf 89' lang='lat' dir='ltr'><strong>Theodorum,</strong></span> <span class='ocrx_word' id='word_1_706' title='bbox 1469 5169 1685 5212; x_wconf 93' lang='lat' dir='ltr'><strong>necnon</strong></span> <span class='ocrx_word' id='word_1_707' title='bbox 1757 5160 1814 5211; x_wconf 91' lang='lat' dir='ltr'><strong>et</strong></span> <span class='ocrx_word' id='word_1_708' title='bbox 1866 5168 2062 5211; x_wconf 91' lang='lat' dir='ltr'><strong>eorum</strong></span> 
     </span>
    </p>
   </div>
   <div class='ocr_carea' id='block_1_104' title="bbox 399 5241 2063 5314">
    <p class='ocr_par' dir='ltr' id='par_1_104' title="bbox 399 5241 2063 5314">
     <span class='ocr_line' id='line_1_104' title="bbox 399 5241 2063 5314; baseline 0.002 -18"><span class='ocrx_word' id='word_1_709' title='bbox 399 5241 784 5312; x_wconf 87' lang='lat' dir='ltr'><strong>prodigiosam</strong></span> <span class='ocrx_word' id='word_1_710' title='bbox 828 5241 1082 5298; x_wconf 88' lang='lat' dir='ltr'><strong>fabulam</strong></span> <span class='ocrx_word' id='word_1_711' title='bbox 1139 5243 1534 5314; x_wconf 58' lang='lat' dir='ltr'><strong>praedicantes,</strong></span> <span class='ocrx_word' id='word_1_712' title='bbox 1582 5250 1638 5299; x_wconf 92' lang='lat' dir='ltr'><strong>et</strong></span> <span class='ocrx_word' id='word_1_713' title='bbox 1702 5245 1759 5299; x_wconf 93' lang='lat' dir='ltr'><strong>in</strong></span> <span class='ocrx_word' id='word_1_714' title='bbox 1829 5243 2063 5300; x_wconf 92' lang='lat' dir='ltr'><strong>Christo</strong></span> 
     </span>
    </p>
   </div>
   <div class='ocr_carea' id='block_1_105' title="bbox 398 5331 2064 5404">
    <p class='ocr_par' dir='ltr' id='par_1_105' title="bbox 398 5331 2064 5404">
     <span class='ocr_line' id='line_1_105' title="bbox 398 5331 2064 5404; baseline 0.001 -17"><span class='ocrx_word' id='word_1_715' title='bbox 398 5331 753 5401; x_wconf 88' lang='lat' dir='ltr'><strong>porsonalem</strong></span> <span class='ocrx_word' id='word_1_716' title='bbox 781 5332 1120 5388; x_wconf 89' lang='lat' dir='ltr'><strong>dualitatem</strong></span> <span class='ocrx_word' id='word_1_717' title='bbox 1159 5331 1492 5404; x_wconf 87' lang='lat' dir='ltr'><strong>formantes,</strong></span> <span class='ocrx_word' id='word_1_718' title='bbox 1540 5332 1796 5404; x_wconf 89' lang='lat' dir='ltr'><strong>procula</strong></span> <span class='ocrx_word' id='word_1_719' title='bbox 1829 5331 2064 5389; x_wconf 90' lang='lat' dir='ltr'><strong>confes-</strong></span> 
     </span>
    </p>
   </div>
   <div class='ocr_carea' id='block_1_106' title="bbox 396 5419 2058 5492">
    <p class='ocr_par' dir='ltr' id='par_1_106' title="bbox 396 5419 2058 5492">
     <span class='ocr_line' id='line_1_106' title="bbox 396 5419 2058 5492; baseline 0.001 -16"><span class='ocrx_word' id='word_1_720' title='bbox 396 5419 562 5477; x_wconf 87' lang='lat' dir='ltr'><strong>sione</strong></span> <span class='ocrx_word' id='word_1_721' title='bbox 590 5433 712 5476; x_wconf 88' lang='lat' dir='ltr'><strong>mea</strong></span> <span class='ocrx_word' id='word_1_722' title='bbox 745 5420 976 5491; x_wconf 86' lang='lat' dir='ltr'><strong>repello.</strong></span> <span class='ocrx_word' id='word_1_723' title='bbox 1019 5422 1293 5478; x_wconf 66' lang='lat' dir='ltr'><strong>Praeterea</strong></span> <span class='ocrx_word' id='word_1_724' title='bbox 1334 5435 1465 5478; x_wconf 91' lang='lat' dir='ltr'><strong>cum</strong></span> <span class='ocrx_word' id='word_1_725' title='bbox 1511 5425 1715 5492; x_wconf 91' lang='lat' dir='ltr'><strong>quarta</strong></span> <span class='ocrx_word' id='word_1_726' title='bbox 1739 5433 1808 5476; x_wconf 82' lang='lat' dir='ltr'><strong>ex</strong></span> <span class='ocrx_word' id='word_1_727' title='bbox 1829 5421 2058 5479; x_wconf 89' lang='lat' dir='ltr'><strong>duabus</strong></span> 
     </span>
    </p>
   </div>
   <div class='ocr_carea' id='block_1_107' title="bbox 466 5579 1609 5652">
    <p class='ocr_par' dir='ltr' id='par_1_107' title="bbox 466 5579 1609 5652">
     <span class='ocr_line' id='line_1_107' title="bbox 466 5579 1609 5652; baseline -0.004 -13"><span class='ocrx_word' id='word_1_728' title='bbox 466 5591 488 5618; x_wconf 78' lang='grc' dir='ltr'>ι</span> <span class='ocrx_word' id='word_1_729' title='bbox 513 5583 695 5639; x_wconf 86' lang='lat' dir='ltr'><strong>Locus</strong></span> <span class='ocrx_word' id='word_1_730' title='bbox 719 5580 1018 5652; x_wconf 87' lang='lat' dir='ltr'><strong>obscurus,</strong></span> <span class='ocrx_word' id='word_1_731' title='bbox 1051 5585 1108 5637; x_wconf 92' lang='lat' dir='ltr'><strong>et</strong></span> <span class='ocrx_word' id='word_1_732' title='bbox 1133 5585 1300 5637; x_wconf 90' lang='lat' dir='ltr'><strong>caute</strong></span> <span class='ocrx_word' id='word_1_733' title='bbox 1319 5579 1609 5652; x_wconf 86' lang='lat' dir='ltr'><strong>legendus.</strong></span> 
     </span>
    </p>
   </div>
   <div class='ocr_carea' id='block_1_108' title="bbox 2174 4536 3839 4609">
    <p class='ocr_par' dir='ltr' id='par_1_108' title="bbox 2174 4536 3839 4609">
     <span class='ocr_line' id='line_1_108' title="bbox 2174 4536 3839 4609; baseline -0.001 -17"><span class='ocrx_word' id='word_1_734' title='bbox 2174 4536 2332 4592; x_wconf 91' lang='lat' dir='ltr'><strong>libus</strong></span> <span class='ocrx_word' id='word_1_735' title='bbox 2350 4537 2794 4606; x_wconf 89' lang='lat' dir='ltr'><strong>imperatoribus</strong></span> <span class='ocrx_word' id='word_1_736' title='bbox 2813 4537 3048 4607; x_wconf 91' lang='lat' dir='ltr'><strong>nostris,</strong></span> <span class='ocrx_word' id='word_1_737' title='bbox 3069 4536 3592 4609; x_wconf 86' lang='lat' dir='ltr'><strong>pr0pugnatoribus</strong></span> <span class='ocrx_word' id='word_1_738' title='bbox 3613 4536 3839 4591; x_wconf 77' lang='lat' dir='ltr'><strong>videli—</strong></span> 
     </span>
    </p>
   </div>
   <div class='ocr_carea' id='block_1_109' title="bbox 2171 4625 3834 4696">
    <p class='ocr_par' dir='ltr' id='par_1_109' title="bbox 2171 4625 3834 4696">
     <span class='ocr_line' id='line_1_109' title="bbox 2171 4625 3834 4696; baseline 0 -15"><span class='ocrx_word' id='word_1_739' title='bbox 2171 4631 2259 4681; x_wconf 89' lang='lat' dir='ltr'><strong>cet</strong></span> <span class='ocrx_word' id='word_1_740' title='bbox 2288 4625 2568 4696; x_wconf 85' lang='lat' dir='ltr'><strong>veritatis,</strong></span> <span class='ocrx_word' id='word_1_741' title='bbox 2625 4627 2693 4682; x_wconf 92' lang='lat' dir='ltr'><strong>ad</strong></span> <span class='ocrx_word' id='word_1_742' title='bbox 2743 4626 3020 4682; x_wconf 90' lang='lat' dir='ltr'><strong>unitatem</strong></span> <span class='ocrx_word' id='word_1_743' title='bbox 3061 4632 3268 4682; x_wconf 67' lang='lat' dir='ltr'><strong>sanctae</strong></span> <span class='ocrx_word' id='word_1_744' title='bbox 3316 4626 3413 4681; x_wconf 91' lang='lat' dir='ltr'><strong>Dei</strong></span> <span class='ocrx_word' id='word_1_745' title='bbox 3449 4625 3748 4681; x_wconf 70' lang='lat' dir='ltr'><strong>Ecclesiae:</strong></span> <span class='ocrx_word' id='word_1_746' title='bbox 3801 4641 3834 4681; x_wconf 89' lang='lat' dir='ltr'><strong>a</strong></span> 
     </span>
    </p>
   </div>
   <div class='ocr_carea' id='block_1_110' title="bbox 2172 4715 3836 4786">
    <p class='ocr_par' dir='ltr' id='par_1_110' title="bbox 2172 4715 3836 4786">
     <span class='ocr_line' id='line_1_110' title="bbox 2172 4715 3836 4786; baseline 0 -16"><span class='ocrx_word' id='word_1_747' title='bbox 2172 4715 2385 4785; x_wconf 92' lang='lat' dir='ltr'><strong>quibus</strong></span> <span class='ocrx_word' id='word_1_748' title='bbox 2409 4720 2464 4770; x_wconf 91' lang='lat' dir='ltr'><strong>et</strong></span> <span class='ocrx_word' id='word_1_749' title='bbox 2489 4715 2766 4786; x_wconf 90' lang='lat' dir='ltr'><strong>synodum</strong></span> <span class='ocrx_word' id='word_1_750' title='bbox 2816 4715 3197 4771; x_wconf 88' lang='lat' dir='ltr'><strong>universalem</strong></span> <span class='ocrx_word' id='word_1_751' title='bbox 3240 4715 3628 4784; x_wconf 90' lang='lat' dir='ltr'><strong>petivimusin</strong></span> <span class='ocrx_word' id='word_1_752' title='bbox 3677 4728 3836 4784; x_wconf 70' lang='lat' dir='ltr'><strong>prae-</strong></span> 
     </span>
    </p>
   </div>
   <div class='ocr_carea' id='block_1_111' title="bbox 2173 4803 3837 4875">
    <p class='ocr_par' dir='ltr' id='par_1_111' title="bbox 2173 4803 3837 4875">
     <span class='ocr_line' id='line_1_111' title="bbox 2173 4803 3837 4875; baseline 0.001 -17"><span class='ocrx_word' id='word_1_753' title='bbox 2173 4804 2354 4859; x_wconf 88' lang='lat' dir='ltr'><strong>sentia</strong></span> <span class='ocrx_word' id='word_1_754' title='bbox 2388 4805 2566 4860; x_wconf 89' lang='lat' dir='ltr'><strong>totius</strong></span> <span class='ocrx_word' id='word_1_755' title='bbox 2595 4818 2790 4861; x_wconf 91' lang='lat' dir='ltr'><strong>eorum</strong></span> <span class='ocrx_word' id='word_1_756' title='bbox 2827 4806 2940 4862; x_wconf 89' lang='lat' dir='ltr'><strong>Deo</strong></span> <span class='ocrx_word' id='word_1_757' title='bbox 2978 4803 3248 4861; x_wconf 91' lang='lat' dir='ltr'><strong>amabilis</strong></span> <span class='ocrx_word' id='word_1_758' title='bbox 3275 4803 3507 4875; x_wconf 84' lang='lat' dir='ltr'><strong>populi,</strong></span> <span class='ocrx_word' id='word_1_759' title='bbox 3541 4809 3598 4859; x_wconf 92' lang='lat' dir='ltr'><strong>et</strong></span> <span class='ocrx_word' id='word_1_760' title='bbox 3621 4811 3837 4873; x_wconf 89' lang='lat' dir='ltr'><strong>postu—</strong></span> 
     </span>
    </p>
   </div>
   <div class='ocr_carea' id='block_1_112' title="bbox 2175 4890 3836 4964">
    <p class='ocr_par' dir='ltr' id='par_1_112' title="bbox 2175 4890 3836 4964">
     <span class='ocr_line' id='line_1_112' title="bbox 2175 4890 3836 4964; baseline 0.001 -18"><span class='ocrx_word' id='word_1_761' title='bbox 2175 4890 2378 4947; x_wconf 89' lang='lat' dir='ltr'><strong>lationi</strong></span> <span class='ocrx_word' id='word_1_762' title='bbox 2423 4897 2629 4950; x_wconf 66' lang='lat' dir='ltr'><strong>nostrae</strong></span> <span class='ocrx_word' id='word_1_763' title='bbox 2670 4894 2760 4964; x_wconf 90' lang='lat' dir='ltr'><strong>pie</strong></span> <span class='ocrx_word' id='word_1_764' title='bbox 2789 4898 3132 4950; x_wconf 91' lang='lat' dir='ltr'><strong>annuerunt.</strong></span> <span class='ocrx_word' id='word_1_765' title='bbox 3172 4892 3331 4948; x_wconf 90' lang='lat' dir='ltr'><strong>Unde</strong></span> <span class='ocrx_word' id='word_1_766' title='bbox 3360 4907 3458 4948; x_wconf 90' lang='lat' dir='ltr'><strong>vos</strong></span> <span class='ocrx_word' id='word_1_767' title='bbox 3493 4892 3592 4963; x_wconf 92' lang='lat' dir='ltr'><strong>qui</strong></span> <span class='ocrx_word' id='word_1_768' title='bbox 3618 4905 3836 4962; x_wconf 89' lang='lat' dir='ltr'><strong>super-</strong></span> 
     </span>
    </p>
   </div>
   <div class='ocr_carea' id='block_1_113' title="bbox 2174 4979 3836 5052">
    <p class='ocr_par' dir='ltr' id='par_1_113' title="bbox 2174 4979 3836 5052">
     <span class='ocr_line' id='line_1_113' title="bbox 2174 4979 3836 5052; baseline 0 -16"><span class='ocrx_word' id='word_1_769' title='bbox 2174 4979 2438 5036; x_wconf 71' lang='lat' dir='ltr'><strong>aediﬁcati</strong></span> <span class='ocrx_word' id='word_1_770' title='bbox 2479 4981 2621 5036; x_wconf 91' lang='lat' dir='ltr'><strong>estis</strong></span> <span class='ocrx_word' id='word_1_771' title='bbox 2662 4996 2833 5052; x_wconf 91' lang='lat' dir='ltr'><strong>super</strong></span> <span class='ocrx_word' id='word_1_772' title='bbox 2871 4981 3302 5038; x_wconf 86' lang='lat' dir='ltr'><strong>fundamentum</strong></span> <span class='ocrx_word' id='word_1_773' title='bbox 3347 4980 3740 5051; x_wconf 89' lang='lat' dir='ltr'><strong>apostolorum</strong></span> <span class='ocrx_word' id='word_1_774' title='bbox 3777 4989 3836 5037; x_wconf 91' lang='lat' dir='ltr'><strong>et</strong></span> 
     </span>
    </p>
   </div>
   <div class='ocr_carea' id='block_1_114' title="bbox 2176 5067 3838 5140">
    <p class='ocr_par' dir='ltr' id='par_1_114' title="bbox 2176 5067 3838 5140">
     <span class='ocr_line' id='line_1_114' title="bbox 2176 5067 3838 5140; baseline 0.002 -18"><span class='ocrx_word' id='word_1_775' title='bbox 2176 5067 2600 5139; x_wconf 86' lang='lat' dir='ltr'><strong>prophetarum,</strong></span> <span class='ocrx_word' id='word_1_776' title='bbox 2637 5070 2823 5138; x_wconf 93' lang='lat' dir='ltr'><strong>ipsum</strong></span> <span class='ocrx_word' id='word_1_777' title='bbox 2847 5069 3114 5125; x_wconf 90' lang='lat' dir='ltr'><strong>videlicet</strong></span> <span class='ocrx_word' id='word_1_778' title='bbox 3162 5083 3448 5125; x_wconf 90' lang='lat' dir='ltr'><strong>summum</strong></span> <span class='ocrx_word' id='word_1_779' title='bbox 3494 5073 3548 5122; x_wconf 89' lang='lat' dir='ltr'><strong>et</strong></span> <span class='ocrx_word' id='word_1_780' title='bbox 3578 5069 3838 5140; x_wconf 86' lang='lat' dir='ltr'><strong>angula—</strong></span> 
     </span>
    </p>
   </div>
   <div class='ocr_carea' id='block_1_115' title="bbox 2176 5155 3837 5228">
    <p class='ocr_par' dir='ltr' id='par_1_115' title="bbox 2176 5155 3837 5228">
     <span class='ocr_line' id='line_1_115' title="bbox 2176 5155 3837 5228; baseline 0.002 -17"><span class='ocrx_word' id='word_1_781' title='bbox 2176 5169 2290 5212; x_wconf 91' lang='lat' dir='ltr'><strong>rem</strong></span> <span class='ocrx_word' id='word_1_782' title='bbox 2327 5155 2573 5226; x_wconf 91' lang='lat' dir='ltr'><strong>lapidem</strong></span> <span class='ocrx_word' id='word_1_783' title='bbox 2607 5157 2901 5213; x_wconf 89' lang='lat' dir='ltr'><strong>Christum</strong></span> <span class='ocrx_word' id='word_1_784' title='bbox 2949 5156 3386 5228; x_wconf 76' lang='lat' dir='ltr'><strong>Jesum(Ephes.</strong></span> <span class='ocrx_word' id='word_1_785' title='bbox 3415 5171 3454 5212; x_wconf 83' lang='grc' dir='ltr'>ιι</span> <span class='ocrx_word' id='word_1_786' title='bbox 3481 5156 3515 5228; x_wconf 91' lang='lat'><strong>),</strong></span> <span class='ocrx_word' id='word_1_787' title='bbox 3545 5159 3837 5228; x_wconf 90' lang='lat' dir='ltr'><strong>quemad-</strong></span> 
     </span>
    </p>
   </div>
   <div class='ocr_carea' id='block_1_116' title="bbox 2175 5245 3836 5316">
    <p class='ocr_par' dir='ltr' id='par_1_116' title="bbox 2175 5245 3836 5316">
     <span class='ocr_line' id='line_1_116' title="bbox 2175 5245 3836 5316; baseline 0.002 -16"><span class='ocrx_word' id='word_1_788' title='bbox 2175 5245 2487 5302; x_wconf 89' lang='lat' dir='ltr'><strong>modumin</strong></span> <span class='ocrx_word' id='word_1_789' title='bbox 2533 5245 2985 5316; x_wconf 58' lang='lat' dir='ltr'><strong>praecedentibus</strong></span> <span class='ocrx_word' id='word_1_790' title='bbox 3026 5247 3246 5303; x_wconf 90' lang='lat' dir='ltr'><strong>dictum</strong></span> <span class='ocrx_word' id='word_1_791' title='bbox 3279 5250 3384 5314; x_wconf 90' lang='lat' dir='ltr'><strong>est,</strong></span> <span class='ocrx_word' id='word_1_792' title='bbox 3409 5251 3836 5303; x_wconf 88' lang='lat' dir='ltr'><strong>concertatores</strong></span> 
     </span>
    </p>
   </div>
   <div class='ocr_carea' id='block_1_117' title="bbox 2170 5334 3835 5402">
    <p class='ocr_par' dir='ltr' id='par_1_117' title="bbox 2170 5334 3835 5402">
     <span class='ocr_line' id='line_1_117' title="bbox 2170 5334 3835 5402; baseline 0 -12"><span class='ocrx_word' id='word_1_793' title='bbox 2170 5339 2226 5390; x_wconf 92' lang='lat' dir='ltr'><strong>et</strong></span> <span class='ocrx_word' id='word_1_794' title='bbox 2245 5338 2662 5391; x_wconf 90' lang='lat' dir='ltr'><strong>consectatores</strong></span> <span class='ocrx_word' id='word_1_795' title='bbox 2684 5347 2749 5391; x_wconf 92' lang='lat' dir='ltr'><strong>ac</strong></span> <span class='ocrx_word' id='word_1_796' title='bbox 2774 5334 3152 5392; x_wconf 83' lang='lat' dir='ltr'><strong>auxiliatores</strong></span> <span class='ocrx_word' id='word_1_797' title='bbox 3202 5339 3511 5402; x_wconf 86' lang='lat' dir='ltr'><strong>sumentes,</strong></span> <span class='ocrx_word' id='word_1_798' title='bbox 3542 5335 3835 5392; x_wconf 84' lang='lat' dir='ltr'><strong>conﬁden-</strong></span> 
     </span>
    </p>
   </div>
   <div class='ocr_carea' id='block_1_118' title="bbox 2170 5423 3837 5494">
    <p class='ocr_par' dir='ltr' id='par_1_118' title="bbox 2170 5423 3837 5494">
     <span class='ocr_line' id='line_1_118' title="bbox 2170 5423 3837 5494; baseline 0.001 -17"><span class='ocrx_word' id='word_1_799' title='bbox 2170 5423 2308 5478; x_wconf 88' lang='lat' dir='ltr'><strong>tiam</strong></span> <span class='ocrx_word' id='word_1_800' title='bbox 2337 5423 2503 5478; x_wconf 85' lang='lat' dir='ltr'><strong>talem</strong></span> <span class='ocrx_word' id='word_1_801' title='bbox 2561 5423 2832 5481; x_wconf 88' lang='lat' dir='ltr'><strong>habemus</strong></span> <span class='ocrx_word' id='word_1_802' title='bbox 2854 5425 2919 5480; x_wconf 91' lang='lat' dir='ltr'><strong>ad</strong></span> <span class='ocrx_word' id='word_1_803' title='bbox 2961 5424 3303 5481; x_wconf 91' lang='lat' dir='ltr'><strong>Dominum:</strong></span> <span class='ocrx_word' id='word_1_804' title='bbox 3337 5437 3448 5479; x_wconf 90' lang='lat' dir='ltr'><strong>non</strong></span> <span class='ocrx_word' id='word_1_805' title='bbox 3477 5424 3628 5494; x_wconf 89' lang='lat' dir='ltr'><strong>quod</strong></span> <span class='ocrx_word' id='word_1_806' title='bbox 3678 5423 3837 5480; x_wconf 70' lang='lat' dir='ltr'><strong>suffi-</strong></span> 
     </span>
    </p>
   </div>
  </div>
