4012 6162
164 283 248 346 257
897 284 1441 368 mrsnrnn'rmo
1477 285 1726 344 stom
1761 281 1794 338 v

1910 279 2305 338 3ENEBALIS.
2336 309 2411 320 —
2445 276 2646 334 ACTIO
2677 277 2767 332 Ill.

3446 261 3556 324 258

163 417 348 472 cientes
370 425 578 470 sumus
602 411 856 484 cogitare
879 409 1127 482 alliquid
1153 425 1188 468 a
1214 411 1403 485 nobis,
1441 412 1607 484 quasi
1638 425 1671 467 a
1698 424 1794 466 no-
1815 409 1877 473 Α
1905 410 2254 485 Βαηοείεεένῃο
2306 424 2369 462 ac
2418 406 2721 485 beatissimo
2783 402 2996 485 domin
3026 397 3250 485 Tarasio
3279 393 3561 485 archiepi—

164 505 253 576 bis,
277 503 368 559 sed
420 501 769 558 suﬁicientia
811 504 1003 556 nostra
1044 514 1111 555 ex
1138 502 1254 557 Deo
1282 507 1369 558 est
1391 500 1458 573 (II
1505 501 1622 557 Cor.
1661 500 1788 573 m);

165 594 274 665 quia
311 592 579 662 disrupta
614 589 862 645 membra
910 589 1230 646 etdiscissa
1281 591 1341 646 in
1372 605 1549 647 unum
1581 604 1790 660 corpus

162 688 486 753 compactum
529 686 588 736 et
611 693 925 736 connexum
961 693 1213 735 crescere
1259 679 1448 752 faciet,
1485 681 1543 736 in
1576 680 1790 751 quibus

161 779 304 844 caput
317 778 404 827 est
429 771 737 840 Christus;
763 775 819 825 et
839 769 989 824 ultra
1019 771 1133 838 jam
1167 783 1280 826 non
1310 776 1481 826 erunt
1503 770 1784 840 dispersa.

161 865 222 917 De
252 869 451 917 caetero
490 873 760 932 rogamus
788 858 1148 915 sanctitatem
1190 865 1456 929 vestram,
1506 873 1687 930 usque
1717 858 1786 914 ad

161 954 279 1008 duos
309 947 604 1024 [vicarios]
639 949 750 1004 loci
777 955 1090 1004 servatores
1114 949 1336 1004 mittere
1363 963 1493 1004 cum
1517 949 1788 1020 deiloqua

160 1042 374 1112 epistola
400 1054 506 1096 sua
530 1058 546 1110 ;
569 1045 627 1094 et
646 1038 931 1110 quidquid
964 1039 1079 1093 sibi
1106 1036 1284 1094 fuerit
1302 1039 1590 1094 divinitus
1615 1053 1788 1108 super

163 1133 246 1188 hoc
289 1130 518 1201 negotio
572 1129 900 1199 revelatum,
952 1128 1118 1183 nobis
1148 1127 1332 1183 facere
1377 1127 1782 1184 manifestum:

162 1230 213 1277 ut
229 1220 534 1277 secundum
563 1219 712 1290 quod
737 1218 994 1274 debitum
1015 1224 1119 1287 est,
1146 1223 1259 1272 tam
1296 1217 1407 1274 loci
1448 1224 1784 1289 servatores,

162 1325 302 1383 quam
343 1310 554 1365 littera:
596 1314 793 1364 vestra:
838 1308 1107 1378 synodice
1147 1307 1266 1363 sive
1304 1307 1373 1362 ad
1417 1307 1786 1380 loquendum,

162 1401 334 1456 sivead
362 1398 667 1470 legendum
700 1398 761 1452 in
805 1396 1073 1453 omnibus
1096 1395 1481 1466 inveniantur,
1509 1401 1790 1467 quatenus

163 1506 242 1562 per
262 1491 362 1544 hoc
387 1503 518 1559 quae
541 1487 724 1543 scissa
745 1492 899 1556 sunt,
933 1485 1235 1541 uniantur:
1274 1485 1529 1556 idipsum
1560 1485 1712 1540 enim
1735 1491 1791 1540 et

157 1596 182 1636 ει
224 1577 456 1649 praesule
503 1576 753 1632 senioris
800 1577 987 1631 Roma:
1030 1575 1338 1645 petivimus
1369 1593 1384 1647 ;
1415 1579 1471 1630 et
1511 1589 1646 1646 rogo
1691 1589 1790 1632 vos

158 1668 398 1735 fraterne,
432 1665 806 1736 apostolicam
833 1665 993 1720 vobis
1023 1678 1212 1721 vocem
1242 1665 1636 1734 pronuntians.
1655 1669 1791 1719 tan—

156 1772 302 1830 quam
333 1759 450 1811 Deo
474 1756 812 1811 exhortante
839 1769 937 1824 per
962 1767 1064 1810 nos
1098 1773 1112 1821 ,
1146 1720 1337 1810 omnia
1366 1759 1788 1823 perscrutantes
1818 1742 1872 1806 Β
1901 1731 1959 1785 in
1989 1729 2074 1784 είδ
2102 1725 2378 1784 δοιδτίυω
2425 1736 2577 1779 more
2607 1720 2921 1789 radiorum,

2010 1818 2020 1830 .
2142 1817 2179 1830 ..
2243 1829 2286 1830 η
2335 1829 2339 1830 ν
2854 1808 2918 1830 ..-

155 1847 448 1903 secundum
493 1845 805 1900 consilium
845 1849 1092 1899 vestrum
1139 1845 1288 1914 quod
1334 1844 1392 1898 in
1422 1846 1534 1899 Deo
1568 1842 1790 1913 patefa—

153 1939 249 1992 cite
276 1936 464 1991 nobis.
517 1934 809 2004 Scriptum
867 1938 953 1988 est
989 1933 1142 1988 enim
1181 1951 1194 1987 :
1245 1934 1418 1987 Labia
1451 1934 1790 1987 sacerdotum

150 2027 441 2080 custodierat
490 2026 794 2086 scientiam,
839 2030 891 2078 et
928 2024 1092 2091 legem
1131 2025 1418 2092 emquirent
1463 2038 1531 2076 ea:
1567 2038 1656 2076 ore
1695 2039 1791 2076 eo—

147 2133 252 2170 rum
293 2115 554 2184 (Malach,
588 2114 668 2186 ιι).
717 2113 869 2169 Certi
912 2113 1064 2167 enim
1105 2127 1323 2182 sumus,
1371 2113 1522 2182 quod
1570 2112 1788 2168 semina

146 2207 394 2260 veritatis
432 2205 492 2259 in
525 2203 689 2259 vobis
714 2203 867 2258 salva
896 2203 1257 2258 custodiatis.
1286 2201 1389 2256 Sed
1422 2207 1479 2256 et
1507 2202 1590 2271 pii
1622 2202 1794 2271 impe-

147 2301 350 2357 ratores
379 2294 566 2348 nostri
599 2298 656 2347 et
688 2306 786 2362 per
813 2298 1018 2347 cuncta
1055 2291 1384 2347 orthodoxa
1414 2292 1674 2347 veritatis
1705 2292 1796 2346 ﬁr-

144 2386 385 2439 mitatem
434 2390 750 2452 sectantur,
783 2388 839 2437 et
868 2381 1107 2437 Domino
1141 2383 1255 2436 Deo
1302 2381 1632 2450 supplicare
1680 2395 1792 2438 non

141 2479 372 2544 cessant,
402 2473 722 2528 secundum
735 2473 1071 2542 Gregorium
1089 2471 1234 2542 quia
1264 2471 1550 2542 theologia
1576 2485 1796 2543 cogno—

145 2579 252 2619 men
280 2564 536 2619 sortitus
564 2567 652 2617 est
683 2580 695 2616 :
728 2567 793 2618 ut
837 2560 1150 2616 eﬁiciamur
1183 2575 1302 2632 nos,
1355 2561 1454 2632 qui
1490 2561 1664 2616 unius
1692 2561 1793 2616 Dei

143 2654 460 2724 existimas,
500 2665 680 2707 unum
709 2670 722 2706 :
751 2657 806 2706 et
837 2651 935 2721 qui
968 2664 1169 2706 sumus
1197 2650 1521 2720 Trinitatis,
1558 2650 1709 2706 uniti
1741 2653 1797 2704 et

146 2744 345 2798 honore
376 2756 568 2812 pares,
618 2747 792 2811 atque
824 2741 1122 2795 unanimes
1155 2740 1213 2795 in
1245 2740 1474 2795 cunctis
1525 2740 1797 2795 invenia-

144 2846 294 2886 mur:
339 2838 397 2887 et
432 2831 538 2902 qui
570 2845 771 2886 sumus
800 2829 980 2885 sancti
1016 2829 1289 2901 Spiritus,
1327 2844 1437 2886 non
1467 2835 1664 2886 contra
1698 2831 1798 2885 in-

144 2921 331 2983 vicem,
366 2922 466 2976 sed
505 2926 616 2990 pro‘
644 2920 887 2975 invicem
918 2919 1142 2974 simus:
1194 2924 1251 2974 et
1275 2919 1375 2990 qui
1422 2933 1625 2975 sumus
1655 2919 1799 2975 veri-

143 3012 290 3082 tatis,
327 3011 590 3081 idipsum
622 3010 909 3080 sapientes
928 3014 1100 3079 atque
1121 3009 1378 3064 dicentes
1394 3009 1788 3081 exhibeamur,

141 3105 190 3155 et
219 3114 328 3156 non
359 3101 441 3156 sit
463 3100 759 3156 contentio
785 3099 870 3154 vel
897 3099 1184 3154 dissensio
1209 3099 1267 3152 in
1290 3098 1457 3155 nobis
1485 3117 1497 3152 :
1524 3099 1619 3154 sed
1643 3099 1798 3156 sicut

145 3190 410 3247 habemus
438 3205 620 3246 unum
673 3189 976 3259 baptisma,
1028 3202 1196 3244 unam
1229 3188 1415 3260 ﬁdem,
1451 3189 1532 3243 ita
1563 3194 1619 3243 et
1652 3204 1798 3246 con—

146 3281 458 3335 sonantiam
493 3293 666 3335 unam
711 3279 954 3334 inomni
989 3277 1381 3333 ecclesiastico
1437 3278 1687 3349 negotio.
1730 3281 1798 3334 Et

150 3383 248 3440 pax
285 3373 381 3426 Dei
426 3385 556 3442 quae
610 3375 915 3438 exsuperat
961 3381 1183 3424 omnem
1222 3381 1474 3439 sensum,
1519 3368 1578 3422 in
1617 3382 1795 3424 unum

151 3475 244 3516 nos
267 3461 566 3531 conducat,
599 3465 656 3515 et
682 3459 872 3514 divisa
895 3458 1074 3528 uniat,
1103 3461 1274 3527 atque
1301 3456 1646 3512 diuturnum
1680 3457 1800 3514 vul-

155 3567 255 3607 nus
291 3557 468 3622 sanet,
510 3557 567 3604 et
613 3549 1009 3605 incolumitate
1057 3547 1186 3603 ﬁdei
1218 3549 1469 3619 integros
1500 3553 1701 3621 servet,
1743 3553 1800 3604 et

157 3643 210 3696 in
236 3656 361 3697 vera
388 3639 752 3697 confessione
775 3645 946 3708 atque
967 3637 1270 3693 concordia
1299 3637 1562 3692 stabiliat
1580 3651 1794 3710 omnes,

157 3731 418 3802 uniatque
473 3735 730 3785 sanctam
783 3727 1091 3783 Ecclesiam
1141 3739 1322 3797 suam,
1369 3732 1426 3780 et
1473 3732 1794 3795 compescat

156 3822 406 3877 scandala
459 3834 588 3892 qua:
619 3820 980 3889 superjacent
1003 3818 1054 3872 ei
1087 3835 1098 3870 :
1143 3816 1654 3872 intercessionibus
1701 3817 1800 3871 in-

159 3917 425 3967 temerata:
455 3911 707 3965 domina:
738 3912 945 3963 nostrae
973 3906 1074 3962 Dei
1109 3905 1422 3960 Genitricis
1451 3911 1508 3960 et
1537 3905 1793 3960 omnium

158 4005 468 4056 sanctorum
498 3999 616 4054 ﬁat.
650 3998 850 4052 Amen.

221 4090 414 4145 Petrus
467 4094 526 4144 et
585 4090 787 4142 Petrus
843 4088 958 4142 Deo
1013 4084 1289 4142 amabiles
1349 4084 1685 4155 presbyteri,
1742 4089 1799 4140 et

157 4176 332 4234 locum
375 4180 686 4235 retinentes
734 4175 1053 4231 beatissimi
1087 4189 1242 4245 papae
1279 4174 1518 4229 Adriani
1553 4174 1799 4230 senioris

159 4265 353 4339 Romae,
397 4269 714 4324 dixerunt:
749 4264 1087 4334 Huiusmodi
1134 4263 1356 4319 litteras
1395 4262 1801 4320 sanctissimus

161 4372 291 4427 papa
320 4360 548 4430 recepit,
581 4363 640 4413 et
682 4356 899 4412 idcirco
923 4355 1140 4410 direxit
1179 4367 1283 4409 nos
1329 4367 1461 4408 cum
1500 4353 1799 4424 rescriptis

160 4462 277 4517 qua:
284 4451 393 4517 jam
409 4450 550 4504 lecta
569 4451 725 4504 sunt.

220 4538 454 4594 Joannes
474 4540 590 4592 Deo
611 4535 888 4592 amabalis
910 4532 1220 4605 presbyter,
1244 4538 1301 4588 et
1321 4533 1511 4589 locum
1548 4534 1803 4590 retinens

161 4627 514 4684 orientalium
552 4626 880 4696 principum
917 4623 1300 4694 sacerdotum,
1339 4623 1494 4679 dixit
1529 4642 1542 4678 :
1589 4626 1684 4679 Hie
1716 4624 1814 4689 lit.

166 4719 302 4784 tera),
331 4724 386 4773 et
414 4719 600 4788 pietas
637 4715 864 4786 imperii
908 4712 1045 4770 fecit
1082 4727 1185 4769 nos
1227 4714 1421 4770 venire
1473 4715 1604 4786 huc,
1638 4721 1695 4770 et
1715 4714 1808 4770 ef-

169 4803 344 4878 fugere
409 4809 747 4879 iniquorum
820 4805 1052 4860 illorum
1105 4803 1371 4860 Ecclesia:
1432 4803 1806 4860 inimicorum

170 4909 369 4954 manus.

224 4989 416 5046 Sancta
480 4986 736 5059 synodus
799 4985 1008 5042 dixit:
1089 4985 1240 5040 Deus
1309 4997 1407 5040 vos
1472 4982 1614 5040 bene
1692 4981 1804 5039 ad-

168 5075 333 5133 duxit.
895 5128 906 5132 -

224 5169 629 5226 Constantinus
684 5168 797 5222 Deo
856 5163 1126 5222 amabilis
1183 5163 1461 5220 diaconus
1510 5167 1566 5218 et
1629 5167 1802 5219 nota—

172 5259 276 5316 rius
299 5261 488 5317 dixit:
537 5261 657 5314 Prae
690 5256 954 5313 manibus
991 5256 1168 5312 habeo
1213 5258 1550 5311 memoratos
1581 5258 1804 5325 quater-

171 5352 347 5410 niones
381 5353 482 5425 qui
517 5350 682 5407 missi
705 5353 842 5407 sunt
879 5348 950 5405 ab
1001 5347 1248 5405 oriente:
1282 5350 1339 5402 et
1359 5345 1409 5403 si
1453 5344 1693 5417 jubetis,
1728 5344 1802 5401 le-

171 5454 360 5510 gemas.

1974 465 2136 553 scopo
2172 477 2711 553 Consta.ntin0poleos
2767 478 2817 528 et
2849 468 3166 553 universali
3201 465 3554 553 patriarchae,

1973 538 2196 608 oricntis
2249 553 2444 607 summi
2468 538 2770 605 sacerdotes
2810 551 2859 600 et
2897 541 3196 599 sacerdotes
3225 541 3285 591 in
3329 538 3554 591 Domino

1973 627 2205 680 salutem

1970 747 2387 805 Sacratissimis
2441 751 2496 801 et
2543 757 2610 799 ex
2653 741 2848 799 divina
2890 736 3126 794 deitatis
3175 729 3554 803 inspiratione

1900 837 2115 894 libellis
2161 835 2490 907 apostolicae
2554 848 2619 888 ac
2679 835 2924 902 paterna:
2975 823 3303 883 sanctitatis
3352 825 3553 877 vestrae

1901 927 2200 998 prmlectis,
2235 940 2267 981 ο
2299 922 2641 994 beatissimi,
2677 934 2780 976 nos
2815 916 3081 984 humiles,
3124 917 3180 968 et
3204 926 3400 968 eorum
3453 911 3551 981 qui

1897 1017 2182 1073 desertum
2216 1015 2463 1070 incolere
2515 1011 2770 1084 gestiunt
2815 1006 3032 1077 ultimi,
3066 1008 3311 1058 tremore
3343 1000 3558 1071 pariter

1897 1111 1952 1162 et
1983 1105 2190 1177 gaudio
2221 1117 2424 1160 sumus
2451 1100 2686 1157 detenti.
2721 1099 2984 1152 Tremore
3016 1092 3268 1163 quidem,
3316 1093 3547 1160 pr0pter

1899 1195 2160 1250 timorem
2209 1206 2406 1248 eorum
2458 1189 2675 1260 quibus
2713 1187 2786 1243 ob
2835 1189 3059 1256 peccata
3106 1186 3297 1236 nostra
3341 1179 3554 1234 servire

1896 1283 2108 1340 decreti
2159 1296 2378 1352 sumus,
2425 1279 2641 1350 quique
2680 1290 2807 1331 vere
2850 1277 2987 1329 sunt
3030 1270 3215 1340 impii:
3247 1273 3302 1324 et
3334 1269 3392 1323 in
3432 1267 3559 1322 cir—

1898 1374 2082 1444 cuitu,
2111 1372 2423 1428 secundum
2451 1367 2597 1439 quod
2628 1366 2905 1435 scriptum
2937 1366 3023 1418 est
3057 1360 3220 1432 (Psal.
3255 1357 3352 1430 x1),
3386 1355 3553 1426 impii

1899 1461 2212 1531 ambulant,
2274 1474 2340 1515 ac
2408 1471 2505 1528 per
2552 1454 2813 1527 singulos
2864 1464 3004 1521 pene
3053 1449 3178 1505 dies
3224 1446 3557 1503 occasiones

1897 1552 2230 1622 exquirunt,
2266 1553 2329 1603 ut
2354 1560 2456 1602 nos
2488 1544 2656 1600 morti
2691 1541 2919 1597 tradant
2955 1544 3011 1593 et
3043 1537 3312 1608 perdant:
3344 1534 3556 1606 gaudio

1897 1654 2046 1711 vero,
2089 1642 2315 1710 prepter
2357 1634 2651 1692 veritatem
2691 1631 3018 1687 orthodoxa:
3050 1625 3180 1682 ﬁdei
3216 1639 3342 1695 quae
3375 1622 3558 1693 fulget

2953 1722 3008 1771 et
3040 1712 3557 1771 luculentissimam

1897 1817 2350 1888 explanationem
2377 1811 2826 1884 apostolicorum
2850 1808 3180 1878 dogmatum
3212 1807 3269 1858 et
3301 1805 3560 1872 paterno-

1901 1921 2044 1964 rum.
2079 1908 2154 1961 De
2194 1904 2407 1976 quibus
2436 1906 2564 1970 apte
2595 1900 2907 1973 genitorem
2947 1894 3103 1951 vocis
3137 1891 3327 1961 Verbi,
3362 1891 3417 1945 id
3450 1891 3554 1957 est,

1900 1995 2228 2068 prophetam
2287 1991 2614 2047 Zachariam
2684 1988 2752 2042 ad
2815 1984 3141 2040 memoriam
3202 1980 3553 2047 reducentes,

1900 2098 2099 2156 magna
2140 2096 2274 2138 voce
2302 2081 2654 2136 clamamus:
2693 2075 2949 2130 Visitavit
2979 2087 3074 2125 nos
3117 2071 3295 2124 oriens
3339 2083 3406 2120 ear
3447 2067 3558 2118 alto

1897 2153 2045 2234 (Luc.
2083 2173 2120 2244 ι)
2166 2168 2502 2241 splendidus
2549 2165 2802 2221 theorica
2847 2165 2902 2216 et
2950 2160 3145 2216 divina
3198 2153 3555 2226 providentia
3661 2209 3666 2214 ,

1903 2263 2207 2320 illustratae
2239 2257 2464 2327 mentis,
2510 2256 2568 2310 in
2600 2251 2850 2309 tenebris
2876 2255 2931 2304 et
2967 2247 3166 2303 umbra
3199 2244 3399 2299 mortis
3431 2255 3560 2296 ma-

1905 2351 2047 2423 ligni
2097 2348 2330 2417 erroris,
2384 2346 2439 2400 id
2473 2349 2577 2410 est,
2623 2341 2876 2397 Arabicae
2909 2334 3242 2406 impietatis,
3276 2332 3554 2400 sedentes,

1904 2420 1972 2496 ad
2007 2437 2342 2510 dirigendos
2366 2431 2766 2503 intelligibiles
2799 2427 2966 2498 pedes
2992 2428 3217 2480 nostros
3247 2421 3303 2476 in
3331 2420 3479 2476 viam
3503 2422 3560 2472 et

1905 2529 2139 2586 semitas
2171 2523 2432 2596 pacifera:
2457 2517 2913 2578 constitutionis.
2947 2515 3075 2580 Quis
3103 2513 3352 2582 loquetur
3371 2513 3565 2579 poten-

1908 2623 2016 2674 tias
2042 2618 2309 2672 Domini?
2336 2613 2633 2670 nobiscum
2662 2608 2871 2679 psallat
2900 2603 3074 2660 David
3110 2607 3268 2672 pater
3294 2599 3396 2654 Dei
3426 2600 3561 2667 :aut

1905 2709 2126 2763 auditas
2173 2707 2339 2774 faciet
2385 2717 2564 2756 omnes
2615 2699 2804 2753 laudes
2836 2696 2953 2764 ejus
2984 2692 3148 2764 (Psal.
3175 2689 3258 2761 Cv)
3288 2687 3559 2758 quoniam

1909 2797 2176 2853 misertus
2219 2799 2304 2849 est
2331 2794 2481 2847 Deus
2509 2786 2792 2858 desperati
2827 2781 3024 2854 populi
3055 2779 3169 2850 sui,
3197 2783 3254 2834 et
3281 2774 3559 2832 distantia

1905 2889 1974 2943 ad
2016 2899 2185 2942 unam
2228 2883 2358 2939 ﬁdei
2390 2879 2623 2952 collegit
2666 2874 3041 2932 harmoniam.
3075 2873 3144 2924 Et
3187 2869 3357 2923 crearit
3394 2879 3563 2919 cornu

1906 2978 2102 3031 salutis
2132 2974 2285 3029 nobis
2315 2970 2463 3042 (Luc.
2498 2968 2557 3042 1),
2603 2971 2658 3022 et
2686 2962 3026 3021 directionis
3059 2960 3115 3014 in
3148 2959 3336 3028 domo,
3364 2959 3421 3011 et
3444 2956 3565 3010 Do-

1909 3066 2129 3122 minum
2152 3061 2464 3132 recipiente
2490 3056 2699 3126 templo
2724 3051 3005 3124 unigeniti
3031 3048 3165 3104 Filii
3193 3047 3306 3117 sui,
3332 3042 3556 3100 Domini

1907 3155 2175 3212 videlicet
2200 3152 2297 3208 Dei
2327 3165 2392 3206 ac
2415 3145 2729 3204 Salvatoris
2756 3142 2935 3199 nostri
2965 3142 3097 3195 Jesu
3126 3136 3375 3207 Christi;
3409 3135 3558 3206 quod

1909 3245 2048 3302 estis
2076 3258 2174 3299 vos
2203 3237 2554 3298 sanctissimi
2582 3246 2622 3304 ι,
2652 3238 2822 3304 atque
2844 3231 2903 3286 hi
2937 3229 3035 3300 qui
3062 3231 3248 3298 partes
3277 3224 3558 3280 secundas

1908 3333 2160 3390 ecclesia:
2204 3333 2431 3400 portant
2479 3339 2577 3396 per
2603 3325 2780 3394 legem
2816 3325 2873 3376 et
2896 3317 3156 3374 ordinem
3182 3314 3435 3371 ecclesia:
3469 3325 3560 3367 no-

1910 3431 2059 3490 stras,
2117 3418 2566 3487 triumphatores
2618 3411 2755 3484 [Gr.,
2806 3413 2976 3477 atque
3027 3405 3106 3474 hi,
3156 3403 3254 3474 qui
3303 3417 3419 3472 par.
3447 3413 3558 3456 sec.

1904 3515 2069 3584 juxta
2099 3509 2275 3581 legem
2305 3511 2362 3561 et
2389 3503 2646 3560 ordinem
2672 3499 2728 3553 in
2761 3496 3000 3553 ecclesia
3025 3492 3286 3548 obtinent
3310 3493 3436 3560 post
3465 3502 3566 3544 vos

1911 3578 2271 3672 triumphat]
2323 3595 2546 3651 scilicet
2587 3605 2651 3647 ac
2689 3587 2974 3645 divinitus
3023 3581 3277 3638 redimiti
3312 3593 3412 3634 seu
3463 3578 3561 3633 de-

1909 3692 2050 3749 creti
2083 3669 2374 3760 principes
2401 3682 2582 3740 nostri
2613 3687 2669 3736 et
2696 3675 2916 3734 domini
2949 3681 3230 3729 terrarum
3258 3669 3435 3726 orbis.
3472 3669 3564 3724 Sa-

1908 3757 2226 3837 cerdotium
2249 3775 2400 3830 enim
2429 3770 2656 3841 imperii
2684 3763 3065 3823 sanctiﬁcatio
3095 3765 3182 3816 est
3210 3764 3266 3814 et
3290 3757 3567 3814 constitu-

1910 3871 2012 3941 tio,
2058 3872 2114 3922 et
2158 3863 2461 3934 imperium
2511 3857 2815 3915 sacerdotii
2862 3851 3141 3909 fortitudo
3167 3853 3222 3904 et
3255 3848 3570 3903 ﬁrmamen-

1908 3935 2029 4016 tum
2055 3976 2069 4028 ;
2109 3956 2178 4011 de
2208 3953 2421 4024 quibus
2452 3949 2679 4019 sapiens
2710 3945 2943 4017 quidam
2978 3941 3241 4011 princeps
3270 3940 3326 3992 et
3353 3935 3413 3990 in
3443 3947 3571 3989 san-

1909 4049 2020 4105 ctis
2041 4026 2274 4118 regibus
2303 4039 2674 4096 beatissimus
2703 4035 2812 4092 ait:
2845 4031 3154 4087 Maximum
3181 4029 3395 4083 donum
3417 4026 3567 4079 Deus

1914 4112 2246 4194 hominibus
2270 4130 2559 4203 priestitit,
2581 4123 2962 4183 sacerdotium
2985 4117 3389 4188 etimperium:
3420 4112 3564 4168 illud

1912 4227 2142 4299 quidem
2191 4224 2476 4279 adornans
2523 4221 2579 4273 et
2604 4229 2802 4288 regens
2835 4209 3127 4278 coelestia;
3162 4207 3268 4261 hoc
3298 4217 3429 4259 vero
3470 4217 3567 4274 gu-

1911 4293 2157 4374 bernans
2215 4311 2439 4385 legibus
2481 4306 2658 4378 justis
2714 4301 3027 4359 terrestria.
3080 4299 3244 4354 Nunc
3289 4293 3569 4350 veraciter

1917 4407 2138 4463 medius
2165 4380 2421 4459 maceriae
2453 4397 2640 4468 paries
2669 4393 2895 4449 solutus
2923 4393 3027 4460 est,
3061 4391 3116 4441 et
3144 4382 3448 4441 concordia
3482 4380 3567 4435 di-

1829 4455 1886 4518 Β
1917 4496 2157 4554 scordiae
2206 4491 2586 4564 principatur,
2631 4488 2688 4540 et
2717 4483 3052 4537 incurvatur
3087 4473 3295 4530 unitati
3327 4470 3561 4540 divisio,

1918 4592 1974 4643 et
2003 4585 2135 4656 fuga
2159 4559 2315 4652 lapsa
2344 4559 2634 4646 diSparuit
2661 4566 3018 4627 dissonantia
3043 4583 3054 4618 :
3090 4568 3146 4618 et
3175 4575 3282 4632 pax
3311 4559 3410 4614 Dei
3439 4570 3564 4628 qua:

1919 4648 2232 4744 exsuperat
2250 4681 2469 4726 omnem
2498 4676 2748 4728 sensum,
2771 4657 3028 4730 jucundo
3056 4653 3220 4709 vultu
3246 4648 3567 4719 triumphat

1918 4770 1976 4822 et
2007 4735 2352 4820 ﬁducialiter
2375 4755 2761 4812 conversatur.
2799 4751 2958 4804 Nunc
2990 4759 3092 4800 nos
3118 4741 3218 4813 qui
3251 4738 3419 4795 factis
3450 4735 3567 4794 fue-

1918 4866 2112 4910 ramus
2141 4846 2512 4920 opprobrium
2538 4840 2747 4897 vicinis
2777 4843 2832 4892 et
2861 4834 3127 4892 afﬁnibus
3170 4829 3404 4900 nostris,
3437 4827 3569 4884 sub-

1916 4941 2178 5000 sannatio
2207 4943 2262 4994 et
2289 4933 2506 4993 derisio
2533 4931 2625 4986 his
2657 4927 2755 5000 qui
2802 4927 2860 4980 in
2887 4923 3140 4980 circuitu
3183 4924 3377 4976 nostro
3405 4922 3562 4988 sunt,

1913 5047 1978 5090 ac
2010 5045 2107 5103 per
2137 5030 2242 5085 hoc
2267 5026 2336 5082 ad
2368 5030 2575 5079 terram
2619 5032 2730 5089 pra:
2759 5013 3095 5071 confusione
3126 5009 3561 5081 prospicientes,

1912 5123 1981 5180 ad
2011 5095 2186 5178 caelos
2217 5112 2476 5174 unanimi
2517 5109 2812 5166 alacritate
2843 5101 3215 5172 suspicimus,
3242 5104 3299 5154 et
3327 5095 3568 5168 psallen-

1915 5215 1996 5268 tes
2055 5211 2113 5266 in
2161 5202 2541 5263 exsultatione
2587 5196 3037 5269 proclamamus:
3072 5193 3138 5245 In
3189 5190 3286 5242 hoc
3323 5183 3560 5253 cognovi,

1913 5301 2169 5372 quoniam
2213 5294 2433 5351 uoluisti
2489 5306 2592 5353 me,
2647 5288 2777 5358 quia
2824 5299 2931 5339 non
3001 5279 3260 5350 gaudebit
3308 5275 3560 5329 inimicus

1911 5362 2060 5447 incus
2106 5403 2269 5458 super
2316 5400 2398 5439 me
2456 5377 2758 5453 (Psal.x1.).
2808 5377 2892 5431 Me
2955 5376 3149 5458 autem
3208 5362 3563 5458 propter-in-

1914 5451 2234 5538 nocentia-m
2284 5479 2340 5531 et
2382 5451 2812 5542 simplicitatem
2873 5460 3086 5519 erroris
3131 5451 3362 5532 [errore]
3413 5451 3564 5506 titu-

229 5628 250 5656 ³
269 5618 461 5676 Anast.
504 5616 660 5674 verb.
692 5614 843 5681 Quia.
867 5614 1080 5684 primas
1119 5612 1355 5667 retinent
1392 5607 1744 5680 patriarcha,
1781 5619 1911 5662 nam
1944 5601 2187 5676 primum
2228 5596 2288 5648 in
2321 5591 2540 5646 ecclesia
2581 5589 2753 5641 locum
2785 5579 3069 5652 possident
3097 5575 3415 5630 sacerdotes.
