4018 6166
429 301 537 363 259

1657 300 2012 357 ANASTASII
2065 300 2603 358 BIBLIOTHECARII
3729 300 3823 360 960

428 435 650 492 bantem
680 435 1006 506 suscepisti,
1039 439 1096 490 et
1134 433 1351 489 salvum
1382 445 1467 488 me
1507 431 1724 488 faciens
1747 432 2005 504 erexisti,
2031 437 2086 487 et
2106 435 2166 499 Α
2196 433 2378 505 gratia
2417 433 2733 504 paciﬁcatis
2761 433 3046 504 ecclesiis,
3075 431 3161 488 vel
3190 432 3400 504 populo
3434 432 3826 490 miserabiliter

432 539 601 595 super
645 530 857 594 petram
911 524 1239 594 apostolica:
1297 523 1427 578 ﬁdei
1477 522 1867 579 claudicantes
1917 522 2085 592 pedes

433 627 586 669 meos
627 613 894 668 inﬁxisti.
943 617 1067 668 llaac
1092 619 1149 668 et
1180 613 1272 667 his
1296 613 1659 667 concinentia
1699 611 1950 666 scribere
1980 625 2083 666 nos

431 701 687 758 fecerunt
710 703 998 758 divinitus
1027 707 1254 757 exarata
1290 701 1583 756 volumina
1616 706 1818 771 vestra,
1848 714 1972 771 quae
1997 713 2083 755 ca-

429 792 633 847 nonica
680 792 818 846 moti
857 792 996 863 lege,
1043 797 1097 846 et
1125 795 1369 860 paternae
1395 789 1732 845 traditionis
1765 788 2080 858 disciplina

427 880 610 939 ducti.
670 880 762 935 his
809 884 907 951 qui
957 880 1401 950 apostolicarum
1449 879 1672 934 sedtum
1722 879 2076 933 moderamen

429 971 621 1025 sortiti
667 975 824 1041 sunt,
872 983 969 1039 per
1000 971 1336 1024 reverendas
1359 973 1415 1023 et
1443 968 1611 1024 a'Deo
1640 968 1890 1023 directas
1916 967 2078 1038 bigas

428 1059 711 1115 mis.stis:
743 1060 842 1130 qui
872 1060 1280 1130 pervenientes,
1312 1065 1366 1113 et
1394 1073 1490 1128 per
1511 1058 1609 1112 Dei
1639 1057 1986 1113 voluntatem
2013 1069 2078 1110 ac

427 1154 630 1204 nutum
657 1155 1018 1204 occurrentes
1043 1150 1142 1202 Dei
1175 1148 1499 1203 cultoribus
1543 1146 1821 1202 fratribus
1862 1150 2078 1201 nostris

426 1237 570 1292 viris
604 1239 840 1305 sanctis,
861 1238 960 1308 qui
983 1238 1264 1292 dederunt
1284 1237 1505 1292 animas
1531 1250 1664 1292 suas
1691 1250 1790 1306 pro
1816 1235 2079 1290 ecclesia-

427 1341 551 1382 rum
601 1327 991 1396 correctione;
1035 1332 1091 1380 et
1129 1327 1406 1397 recogniti
1449 1341 1514 1381 ex
1555 1325 1728 1380 veteri
1757 1331 1813 1379 et
1837 1330 2077 1394 antiqua

424 1416 870 1486 conversatione,
905 1415 1066 1471 valde
1095 1415 1276 1486 gavisi
1323 1419 1499 1470 sunt:
1530 1419 1586 1468 et
1628 1413 1871 1468 maxime
1911 1424 2078 1482 repe-

425 1504 638 1559 rientes
662 1505 858 1560 ambos
904 1505 963 1559 in
993 1518 1106 1560 uno
1133 1504 1257 1559 loco
1291 1505 1577 1575 degentes,
1606 1509 1660 1558 et
1693 1502 1921 1558 modum
1963 1503 2076 1555 Deo

426 1592 698 1663 placitum
732 1599 1149 1663 persequentes.
1199 1594 1270 1647 Et
1299 1607 1420 1648 sese
1446 1593 1777 1660 revelantes,
1809 1590 2079 1646 ostende—

425 1686 561 1737 runt
597 1681 682 1736 eis
707 1682 1062 1738 orthodoxiaa
1086 1687 1284 1736 vestrae
1307 1683 1420 1737 Deo
1467 1681 1731 1736 decentes
1775 1686 1832 1735 et
1868 1679 2078 1750 dignos

2189 523 2330 594 jugo
2380 525 2678 580 servitutis
2725 521 2955 594 afﬂicto,
2989 526 3044 578 et
3095 521 3550 593 importabilium
3582 521 3824 578 illatione

2195 611 2544 668 tributorum
2591 626 2879 684 Oppresso.
2913 613 2986 666 At
3029 611 3120 667 illi
3152 611 3270 666 haec
3298 611 3531 667 moleste
3577 608 3823 682 ferentes,

2191 701 2478 772 dicebant,
2509 702 2642 772 quia
2686 703 2743 756 in
2773 702 2878 758 hoc
2902 701 3174 757 destinati
3204 714 3425 768 sumus,
3456 703 3520 756 ut
3550 700 3825 756 tradamus

2192 795 2416 845 nostras
2443 791 2502 845 in
2549 796 2783 846 mortem
2814 791 3036 846 animas
3064 805 3166 860 pro
3198 789 3470 859 Ecclesia,
3503 794 3559 844 et
3591 789 3831 858 proposi-

2191 883 2310 934 tum
2324 879 2677 935 sanctissimi
2701 880 3114 950 patriarchreac
3135 878 3533 949 piissimorum
3549 877 3834 947 imperato-

2190 982 2316 1023 rum
2346 969 2721 1037 perducamus
2745 971 2801 1023 in
2830 968 3016 1024 ﬁnem.
3051 969 3153 1023 Sed
3185 969 3234 1022 si
3270 969 3326 1022 in
3354 972 3571 1022 vestras
3603 972 3832 1022 tantum-

2192 1057 2355 1112 modo
2397 1058 2637 1129 animas,
2671 1057 2930 1113 diximus
2953 1058 3021 1113 ad
3057 1070 3174 1128 eos,
3203 1056 3608 1111 cohauriretur
3629 1055 3834 1124 pericu-

2191 1146 2329 1215 lum,
2365 1146 2596 1202 haberet
2626 1146 2770 1203 forte
2791 1161 2977 1203 sermo
3002 1152 3186 1202 vester
3210 1146 3464 1216 aliquam
3494 1145 3831 1200 ﬁrmitatem.

2185 1234 2258 1288 At
2281 1248 2412 1290 vero
2440 1236 2574 1305 quia
2594 1242 2793 1292 contra
2813 1249 3114 1291 commune
3144 1249 3354 1304 corpus
3383 1234 3639 1304 procedit
3665 1234 3836 1289 Eccle-

2187 1323 2308 1393 sia),
2332 1325 2524 1394 qualis
2543 1325 2653 1380 erit
2677 1325 2965 1394 profectus
2988 1325 3015 1378 ’ἶ
3040 1324 3154 1379 imo
3179 1324 3370 1394 qualis
3392 1336 3504 1378 non
3532 1323 3646 1378 erit
3663 1323 3830 1393 laesio,

2186 1413 2493 1469 aediﬁcium
2536 1420 2870 1470 construere
2917 1427 3089 1484 super
3138 1412 3520 1483 putredinem,
3577 1417 3633 1466 et
3683 1412 3836 1466 ﬁrmo

2189 1500 2553 1559 fundamento
2598 1503 2933 1574 privatum?
2969 1509 3026 1557 et
3065 1502 3368 1574 quomodo,
3406 1501 3706 1572 inquiunt,
3761 1505 3836 1560 vel

2187 1605 2297 1660 qua
2325 1590 2470 1647 facie
2496 1592 2566 1648 ad
2597 1605 2693 1648 eos
2715 1593 2813 1662 qui
2847 1605 2951 1647 nos
2978 1592 3279 1661 miserunt,
3312 1590 3658 1662 redibimus,
3692 1588 3832 1644 nihil

2185 1692 2381 1736 eorum
2429 1695 2553 1752 quae
2596 1681 2909 1738 secundum
2940 1686 3133 1737 votum
3175 1695 3345 1736 suum
3376 1679 3707 1750 sperabant,
3737 1693 3838 1734 om-

422 1770 803 1826 admiratione
855 1771 1102 1842 libellos,
1161 1769 1467 1825 referentes
1524 1784 1621 1839 per
1669 1769 1926 1825 ordinem
1963 1768 2075 1825 Deo
2101 1769 2156 1833 B
2187 1769 2326 1824 nino
2365 1767 2609 1826 ferentes
2638 1770 2666 1824 ?
2702 1769 2785 1826 Ad
2820 1771 2940 1826 haec
2969 1769 3302 1826 deﬁcientes
3336 1782 3459 1839 nos,
3484 1769 3840 1838 scientesque

426 1858 648 1928 placitae
673 1859 1000 1915 sanctitatis
1035 1865 1234 1915 vestrae
1267 1859 1494 1930 mentis,
1522 1864 1578 1914 et
1608 1859 1768 1929 pium
1794 1863 1907 1917 Deo
1931 1877 2078 1918 con-

423 1953 774 2004 servatorum
830 1949 1195 2004 dominorum
1263 1953 1587 2005 nostrorum
1635 1949 1969 2022 consilium,
2021 1957 2078 2007 et

422 2038 745 2092 communis
774 2039 1030 2093 omnium
1061 2037 1269 2092 salutis
1305 2038 1803 2108 exspectationem,
1837 2046 1892 2094 et
1923 2053 2074 2096 circa

421 2125 596 2181 Deum
629 2127 754 2181 sine
778 2125 1114 2182 confusione
1141 2140 1316 2195 spem.
1343 2127 1416 2180 At
1439 2127 1528 2180 illi
1558 2122 1722 2196 quasi
1748 2141 1916 2182 unam
1939 2132 2077 2184 ani-

424 2227 569 2268 mam
610 2228 668 2269 in
707 2215 935 2271 duobus
977 2215 1317 2284 corporibus
1367 2214 1656 2286 habentes,
1691 2222 1746 2271 et
1777 2231 1951 2273 unum
1978 2232 2075 2274 se—

421 2304 671 2360 cundum
702 2305 1023 2374 apostolum
1046 2306 1352 2374 sapientes.
1372 2311 1428 2359 et
1452 2320 1483 2360 a
1504 2305 1703 2360 divino
1729 2308 1931 2377 agitati
1964 2309 2080 2377 spi-

423 2392 562 2461 ritu,
613 2399 829 2448 secreto
883 2394 1096 2462 pariter
1124 2400 1180 2447 et
1212 2393 1598 2464 intelligenter
1640 2393 1844 2449 fratres
1875 2404 2077 2452 conte—

423 2487 615 2548 gentes
649 2486 705 2535 et
741 2482 1091 2536 occultantes
1125 2487 1353 2550 propter
1392 2481 1756 2536 formidinem
1801 2483 2076 2539 inimico-

421 2582 549 2625 rum
571 2569 782 2640 crucis,
809 2583 932 2638 qua;
957 2570 1090 2624 hinc
1113 2570 1244 2624 inde
1263 2570 1544 2638 disposita
1579 2569 1781 2642 fuerat,
1813 2586 1924 2626 non
1945 2575 2074 2629 ausi

422 2665 576 2731 sunt,
625 2673 754 2715 cum
795 2663 986 2713 essent
1039 2659 1348 2729 sapientes,
1392 2659 1478 2713 vel
1518 2659 1746 2714 credere
1794 2662 2072 2718 visionem

424 2752 702 2821 ipsorum,
751 2746 835 2802 vel
887 2760 1074 2802 causa:
1116 2747 1342 2815 operari
1373 2747 1719 2802 decursum:
1755 2751 2073 2819 praesertim

420 2855 549 2897 cum
582 2839 642 2893 in
670 2839 873 2892 timore
905 2849 994 2890 res
1032 2835 1356 2906 haberetur,
1389 2841 1447 2890 et
1475 2850 1645 2906 quam
1693 2839 1936 2893 maxime
1961 2853 2075 2895 cre-

421 2930 685 2985 brescens
708 2925 1018 2982 consilium
1051 2930 1106 2979 et
1133 2924 1386 2996 diligens
1423 2925 1932 2995 circumspiciendi
1965 2934 2077 2984 tra-

417 3023 604 3074 ctatus
640 3017 982 3087 exigeretur.
1033 3014 1330 3068 Consilium
1359 3017 1501 3068 enim
1543 3015 1738 3069 bonum
1786 3018 2071 3082 custodiet,

2185 1861 2296 1914 Deo
2333 1859 2610 1916 amabiles
2653 1858 2859 1916 fratres
2911 1863 3160 1930 nostros,
3202 1861 3470 1915 Joannem
3523 1857 3755 1914 scilicet
3791 1861 3842 1911 et

2184 1947 2453 2002 Thomam
2492 1989 2507 2016 ,
2574 1947 2693 2003 zelo
2757 1948 2957 2005 divino
3018 1947 3350 2004 orthodoxae
3408 1946 3538 2002 ﬁdei
3597 1945 3838 2003 adorna-

2186 2040 2292 2108 tos,
2319 2041 2491 2107 atque
2517 2037 2763 2094 duorum
2791 2042 3116 2094 sanctorum
3149 2043 3206 2092 et
3237 2050 3571 2108 magnorum
3599 2036 3844 2106 patriar-

2184 2126 2420 2180 charum
2470 2126 2770 2196 syncellos,
2821 2127 2964 2198 quin
3007 2130 3063 2182 et
3109 2126 3549 2182 sanctiﬁcandos
3613 2121 3820 2198 [sancti

2186 2211 2301 2288 ﬁci]
2351 2215 2572 2270 silentii
2615 2220 2917 2287 amatores,
2965 2217 3226 2271 diximus
3253 2217 3323 2271 ad
3358 2229 3494 2272 eos:
3527 2217 3668 2271 Ecce
3719 2219 3847 2270 tem-

2187 2319 2313 2374 pus.
2347 2303 2571 2376 fratres,
2615 2311 2908 2375 acceptum
2948 2305 3176 2375 salutis,
3204 2311 3259 2360 et
3289 2305 3523 2362 silentio
3551 2304 3841 2360 excellen-

2187 2394 2324 2450 tius.
2387 2396 2468 2450 Ite
2527 2408 2656 2450 cum
2719 2395 2865 2451 viris
2932 2395 3083 2466 istis,
3143 2401 3200 2450 et
3247 2410 3349 2465 pro
3391 2395 3478 2450 eis
3520 2393 3841 2465 apologiam

2184 2484 2504 2554 assumite;
2548 2491 2605 2539 et
2646 2491 2904 2541 enarrate
2948 2485 3073 2540 viva
3111 2498 3262 2556 voce,
3309 2497 3436 2555 quae
3479 2498 3577 2554 per
3617 2484 3842 2539 litteras

2189 2574 2456 2630 intimare
2535 2576 2788 2631 dominis
2849 2576 3064 2631 nostris
3127 2589 3300 2645 supra
3361 2575 3514 2630 vires
3588 2573 3844 2643 conjici—

2189 2677 2332 2718 mus.
2377 2665 2572 2720 Nostis
2616 2665 2770 2720 enim
2802 2664 3054 2735 qualiter
3087 2679 3187 2734 per
3211 2663 3483 2733 pusillam
3514 2662 3848 2718 accusatio-

2188 2767 2311 2808 nem
2353 2754 2514 2810 exsul
2561 2752 2747 2809 factus
2779 2756 2916 2809 sita
2949 2754 3040 2809 bis
3091 2753 3354 2809 millibus
3398 2754 3701 2824 signorum
3755 2750 3848 2806 ille

2187 2843 2287 2913 qui
2314 2843 2382 2898 ad
2431 2843 2738 2915 regendum
2782 2844 3053 2899 thronum
3087 2841 3286 2898 fratris
3324 2842 3549 2898 Domini
3599 2841 3848 2896 sortitus

2185 2936 2271 2988 est
2316 2932 2528 2988 Jacobi.
2581 2934 2719 2988 Cum
2779 2935 2969 2989 autem
3027 2947 3172 3002 opus
3217 2932 3318 2988 Dei
3363 2930 3845 3001 adimpleveritis,

2184 3025 2241 3076 et
2267 3022 2640 3092 apostolicam
2671 3023 3040 3078 traditionem
3075 3036 3200 3092 quae
3226 3027 3452 3077 tenetur
3480 3021 3538 3076 in
3578 3019 3848 3076 ecclesiis

421 3106 665 3178 inquiet,
712 3110 780 3167 te,
827 3106 1076 3170 cogitatio
1115 3118 1238 3157 vero
1284 3103 1421 3158 bona
1449 3105 1686 3158 servabit
1709 3109 1757 3158 te
1786 3104 1959 3176 (Prov.
1989 3106 2068 3180 ιι).
2104 3121 2154 3184 c
2188 3125 2286 3182 per
2307 3112 2606 3184 zEgyptum
2633 3116 2689 3167 et
2733 3112 2974 3183 Syriam,
3007 3112 3262 3167 dominis
3307 3111 3522 3167 nostris
3551 3111 3846 3180 cognitam

421 3199 489 3253 Et
508 3209 633 3251 ecce
662 3194 796 3250 dum
833 3191 1034 3247 lateret
1062 3205 1158 3247 eos
1189 3191 1289 3262 qui
1317 3206 1375 3246 se
1395 3193 1503 3248 sub
1528 3194 1773 3248 tuitione
1797 3196 2075 3251 custodiae

424 3281 590 3358 [quos
613 3285 671 3339 in
693 3296 810 3338 sua:
843 3282 1114 3338 tuitionis
1150 3279 1491 3356 custodiam]
1522 3291 1849 3357 posuerant,
1873 3299 2074 3342 cucur-

423 3379 620 3431 rerunt
667 3386 846 3442 usque
878 3371 946 3426 ad
1000 3385 1142 3426 nos:
1178 3376 1234 3426 et
1266 3371 1324 3426 in
1374 3371 1629 3442 idipsum
1664 3382 2074 3447 congregantes

419 3463 674 3534 silenter,
711 3460 1094 3517 humilitatem
1127 3465 1399 3531 nostram,
1434 3462 1618 3531 primo
1640 3465 1871 3534 quidem
1897 3466 2071 3536 adju-

420 3558 672 3608 ramento
707 3548 820 3625 [Gn
849 3555 899 3604 et
921 3566 1019 3605 ms.
1053 3551 1156 3604 Jol.
1192 3553 1438 3605 maxime
1475 3550 1768 3626 horribili]
1807 3554 2075 3610 vincien-

419 3647 522 3713 tes,
573 3655 677 3697 nos
711 3653 934 3696 servare
976 3642 1192 3694 secreto
1234 3653 1299 3693 ac
1328 3639 1455 3693 sine
1494 3641 1905 3713 propalatione,
1949 3658 2074 3713 quae

419 3731 490 3786 ab
526 3731 614 3786 eis
649 3734 813 3784 erant
850 3727 1112 3797 dicenda,
1159 3733 1214 3782 et
1251 3728 1310 3781 in
1344 3730 1496 3782 hunc
1526 3729 1751 3783 modum
1785 3732 2069 3802 quidquid

419 3821 488 3874 ad
545 3818 823 3874 cautelam
878 3816 1126 3886 pertinet
1193 3822 1614 3887 exaggerantes,
1685 3819 2073 3878 revelaverunt

421 3908 590 3964 nobis
629 3919 850 3962 omnem
907 3905 988 3960 rei
1034 3918 1160 3974 qua:
1203 3905 1317 3960 sibi
1344 3906 1650 3979 acciderat,
1681 3907 2072 3967 circumstan-

423 3997 581 4050 tiam.
622 3992 934 4066 Stupefacti
966 3998 1156 4049 autem
1200 4001 1255 4049 et
1297 3997 1625 4065 compuncti
1657 3998 1846 4070 corde,
1880 3999 2072 4071 lacry—

424 4085 648 4156 misque
679 4083 894 4155 perfusi
926 4081 1278 4140 ferventibus
1303 4098 1474 4154 super
1508 4086 1836 4155 hujusmodi
1865 4103 2071 4146 narra-

423 4175 603 4230 tionis
651 4173 928 4230 miraculo
979 4169 1343 4250 [inOpinato],
1384 4180 1440 4230 et
1467 4176 1652 4246 gloria
1685 4181 1853 4233 tanta;
1881 4193 2069 4236 rerum

424 4263 781 4335 mutationis,
828 4263 1095 4318 stetimus
1137 4265 1206 4320 ad
1234 4265 1573 4338 orationem,
1602 4266 1777 4322 veluti
1804 4274 2069 4338 peccato-

424 4367 531 4426 res,
563 4369 691 4410 cum
720 4353 925 4409 timore
948 4366 1013 4408 ac
1045 4358 1286 4410 tremore
1313 4373 1325 4408 :
1369 4359 1427 4410 et
1451 4355 1505 4410 ei
1538 4355 1638 4425 qui
1693 4355 1832 4412 facit
1878 4361 2070 4418 omnia

2186 3201 2459 3274 feceritis,
2511 3207 2648 3258 tunc
2687 3202 2836 3273 quod
2864 3215 2896 3257 a
2940 3201 3103 3257 vobis
3125 3201 3506 3271 desideratur,
3533 3198 3848 3268 amplecti—

2187 3291 2350 3347 mini.
2398 3292 2468 3346 Et
2513 3291 2797 3362 quomodo
2838 3305 2962 3364 nos,
3009 3291 3426 3361 responderunt
3476 3289 3673 3344 idiota:
3717 3302 3844 3344 cum

2185 3381 2368 3437 simus
2393 3385 2448 3436 et
2474 3381 2794 3452 inexpertes
2828 3377 2966 3454 [Gr.,
2997 3377 3228 3455 ignoti],
3260 3385 3316 3436 et
3343 3380 3410 3435 ad
3450 3384 3667 3434 tantam
3703 3391 3850 3434 cau—

2183 3484 2300 3526 sam
2335 3470 2549 3525 inﬁrmi
2577 3477 2633 3525 et
2664 3471 2901 3542 indocti,
2947 3484 3356 3541 praesumemus
3385 3469 3641 3538 arripere
3677 3480 3847 3538 nego-

2183 3559 2326 3618 tium
2364 3559 2513 3628 quod
2555 3560 2824 3616 virtutem
2866 3566 3117 3616 nostram
3147 3559 3498 3630 exsuperat?
3524 3558 3630 3613 Sed
3663 3557 3850 3613 Chri—

2180 3653 2306 3704 stus
2323 3650 2474 3704 Deus
2506 3657 2714 3720 noster,
2748 3651 2848 3720 qui
2877 3664 2976 3720 per
3006 3650 3321 3706 vilissimos
3345 3655 3402 3705 et
3427 3648 3659 3718 idiotas,
3700 3659 3849 3702 eve—

2181 3738 2357 3810 stigio
2403 3738 2680 3812 diximus,
2731 3745 3068 3809 coaperatus
3115 3744 3221 3811 est,
3271 3744 3518 3806 sanctos,
3577 3737 3845 3808 inquam,

2181 3828 2487 3900 apostolos,
2531 3834 2587 3884 et
2637 3842 2735 3900 per
2780 3843 2877 3886 eos
2915 3830 3107 3886 orbem
3157 3835 3439 3886 terrarum
3483 3828 3746 3897 captavit
3777 3825 3844 3881 ad

2181 3917 2563 3974 obedientiam
2602 3919 2756 3975 verbi
2810 3919 3263 3990 dispensationis
3309 3932 3446 3989 sum,
3499 3922 3706 3988 potens
3764 3919 3851 3971 est

2178 4005 2316 4062 dare
2351 4007 2515 4063 vobis
2555 4022 2865 4066 sermonem
2918 4009 2977 4064 in
3025 4009 3319 4079 apertione
3363 4007 3483 4063 oris
3522 4006 3743 4077 vestri,
3777 4005 3845 4060 ad

2179 4096 2560 4167 supplendum
2584 4099 2960 4156 intentionem
2984 4102 3040 4154 et
3055 4111 3286 4155 sensum
3303 4110 3501 4172 eorum
3527 4097 3625 4166 qui
3651 4109 3851 4167 neque

2182 4189 2405 4246 litteras
2446 4188 2755 4258 quiverunt
2789 4188 3098 4258 suscipere,
3147 4201 3330 4259 neque
3367 4187 3494 4243 ausi
3519 4191 3655 4242 sunt
3683 4186 3851 4242 scri-

2180 4277 2330 4351 bere,
2363 4279 2449 4334 vel
2495 4293 2670 4350 super
2711 4279 2927 4335 talibus
2969 4277 3230 4349 quolibet
3265 4278 3431 4333 modo
3458 4276 3691 4332 mutire.
3728 4275 3845 4345 Qui

2179 4381 2308 4423 cum
2368 4369 2468 4423 Dei
2516 4373 2704 4425 essent
2763 4373 3064 4439 amatores,
3113 4366 3453 4422 obedientia:
3511 4365 3618 4421 ﬁlii
3667 4377 3852 4435 appa-

420 4451 477 4501 et
506 4445 777 4501 transfert
804 4445 872 4501 ad
903 4445 959 4500 id
987 4446 1136 4515 quod
1167 4445 1372 4501 melius
1401 4450 1506 4518 est,
1533 4447 1819 4503 decentem
1845 4449 2068 4507 laudem
2101 4465 2154 4526 1)
2180 4461 2384 4527 rentes,
2435 4457 2774 4514 obedierunt
2821 4458 2988 4514 verbo
3038 4463 3254 4529 nostro,
3313 4460 3369 4511 et
3423 4455 3850 4526 acquieverunt

423 4534 747 4608 referentes,
781 4535 1089 4606 petivimus
1108 4534 1318 4590 obnixe
1343 4534 1752 4608 benignitatem
1779 4539 1922 4608 ejus,
1953 4556 2067 4612 quo

422 4626 480 4681 in
527 4625 787 4681 minimis
831 4623 999 4680 nobis
1051 4623 1210 4679 ﬁeret
1257 4624 1497 4688 medius,
1544 4631 1599 4682 et
1642 4641 1741 4697 per
1784 4629 2066 4699 Spiritum

421 4719 680 4770 sanctum
731 4714 1088 4770 illucesceret
1133 4714 1230 4769 lux
1258 4715 1515 4772 scientiis
1549 4717 1607 4774 in
1643 4720 1936 4778 cordibus-
1959 4737 2068 4779 no-

421 4803 578 4874 stris,
605 4808 777 4875 atque
797 4802 1119 4858 communis
1142 4803 1420 4861 utilitatis
1439 4807 1672 4864 consilii
1695 4810 1933 4867 donaret
1959 4813 2069 4868 vir-

419 4896 619 4964 tutem,
664 4892 1153 4964 cogitationesque
1199 4893 1375 4950 bonas
1421 4897 1490 4952 ad
1534 4897 2067 4960 determinationem

420 4982 624 5053 optimi
669 4983 840 5039 vestri
889 4984 1208 5054 propositi:
1257 4986 1406 5056 quod
1455 4992 1511 5042 et
1546 4985 1700 5062 fecit,
1746 5006 1874 5046 cum
1919 4997 2069 5049 esset

420 5071 700 5145 benignus
740 5077 910 5144 atque
942 5073 1288 5132 misericors.
1321 5077 1820 5138 Consideiavimus
1863 5082 2064 5158 igitur,

419 5163 794 5234 sanctissimi,
865 5165 1264 5222 contaminatae
1338 5169 1594 5225 nationis
1664 5179 2067 5243 cognoscentes

418 5257 616 5308 contra
667 5267 770 5334 nos
815 5251 1258 5328 infestationem,
1305 5258 1548 5314 retinere
1590 5259 1690 5315 hos
1739 5262 1837 5332 qui
1901 5263 2063 5320 missi

419 5347 572 5413 sunt,
605 5347 662 5397 et
699 5343 1000 5413 prohibere
1025 5346 1364 5416 appropiare
1392 5348 1484 5405 his
1513 5350 1581 5404 ad
1616 5365 1759 5420 quos
1788 5353 2062 5410 destinati

419 5436 584 5487 sunt:
634 5432 907 5489 ducentes
950 5433 1053 5490 hos
1080 5435 1138 5490 in
1177 5437 1425 5493 medium
1457 5445 1734 5511 nostrum,
1781 5447 1838 5496 et
1860 5443 2064 5501 admo—

419 5525 615 5577 nentes
646 5523 979 5594 plurimum,
1010 5537 1079 5580 ne
1110 5525 1444 5582 inducerent
1471 5528 1851 5586 turbationem
1882 5551 1896 5603 ;
1924 5533 2058 5607 imo,

419 5616 482 5669 ut
509 5612 820 5684 specialius
845 5613 1127 5688 dicamus,
1146 5616 1388 5674 exitium
1421 5619 1869 5695 quiescentibus,
1889 5629 1944 5680 et
1957 5626 2060 5682 Dei

2180 4546 2521 4603 hortationi:
2547 4562 2690 4620 quos
2715 4561 2844 4604 cum
2873 4547 3096 4618 prolixa
3123 4546 3521 4617 promittentes
3543 4545 3842 4612 oratione,

2175 4641 2234 4694 et
2285 4638 2558 4710 gaudium
2609 4651 2721 4694 non
2753 4637 3150 4709 qualecunque
3203 4637 3296 4692 his
3327 4636 3425 4706 qui
3461 4635 3621 4691 missi
3671 4638 3846 4704 sunt,

2177 4727 2571 4799 conciliantes,
2621 4727 2816 4783 taliter
2837 4726 3054 4783 divulsi
3087 4741 3287 4783 sumus
3314 4726 3386 4781 ab
3417 4725 3660 4781 invicem
3702 4737 3848 4780 cum

2179 4817 2358 4874 multa
2398 4817 2776 4888 lacrymarum
2819 4815 3115 4873 effusione.
3167 4817 3390 4887 Verum,
3416 4829 3449 4870 ο
3474 4813 3845 4870 sanctissimi

2178 4911 2234 4962 et
2267 4907 2610 4980 beatissimi,
2654 4913 2717 4963 ut
2757 4909 2916 4963 decet
2948 4912 3236 4978 paternam
3267 4905 3724 4962 dominationem
3757 4917 3856 4959 ve-

2178 5001 2374 5069 stram,
2404 4997 2646 5069 benigne
2676 4997 2879 5053 fratres
2909 5003 3135 5054 nostros
3161 4995 3457 5066 suscipite,
3489 5000 3546 5049 et
3573 4994 3850 5050 dominis

2177 5088 2336 5144 orbis
2365 5087 2579 5158 absque
2600 5087 2988 5144 subtractione
3019 5088 3102 5143 vel
3138 5088 3342 5142 timore
3365 5084 3660 5140 hominum
3695 5098 3856 5154 pra-

2175 5183 2408 5234 sentate.
2445 5178 2737 5234 Habebitis
2780 5178 2932 5234 enim
2972 5191 3069 5234 eos
3107 5179 3352 5233 scientes
3390 5176 3614 5246 liquido
3647 5175 3849 5230 trium

2174 5269 2617 5339 apostolicarum
2640 5268 2863 5324 aedium
2894 5269 3284 5324 concinentem
3307 5272 3364 5322 et
3387 5265 3850 5321 concordantem

2173 5359 2606 5416 orthodoxiam:
2658 5359 2757 5429 qui
2800 5363 3026 5415 sanctas
3051 5364 3107 5414 et
3152 5357 3504 5414 universales
3534 5367 3632 5412 sex
3662 5371 3857 5426 syno—

2171 5451 2277 5506 dos
2310 5463 2443 5506 voce
2471 5462 2717 5505 consona
2751 5449 3081 5518 praedicant,
3112 5448 3284 5504 aliam
3314 5449 3382 5504 ad
3418 5448 3540 5520 has,
3569 5459 3754 5517 quam
3787 5453 3857 5504 et

2173 5540 2469 5611 septimam
2484 5540 2717 5613 quidam
2739 5539 3092 5596 susurrando
3116 5545 3466 5611 nuncupant,
3489 5537 3852 5594 nullatenus

2171 5631 2553 5705 admittentes,
2590 5630 2706 5687 imo
2737 5629 2923 5688 modis
2952 5629 3220 5686 omnibus
3252 5633 3602 5700 respuentes,
3635 5625 3856 5682 nimi-
