4012 6162
164 269 246 331 m4
913 268 1466 330 INTERPRETATIO
1504 270 1755 332 SYNODI
1800 273 1894 332 VII
1935 273 2337 332 GENERALIS.
2357 307 2430 318 —
2464 277 2666 336 ACTIO
2716 280 2807 335 Ill.

3457 278 3566 340 262

156 405 262 449 rum
289 395 351 448 ut
376 390 604 448 dudum
648 391 710 447 in
739 389 1186 461 apostolicarum
1215 394 1274 446 et
1314 390 1794 464 magisterialium
1824 393 1880 454 A
1908 391 2036 448 sine
2065 393 2356 465 principio
2388 395 2620 466 penitus
2646 400 2703 453 et
2726 396 3160 468 sempiternum,
3195 396 3452 454 omnium
3483 396 3564 453 vi-

155 482 511 538 traditionum
539 480 989 552 depositionem,
1019 486 1193 552 atque
1222 493 1513 537 sacrarum
1543 495 1610 536 ac
1638 495 1796 538 vene-

151 570 402 628 rabilium
438 569 762 642 imaginum
798 569 1292 640 interemptionem
1318 575 1374 625 et
1397 569 1792 642 abolitionem,

146 660 443 716 collectam.
489 661 598 715 Vos
626 665 820 716 autem
853 658 1232 730 sanctissimi,
1267 659 1468 715 divino
1514 659 1794 715 illustrati

143 750 265 819 zelo,
302 754 725 806 consentaneus
763 762 991 820 quoque
1032 748 1302 804 habentes
1341 747 1629 804 divinitus
1669 763 1798 805 con-

141 838 435 896 servandos
473 837 767 909 dominos,
803 837 904 909 qui
937 838 1098 907 justo
1131 837 1357 893 decreto
1397 837 1497 893 Dei
1542 837 1601 892 in
1635 837 1796 894 vobis

140 929 408 997 imperare
455 927 830 997 praordinati
876 931 1031 996 sunt,
1078 926 1254 982 simul
1301 926 1473 981 etiam
1519 931 1576 981 et
1612 940 1644 982 a
1681 927 1794 982 Deo

138 1017 538 1089 protegendum
578 1021 638 1072 et
667 1015 1042 1071 muniendum
1085 1021 1367 1086 senatum,
1417 1015 1711 1084 pravalete
1739 1019 1794 1071 et

135 1106 374 1161 viriliter
416 1106 591 1177 agite,
632 1109 689 1160 et
726 1103 1082 1160 confortetur
1118 1117 1218 1159 cor
1257 1108 1528 1174 vestrum,
1571 1118 1791 1160 omnem

138 1194 580 1251 inobedientiam
620 1193 933 1264 apostolice
972 1193 1333 1264 ulciscentes,
1376 1197 1433 1248 et
1463 1194 1533 1249 ad
1572 1193 1788 1248 Christi

137 1284 512 1339 obedientiam
538 1287 887 1352 coaptantes.
920 1282 1065 1338 lllud
1091 1286 1282 1338 autem
1311 1286 1580 1354 tanquam
1605 1296 1790 1338 neces-

137 1374 334 1429 sarium
371 1385 550 1442 penes
581 1371 964 1443 pontificalem
993 1371 1212 1442 apicem
1243 1375 1516 1443 vestrum,
1549 1385 1790 1427 comnio-

138 1463 366 1518 nendum
390 1461 702 1531 ducimus;
724 1466 788 1516 ut
802 1461 853 1516 si
878 1459 1233 1540 beneplacito
1253 1467 1591 1516 cunctorum
1615 1461 1787 1533 regis,

133 1552 331 1606 Christi
377 1551 656 1606 videlicet
696 1550 797 1605 Dei
832 1550 1036 1620 nostri,
1068 1555 1126 1605 et
1170 1564 1366 1607 eorum
1417 1549 1518 1620 qui
1550 1564 1680 1605 cum
1723 1565 1789 1607 eo

135 1653 353 1713 regnare
384 1644 744 1712 meruerunt,
777 1640 875 1696 Dei
907 1639 1133 1696 scilicet
1154 1639 1471 1696 amicorum
1503 1645 1560 1695 et
1589 1640 1790 1696 trium-

1907 480 2173 539 sibilium
2198 490 2256 540 et
2279 485 2667 541 invisibilium
2691 484 2990 541 factorem:
3013 489 3068 540 et
3093 485 3151 539 in
3177 498 3350 540 unum
3373 485 3562 541 Domi-

1909 584 2045 626 num
2091 573 2280 628 Jesum
2317 573 2609 630 Christum
2657 574 2864 629 Filium
2914 573 3012 628 Dei
3056 573 3441 645 unigenitum,
3491 588 3560 629 ex

1911 660 2035 730 ipso
2064 661 2177 716 Deo
2215 668 2272 717 et
2310 663 2473 717 Patre
2506 663 2849 732 sempiterne
2885 675 2952 716 ac
2993 660 3434 731 impassibiliter
3465 675 3557 716 na-

1909 753 2051 819 tum,
2092 763 2192 804 nec
2220 750 2377 806 aliud
2415 751 2768 821 principium
2801 763 2970 821 quam
3009 752 3226 804 Patrem
3259 749 3552 820 scientem,

1905 843 1962 892 et
2001 850 2069 892 ex
2119 839 2245 908 ipso
2292 839 2673 896 substantiam
2731 839 3025 894 habentem
3065 857 3080 908 ;
3124 839 3315 894 lumen
3359 852 3427 893 ex
3472 837 3557 894 lu-

1908 927 2079 995 mine,
2130 929 2304 984 Deum
2349 942 2543 984 verum
2586 943 2655 984 ex
2698 930 2810 985 Deo
2852 942 3002 984 vero.
3053 929 3122 982 Et
3167 928 3224 982 in
3272 927 3554 997 Spiritum

1905 1023 2164 1072 sanctum
2222 1032 2290 1073 ex
2338 1020 2498 1074 Patre
2552 1018 2967 1090 procedentem,
3025 1017 3216 1073 lumen
3268 1023 3325 1072 et
3374 1019 3552 1072 Deum

1907 1119 2004 1174 per
2043 1119 2102 1162 se
2148 1103 2224 1180 [et
2269 1108 2456 1177 ipsum
2499 1121 2596 1177 per
2635 1104 2713 1182 se]
2761 1109 3077 1179 cognitum,
3119 1114 3174 1161 et
3215 1107 3552 1163 existentem

1905 1197 2180 1251 veraciter
2223 1197 2374 1251 Patri
2425 1203 2480 1250 et
2527 1197 2677 1252 Filio
2724 1203 3067 1252 coaternum
3115 1195 3457 1252 homousion
3498 1200 3555 1251 et

1903 1285 2284 1342 contribulem
2325 1291 2382 1340 et
2408 1285 2660 1355 ejusdem
2691 1285 2954 1342 essentia
2977 1299 3043 1340 ac
3065 1289 3304 1355 natura,
3349 1283 3557 1340 simili-

1908 1379 1992 1430 ter
2046 1381 2234 1430 autem
2285 1379 2342 1430 et
2385 1376 2640 1430 deitatis.
2700 1376 3040 1431 Trinitatem
3103 1374 3444 1430 homousion
3488 1387 3555 1429 ac

1903 1463 2080 1518 unius
2144 1463 2380 1519 honoris
2435 1468 2493 1518 et
2554 1464 2797 1534 throni,
2861 1478 2988 1534 qua
3044 1463 3105 1518 in
3166 1476 3336 1518 unam
3387 1476 3554 1518 reca—

1902 1551 2185 1622 pitulatur
2209 1557 2265 1606 et
2288 1552 2588 1624 colligitur
2615 1553 2884 1608 deitatem
2905 1558 2962 1606 et
2981 1565 3337 1608 communem
3369 1551 3551 1607 domi-

1899 1641 2208 1712 nationem,
2242 1641 2368 1696 sine
2399 1641 2684 1711 personali
2716 1647 2773 1696 et
2799 1641 3223 1696 subsistentiali
3258 1637 3548 1696 refusione

137 1731 428 1800 pbatorum
490 1729 860 1786 dominorum
907 1735 1253 1800 nostrorum,
1302 1729 1605 1786 volueritis
1651 1730 1788 1786 cele-
1815 1713 1867 1776 Β
1898 1729 1983 1785 vel
2021 1730 2309 1786 divisione
2346 1727 2486 1805 [Gr.,
2533 1727 2965 1804 contractione].
3011 1729 3349 1785 Trinitatem
3393 1729 3546 1785 enim

135 1819 278 1875 brare
321 1818 652 1890 synodum:
685 1831 755 1874 ne
802 1818 1037 1874 molesta
1083 1817 1246 1874 vobis
1289 1824 1560 1890 appareat
1608 1819 1786 1875 trium

133 1907 570 1978 apostolicarum
611 1906 838 1964 sedium
881 1906 1165 1962 almorum
1207 1907 1686 1977 patriarcharum,
1732 1913 1789 1964 et

136 1997 623 2053 sanctissimorum
657 1996 1076 2067 episc0porum,
1111 1996 1212 2066 qui
1239 1995 1347 2052 sub
1375 1995 1521 2066 ipsis
1549 1996 1783 2067 degunt,

132 2087 406 2158 absentia,
443 2098 558 2142 non
584 2099 654 2141 ex
687 2086 917 2157 preprio
945 2099 1142 2141 eorum
1173 2085 1438 2141 accidens
1469 2086 1783 2156 proposito,

136 2177 217 2232 sed
241 2190 310 2231 ex
336 2175 665 2231 tenentium
688 2190 790 2231 seu
813 2174 1237 2231 dominantium
1263 2174 1385 2230 illis
1422 2174 1786 2230 terribilibus

134 2267 292 2322 minis
322 2271 384 2320 et
419 2263 739 2320 mortiferis
770 2264 972 2335 panis.
1015 2267 1128 2321 Hoc
1159 2268 1348 2320 autem
1387 2263 1670 2319 subtilius
1702 2270 1788 2320 est

131 2355 606 2411 considerandum
651 2353 824 2409 etiam
877 2355 946 2409 ab
997 2354 1122 2424 ipsa
1162 2367 1323 2408 sacra
1368 2359 1424 2408 et
1469 2353 1783 2409 universali

134 2449 271 2498 sexta
318 2443 566 2513 synodo,
615 2442 675 2498 in
716 2457 826 2512 qua
871 2442 1069 2498 nullus
1113 2455 1308 2498 eorum
1350 2442 1450 2513 qui
1493 2455 1590 2512 per
1636 2441 1784 2496 idem

135 2540 343 2603 tempus
393 2533 458 2588 in
497 2532 591 2588 his
631 2531 894 2602 partibus
935 2532 1190 2602 episcopi
1230 2539 1411 2603 erant,
1452 2531 1784 2588 convenisse

99 2639 102 2642 '
136 2630 378 2693 repertus
420 2627 512 2677 est
546 2627 778 2692 propter
813 2621 1208 2678 obscenorum
1245 2621 1641 2677 obtinentiam.
1678 2621 1782 2676 Sed

139 2712 343 2766 nullum
372 2725 446 2766 ex
474 2711 581 2766 hoc
606 2716 815 2766 sancta
838 2711 1080 2766 adhasit
1100 2710 1314 2780 synodo
1342 2709 1778 2780 prajudicium:

138 2815 297 2872 neque
348 2800 509 2856 vires
556 2800 760 2856 habuit
803 2799 1121 2870 prohibitio
1159 2799 1356 2870 aliqua
1398 2800 1687 2855 statuendi
1728 2801 1784 2854 et

138 2889 424 2945 manifesta
454 2887 705 2946 faciendi
739 2895 888 2946 recta
912 2891 1178 2961 dogmata
1210 2889 1461 2960 pietatis,
1497 2888 1782 2959 pracipue

135 2993 245 3034 cum
267 2979 678 3034 sanctissimus
702 2983 758 3035 et
785 2979 1137 3050 apostolicus
1163 2991 1304 3049 papa
1337 2979 1626 3034 Romanus
1653 2991 1783 3034 con-

1900 1819 1957 1875 in
1990 1821 2209 1876 unitate
2237 1820 2544 1888 credimus,
2579 1825 2637 1876 et
2667 1821 2943 1876 unitatem
2977 1819 3036 1874 in
3066 1819 3349 1874 Trinitate
3380 1818 3554 1892 glori-

1899 1908 2134 1965 flcamus
2166 1926 2178 1962 :
2214 1909 2550 1964 Trinitatem
2607 1910 2837 1980 quidem
2886 1909 3076 1964 tribus
3124 1908 3544 1972 subsistentiis,

1901 1998 2176 2053 unitatem
2236 2011 2366 2054 vero
2427 1998 2832 2070 singularitate
2888 1998 3321 2067 deitatis:qua
3365 2009 3548 2068 neque

1901 2101 2075 2142 unum
2101 2088 2249 2158 quod
2274 2088 2569 2157 proprium
2589 2088 2862 2157 possidet,
2885 2086 3186 2142 confusum
3209 2087 3375 2141 habet
3394 2081 3547 2158 [fol-t.

1901 2191 2025 2249 qua
2056 2190 2236 2246 neque
2271 2191 2448 2232 unum
2486 2175 2789 2231 confusum
2824 2175 3010 2245 habet,
3045 2172 3202 2249 etc.],
3239 2188 3417 2245 neque
3450 2175 3551 2245 ip-

1898 2279 2026 2320 sum
2054 2266 2270 2320 trinum
2303 2279 2400 2334 per
2427 2271 2606 2320 totum
2638 2265 2914 2337 divisum,
2948 2264 3042 2319 sed
3078 2268 3272 2334 potius
3306 2265 3364 2318 in
3399 2269 3549 2320 utro-

1901 2368 2008 2425 que
2028 2359 2422 2410 conservatum
2450 2360 2759 2424 utrumque
2783 2355 2923 2427 LG-r.,
2951 2355 3046 2408 sed
3072 2355 3265 2423 potius
3289 2353 3348 2407 in
3368 2353 3549 2410 altero

1897 2441 2200 2518 alterum]:
2235 2445 2424 2500 divisa
2453 2450 2540 2499 est
2568 2445 2722 2499 enim
2763 2445 3082 2498 numeratis
3124 2444 3544 2514 subsistentiis,

1896 2537 1954 2588 et
1992 2538 2286 2589 numerata
2327 2547 2697 2603 personarum
2742 2533 3200 2602 diversitatibus,
3247 2533 3547 2586 identitate

1897 2628 2085 2678 autem
2112 2622 2450 2679 substantia
2475 2627 2532 2678 et
2557 2629 2775 2678 natura
2807 2628 2989 2693 unita,
3022 2622 3256 2677 omnino
3289 2621 3550 2690 partitio-

1897 2726 2022 2768 nem
2062 2726 2175 2768 non
2215 2713 2441 2782 recipit.
2487 2712 2641 2768 Unus
2670 2713 2822 2767 enim
2863 2715 3014 2767 Deus
3045 2716 3150 2781 est,
3196 2712 3333 2781 quia
3365 2711 3551 2766 deitas

1897 2817 2008 2860 una
2039 2801 2423 2858 famosissime
2461 2803 2825 2874 pradicatur,
2857 2808 2912 2856 et
2953 2801 3012 2855 in
3051 2801 3332 2856 Trinitate
3363 2813 3549 2869 perso-

1896 2891 2098 2950 narum
2129 2892 2496 2964 cognoscitur
2523 2910 2538 2960 ;
2565 2897 2620 2948 et
2651 2904 2834 2962 neque
2863 2890 3176 2946 secundum
3209 2889 3358 2960 quod
3395 2901 3546 2944 unus

1893 2983 2044 3037 Deus
2076 2987 2132 3036 et
2159 2994 2270 3037 una
2307 2982 2493 3037 deitas
2531 2987 2636 3051 est,
2683 2980 3030 3036 dividendus
3060 2985 3116 3034 et
3158 2979 3215 3034 in
3244 2985 3359 3034 tres
3403 2979 3547 3034 Deos

135 3068 464 3141 cordaverit,
512 3073 569 3124 et
599 3069 658 3124 in
689 3083 753 3124 ea
800 3069 1066 3124 inventus
1107 3068 1188 3124 sit
1230 3081 1328 3139 per
1369 3067 1781 3138 apocrisiarios
1815 3092 1864 3155 α
1892 3071 2322 3141 dispertiendus
2351 3070 2733 3127 :Arianorum
2772 3070 2925 3125 enim
2965 3074 3051 3125 est
3092 3069 3200 3124 ista
3234 3067 3540 3138 impietas;

135 3172 274 3213 suos.
305 3159 376 3214 Et
407 3171 581 3229 nunc,
616 3158 994 3228 sanctissimi,
1029 3160 1134 3214 hoc
1162 3172 1293 3214 cum
1324 3157 1548 3214 auxilio
1576 3157 1676 3212 Dei
1709 3157 1784 3213 si-

134 3247 336 3302 militer
358 3247 477 3302 nat.
501 3250 642 3302 Nam
665 3248 820 3304 sicut
842 3253 978 3303 tunc
1003 3247 1166 3303 illius
1191 3246 1328 3303 ﬁdes
1351 3247 1410 3302 in
1432 3245 1592 3302 orbis
1617 3252 1782 3302 terra

134 3338 424 3406 personuit
467 3336 629 3408 fines,
676 3337 756 3392 ita
798 3342 852 3392 et
899 3337 1102 3407 synodi
1147 3350 1273 3407 qua
1313 3349 1464 3392 nunc
1509 3349 1607 3406 per
1645 3350 1784 3408 gra-

135 3427 258 3481 tiam
301 3427 406 3482 Dei
453 3427 847 3498 congreganda
889 3431 976 3481 est
1021 3440 1118 3496 per
1162 3425 1634 3481 interventionem
1680 3439 1785 3480 ve-

132 3521 316 3588 stram,
344 3522 403 3571 et
427 3517 555 3585 ejus
580 3516 680 3586 qui
717 3517 1042 3572 moderatur
1069 3516 1459 3586 apostolorum
1493 3514 1780 3586 Principis

130 3605 328 3675 sedem,
363 3605 780 3675 pradicabitur
809 3605 869 3660 in
895 3605 1052 3660 omni
1083 3605 1207 3661 loco
1239 3605 1338 3676 qui
1370 3605 1478 3660 sub
1503 3603 1620 3661 sole
1651 3610 1736 3660 est
1763 3622 1778 3676 ;

129 3694 390 3750 videlicet
431 3707 558 3764 qua
595 3695 887 3764 tyrannice
923 3695 1212 3750 destructa
1246 3699 1402 3766 sunt,
1444 3695 1690 3768 erigens,
1728 3700 1782 3752 et

131 3783 186 3838 in
215 3785 520 3854 antiquam
549 3789 606 3840 et
634 3783 1007 3854 apostolicam
1042 3783 1356 3841 reformans
1387 3785 1778 3842 traditionem.

130 3874 305 3930 Porro
333 3875 404 3929 ad
440 3873 821 3930 munitionem
855 3873 1165 3930 humilium
1205 3874 1531 3931 litterarum
1566 3881 1781 3932 nostra-

129 3977 274 4034 rum,
325 3962 894 4035 satisfactionemque
937 3964 1318 4021 beatitudinis
1364 3965 1782 4022 dominationis

129 4060 343 4126 vestra,
385 4059 558 4126 atque
593 4055 876 4110 victorum
911 4059 968 4110 et
1001 4055 1487 4126 triumphatorum
1531 4055 1788 4126 impera-

131 4146 313 4199 torum
377 4150 727 4216 nostrorum,
795 4145 1200 4216 conspeximus
1261 4146 1433 4200 etiam
1495 4145 1783 4216 exemplar

130 4233 534 4302 synodicorum
573 4233 855 4290 Theodori
887 4240 1095 4290 sancta
1128 4234 1415 4306 memoria
1455 4235 1641 4290 Patris
1672 4249 1783 4290 no-

130 4323 233 4377 stri
251 4329 308 4378 et
328 4323 670 4394 patriarcha
690 4323 1213 4396 Hierosolymorum
1239 4323 1664 4393 subjiciendum
1690 4323 1783 4379 his

1896 3174 2077 3232 neque
2106 3161 2420 3216 secundum
2451 3160 2601 3232 quod
2637 3165 2750 3215 tres
2782 3173 2931 3216 unus
2956 3161 3104 3214 Deus
3138 3163 3225 3213 est
3258 3163 3314 3213 et
3342 3172 3547 3229 cogno-

1892 3251 2096 3319 scitur,
2124 3250 2296 3304 etiam
2323 3250 2711 3305 subsistentia
2734 3256 2848 3304 tres
2871 3249 3278 3318 pradicantur,
3303 3253 3360 3301 et
3382 3251 3544 3302 Pater

1892 3343 1948 3392 et
1972 3338 2158 3394 Filius
2175 3343 2231 3393 et
2250 3337 2504 3407 Spiritus
2523 3338 2926 3393 sanctissimus
2945 3337 3185 3406 dicitur,
3209 3342 3542 3391 contractus

1891 3426 1978 3482 vel
2021 3431 2370 3497 compactus,
2412 3431 2466 3481 et
2504 3427 2561 3480 in
2613 3441 2779 3480 unam
2829 3439 2952 3480 sese
2990 3425 3368 3480 commiscens
3412 3425 3546 3480 sub-

1893 3517 2218 3572 sistentiam
2244 3535 2256 3570 :
2280 3516 2735 3572 Sabellianorum
2778 3516 2930 3570 enim
2967 3519 3057 3570 est
3089 3514 3200 3570 ista
3241 3513 3540 3584 nequitia;

1892 3610 1948 3662 et
1997 3605 2126 3662 ideo
2167 3606 2308 3662 bene
2344 3619 2376 3661 a
2414 3605 2705 3676 deiloquis
2755 3604 3043 3660 sancitum
3087 3608 3193 3674 est,
3248 3603 3543 3659 monadem

1893 3698 2127 3769 quidem
2173 3711 2276 3753 nos
2317 3696 2520 3754 debere
2562 3709 2760 3768 sapere
2799 3697 2858 3750 in
2902 3709 3016 3752 una
3055 3701 3111 3750 et
3152 3696 3210 3750 in
3257 3694 3543 3764 singulari

1891 3789 2124 3859 deitate,
2152 3789 2413 3845 Triadem
2439 3802 2568 3844 vero
2593 3789 2651 3843 in
2675 3785 2874 3843 inconf
2877 3787 2998 3842 usis
3019 3786 3209 3842 tribus
3228 3787 3544 3842 subsisten-

1893 3878 2016 3950 tiis,
2053 3891 2164 3934 non
2194 3884 2384 3934 autem
2414 3877 2594 3934 alium
2628 3891 2804 3934 unum
2834 3878 3012 3933 Deum
3045 3884 3246 3946 prater
3277 3881 3393 3930 tres
3423 3889 3546 3946 per-

1893 3981 2064 4024 sonas
2086 3968 2490 4040 agnoscimus;
2519 3981 2701 4038 neque
2728 3972 2844 4022 tres
2872 3967 3176 4022 Trinitatis
3206 3967 3384 4022 unius
3414 3965 3547 4020 sub-

1893 4057 2120 4113 stantia
2157 4070 2446 4128 personas,
2485 4072 2611 4128 qua
2637 4063 2774 4113 sunt
2798 4059 2958 4113 Pater
2982 4060 3040 4111 et
3064 4055 3250 4112 Filius
3283 4062 3340 4111 et
3365 4056 3548 4128 Spiri-

1896 4152 1990 4203 tus
2033 4151 2285 4219 sanctus,
2329 4147 2477 4202 alias
2515 4153 2718 4216 prater
2755 4160 2932 4202 unum
2975 4147 3153 4202 Deum
3197 4145 3434 4202 scimus.
3480 4146 3550 4200 Et

1895 4240 2192 4306 propterea
2231 4248 2410 4292 unum
2455 4237 2602 4306 tria;
2626 4236 2686 4291 in
2727 4235 2941 4306 quibus
2978 4235 3166 4292 deitas
3207 4240 3314 4307 est,
3345 4234 3549 4306 pradi-

1896 4339 2134 4396 camus;
2161 4329 2219 4381 et
2249 4325 2360 4380 tria
2389 4339 2586 4396 unum,
2617 4339 2858 4397 quorum
2890 4325 3076 4381 deitas
3101 4329 3208 4396 est,
3241 4325 3546 4381 annuntia-

133 4425 254 4480 qua
282 4413 500 4482 scripta
530 4418 667 4468 sunt
694 4426 726 4468 a
757 4412 942 4469 nobis.
983 4415 1142 4468 Hunc
1183 4418 1374 4469 autem
1405 4411 1665 4469 libellum
1707 4427 1787 4470 se-
1813 4420 1870 4486 D
1901 4429 2060 4471 mus:
2083 4415 2217 4486 imo,
2245 4420 2307 4470 ut
2331 4415 2526 4472 verius
2547 4416 2794 4486 dicatur,
2819 4428 2944 4485 qua
2972 4415 3083 4471 tria
3104 4415 3290 4470 deitas
3310 4420 3366 4470 et
3385 4420 3473 4472 est
3493 4421 3550 4472 et

130 4503 379 4558 cundum
403 4501 639 4559 solitum
665 4500 934 4558 Ecclesia
965 4501 1162 4575 ritum,
1197 4501 1346 4558 idem
1373 4507 1581 4560 sancta
1609 4516 1795 4560 recor.

130 4588 386 4647 dationis
412 4591 651 4661 scripsit
673 4591 858 4648 beatis
881 4597 938 4648 et
965 4591 1103 4649 almi
1135 4592 1367 4648 termini
1401 4593 1789 4650 sanctissimis

133 4680 481 4745 patriarchis
504 4682 718 4736 Cosma
747 4681 973 4737 scilicet
998 4681 1376 4754 Alexandria,
1401 4696 1468 4739 ac
1491 4683 1787 4741 Theodoro

132 4766 448 4825 Antiochia
504 4769 1016 4842 The0poleos;qui
1064 4774 1120 4827 et
1168 4771 1458 4843 reciproca
1517 4772 1790 4844 synodica

133 4868 346 4930 eorum,
388 4859 528 4915 dum
567 4861 756 4916 adhuc
798 4861 1030 4933 viveret,
1079 4861 1358 4934 recepisse
1399 4862 1782 4936 dignoscitur.

132 4945 449 5005 Incolumes
469 4963 570 5005 vos
591 4962 692 5019 pro
723 4949 890 5006 nobis
915 4953 1143 5006 orantes
1166 4952 1447 5009 Dominus
1471 4957 1788 5027 conservet,

133 5039 485 5095 sanctissimi
529 5045 588 5094 et
627 5037 916 5096 divinitus
964 5040 1251 5097 honorati.

138 5217 423 5292 Ehemplar
460 5221 847 5300 synodicorum
888 5223 1152 5300 Theodori
1184 5227 1516 5283 sanctissimi
1546 5231 1792 5300 patriar-

635 5294 745 5349 cha
773 5296 1284 5365 Hierosolymorum.

203 5488 503 5551 Credimus
545 5493 747 5565 igitur,
779 5493 1124 5572 beatissimi,
1167 5501 1644 5571 quemadmodum
1675 5519 1794 5563 cre-

144 5576 388 5639 didimus
410 5585 720 5641 desursum
743 5585 812 5641 ab
839 5585 1032 5659 initio,
1062 5587 1122 5646 in
1140 5600 1318 5646 unum
1342 5592 1519 5651 Deum
1542 5595 1783 5670 Patrem,

1897 4504 2250 4577 agnoscitur.

1968 4689 2268 4745 Credimus
2294 4692 2484 4745 autem
2510 4693 2567 4745 et
2594 4688 2652 4744 in
2686 4701 2863 4745 unum
2893 4687 3150 4758 ejusdem
3183 4691 3395 4746 sancta
3424 4703 3556 4747 con-

1900 4778 2304 4837 substantialis
2355 4779 2660 4835 Trinitatis
2701 4779 3006 4835 Dominum
3057 4785 3318 4836 nostrum
3359 4781 3550 4838 Jesum

1898 4871 2191 4928 Christum
2215 4887 2228 4925 :
2263 4871 2360 4941 qui
2397 4885 2518 4925 cum
2541 4871 2599 4923 in
2626 4872 2806 4937 forma
2835 4872 2934 4925 Dei
2963 4874 3117 4942 esset,
3160 4886 3269 4925 non
3298 4874 3554 4943 rapinam

1901 4962 2200 5020 arbitratus
2229 4965 2327 5024 est,
2357 4965 2421 5017 ut
2443 4959 2527 5015 ait
2546 4959 2871 5031 Apostolus,
2905 4976 3016 5016 esse
3039 4975 3095 5015 se
3120 4962 3384 5031 aqualem
3412 4965 3554 5029 Deo;

1899 5052 1996 5110 sed
2043 5052 2384 5122 semetipsum
2439 5051 2761 5115 eainanivit,
2813 5053 3048 5118 formam
3088 5053 3232 5106 servi
3283 5054 3555 5122 accipiens

1899 5142 2116 5215 (Philip.
2141 5141 2220 5215 ιι).
2242 5140 2392 5196 Patri
2411 5139 2564 5196 enim
2585 5153 2714 5195 cum
2737 5139 2818 5195 sit
2837 5139 3359 5197 consubstantialis
3381 5144 3553 5211 atque

1901 5247 2218 5304 consessor,
2270 5232 2329 5288 in
2379 5230 2713 5288 novissimis
2760 5231 3116 5301 temporibus
3162 5244 3273 5288 non
3318 5235 3404 5286 est
3445 5230 3558 5285 de-

1899 5325 2173 5398 dignatus
2195 5324 2350 5379 nasci
2369 5335 2437 5378 ex
2454 5327 2647 5378 sancta
2667 5327 2724 5377 et
2746 5320 3080 5377 intemerata
3099 5320 3333 5377 domina
3357 5324 3552 5375 nostra

1900 5415 2000 5473 Dei
2048 5415 2359 5484 Genitrice,
2427 5425 2652 5468 carnem
2706 5425 2774 5467 ex
2821 5425 2885 5468 ea
2934 5424 3168 5467 sumens
3234 5409 3546 5466 animatam

1901 5505 2092 5563 anima
2132 5501 2465 5561 rationabili
2499 5507 2556 5558 et
2590 5500 2972 5574 intelligibili,
3013 5499 3309 5570 primitias
3350 5508 3546 5551 massa

1903 5601 2131 5668 nostra,
2165 5608 2276 5652 non
2305 5593 2662 5664 seminatam,
2689 5592 2785 5647 sed
2817 5590 3105 5645 conditam
3136 5602 3236 5660 per
3263 5584 3546 5656 Spiritum
