4012 6162
466 281 574 342 263

1660 275 2016 333 ANASTASII
2093 271 2634 331 BIBLIOTHECARII
3744 276 3833 338 264

466 410 745 464 sanctum.
778 407 859 462 Ita
890 403 1197 475 procedens
1227 415 1379 458 unus
1407 414 1476 458 ex
1502 399 1730 458 duobus
1759 401 2110 459 contrariis'
2136 401 2196 462 Α
2225 406 2448 458 centum
2483 398 2906 472 quinquaginta
2937 397 3169 454 Patrum
3201 397 3456 468 synodus
3482 403 3660 456 contra
3686 401 3834 473 Spiri-

464 499 612 553 Deus
643 495 907 566 Verbum,
939 507 1066 550 cum
1097 490 1379 562 perfectus
1409 495 1612 546 natura
1642 493 1791 546 Deus
1819 491 2108 561 existeret,

467 586 650 642 factus
677 591 878 641 natura
902 580 1186 653 perfectus
1211 581 1377 636 homo
1405 579 1552 635 idem
1579 579 1717 650 ipse,
1744 593 1856 636 non
1886 586 2112 635 mutans

469 680 750 745 naturam,
781 685 961 743 neque
982 670 1263 726 simulans
1283 669 1771 738 dispensationem
1794 687 1808 739 ;
1832 669 1926 725 sed
1951 667 2112 724 carui

470 762 893 820 rationabiliter
941 765 997 816 et
1041 757 1494 830 iutelligibiliter
1532 755 1671 831 [Gr.,
1713 755 1997 832 animatze]
2048 770 2116 812 ex

467 859 660 909 sancta
703 851 935 923 Virgine
977 853 1237 918 sumptae,
1269 852 1326 903 et
1357 847 1414 902 in
1451 847 1572 916 ipso
1606 853 1668 902 ut
1697 852 1846 903 esset
1875 847 2113 917 sortitae,

472 943 671 998 uuitus
702 946 788 996 est
820 954 916 1010 per
947 937 1380 994 subsistentiam
1417 933 1714 992 inconfuse
1740 950 1805 992 ac
1828 937 2115 1006 indivise;

469 1044 580 1086 non
612 1027 958 1084 transferens
983 1026 1220 1082 deitatis
1246 1039 1362 1080 suae
1394 1031 1653 1080 naturam
1684 1026 1742 1080 in
1767 1026 1960 1080 carnis
1991 1025 2124 1081 sub-

467 1119 757 1189 stantiam,
800 1118 894 1173 sed
926 1129 1106 1187 neque
1147 1115 1525 1171 substantiam
1563 1115 1756 1170 carnis
1787 1130 1904 1170 suae
1938 1115 1997 1169 in
2029 1127 2124 1170 ua-

467 1217 652 1271 turam
680 1207 1073 1264 suae~deitatis.
1106 1207 1239 1261 Duae
1265 1206 1446 1277 igitur
1469 1210 1684 1260 natura;
1719 1204 2122 1261 inconvertibi-

469 1299 601 1354 liter
623 1298 862 1354 invicem
883 1297 1145 1352 aduuatae
1179 1295 1373 1350 iu-uua
1403 1295 1500 1350 Dei
1529 1293 1691 1349 Verbi
1721 1294 2116 1362 subsistentia,

469 1401 646 1444 unum
695 1386 905 1442 Filium
943 1391 999 1440 et
1034 1385 1338 1440 Dominum
1386 1383 1552 1439 nobis
1589 1384 2121 1440 demonstraverunt

467 1475 754 1531 visibilem
787 1479 842 1529 et
879 1472 1250 1543 iuvisibilem,
1294 1472 1585 1528 mortalem
1622 1476 1678 1526 et
1718 1471 2118 1541 immortalem,

468 1563 968 1632 circumscriptum
987 1563 1245 1617 eumdem
1262 1566 1318 1616 et
1336 1561 1922 1633 iucircumscriptum,
1942 1563 2118 1617 Deum

472 1651 780 1724 perfectum
802 1657 856 1706 et
885 1651 1168 1706 hominem
1199 1649 1529 1722 perfectum,
1555 1651 1610 1706 iu
1643 1650 1868 1706 duabus
1896 1652 2121 1707 naturis

2224 496 2318 549 tus
2359 493 2810 564 impugnatorem
2861 488 3271 558 Macedonium,
3322 493 3375 544 et
3408 490 3515 545 Deo
3545 503 3726 547 exosus
3755 494 3836 550 Se-

2229 581 2539 637 miarianos
2567 580 2753 636 socios
2780 581 2941 649 ejus:
2967 593 3093 649 quae
3125 582 3317 634 sancta
3342 578 3583 649 synodus
3607 580 3830 637 eumdem

2224 671 2503 740 Spiritum
2536 673 2793 726 sanctum
2834 669 3033 724 ducem
3066 681 3130 724 ac
3163 667 3492 740 magistrum
3542 667 3752 738 habens,
3778 684 3834 726 ex

2227 762 2389 815 Patre
2443 760 2570 816 sine
2627 767 2878 830 tempore
2933 773 2998 814 ac
3050 757 3391 827 sempiterue
3459 759 3838 827 processiouem

2227 850 2633 922 dogmatizavit
2683 849 2915 916 habere,
2959 853 3016 903 et
3061 847 3401 904 homousion
3444 847 3591 902 Patri
3628 854 3680 903 et
3715 848 3840 906 Filio

2231 939 2350 996 fore
2393 939 2814 997 coadoraudum
2858 943 2912 994 et
2951 937 3497 1010 cougloriﬁcaudum
3523 955 3534 991 ε
3559 950 3650 992 eos
3685 945 3842 994 autem

2232 1031 2330 1102 qui
2376 1029 2912 1100 hlasphemaveruut
2951 1029 3008 1082 in
3047 1027 3306 1082 eumdem
3346 1027 3702 1094 Paracletum,
3741 1029 3844 1083 sine

2234 1119 2568 1176 remissione
2580 1117 3074 1174 auathematismis
3085 1115 3358 1172 submisit
3377 1114 3845 1188 ineuarrabilihus,

2234 1224 2346 1266 una
2406 1223 2535 1265 cum
2593 1207 2912 1277 desipiente
2971 1205 3377 1277 Apollinario,
3417 1205 3513 1275 qui
3575 1205 3849 1260 Salvatoris

2235 1300 2414 1357 nostri
2462 1297 2748 1354 hominem
2800 1293 2938 1371 [Gr.,
2983 1295 3329 1352 Salvatorem
3375 1299 3631 1349 nostrum
3673 1307 3854 1350 secun-

2231 1391 2366 1446 dum
2415 1385 2724 1463 hominem]
2772 1388 2898 1444 sine
2945 1385 3260 1452 intellectu,
3308 1396 3440 1439 cum
3483 1387 3629 1438 esset
3667 1396 3851 1452 amens,

2233 1479 2463 1535 verbose
2503 1477 2817 1546 perhibuit.
2851 1477 2919 1531 Et
2951 1474 3118 1530 tertia
3165 1472 3324 1542 prior
3363 1470 3570 1541 Ephesi
3607 1471 3857 1526 ducento—

2234 1581 2359 1623 rum
2386 1570 2710 1622 sauctorum
2740 1567 2968 1620 Patrum
3003 1560 3292 1633 refulgens
3319 1558 3572 1629 synodus
3596 1559 3652 1614 in
3671 1559 3858 1614 destru-

2231 1657 2477 1712 ctionem
2515 1660 2571 1710 et
2599 1654 2974 1724 dejectionem
3016 1649 3307 1707 hominem
3355 1647 3600 1704 colentis
3639 1645 3857 1702 Nestorii

469 1740 909 1814 agnoscendum,
943 1740 1082 1794 etin
1113 1739 1338 1796 duabus
1368 1739 1569 1794 liberis
1604 1739 2036 1810 operationibus
2065 1745 2122 1796 et
2154 1735 2204 1798 Β
2231 1752 2286 1801 et
2323 1749 2831 1802 consentaueorum
2879 1743 3038 1812 ejus:
3067 1740 3170 1812 qui
3215 1752 3284 1794 ex
3332 1737 3588 1810 propriis
3627 1749 3862 1792 exsecra-

470 1829 863 1887 voluntatibus
883 1828 1256 1884 adorandum.
1281 1830 1418 1883 Nam
1440 1842 1549 1884 non
1571 1828 1771 1899 utique
1790 1835 2124 1899 operaretur

469 1921 684 1990 divine,
709 1919 822 1974 nisi
845 1922 992 1974 esset
1009 1923 1210 1973 natura
1227 1919 1405 1973 Deus:
1431 1931 1612 1988 neque
1631 1933 1835 1974 rursus
1855 1918 2118 1990 humane,

471 2010 586 2064 nisi
624 2013 826 2064 natura
860 2008 1016 2062 ﬁeret
1055 2007 1241 2062 homo.
1275 2009 1435 2062 Hunc
1469 2007 1827 2077 conﬁtemur,
1865 2008 1964 2077 qui
1997 2022 2124 2063 vere

468 2104 555 2156 est
584 2100 732 2153 Deus
771 2101 826 2152 et
858 2096 1046 2167 homo,
1094 2100 1323 2165 propter
1361 2095 1600 2152 salutem
1640 2101 1889 2152 nostram
1926 2097 2127 2152 cruci—

472 2187 644 2243 ﬁxum
675 2185 874 2252 fuisse,
898 2190 954 2239 et
974 2198 1143 2240 carne
1175 2190 1408 2241 mortem
1440 2191 1717 2256 gustasse,
1747 2187 2126 2256 sepulturam-

472 2291 580 2348 que
611 2276 788 2331 trium
821 2275 1140 2344 suscepisse
1164 2275 1409 2346 dierum,
1443 2281 1498 2330 et
1520 2275 1902 2330 resurrexisse
1927 2290 1957 2330 a
1987 2291 2129 2331 mor-

473 2366 590 2422 tuis
617 2365 859 2436 proprize
886 2363 1140 2434 potentia
1160 2363 1414 2432 deitatis,
1443 2362 1728 2420 infernum
1756 2365 2123 2436 dispoliasse,

471 2462 525 2512 et
553 2470 649 2512 eos
670 2456 824 2525 quia
845 2454 1054 2509 saecqu
1076 2452 1252 2508 vincti
1283 2452 1526 2524 fuerant,
1565 2454 1828 2508 libertate
1858 2455 2123 2526 donasse,

473 2547 532 2602 in
567 2545 740 2600 ccelos
771 2543 1115 2613 ascendisse,
1149 2542 1289 2596 etin
1319 2543 1549 2598 dextera
1583 2543 1764 2598 Patris
1797 2543 2035 2614 sedisse,
2074 2548 2130 2599 et

473 2640 770 2692 venturum
790 2633 1102 2689 secundum
1125 2645 1313 2687 vocem
1340 2631 1787 2701 iucorporalium
1809 2633 1877 2688 ad
1901 2638 2133 2703 aposto-

474 2726 560 2782 los
589 2724 852 2793 delatam,
887 2723 946 2778 in
976 2724 1225 2778 secundo
1257 2736 1362 2778 suo
1393 2723 1637 2778 adventu
1673 2722 1938 2791 judicare
1967 2725 2130 2781 vivos

472 2820 527 2870 et
553 2818 809 2870 mortuos
833 2809 974 2882 (Act.
1003 2811 1058 2884 ι).
1091 2810 1440 2868 Couﬁtemur
1463 2816 1652 2867 autem
1683 2817 1739 2866 et
1771 2818 2124 2869 mortuorum

475 2904 534 2960 in
575 2903 885 2959 novissima
921 2901 1016 2957 die
1052 2915 1150 2971 per
1178 2915 1367 2956 vocem
1411 2901 1823 2972 archangelicaa
1861 2901 2012 2958 tubae
2049 2917 2129 2957 re-

477 2993 908 3063 surrectionem,
960 2996 1016 3046 et
1058 3005 1291 3061 operum
1338 3005 1371 3048 a
1419 2991 1588 3047 nobis
1635 2991 1775 3047 bene
1828 2992 1913 3048 vel
1957 2992 2127 3048 aliter

477 3089 786 3176 gestorum,
815 3083 968 3176 juste
996 3081 1227 3176 Christo
1250 3083 1363 3137 Deo
1387 3086 1581 3138 nostro
1611 3081 1929 3151 judicante,
1965 3082 2129 3138 retri-
2153 3110 2203 3176 α

477 3170 790 3242 butiouem,
825 3177 882 3226 et
912 3171 972 3226 in
1003 3169 1199 3226 futuro
1229 3175 1494 3227 aeternam
1526 3171 1699 3227 vitam
1731 3176 1786 3227 et
1816 3172 2125 3228 terminum

479 3276 590 3320 non
637 3261 951 3318 habentem.

548 3351 909 3421 Suscipimus
937 3353 1147 3422 autem,
1179 3354 1234 3405 et
1265 3349 1575 3424 ﬁrmamus,
1609 3355 1666 3407 et
1691 3352 1960 3410 alacriter
1999 3366 2129 3408 am-

484 3443 788 3516 plectimur
830 3447 1055 3497 sanctas
1085 3445 1140 3496 et
1170 3440 1520 3497 universales
1563 3456 1659 3497 sex
1689 3445 1954 3514 synodos,
2002 3457 2126 3514 qua:

484 3549 580 3604 per
630 3532 910 3602 Spiritqu
960 3537 1218 3587 sanctum
1263 3538 1458 3586 contra
1507 3545 1728 3586 omnem
1777 3537 2128 3604 congregata:

479 3629 617 3680 sunt
659 3622 918 3676 hmresim
966 3622 1025 3675 iu
1063 3621 1311 3675 diversis
1356 3620 1497 3675 locis
1536 3626 1705 3690 atque
1749 3622 2125 3694 temporibus,

480 3725 624 3783 quas
680 3711 958 3766 universa
1016 3707 1124 3762 sub
1180 3707 1298 3762 sole
1351 3708 1796 3765 orthodoxorum
1859 3711 2125 3767 Ecclesize

481 3815 679 3872 magna
718 3812 850 3854 voce
891 3797 1282 3868 praedicantes,
1322 3797 1494 3852 rectis
1517 3810 1582 3852 ac
1609 3797 1894 3856 divinitus
1936 3802 2129 3872 inspi—

480 3891 622 3946 ratis
645 3902 838 3944 earum
860 3885 1224 3958 dogmatibus
1247 3885 1590 3958 fulciuutur,
1620 3889 1958 3959 recipientes
1981 3907 2124 3963 quos

480 3979 593 4034 illa:
623 3977 929 4047 recipiunt,
953 3981 1009 4031 et
1031 3975 1368 4045 abjicieutes
1393 3991 1537 4046 quos
1569 3978 1704 4046 ipsa:
1726 3979 2028 4049 abjiciunt.
2058 3983 2127 4038 Et

478 4069 661 4140 prima
693 4067 922 4137 quidem
962 4067 1111 4136 apud
1149 4065 1392 4122 Nicaeam
1429 4066 1708 4124 celebrata
1739 4073 2122 4128 trecentorum

473 4160 664 4216 decem
689 4161 747 4212 et
770 4159 895 4212 octo
926 4161 1251 4212 sanctorum
1284 4157 1512 4212 Patrqu
1539 4158 1790 4228 synodus
1817 4160 1873 4214 in
1905 4161 2127 4230 deposi.

476 4246 685 4302 tionem
726 4245 850 4301 Arii
881 4259 913 4300 a
945 4244 1096 4301 furia
1140 4245 1550 4318 cognominati,
1585 4251 1642 4301 et
1680 4247 1867 4317 ipsius
1903 4251 2127 4309 animas

472 4337 961 4408 corrumpentium
989 4335 1506 4406 blasphemiarum:
1535 4351 1698 4408 quem
1731 4344 1794 4395 ut
1813 4339 2122 4397 divisorem

2235 1831 2452 1887 bilibus
2489 1828 2939 1902 cogitationibus
2977 1828 3270 1900 deceptus,
3320 1827 3505 1884 alium
3549 1840 3667 1884 esse
3707 1828 3856 1881 Deum

2233 1919 2498 1991 Verbum,
2537 1919 2635 1990 qui
2671 1924 2802 1974 ante
2840 1917 3048 1974 saecula
3088 1924 3192 1989 est,
3221 1923 3280 1974 et
3314 1917 3500 1972 alium
3541 1929 3665 1972 eum
3695 1914 3785 1985 qui
3809 1926 3865 1968 ex

2237 2009 2471 2081 Virgine
2519 2013 2747 2079 propter
2795 2007 3037 2063 salutem
3089 2012 3345 2063 nostram
3408 2007 3732 2062 incarnatus
3773 2007 3860 2071 est,

2236 2099 2464 2171 garrula
2527 2113 2658 2154 voce
2727 2096 2984 2168 profatus
3044 2102 3172 2166 est,
3216 2101 3487 2168 quartam
3553 2093 3865 2160 sceleratus,

2236 2189 2407 2244 etiam
2451 2187 2667 2258 uolens,
2712 2200 3006 2257 personam
3039 2187 3099 2242 in
3130 2192 3390 2243 sanctam
3422 2191 3480 2241 et
3519 2183 3870 2241 consubstan—

2238 2278 2431 2334 tialem
2506 2278 2844 2333 Trinitatem
2913 2277 3192 2334 inducens
3236 2295 3249 2331 :
3299 2290 3418 2334 uou
3484 2275 3668 2332 solum
3732 2285 3872 2343 sepa-

2240 2381 2373 2423 rans
2422 2369 2614 2424 unitas
2660 2367 2804 2423 duas
2850 2367 3066 2422 Christi
3113 2371 3356 2422 naturas
3410 2367 3470 2422 iu
3513 2366 3658 2421 duas
3702 2361 3874 2419 subsi—

2240 2459 2521 2530 stentias,
2555 2472 2747 2514 verum
2801 2456 2972 2513 etiam
3027 2470 3215 2513 vocem
3246 2499 3260 2527 ,
3305 2471 3422 2529 qua
3483 2456 3584 2512 Dei
3640 2451 3874 2511 Genitrix

2239 2548 2579 2619 appellatur,
2613 2547 2952 2603 maledictus
2985 2547 3283 2617 abjuraus,
3319 2546 3726 2603 Christotocou
3756 2543 3876 2597 hanc

2241 2638 2428 2693 vocari
2485 2638 2836 2710 nequissime
2903 2637 3142 2708 sanxit,
3198 2651 3330 2708 qua:
3389 2651 3522 2693 vere
3578 2635 3678 2691 Dei
3731 2633 3880 2688 Mater

2239 2731 2326 2782 est
2371 2733 2427 2783 et
2471 2733 2603 2783 ante
2654 2733 2875 2798 partum
2921 2733 2977 2783 et
3023 2732 3152 2798 post
3197 2732 3433 2797 partum
3495 2726 3706 2798 Virgo,
3736 2727 3880 2792 atque

2239 2817 2428 2874 omnis
2476 2817 2869 2890 iutelligibilis
2911 2831 2976 2872 ac
3023 2816 3327 2873 sensibilis
3380 2821 3605 2873 natura:
3646 2812 3816 2888 gloria
3838 2813 3884 2865 et

2239 2907 2500 2964 claritate
2533 2913 2719 2964 creata
2759 2907 3083 2964 sublimior.
3123 2908 3287 2962 ilunc
3335 2907 3530 2979 igitur
3564 2907 3748 2961 eadem
3782 2913 3886 2957 sau-

2239 3006 2327 3055 cta
2371 3000 2747 3056 ducentorum
2792 2999 3020 3054 Patrum
3071 2998 3329 3068 synodus
3375 2991 3880 3059 anathematizavit,

2240 3101 2351 3145 una
2403 3103 2532 3145 cum
2581 3089 2832 3144 animam
2883 3087 3224 3144 laedentibus
3274 3087 3693 3144 deliramentis
3739 3085 3885 3154 ejus:

2239 3191 2414 3234 unum
2441 3178 2653 3234 Filium
2679 3192 2748 3234 ex
2773 3179 2935 3233 Patre
2963 3183 3093 3232 ante
3119 3176 3343 3232 saecula
3372 3175 3672 3246 illuxisse,
3698 3177 3753 3230 et
3771 3183 3897 3228 eum-

2237 3271 2363 3327 dem
2401 3271 2460 3326 in
2497 3267 2828 3326 novissimis
2865 3266 3071 3324 diebus
3091 3266 3161 3322 de
3193 3266 3310 3322 inte
3337 3271 3561 3322 merata
3599 3264 3820 3337 Virgine
3846 3273 3898 3316 ac

2236 3362 2334 3420 Dei
2363 3359 2639 3433 genitrice
2669 3358 2845 3414 Maria
2882 3363 3076 3414 uatum
3103 3355 3304 3425 fuisse,
3357 3362 3634 3414 naturam
3675 3359 3897 3412 nostram

2239 3453 2504 3510 indutum
2544 3449 2804 3519 edocens,
2853 3453 2911 3503 et
2942 3449 3116 3502 Deum
3161 3445 3495 3516 perfectum
3541 3454 3600 3504 et
3642 3445 3898 3503 hominem

2239 3541 2545 3612 perfectum
2591 3540 2849 3595 eumdem
2889 3537 3100 3593 Filium
3135 3537 3235 3592 Dei
3279 3535 3683 3609 denuntians,
3725 3535 3776 3591 id
3811 3537 3899 3600 est,

2238 3645 2415 3688 unum
2449 3629 2660 3685 Filium
2691 3634 2747 3685 et
2791 3627 3080 3683 Christum
3116 3631 3173 3682 et
3195 3627 3554 3700 Dominum,
3587 3634 3645 3683 et
3673 3624 3906 3682 absolute

2239 3735 2406 3776 uuam
2449 3725 2709 3776 naturam
2741 3718 2839 3773 Dei
2873 3717 3039 3773 Verbi
3083 3717 3499 3774 iucarnatam:
3534 3717 3690 3789 quod
3731 3713 3902 3786 signi—

2237 3811 2366 3867 ﬁcat
2394 3812 2638 3868 duarum
2675 3815 3011 3865 naturarum
3039 3807 3396 3878 unitiouem,
3436 3825 3573 3882 quae
3609 3823 3711 3881 per
3729 3804 3907 3863 subsi-

2235 3901 2500 3957 stentiam
2543 3899 2690 3956 facta
2729 3904 2833 3955 est.
2869 3900 2969 3955 Dei
3011 3911 3141 3955 vero
3177 3898 3556 3956 Genitricem
3596 3897 3822 3970 proprie
3853 3906 3907 3948 ac

2236 4006 2335 4064 per
2377 3992 2669 4048 veritatem
2719 3994 2971 4047 sanctam
3019 3989 3256 4045 Mariam
3304 3992 3626 4048 nominari
3677 3987 3912 4062 legitime

2235 4081 2459 4138 statuit.
2489 4079 2987 4150 Opportunissime
3017 4083 3206 4136 autem
3227 4079 3614 4137 Chalcedone
3645 4077 3914 4136 divinitus

2237 4171 2472 4228 collecta
2503 4176 2628 4227 orta
2656 4173 2742 4225 est
2766 4170 3017 4240 synodus
3058 4173 3478 4228 sexcentorum
3513 4169 3766 4244 triginta
3795 4178 3918 4222 sau—

2235 4266 2455 4318 ctorum
2499 4261 2728 4317 Patrum
2776 4261 2835 4316 in
2874 4259 3293 4330 depositiouem
3336 4260 3615 4334 deceptae
3658 4262 3916 4316 haereseos

2236 4347 2503 4406 confusas
2531 4349 2747 4405 Christi
2781 4353 3016 4405 naturas
3048 4348 3460 4418 perhibentis:
3497 4365 3681 4422 quam
3715 4348 3923 4421 primus

475 4425 760 4496 insanum,
787 4432 844 4482 et
871 4425 1183 4482 iuconfusaa
1216 4426 1520 4482 iucisorem
1549 4427 1803 4500 deitatis,
1833 4434 1888 4483 et
1911 4429 2121 4487 Filium
2151 4447 2205 4510 D
2240 4439 2566 4495 inseusatus
2600 4438 2883 4510 Eutyches
2911 4452 2978 4494 ex
3007 4438 3347 4508 insipientia
3384 4455 3501 4496 sua
3547 4439 3834 4504 instituit,
3870 4435 3920 4488 iu

475 4517 658 4572 Patris
693 4521 1013 4573 creaturam
1053 4515 1283 4588 garrula
1320 4516 1662 4573 verbositate
1705 4518 1991 4592 fatentem,
2028 4535 2124 4592 per

471 4620 637 4676 quem
671 4608 921 4677 profecto
947 4611 1150 4662 cuncta
1177 4611 1386 4678 creata,
1417 4610 1472 4661 et
1500 4620 1568 4662 ex
1599 4621 1710 4663 non
1739 4609 2123 4668 existentibus

472 4700 536 4751 ut
559 4701 748 4752 essent
777 4697 1050 4767 producta
1073 4701 1226 4767 sunt,
1257 4695 1757 4754 anathematizavit
1775 4714 1905 4755 cum
1928 4703 2124 4757 omni-

470 4783 578 4840 bus
606 4786 1002 4842 consentaneis
1040 4785 1183 4856 ejus,
1219 4790 1274 4840 et
1305 4786 1501 4856 procul
1531 4801 1563 4844 a
1591 4789 1810 4846 divinis
1849 4792 2124 4849 sacrariis

473 4874 711 4944 pepulit,
755 4876 1070 4946 praedicans
1107 4875 1411 4931 Dominum
1449 4883 1704 4934 nostrum
1739 4881 1929 4937 Jesum
1963 4883 2123 4939 Chri-

468 4969 619 5020 stum
643 4973 772 5022 ante
802 4966 991 5022 omnia
1024 4967 1231 5022 saecula
1259 4967 1329 5022 de
1356 4969 1541 5024 Patris
1570 4970 1893 5027 substantia
1917 4979 1972 5028 et
1992 4974 2122 5030 sub-

469 5053 752 5127 sistentia,
785 5057 910 5112 sine
937 5062 1184 5127 tempore
1203 5071 1268 5114 ac
1289 5058 1414 5113 sine
1443 5059 1600 5117 ﬁuxu
1633 5066 1848 5133 uatum,
1879 5064 2118 5120 consub-

469 5145 790 5200 stantialem
836 5147 992 5200 Patri
1036 5151 1092 5200 et
1130 5153 1326 5204 sancto
1368 5149 1613 5218 Spiritui
1661 5151 1996 5208 existentem
2027 5173 2039 5209 :
2065 5160 2121 5212 et

469 5248 567 5305 per
613 5235 954 5307 symbolum,
1009 5237 1064 5291 id
1114 5242 1220 5307 est,
1272 5238 1402 5292 ﬁdei
1460 5245 1624 5295 rectae
1677 5240 2117 5320 confessionem,

467 5338 632 5381 omne
661 5325 874 5380 Christi
901 5325 1353 5396 dispensationis
1377 5328 1608 5384 edocuit
1631 5343 1894 5400 expresse
1917 5342 2121 5406 myste-

467 5415 638 5471 rium.
696 5417 950 5472 Secuuda
1003 5429 1135 5472 vero
1187 5416 1422 5473 collecta
1475 5425 1559 5475 est
1613 5420 2114 5499 Constantinopoli

2236 4543 2350 4586 uno
2390 4529 2619 4584 Christo
2652 4529 2797 4584 duas
2841 4534 3076 4585 naturas
3126 4528 3689 4586 iucouvertibiliter
3741 4526 3924 4585 unitas

2191 4628 2200 4636 '
2233 4618 2537 4691 abuegaus,
2562 4624 2617 4674 et
2638 4632 2807 4675 uuam
2831 4623 3092 4676 naturam
3115 4631 3184 4673 ex
3203 4618 3446 4676 duabus
3470 4619 3698 4677 factam
3719 4623 3776 4674 et
3793 4627 3930 4672 com-

2235 4708 2475 4779 positam
2523 4709 2848 4780 prodigiose
2898 4708 3256 4778 conjicieus:
3299 4709 3409 4777 qui
3466 4716 3530 4766 et
3584 4711 3926 4766 Dioscorum

2232 4798 2467 4854 noxium
2503 4797 2776 4854 fautorem
2809 4802 2865 4854 et
2889 4797 3239 4854 defensorem
3273 4797 3535 4872 habens,
3574 4799 3934 4856 orthodoxo—

2233 4904 2357 4946 rum
2375 4891 2702 4962 dogmatum
2725 4889 3127 4960 calumniator,
3147 4894 3202 4945 et
3220 4889 3505 4946 veritatis
3529 4890 3732 4947 hostis
3751 4889 3934 4944 iuven-

2231 4986 2327 5037 tus
2341 4985 2444 5036 est.
2465 4981 2568 5037 Sed
2592 4981 2694 5037 hos
2709 4979 2904 5036 ambos
2923 4980 3172 5049 synodus
3190 4983 3388 5035 sancta
3415 4982 3761 5048 destruxit,
3783 4985 3838 5035 et
3852 4979 3937 5034 de-

2231 5070 2372 5126 liras
2397 5084 2595 5127 vocum
2627 5070 2907 5126 novitates
2941 5066 3080 5142 [Gr.,
3116 5067 3428 5143 vanitates]
3469 5083 3692 5128 eorum
3727 5067 3936 5126 severis

2229 5174 2358 5216 cum
2384 5160 2504 5216 illis
2528 5159 2988 5215 anathematibus
3020 5158 3302 5228 subdidit,
3333 5161 3698 5228 praedicans
3720 5158 3936 5217 Christi

2230 5251 2346 5306 veri
2379 5251 2477 5306 Dei
2512 5251 2692 5306 nostri
2727 5250 2871 5305 duas
2905 5253 3140 5305 naturas
3173 5249 3744 5307 iuconvertibiliter
3773 5257 3830 5307 et
3861 5249 3940 5304 in-

2229 5340 2716 5398 commutabiliter
2746 5339 2941 5396 unitas
2973 5339 3031 5395 iu
3064 5352 3173 5396 una
3206 5337 3623 5398 subsistentia
3655 5357 3768 5400 sua
3790 5362 3804 5412 ;
3828 5353 3946 5411 per-

2229 5429 2554 5502 fectumque
2581 5430 2640 5487 iu
2659 5429 2870 5487 deitate
2891 5429 3065 5486 simul
3087 5429 3344 5486 eumdem
3368 5434 3437 5484 et
3464 5429 3533 5486 in
3562 5431 3944 5490 humanitate

437 5525 934 5616 ELACouAtrarias
949 5529 1129 5616 vocat,
1187 5527 1323 5600 quia
1358 5529 1614 5588 visibilis
1647 5547 1758 5591 una
1811 5542 1867 5592 et
1917 5541 2181 5600 mortalis
2227 5531 2331 5616 est,
2376 5541 2554 5600 altera
2594 5537 2913 5598 invisibilis
2954 5545 3011 5597 et
3048 5539 3422 5612 immortalis,
3478 5549 3554 5600 ut
3596 5543 3734 5616 ipse
3775 5542 3944 5615 paulo

468 5597 618 5656 infra
654 5612 716 5656 se
752 5599 1020 5671 explicat.
