4012 6162
210 277 290 334 263

911 269 1382 326 INTERPRETAT
1388 269 1456 323 10
1494 265 1740 322 SYNODI
1783 263 1874 318 VII
1911 264 2317 324 GENERALIS.
2348 299 2421 309 ——
2457 272 2656 328 ACTIO
2695 271 2785 325 ΙΙΙ.

3435 272 3544 330 266

211 401 469 467 consistere,
505 413 566 454 ex
589 398 818 455 duabus
845 403 902 454 et
937 399 996 454 in
1023 399 1248 454 duabus
1283 397 1508 454 naturis
1552 407 1782 452 noscen-
1808 390 1864 448 A
1892 401 2006 451 tur.
2036 398 2156 454 Non
2192 403 2379 453 autem
2413 397 2746 468 refutamus,
2775 401 2870 456 sed
2903 401 3112 470 oppido
3141 403 3544 459 conﬁrmamus

211 495 325 549 dum.
355 492 590 544 Praeterea
637 495 696 543 et
728 501 967 558 nequam
1001 488 1268 544 ~Nestorii
1318 486 1682 555 divisionem,
1725 489 1779 537 et

212 583 350 650 ipsum
381 590 582 648 quoque
617 591 750 632 cum
787 576 897 632 sibi
936 576 1430 632 consentientibus
1470 575 1774 630 abdicavit.

210 670 420 736 Deinceps
447 671 626 720 autem
666 671 724 720 et
758 665 958 735 quinta
993 666 1260 722 convenit
1296 665 1548 736 synodus
1580 665 1636 719 in
1671 664 1783 718 do—

210 757 400 812 minante
424 753 771 823 civitatibus,
805 761 1031 810 centum
1064 754 1356 824 sexaginta
1389 759 1637 824 quatuor
1661 766 1787 807 san-

209 851 373 899 ctorum
401 843 616 898 Patrum
649 857 948 898 numerum
979 843 1235 898 salvans:
1259 857 1384 913 quae
1411 841 1482 896 ab
1515 843 1640 912 ipso
1665 855 1789 896 san-

205 939 270 988 cto
291 931 479 1000 Spiritu
506 936 653 1002 acta,
687 936 818 988 ante
848 946 906 987 se
933 931 1244 987 celebratas
1285 937 1510 987 sanctas
1541 937 1789 1000 quatuor

206 1021 394 1090 synodos
419 1020 718 1088 roboravit,
747 1026 802 1075 et
827 1034 1022 1076 earum
1052 1027 1203 1076 recta
1231 1020 1495 1092 degmata
1523 1033 1786 1088 sequens,

201 1108 636 1164 anathematizavit
668 1111 1019 1178 Nestorium,
1063 1110 1391 1180 Eutychem,
1431 1109 1790 1165 Theodoram

204 1197 494 1267 Mopsuestia
536 1211 669 1252 cum
705 1197 1082 1268 blasphemiis
1121 1199 1280 1254 suis:
1311 1198 1498 1252 adhuc
1531 1197 1702 1251 etiam
1736 1201 1792 1251 et

203 1284 459 1356 Origenem,
488 1290 546 1339 et
567 1285 893 1356 Evagrium,
925 1286 1228 1356 Didymum
1261 1299 1488 1356 quoque
1518 1289 1574 1340 et
1601 1283 1793 1340 omnia

204 1371 404 1428 fabulosa
443 1379 496 1427 et
534 1386 750 1444 pagana
794 1379 963 1444 atque
1004 1374 1328 1445 prodigiosa
1372 1373 1626 1442 ipsorum
1669 1371 1797 1426 elo-

204 1461 320 1532 quia,
343 1475 539 1517 necnon
567 1468 626 1517 et
644 1462 942 1531 epistolam
967 1477 1092 1533 quae
1120 1463 1340 1518 dicitur
1361 1462 1468 1516 lbze
1493 1462 1561 1516 ad
1595 1460 1794 1514 Marim

202 1551 486 1616 Persam,et
527 1551 985 1620 conscriptiones
1029 1550 1366 1607 Theodoreti
1413 1565 1554 1620 quas
1600 1556 1797 1604 contra

203 1643 314 1692 recta
359 1639 654 1694 duodecim
703 1639 956 1708 capitula
1003 1644 1212 1694 sanctae
1266 1638 1551 1694 memoria:
1595 1635 1796 1708 Cyrilli

199 1727 500 1796 conscripsit.

253 1815 519 1884 Postquam
575 1821 772 1871 sancta
821 1821 974 1872 sexta
1018 1817 1269 1887 synodus
1324 1815 1797 1887 quemadmodum

197 1901 313 1958 alius
330 1905 404 1959 sol
423 1905 686 1974 emicuit,
718 1905 1094 1962 ducentorum
1126 1906 1414 1977 octoginta
1443 1919 1635 1960 novem
1663 1919 1804 1959 san—

199 1997 374 2048 ctorum
417 1994 670 2054 Patrum.
713 1994 925 2066 regiam
963 1995 1157 2050 urbem
1201 1995 1402 2051 sortita
1440 2008 1538 2064 pro
1584 1993 1801 2064 requie,

201 2081 244 2136 in
267 2095 361 2152 qua
387 2082 692 2150 celebrata,
733 2097 832 2138 eos
861 2084 961 2154 qui
1000 2083 1146 2139 duas
1186 2083 1448 2153 proprias
1485 2083 1808 2138 voluntates

197 2175 238 2224 et
265 2171 607 2238 operationes
647 2172 706 2226 in
753 2171 1182 2240 dispensatione
1222 2171 1415 2226 carnis
1451 2170 1666 2226 Christi
1705 2169 1806 2224 Dei

195 2258 340 2313 nostri
369 2259 671 2331 denegauit,
705 2264 763 2316 et
789 2274 957 2315 unam
1003 2260 1347 2316 voluntatem
1379 2265 1435 2315 et
1459 2271 1628 2314 unam
1671 2272 1812 2328 por-

197 2349 373 2402 tentose
401 2352 673 2403 asserunt
707 2349 1090 2418 operationem
1121 2347 1432 2403 Salvatoris
1471 2347 1653 2403 nostri
1679 2347 1814 2401 dei-

196 2435 302 2490 tatis
349 2437 559 2506 pariter
609 2442 664 2492 et
719 2437 1115 2507 humanitatis,
1170 2435 1674 2491 anathematizavit
1704 2453 1716 2488 :
1752 2434 1810 2490 id

195 2530 274 2590 est,
296 2525 566 2596 Sergium,
603 2527 905 2596 Pyrrhum,
939 2527 1186 2596 Petrum,
1213 2526 1439 2594 Cyrum,
1475 2523 1810 2590 Honorium,

195 2609 503 2668 Theodorum
523 2613 1004 2683 Pharanitanum,
1027 2618 1084 2668 et
1105 2611 1542 2682 Polychrdnium
1565 2609 1813 2666 delirum

197 2712 368 2770 senem,
406 2707 586 2772 atque
625 2715 824 2758 omnes
861 2701 960 2771 qui
995 2700 1363 2769 deﬁnierunt,
1401 2700 1486 2755 vel
1519 2698 1814 2769 deﬁniant,

194 2795 268 2843 aut
295 2789 520 2846 deﬁnire
563 2797 922 2860 praesumunt
954 2804 1123 2846 unam
1168 2790 1514 2846 voluntatem
1545 2794 1600 2844 et
1629 2800 1821 2857 Opera-

196 2877 367 2933 tionem
400 2879 457 2934 in
493 2879 732 2936 duabus
763 2879 978 2934 Christi
1010 2879 1255 2934 naturis.
1291 2879 1348 2934 Si
1380 2878 1553 2946 enim,
1597 2881 1661 2932 ut
1685 2889 1822 2946 quo-

195 2964 293 3020 dam
322 2966 375 3022 in
406 2967 529 3024 loco
572 2968 810 3038 quidam
855 2968 1084 3037 sapiens
1127 2967 1230 3037 ait,
1264 2967 1390 3022 sine
1431 2967 1724 3022 voluntate
1765 2967 1822 3019 et

1890 489 1945 538 et
1974 485 2336 542 admittimus
2363 487 2535 542 etiam
2568 487 2774 543 locales
2799 493 3024 544 sanctas
3048 490 3312 561 synodos,
3344 497 3401 545 et
3429 504 3549 546 cor-

1893 573 2173 628 rcctiones
2201 576 2507 632 canonicas
2533 591 2658 646 qua:
2687 576 2884 632 divina
2915 582 3051 633 sunt
3078 577 3148 632 ab
3172 579 3258 633 eis
3291 578 3548 648 inspira—

1894 661 2050 717 tione
2078 664 2442 734 dcpromptm,
2475 671 2646 734 atque
2677 665 3067 736 legislationes
3104 679 3297 722 earum
3327 667 3549 722 animas

1897 749 2272 806 illustrantes.
2307 752 2664 822 Apostolicas
2694 761 2879 810 autem
2906 755 3166 810 Ecclesia:
3187 755 3549 825 traditiones,

1899 854 1996 908 per
2026 854 2167 909 quas
2198 840 2476 896 honorare
2503 847 2560 896 et
2583 844 2818 898 adorare
2849 848 3074 899 sanctos
3102 849 3160 899 et
3183 844 3432 900 salutare
3459 845 3554 900 do-

1897 943 2110 998 cemur,
2154 930 2506 1000 suscipimus
2542 937 2599 986 et
2633 931 3052 1003 amplectimur,
3094 939 3424 989 venerantes
3459 947 3556 990 eos

1899 1023 1965 1074 ut
2002 1015 2247 1074 famulos
2276 1025 2331 1074 et
2371 1019 2587 1075 amicos
2627 1027 2796 1091 atque
2837 1020 2989 1076 ﬁlios
3011 1021 3131 1077 Dei.
3178 1023 3368 1078 llonor
3399 1022 3552 1077 enim

1903 1105 2000 1176 qui
2035 1106 2186 1161 circa
2217 1108 2448 1164 devotos
2476 1122 2878 1165 conservorum
2907 1109 3120 1181 agitur,
3163 1109 3555 1180 probationem

1903 1194 2072 1249 habet
2120 1194 2278 1250 bona:
2332 1196 2646 1252 voluntatis
2697 1211 2826 1268 erga
2879 1211 3233 1254 communem
3287 1197 3560 1254 exhibitas

1901 1284 2224 1339 Dominum.
2275 1284 2373 1338 Isti
2413 1285 2566 1339 enim
2614 1284 2726 1354 ipsi
2757 1285 2988 1341 cellaria
3018 1286 3117 1341 Dei
3148 1291 3204 1341 et
3234 1285 3560 1342 habitacula

1907 1373 2136 1440 munda,
2172 1373 2471 1443 sanctique
2509 1373 2765 1442 Spiritus
2812 1375 3122 1444 purissima
3163 1374 3392 1445 specula
3424 1373 3559 1429 facti

1907 1467 2043 1518 sunt
2100 1460 2246 1532 (Sap.
2301 1462 2402 1532 ιιι).
2455 1462 2557 1517 Sed
2607 1467 2664 1518 et
2712 1463 2966 1532 ipsorum
3019 1463 3224 1520 anima:
3283 1463 3341 1518 in
3391 1476 3563 1518 manu

1905 1551 2005 1605 Dei
2039 1556 2194 1621 sunt,
2228 1556 2291 1606 ut
2320 1552 2598 1621 scriptum
2642 1556 2746 1607 est.
2785 1552 2925 1608 Cum
2963 1553 3115 1608 enim
3149 1553 3266 1608 vita
3303 1552 3383 1607 sit
3414 1554 3566 1609 Deus

1907 1644 1963 1694 et
1993 1639 2111 1709 lux,
2144 1644 2200 1694 et
2233 1639 2413 1694 sancti
2457 1654 2680 1711 quoque
2716 1641 2814 1711 qui
2858 1641 2916 1696 in
2959 1655 3129 1697 manu
3171 1641 3270 1696 Dei
3311 1646 3465 1712 sunt,
3504 1641 3566 1696 in

1830 1709 1884 1770 Β
1910 1729 2024 1784 vita
2053 1733 2110 1783 et
2138 1728 2262 1784 luce
2294 1709 2542 1798 profecto
2579 1709 2922 1785 consistunt.
2955 1732 3025 1786 Et
3056 1731 3182 1787 ideo
3225 1709 3475 1800 pretiosa
3507 1729 3569 1784 in

1910 1823 2215 1886 conspectu
2254 1817 2482 1872 Domini
2519 1833 2672 1874 mors
2710 1824 3035 1876 sanctorum
3066 1821 3192 1890 ejus
3219 1817 3382 1891 (Psal.
3417 1818 3566 1891 cxv).

1912 1907 2011 1961 Isti
2057 1907 2308 1962 viventes
2348 1907 2694 1962 ﬁducialiter
2733 1909 2847 1964 Deo
2885 1909 3229 1965 astiterunt:
3257 1907 3442 1964 fontes
3470 1921 3572 1964 sa-

1916 1995 2129 2051 lutares
2152 1995 2431 2050 Dominus
2458 1996 2723 2052 Christus
2753 2003 3079 2053 sanctorum
3102 1997 3269 2052 nobis
3295 1997 3573 2067 reliquias

1920 2083 2182 2154 praebuit,
2203 2083 2538 2139 multimode
2558 2084 2828 2139 beneﬁcia
2850 2085 3278 2140 inﬁrmantibus
3299 2085 3576 2155 rigantes,

1922 2179 2272 2243 unguentum
2321 2172 2626 2228 suavitatis
2671 2178 3016 2242 emanantes,
3049 2177 3105 2228 et
3134 2173 3418 2229 dmmones
3457 2172 3580 2227 abi-

1921 2267 2146 2332 gentes:
2167 2265 2226 2316 et
2255 2261 2570 2317 sicutdieit
2601 2274 2839 2333 magnus
2871 2261 3140 2334 magister
3159 2267 3215 2316 et
3237 2261 3308 2316 ab
3335 2261 3580 2316 immor-

1922 2348 2144 2404 talitate
2189 2350 2677 2420 cognominatusb
2703 2391 2718 2418 ,
2748 2355 3059 2420 martyrum
3102 2363 3231 2406 ossa
3277 2349 3580 2420 languores

1924 2434 2143 2510 fugant,
2179 2438 2438 2494 inﬁrmos
2465 2443 2689 2504 curant,
2721 2439 2888 2494 caecis
2916 2439 3109 2494 videre
3136 2439 3371 2509 donant,
3405 2437 3585 2508 lepro-

1925 2539 2018 2580 sos
2067 2527 2364 2598 mundant,
2419 2528 2764 2583 tentationes
2803 2533 2860 2583 et
2899 2540 3168 2583 maerores
3213 2526 3578 2583 dissolvunt:

1925 2619 1981 2670 et
2010 2613 2128 2670 haec
2159 2629 2256 2684 per
2284 2615 2577 2671 Christum
2612 2616 2711 2686 qui
2745 2615 3030 2671 habitavit
3065 2615 3123 2672 in
3160 2614 3302 2671 illis.
3341 2617 3409 2670 Et
3443 2613 3586 2670 bene

1927 2702 2229 2758 Psalmista
2289 2704 2548 2759 cecinit:
2582 2705 2857 2760 Mirabilis
2912 2709 3054 2760 Deus
3099 2706 3160 2758 in
3210 2706 3415 2759 sanctis
3469 2705 3586 2759 suis

1927 2791 2094 2872 (Psal.
2147 2791 2342 2864 van).
2389 2794 2456 2848 Et
2500 2807 2742 2849 rursus:
2772 2794 2988 2848 Sanctis
3026 2796 3124 2864 qui
3165 2797 3295 2847 sunt
3334 2795 3394 2847 in
3439 2797 3588 2847 terra

1931 2879 2070 2946 ejus,
2133 2883 2446 2950 miriﬁeavit
2496 2897 2676 2936 omnes
2727 2883 3032 2938 voluntates
3093 2883 3212 2952 ejus
3267 2884 3411 2937 inter
3463 2883 3586 2936 illos

1933 2969 2097 3051 (Psal.
2141 2968 2254 3042 xv).
2300 2970 2438 3026 Cum
2482 2970 2574 3026 his
2615 2975 2803 3026 autem
2843 2975 2900 3027 et
2928 2977 3152 3028 sanctas
3188 2975 3250 3028 et
3286 2969 3590 3026 venerabi-

193 3052 292 3109 siue
313 3057 654 3125 operatione
687 3057 989 3112 humanam
1028 3055 1256 3111 Domini
1294 3062 1552 3111 naturam
1594 3053 1824 3108 dimise—
1852 3041 1901 3104 C
1935 3041 2017 3110 les
2057 3057 2336 3129 imagines
2373 3058 2676 3114 adorantes
2709 3059 3129 3132 amplectimur,
3177 3059 3234 3114 id
3268 3065 3374 3129 est,
3422 3058 3588 3114 Verbi

195 3140 362 3210 rimus,
389 3145 487 3200 ubi
520 3143 934 3215 perfectionem
959 3145 1019 3200 in
1046 3144 1400 3202 humanitate
1430 3143 1778 3198 salvabimus
1797 3141 1826 3195 ‘3

195 3229 318 3286 Duas
336 3233 512 3303 igitur
535 3233 872 3290 voluntates
891 3238 946 3288 et
964 3234 1109 3288 duas
1133 3233 1492 3303 operationes
1516 3246 1828 3302 congruen-

197 3321 262 3372 tes
281 3321 494 3378 duabus
517 3321 746 3377 Christi
781 3321 1024 3392 naturis,
1056 3327 1120 3376 ut
1150 3320 1435 3377 naturalia
1464 3334 1658 3376 earum
1688 3334 1828 3376 coa-

195 3413 382 3474 ptantes
409 3411 718 3481 idiomata,
742 3410 827 3466 sic
858 3423 1122 3482 magnum
1149 3409 1422 3466 salutaris
1451 3409 1827 3479 dispensatio-

197 3495 270 3550 nis
303 3501 640 3568 mysterium
681 3498 1000 3554 luculenter
1035 3499 1498 3568 explauaverunt,
1532 3503 1588 3553 et
1622 3499 1826 3553 ortho-

193 3583 364 3642 doxam
387 3589 560 3646 ﬁdem
587 3587 847 3644 omnium
867 3575 1236 3644 ecclesiarum
1264 3587 1362 3642 Dei
1393 3588 1519 3642 sine
1539 3585 1827 3642 calumnia

193 3672 399 3746 sineque
439 3678 819 3734 dubitatione
857 3683 1007 3732 recte
1044 3675 1402 3745 sapientibus
1440 3680 1824 3732 servaverunt.

189 3759 279 3818 llas
303 3773 523 3824 sanctas
550 3781 654 3824 sex
680 3767 928 3837 synodos
951 3766 1104 3822 solas
1127 3779 1248 3820 esse
1277 3764 1627 3820 universales
1657 3764 1828 3820 novi-

189 3864 310 3924 mus,
338 3856 510 3912 aliam
547 3861 681 3926 post
707 3855 812 3909 has
842 3868 953 3910 non
978 3853 1345 3909 admittentes
1373 3852 1651 3923 synodum
1676 3869 1688 3905 :
1717 3866 1826 3906 ne—

188 3952 277 4008 que
305 3945 449 4000 enim
480 3945 831 4002 derelictum
865 3947 952 3999 est
980 3943 1119 4013 quid
1156 3943 1226 3997 ab
1259 3942 1596 4011 apostolicis
1633 3941 1822 3996 tradi-

187 4027 432 4104 tionibus,
453 4034 542 4090 vel
565 4033 824 4104 paternis
841 4046 939 4087 seu
960 4030 1237 4102 legitimis
1252 4031 1629 4102 editionibus,
1650 4043 1820 4101 egens

185 4121 554 4194 wrrectionis,
581 4121 668 4178 vel
690 4119 1003 4190 cujuslibet
1021 4119 1340 4175 ornamenti
1369 4133 1600 4190 quoquo
1633 4119 1816 4174 modo.

181 4207 361 4264 Omnes
403 4210 610 4282 itaque
653 4210 800 4266 male
841 4210 1151 4266 sentientes
1189 4209 1505 4278 hatreticos,
1549 4215 1820 4278 tanquam

184 4297 366 4352 satoris
387 4299 751 4355 zizaniorum
768 4300 987 4354 Satanae
1014 4298 1356 4368 discipulos,
1378 4303 1435 4352 et
1450 4297 1672 4352 animas
1683 4312 1819 4353 cor-

1933 3145 2055 3214 Dei,
2119 3146 2348 3201 Domini
2415 3147 2684 3203 videlicet
2734 3153 2790 3204 et
2849 3149 3161 3205 Salvatoris
3221 3149 3402 3204 nostri
3459 3148 3592 3204 Jesu

1933 3233 2171 3305 Christi,
2215 3235 2315 3304 qui
2365 3249 2464 3304 pro
2509 3236 2676 3292 nobis
2725 3236 3058 3293 incarnatus
3101 3239 3206 3306 est,
3251 3241 3308 3292 et
3351 3234 3592 3292 formam

1937 3323 2083 3378 servi
2132 3323 2387 3392 suscepit
2422 3321 2676 3394 (Philipp.
2727 3324 2807 3396 ιι).
2851 3325 3029 3394 Cujus
3077 3325 3263 3396 imago
3309 3330 3366 3380 et
3412 3323 3596 3395 ﬁgura

1938 3425 2048 3467 non
2077 3402 2333 3482 deitatis,
2367 3425 2492 3482 qua:
2527 3412 2862 3468 inconvulse
2905 3412 3252 3468 intemerata;
3279 3411 3439 3466 carni
3469 3412 3597 3480 ejus

1939 3501 2102 3556 unita
2147 3507 2252 3571 est,
2305 3498 2534 3570 prafert
2595 3501 3018 3556 characterem:
3055 3499 3374 3556 invisibilis
3437 3498 3592 3554 enim

1938 3595 2024 3644 est
2067 3594 2124 3644 et
2169 3588 2669 3658 incircumscripta
2703 3596 2758 3644 et
2803 3586 3070 3644 informis
3111 3587 3309 3643 divina
3347 3591 3588 3642 natura:

1935 3680 2105 3731 Deum
2157 3679 2357 3746 quippe
2399 3693 2550 3731 nemo
2603 3677 2744 3731 vidit
2780 3692 3024 3746 unquam
3059 3693 3076 3729 :
3107 3660 3222 3745 ipse
3276 3675 3595 3742 Unigenitus

1938 3768 2218 3820 enarravit
2259 3765 2432 3836 (Joan.
2469 3765 2542 3838 1):
2569 3766 2666 3822 sed
2713 3764 3092 3820 humanitatis
3129 3764 3256 3833 ejus
3301 3761 3596 3819 coloribus

1935 3855 2208 3912 facientes
2235 3856 2456 3911 iconam
2482 3857 2802 3912 adoramus.
2837 3854 3122 3924 Apparuit
3149 3852 3302 3908 enim
3331 3853 3481 3907 Deus
3505 3867 3600 3908 su-

1935 3957 2032 4014 per
2063 3947 2270 3999 terram
2300 3944 2471 3999 etiam
2505 3958 2633 4000 cum
2663 3948 2812 4000 esset
2843 3942 3181 4011 invisibilis,
3214 3947 3272 3996 et
3301 3941 3460 3997 visus
3487 3945 3593 4008 est,

1932 4037 1988 4087 et
2015 4047 2145 4088 cum
2187 4031 2520 4088 hominibus
2557 4037 2924 4088 conversatus
2951 4036 3057 4102 est,
3091 4035 3147 4087 et
3177 4028 3451 4101 fatigatus
3484 4034 3589 4100 est,

1932 4126 1987 4176 et
2011 4121 2271 4190 esurivit,
2304 4126 2360 4176 et
2389 4121 2578 4176 sitivit
2609 4121 2730 4192 lege
2761 4125 2968 4176 nostrae
2999 4133 3169 4190 quam
3201 4119 3456 4189 suscepit
3483 4131 3596 4174 na—

1933 4213 2093 4264 tura).
2117 4210 2435 4265 Adoramus
2457 4209 2674 4265 Christi
2700 4209 2941 4277 iconam,
2977 4207 3031 4263 id
3055 4214 3161 4279 est,
3188 4221 3441 4278 persona:
3465 4219 3592 4277 quae

1935 4298 2269 4354 hominibus
2289 4299 2410 4354 visa
2437 4303 2542 4360 est,
2568 4311 2679 4354 non
2699 4297 2899 4353 divisa:
2920 4297 2990 4352 ab
3012 4297 3116 4352 hac
3148 4295 3432 4352 invisibili
3463 4295 3590 4364 ejus

182 4393 484 4454 rumpentes
512 4389 836 4458 ministros,
860 4387 932 4443 ab
952 4389 1155 4444 horum
1182 4386 1330 4442 malo
1352 4387 1580 4458 vertice,
1602 4386 1818 4442 videli-
1844 4371 1901 4434 D
1931 4387 2275 4443 divinitate:
2305 4387 2496 4458 absit;
2527 4387 2622 4443 sed
2670 4386 2846 4442 unitm
2891 4386 3028 4442 huic
3069 4399 3138 4441 ex
3181 4398 3402 4442 summa
3443 4397 3592 4440 con—

181 4477 254 4526 cet
271 4473 496 4534 Simone
525 4478 713 4550 Mago,
744 4492 925 4549 usque
953 4478 1022 4533 ad
1048 4490 1246 4532 eorum
1273 4474 1666 4531 detestabilem
1692 4490 1824 4532 cau-

175 4557 320 4618 dam:
347 4571 404 4620 et
441 4573 508 4622 ut
553 4566 906 4636 complexive
946 4565 1230 4637 dicamus,
1261 4569 1497 4620 caeteros
1524 4579 1720 4620 omnes
1748 4579 1818 4621 ex

180 4652 276 4706 tota
297 4667 534 4721 prorsus
555 4655 1104 4710 anathematizamus
1120 4654 1311 4710 anima
1334 4653 1506 4709 simul
1524 4658 1581 4708 et
1599 4659 1811 4709 mente:

177 4740 396 4798 maxime
451 4743 616 4814 illos,
664 4759 810 4814 quos
849 4743 1094 4814 praelata:
1131 4747 1340 4798 sancta:
1375 4748 1432 4798 et
1473 4741 1822 4798 universales

177 4838 256 4882 sex
303 4833 506 4900 synodi
568 4832 1209 4902 anathematizaverunt,
1270 4845 1385 4887 una
1435 4845 1566 4887 cum
1617 4831 1820 4887 Severo

172 4910 576 4988 Accphalorum
637 4927 870 4978 auctore
937 4918 1120 4996 [duce]
1176 4917 1255 4994 [id
1309 4925 1414 4983 est,
1469 4934 1665 4976 eorum
1715 4921 1814 4992 qui

173 5003 440 5066 Christum
505 5012 686 5068 unius
739 5017 956 5068 natura:
1007 5025 1130 5067 esse
1181 5010 1434 5066 fatentur
1456 5007 1520 5084 ﬂ].
1563 5011 1714 5080 Quin
1760 5016 1817 5066 et

177 5090 370 5154 Petrum
420 5115 634 5170 respuo
667 5104 1040 5172 cognomento
1069 5101 1351 5171 Cnaphea,
1390 5099 1489 5169 qui
1533 5099 1592 5154 in
1635 5099 1818 5155 trisa—

177 5183 250 5249 gio
281 5188 494 5258 hymno
527 5197 927 5262 argumentum
964 5185 1370 5264 [augmentum]
1407 5203 1688 5258 apponere
1717 5204 1814 5244 au«

177 5282 254 5328 Sus
285 5283 389 5349 est,
431 5282 492 5333 et
536 5280 857 5348 passionem
897 5279 1243 5348 impassibili
1282 5277 1569 5347 applicare
1607 5279 1810 5334 deitati

179 5368 543 5438 Dmutnpsit,
575 5373 629 5422 et
651 5381 845 5423 omnes
876 5367 976 5438 qui
1008 5367 1420 5437 blasphemiam
1445 5366 1569 5436 ejus
1599 5371 1812 5421 sectan-

176 5481 248 5591 cui
263 5471 566 5530 Glossema
602 5472 888 5530 Anastasii
926 5473 1206 5530 insertum
1247 5473 1427 5530 textui
1469 5476 1556 5530 est
1591 5473 1649 5529 in
1686 5473 1810 5544 ipso

239 5554 318 5591 am
351 5559 456 5591 ms-

239 5554 320 5598 am
351 5559 456 5601 IIIS.

434 5651 678 5708 PATROL.
719 5653 968 5711 CXXIX.

1932 4475 2212 4546 ceptione.
2244 4479 2383 4531 Nam
2422 4475 2530 4531 etsi
2560 4475 2707 4532 dicit
2731 4473 2980 4530 ludatis:
3007 4473 3151 4539 Quid
3179 4473 3345 4527 vultis
3379 4487 3461 4526 me
3489 4487 3587 4525 oc—

1932 4565 2126 4628 cidere,
2179 4566 2444 4620 hominem
2507 4566 2604 4634 qui
2666 4565 2945 4619 veritatem
2999 4563 3208 4617 locutus
3263 4577 3384 4616 sum
3437 4561 3586 4615 vobis

1931 4652 2104 4724 (Joan.
2147 4653 2318 4726 Vili)?
2338 4667 2450 4710 non
2483 4657 2606 4709 erat
2635 4653 2802 4709 homo
2839 4657 3079 4722 tantum,
3112 4652 3208 4708 sed
3244 4655 3302 4706 et
3327 4653 3501 4720 Deus,
3531 4657 3588 4707 et

1929 4742 2164 4798 dicens:
2200 4745 2311 4810 Ego
2354 4748 2404 4796 et
2461 4744 2624 4797 Pater
2677 4758 2846 4796 unum
2900 4756 3086 4796 sumus
3127 4738 3301 4812 (Joan.
3349 4741 3584 4813 x):non

1927 4831 2166 4902 denegat
2205 4838 2466 4887 naturam
2512 4834 2762 4886 nostram
2795 4848 2807 4884 :
2841 4831 3089 4886 humano
3139 4829 3351 4902 quippe
3387 4843 3485 4886 ore
3518 4843 3584 4885 ac

1927 4921 2194 4993 organica
2232 4919 2348 4975 haec
2391 4919 2598 4975 asserit
2641 4919 2856 4991 lingua.
2905 4921 3260 4975 IIonoramus
3299 4924 3488 4975 autem
3527 4924 3585 4974 et

1924 5011 2229 5066 adoramus
2263 5010 2436 5065 etiam
2478 5010 2825 5064 intemerata:
2867 5009 2992 5077 ejus
3027 5007 3331 5080 imaginem
3372 5013 3581 5064 sancta:

1923 5099 2023 5154 Dei
2057 5099 2374 5155 Genitricis
2405 5101 2462 5153 et
2488 5097 2866 5153 immaculata:
2897 5097 3145 5152 dominae
3182 5102 3411 5168 nostrae,
3453 5112 3579 5166 qua:

1925 5188 2089 5244 illum
2133 5187 2502 5242 ineﬁ’abiliter
2535 5186 2751 5258 genuit.
2795 5188 3151 5242 llonoramus
3189 5199 3416 5256 quoque
3454 5199 3581 5240 san-

1919 5282 2140 5332 ctorum
2171 5276 2580 5347 apostolorum,
2607 5276 3031 5345 prophetarum,
3057 5275 3195 5330 bene
3223 5274 3574 5330 vincentium

1921 5371 2253 5436 martyrum,
2305 5364 2716 5436 confessorum,
2754 5369 2811 5420 et
2838 5365 3127 5434 justorum
3164 5368 3433 5434 tanquam
3472 5360 3570 5414 Dei

1989 5489 2016 5532 ι›
2041 5471 2328 5528 Anastasii
2381 5471 2584 5527 verba:
2618 5472 2686 5525 ιιι
2723 5475 2800 5524 est
2845 5469 3205 5538 Athanasius,
3257 5464 3574 5524 immortalis

1916 5546 2058 5600 enim
2086 5547 2262 5600 Graece
2291 5545 2494 5598 dicitur
2519 5544 2826 5598 athunatos.

3254 5644 3289 5698 9
