  <div class='ocr_page' id='page_1' title='image "/cluster/home/n/w/nwhite01/storage/ocr_20150623/129/hvd.32044054759907/139.png"; bbox 0 0 4018 6166; ppageno 0'>
   <div class='ocr_carea' id='block_1_1' title="bbox 412 262 2033 329">
    <p class='ocr_par' dir='ltr' id='par_1_1' title="bbox 412 265 2020 329">
     <span class='ocr_line' id='line_1_1' title="bbox 412 265 2020 329; baseline -0.006 0"><span class='ocrx_word' id='word_1_1' title='bbox 412 267 520 329; x_wconf 72' lang='grc'><strong>267</strong></span> <span class='ocrx_word' id='word_1_2' title='bbox 1666 265 2020 323; x_wconf 79' lang='lat' dir='ltr'><strong>ANASTASII</strong></span> 
     </span>
    </p>
   </div>
   <div class='ocr_carea' id='block_1_2' title="bbox 2163 262 3736 329">
    <p class='ocr_par' dir='ltr' id='par_1_2' title="bbox 2163 262 3736 322">
     <span class='ocr_line' id='line_1_2' title="bbox 2163 262 3736 322; baseline 0.001 -3"><span class='ocrx_word' id='word_1_3' title='bbox 2163 262 2596 320; x_wconf 75' lang='lat' dir='ltr'><strong>LIOTHECARII</strong></span> <span class='ocrx_word' id='word_1_4' title='bbox 3652 262 3736 322; x_wconf 78' lang='grc'><strong>268</strong></span> 
     </span>
    </p>
   </div>
   <div class='ocr_carea' id='block_1_3' title="bbox 410 373 3749 455">
    <p class='ocr_par' dir='ltr' id='par_1_3' title="bbox 410 373 3749 455">
     <span class='ocr_line' id='line_1_3' title="bbox 410 373 3749 455; baseline -0.001 -15"><span class='ocrx_word' id='word_1_5' title='bbox 410 383 726 440; x_wconf 90' lang='lat' dir='ltr'><strong>amicorum</strong></span> <span class='ocrx_word' id='word_1_6' title='bbox 759 384 1068 455; x_wconf 79' lang='lat' dir='ltr'><strong>imagines:</strong></span> <span class='ocrx_word' id='word_1_7' title='bbox 1091 397 1203 438; x_wconf 92' lang='lat' dir='ltr'><strong>non</strong></span> <span class='ocrx_word' id='word_1_8' title='bbox 1230 382 1480 439; x_wconf 75' lang='lat' dir='ltr'><strong>materiae</strong></span> <span class='ocrx_word' id='word_1_9' title='bbox 1507 381 1592 438; x_wconf 91' lang='lat' dir='ltr'><strong>vel</strong></span> <span class='ocrx_word' id='word_1_10' title='bbox 1623 380 1918 437; x_wconf 89' lang='lat' dir='ltr'><strong>coloribus</strong></span> <span class='ocrx_word' id='word_1_11' title='bbox 1943 379 2059 435; x_wconf 89' lang='lat' dir='ltr'><strong>cul-</strong></span> <span class='ocrx_word' id='word_1_12' title='bbox 2085 373 2144 433; x_wconf 91' lang='lat' dir='ltr'><strong>A</strong></span> <span class='ocrx_word' id='word_1_13' title='bbox 2170 389 2322 432; x_wconf 92' lang='lat' dir='ltr'><strong>nunc</strong></span> <span class='ocrx_word' id='word_1_14' title='bbox 2353 377 2509 432; x_wconf 89' lang='lat' dir='ltr'><strong>lecta</strong></span> <span class='ocrx_word' id='word_1_15' title='bbox 2548 381 2700 448; x_wconf 91' lang='lat' dir='ltr'><strong>sunt,</strong></span> <span class='ocrx_word' id='word_1_16' title='bbox 2744 391 2984 449; x_wconf 85' lang='lat' dir='ltr'><strong>quaque</strong></span> <span class='ocrx_word' id='word_1_17' title='bbox 3002 377 3073 433; x_wconf 93' lang='lat' dir='ltr'><strong>de</strong></span> <span class='ocrx_word' id='word_1_18' title='bbox 3104 377 3332 434; x_wconf 81' lang='lat' dir='ltr'><strong>Oriente</strong></span> <span class='ocrx_word' id='word_1_19' title='bbox 3358 377 3527 435; x_wconf 85' lang='lat' dir='ltr'><strong>missa</strong></span> <span class='ocrx_word' id='word_1_20' title='bbox 3554 379 3749 438; x_wconf 87' lang='lat' dir='ltr'><strong>fuerunt</strong></span> 
     </span>
    </p>
   </div>
   <div class='ocr_carea' id='block_1_4' title="bbox 409 465 3750 541">
    <p class='ocr_par' dir='ltr' id='par_1_4' title="bbox 409 465 3750 541">
     <span class='ocr_line' id='line_1_4' title="bbox 409 465 3750 541; baseline -0.001 -14"><span class='ocrx_word' id='word_1_21' title='bbox 409 476 532 528; x_wconf 89' lang='lat' dir='ltr'><strong>tum</strong></span> <span class='ocrx_word' id='word_1_22' title='bbox 561 471 876 541; x_wconf 78' lang='lat' dir='ltr'><strong>afferentes,</strong></span> <span class='ocrx_word' id='word_1_23' title='bbox 911 472 1005 526; x_wconf 90' lang='lat' dir='ltr'><strong>sed</strong></span> <span class='ocrx_word' id='word_1_24' title='bbox 1040 485 1138 541; x_wconf 90' lang='lat' dir='ltr'><strong>per</strong></span> <span class='ocrx_word' id='word_1_25' title='bbox 1169 471 1286 527; x_wconf 89' lang='lat' dir='ltr'><strong>hac</strong></span> <span class='ocrx_word' id='word_1_26' title='bbox 1317 469 1794 541; x_wconf 87' lang='lat' dir='ltr'><strong>intelligihilibus</strong></span> <span class='ocrx_word' id='word_1_27' title='bbox 1833 469 2058 525; x_wconf 85' lang='lat' dir='ltr'><strong>visibus</strong></span> <span class='ocrx_word' id='word_1_28' title='bbox 2167 465 2235 520; x_wconf 88' lang='lat' dir='ltr'><strong>ad</strong></span> <span class='ocrx_word' id='word_1_29' title='bbox 2273 465 2569 522; x_wconf 88' lang='lat' dir='ltr'><strong>Tarasium</strong></span> <span class='ocrx_word' id='word_1_30' title='bbox 2615 466 3043 522; x_wconf 87' lang='lat' dir='ltr'><strong>sanctissimum</strong></span> <span class='ocrx_word' id='word_1_31' title='bbox 3090 465 3557 536; x_wconf 84' lang='lat' dir='ltr'><strong>archiepiscopum</strong></span> <span class='ocrx_word' id='word_1_32' title='bbox 3594 473 3641 524; x_wconf 87' lang='lat' dir='ltr'><strong>et</strong></span> <span class='ocrx_word' id='word_1_33' title='bbox 3677 484 3750 539; x_wconf 89' lang='lat' dir='ltr'><strong>pa-</strong></span> 
     </span>
    </p>
   </div>
   <div class='ocr_carea' id='block_1_5' title="bbox 407 553 3752 634">
    <p class='ocr_par' dir='ltr' id='par_1_5' title="bbox 407 553 3752 634">
     <span class='ocr_line' id='line_1_5' title="bbox 407 553 3752 634; baseline -0.001 -18"><span class='ocrx_word' id='word_1_34' title='bbox 407 560 476 616; x_wconf 88' lang='lat' dir='ltr'><strong>ad</strong></span> <span class='ocrx_word' id='word_1_35' title='bbox 519 560 892 630; x_wconf 85' lang='lat' dir='ltr'><strong>principalem</strong></span> <span class='ocrx_word' id='word_1_36' title='bbox 941 557 1299 634; x_wconf 88' lang='lat' dir='ltr'><strong>[principale]</strong></span> <span class='ocrx_word' id='word_1_37' title='bbox 1341 560 1598 630; x_wconf 80' lang='lat' dir='ltr'><strong>adducti,</strong></span> <span class='ocrx_word' id='word_1_38' title='bbox 1644 560 1913 614; x_wconf 88' lang='lat' dir='ltr'><strong>honorem</strong></span> <span class='ocrx_word' id='word_1_39' title='bbox 1965 557 2055 614; x_wconf 89' lang='lat' dir='ltr'><strong>illi</strong></span> <span class='ocrx_word' id='word_1_40' title='bbox 2168 553 2502 624; x_wconf 90' lang='lat' dir='ltr'><strong>triarcham,</strong></span> <span class='ocrx_word' id='word_1_41' title='bbox 2539 569 2569 610; x_wconf 91' lang='lat' dir='ltr'><strong>a</strong></span> <span class='ocrx_word' id='word_1_42' title='bbox 2600 555 2938 611; x_wconf 88' lang='lat' dir='ltr'><strong>definitione</strong></span> <span class='ocrx_word' id='word_1_43' title='bbox 2981 555 3112 610; x_wconf 89' lang='lat' dir='ltr'><strong>fidei</strong></span> <span class='ocrx_word' id='word_1_44' title='bbox 3150 567 3317 625; x_wconf 89' lang='lat' dir='ltr'><strong>quam</strong></span> <span class='ocrx_word' id='word_1_45' title='bbox 3354 555 3464 624; x_wconf 89' lang='lat' dir='ltr'><strong>ipse</strong></span> <span class='ocrx_word' id='word_1_46' title='bbox 3497 561 3613 612; x_wconf 89' lang='lat' dir='ltr'><strong>ante</strong></span> <span class='ocrx_word' id='word_1_47' title='bbox 3647 571 3752 614; x_wconf 87' lang='lat' dir='ltr'><strong>con-</strong></span> 
     </span>
    </p>
   </div>
   <div class='ocr_carea' id='block_1_6' title="bbox 407 640 3754 719">
    <p class='ocr_par' dir='ltr' id='par_1_6' title="bbox 407 640 3754 719">
     <span class='ocr_line' id='line_1_6' title="bbox 407 640 3754 719; baseline -0 -17"><span class='ocrx_word' id='word_1_48' title='bbox 407 647 666 704; x_wconf 91' lang='lat' dir='ltr'><strong>debitum</strong></span> <span class='ocrx_word' id='word_1_49' title='bbox 707 649 1122 719; x_wconf 87' lang='lat' dir='ltr'><strong>impendimus:</strong></span> <span class='ocrx_word' id='word_1_50' title='bbox 1149 649 1395 704; x_wconf 81' lang='lat' dir='ltr'><strong>scientes</strong></span> <span class='ocrx_word' id='word_1_51' title='bbox 1433 648 1745 704; x_wconf 90' lang='lat' dir='ltr'><strong>secundum</strong></span> <span class='ocrx_word' id='word_1_52' title='bbox 1776 647 2054 702; x_wconf 88' lang='lat' dir='ltr'><strong>Basilium</strong></span> <span class='ocrx_word' id='word_1_53' title='bbox 2171 640 2356 698; x_wconf 91' lang='lat' dir='ltr'><strong>fessus</strong></span> <span class='ocrx_word' id='word_1_54' title='bbox 2395 641 2601 714; x_wconf 84' lang='lat' dir='ltr'><strong>fuerat,</strong></span> <span class='ocrx_word' id='word_1_55' title='bbox 2646 643 2944 700; x_wconf 89' lang='lat' dir='ltr'><strong>inveniens</strong></span> <span class='ocrx_word' id='word_1_56' title='bbox 2976 649 3033 698; x_wconf 90' lang='lat' dir='ltr'><strong>et</strong></span> <span class='ocrx_word' id='word_1_57' title='bbox 3064 657 3167 715; x_wconf 91' lang='lat' dir='ltr'><strong>ego</strong></span> <span class='ocrx_word' id='word_1_58' title='bbox 3207 643 3484 716; x_wconf 87' lang='lat' dir='ltr'><strong>indignus,</strong></span> <span class='ocrx_word' id='word_1_59' title='bbox 3526 643 3608 700; x_wconf 87' lang='lat' dir='ltr'><strong>his</strong></span> <span class='ocrx_word' id='word_1_60' title='bbox 3637 660 3754 702; x_wconf 90' lang='lat' dir='ltr'><strong>con-</strong></span> 
     </span>
    </p>
   </div>
   <div class='ocr_carea' id='block_1_7' title="bbox 407 731 3756 809">
    <p class='ocr_par' dir='ltr' id='par_1_7' title="bbox 407 731 3756 809">
     <span class='ocr_line' id='line_1_7' title="bbox 407 731 3756 809; baseline -0.001 -17"><span class='ocrx_word' id='word_1_61' title='bbox 407 749 692 808; x_wconf 90' lang='lat' dir='ltr'><strong>magnum,</strong></span> <span class='ocrx_word' id='word_1_62' title='bbox 719 739 867 808; x_wconf 90' lang='lat' dir='ltr'><strong>quod</strong></span> <span class='ocrx_word' id='word_1_63' title='bbox 890 737 1162 809; x_wconf 88' lang='lat' dir='ltr'><strong>imaginis</strong></span> <span class='ocrx_word' id='word_1_64' title='bbox 1179 737 1364 793; x_wconf 91' lang='lat' dir='ltr'><strong>honor</strong></span> <span class='ocrx_word' id='word_1_65' title='bbox 1381 736 1450 792; x_wconf 89' lang='lat' dir='ltr'><strong>ad</strong></span> <span class='ocrx_word' id='word_1_66' title='bbox 1478 735 1852 806; x_wconf 87' lang='lat' dir='ltr'><strong>principalem</strong></span> <span class='ocrx_word' id='word_1_67' title='bbox 1875 740 2056 790; x_wconf 88' lang='lat' dir='ltr'><strong>trans-</strong></span> <span class='ocrx_word' id='word_1_68' title='bbox 2167 731 2354 786; x_wconf 89' lang='lat' dir='ltr'><strong>sentio</strong></span> <span class='ocrx_word' id='word_1_69' title='bbox 2387 738 2443 787; x_wconf 91' lang='lat' dir='ltr'><strong>et</strong></span> <span class='ocrx_word' id='word_1_70' title='bbox 2475 747 2714 789; x_wconf 87' lang='lat' dir='ltr'><strong>concors</strong></span> <span class='ocrx_word' id='word_1_71' title='bbox 2748 732 2982 804; x_wconf 81' lang='lat' dir='ltr'><strong>eﬁicior,</strong></span> <span class='ocrx_word' id='word_1_72' title='bbox 3021 732 3340 802; x_wconf 88' lang='lat' dir='ltr'><strong>suscipiens</strong></span> <span class='ocrx_word' id='word_1_73' title='bbox 3373 738 3426 788; x_wconf 90' lang='lat' dir='ltr'><strong>et</strong></span> <span class='ocrx_word' id='word_1_74' title='bbox 3458 733 3756 802; x_wconf 87' lang='lat' dir='ltr'><strong>amplectens</strong></span> 
     </span>
    </p>
   </div>
   <div class='ocr_carea' id='block_1_8' title="bbox 401 819 3758 897">
    <p class='ocr_par' dir='ltr' id='par_1_8' title="bbox 401 819 3758 897">
     <span class='ocr_line' id='line_1_8' title="bbox 401 819 3758 897; baseline -0.001 -17"><span class='ocrx_word' id='word_1_75' title='bbox 401 829 510 881; x_wconf 89' lang='lat' dir='ltr'><strong>eat.</strong></span> <span class='ocrx_word' id='word_1_76' title='bbox 540 826 713 882; x_wconf 90' lang='lat' dir='ltr'><strong>Porro</strong></span> <span class='ocrx_word' id='word_1_77' title='bbox 742 827 879 897; x_wconf 89' lang='lat' dir='ltr'><strong>quia</strong></span> <span class='ocrx_word' id='word_1_78' title='bbox 905 826 1170 883; x_wconf 90' lang='lat' dir='ltr'><strong>nonnulli</strong></span> <span class='ocrx_word' id='word_1_79' title='bbox 1198 825 1620 881; x_wconf 89' lang='lat' dir='ltr'><strong>contentiosius</strong></span> <span class='ocrx_word' id='word_1_80' title='bbox 1645 829 1842 896; x_wconf 83' lang='lat' dir='ltr'><strong>agunt.</strong></span> <span class='ocrx_word' id='word_1_81' title='bbox 1875 829 1930 878; x_wconf 90' lang='lat' dir='ltr'><strong>et</strong></span> <span class='ocrx_word' id='word_1_82' title='bbox 1955 823 2056 878; x_wconf 88' lang='lat' dir='ltr'><strong>di—</strong></span> <span class='ocrx_word' id='word_1_83' title='bbox 2169 819 2590 877; x_wconf 87' lang='lat' dir='ltr'><strong>honorabiliter</strong></span> <span class='ocrx_word' id='word_1_84' title='bbox 2623 829 2848 877; x_wconf 89' lang='lat' dir='ltr'><strong>sanctas</strong></span> <span class='ocrx_word' id='word_1_85' title='bbox 2863 827 2920 876; x_wconf 92' lang='lat' dir='ltr'><strong>et</strong></span> <span class='ocrx_word' id='word_1_86' title='bbox 2936 821 3286 877; x_wconf 85' lang='lat' dir='ltr'><strong>venerabiles</strong></span> <span class='ocrx_word' id='word_1_87' title='bbox 3317 820 3596 893; x_wconf 82' lang='lat' dir='ltr'><strong>imagines:</strong></span> <span class='ocrx_word' id='word_1_88' title='bbox 3616 827 3758 892; x_wconf 87' lang='lat' dir='ltr'><strong>atque</strong></span> 
     </span>
    </p>
   </div>
   <div class='ocr_carea' id='block_1_9' title="bbox 399 913 2050 985">
    <p class='ocr_par' dir='ltr' id='par_1_9' title="bbox 399 913 2050 985">
     <span class='ocr_line' id='line_1_9' title="bbox 399 913 2050 985; baseline -0.001 -16"><span class='ocrx_word' id='word_1_89' title='bbox 399 917 540 970; x_wconf 91' lang='lat' dir='ltr'><strong>cunt</strong></span> <span class='ocrx_word' id='word_1_90' title='bbox 591 927 703 971; x_wconf 91' lang='lat' dir='ltr'><strong>non</strong></span> <span class='ocrx_word' id='word_1_91' title='bbox 755 921 1016 985; x_wconf 83' lang='lat' dir='ltr'><strong>Oportere</strong></span> <span class='ocrx_word' id='word_1_92' title='bbox 1073 919 1402 970; x_wconf 91' lang='lat' dir='ltr'><strong>sanctorum</strong></span> <span class='ocrx_word' id='word_1_93' title='bbox 1463 913 1742 985; x_wconf 82' lang='lat' dir='ltr'><strong>imagines</strong></span> <span class='ocrx_word' id='word_1_94' title='bbox 1793 913 2050 982; x_wconf 88' lang='lat' dir='ltr'><strong>adorare,</strong></span> 
     </span>
    </p>
   </div>
   <div class='ocr_carea' id='block_1_10' title="bbox 398 1001 2052 1072">
    <p class='ocr_par' dir='ltr' id='par_1_10' title="bbox 398 1001 2052 1072">
     <span class='ocr_line' id='line_1_10' title="bbox 398 1001 2052 1072; baseline -0.001 -14"><span class='ocrx_word' id='word_1_95' title='bbox 398 1017 528 1059; x_wconf 90' lang='lat' dir='ltr'><strong>cum</strong></span> <span class='ocrx_word' id='word_1_96' title='bbox 573 1003 693 1059; x_wconf 91' lang='lat' dir='ltr'><strong>sint</strong></span> <span class='ocrx_word' id='word_1_97' title='bbox 741 1002 1114 1072; x_wconf 82' lang='lat' dir='ltr'><strong>manufacta;</strong></span> <span class='ocrx_word' id='word_1_98' title='bbox 1144 1003 1453 1058; x_wconf 88' lang='lat' dir='ltr'><strong>simulacra</strong></span> <span class='ocrx_word' id='word_1_99' title='bbox 1503 1001 1713 1058; x_wconf 90' lang='lat' dir='ltr'><strong>stolide</strong></span> <span class='ocrx_word' id='word_1_100' title='bbox 1763 1001 1884 1072; x_wconf 89' lang='lat' dir='ltr'><strong>has,</strong></span> <span class='ocrx_word' id='word_1_101' title='bbox 1938 1001 2052 1056; x_wconf 90' lang='lat' dir='ltr'><strong>imo</strong></span> 
     </span>
    </p>
   </div>
   <div class='ocr_carea' id='block_1_11' title="bbox 400 1090 2048 1162">
    <p class='ocr_par' dir='ltr' id='par_1_11' title="bbox 400 1090 2048 1162">
     <span class='ocr_line' id='line_1_11' title="bbox 400 1090 2048 1162; baseline -0.001 -16"><span class='ocrx_word' id='word_1_102' title='bbox 400 1091 576 1162; x_wconf 89' lang='lat' dir='ltr'><strong>impie</strong></span> <span class='ocrx_word' id='word_1_103' title='bbox 623 1097 1054 1162; x_wconf 89' lang='lat' dir='ltr'><strong>nuncupantes:</strong></span> <span class='ocrx_word' id='word_1_104' title='bbox 1087 1093 1352 1149; x_wconf 83' lang='lat' dir='ltr'><strong>noverint</strong></span> <span class='ocrx_word' id='word_1_105' title='bbox 1405 1090 1505 1161; x_wconf 88' lang='lat' dir='ltr'><strong>qui</strong></span> <span class='ocrx_word' id='word_1_106' title='bbox 1538 1090 1837 1160; x_wconf 78' lang='lat' dir='ltr'><strong>ejusmodi</strong></span> <span class='ocrx_word' id='word_1_107' title='bbox 1893 1095 2048 1159; x_wconf 91' lang='lat' dir='ltr'><strong>sunt,</strong></span> 
     </span>
    </p>
   </div>
   <div class='ocr_carea' id='block_1_12' title="bbox 397 1178 2046 1254">
    <p class='ocr_par' dir='ltr' id='par_1_12' title="bbox 397 1178 2046 1254">
     <span class='ocr_line' id='line_1_12' title="bbox 397 1178 2046 1254; baseline -0.002 -16"><span class='ocrx_word' id='word_1_108' title='bbox 397 1181 548 1252; x_wconf 90' lang='lat' dir='ltr'><strong>quod</strong></span> <span class='ocrx_word' id='word_1_109' title='bbox 576 1180 894 1254; x_wconf 86' lang='lat' dir='ltr'><strong>cherubim,</strong></span> <span class='ocrx_word' id='word_1_110' title='bbox 918 1185 975 1238; x_wconf 92' lang='lat' dir='ltr'><strong>et</strong></span> <span class='ocrx_word' id='word_1_111' title='bbox 995 1178 1485 1252; x_wconf 88' lang='lat' dir='ltr'><strong>propitiatorium,</strong></span> <span class='ocrx_word' id='word_1_112' title='bbox 1508 1184 1566 1235; x_wconf 91' lang='lat' dir='ltr'><strong>et</strong></span> <span class='ocrx_word' id='word_1_113' title='bbox 1584 1193 1734 1249; x_wconf 90' lang='lat' dir='ltr'><strong>arca,</strong></span> <span class='ocrx_word' id='word_1_114' title='bbox 1759 1184 1815 1234; x_wconf 92' lang='lat' dir='ltr'><strong>et</strong></span> <span class='ocrx_word' id='word_1_115' title='bbox 1837 1191 2046 1248; x_wconf 90' lang='lat' dir='ltr'><strong>mensa,</strong></span> 
     </span>
    </p>
   </div>
   <div class='ocr_carea' id='block_1_13' title="bbox 396 1269 2050 1342">
    <p class='ocr_par' dir='ltr' id='par_1_13' title="bbox 396 1269 2050 1342">
     <span class='ocr_line' id='line_1_13' title="bbox 396 1269 2050 1342; baseline -0.001 -16"><span class='ocrx_word' id='word_1_116' title='bbox 396 1283 524 1340; x_wconf 84' lang='lat' dir='ltr'><strong>qua</strong></span> <span class='ocrx_word' id='word_1_117' title='bbox 547 1272 766 1342; x_wconf 88' lang='lat' dir='ltr'><strong>Moyses</strong></span> <span class='ocrx_word' id='word_1_118' title='bbox 789 1271 1218 1327; x_wconf 89' lang='lat' dir='ltr'><strong>sacratissimus</strong></span> <span class='ocrx_word' id='word_1_119' title='bbox 1240 1269 1442 1326; x_wconf 91' lang='lat' dir='ltr'><strong>divino</strong></span> <span class='ocrx_word' id='word_1_120' title='bbox 1468 1272 1746 1339; x_wconf 89' lang='lat' dir='ltr'><strong>pracepto</strong></span> <span class='ocrx_word' id='word_1_121' title='bbox 1776 1272 2050 1324; x_wconf 92' lang='lat' dir='ltr'><strong>constru—</strong></span> 
     </span>
    </p>
   </div>
   <div class='ocr_carea' id='block_1_14' title="bbox 393 1356 2046 1430">
    <p class='ocr_par' dir='ltr' id='par_1_14' title="bbox 393 1356 2046 1430">
     <span class='ocr_line' id='line_1_14' title="bbox 393 1356 2046 1430; baseline -0.002 -16"><span class='ocrx_word' id='word_1_122' title='bbox 393 1358 500 1425; x_wconf 85' lang='lat' dir='ltr'><strong>xit,</strong></span> <span class='ocrx_word' id='word_1_123' title='bbox 530 1356 849 1414; x_wconf 86' lang='lat' dir='ltr'><strong>manufacta</strong></span> <span class='ocrx_word' id='word_1_124' title='bbox 877 1363 1058 1430; x_wconf 90' lang='lat' dir='ltr'><strong>erant,</strong></span> <span class='ocrx_word' id='word_1_125' title='bbox 1087 1365 1144 1414; x_wconf 91' lang='lat' dir='ltr'><strong>et</strong></span> <span class='ocrx_word' id='word_1_126' title='bbox 1166 1357 1584 1414; x_wconf 87' lang='lat' dir='ltr'><strong>adorabantur:</strong></span> <span class='ocrx_word' id='word_1_127' title='bbox 1606 1360 1838 1412; x_wconf 89' lang='lat' dir='ltr'><strong>accusat</strong></span> <span class='ocrx_word' id='word_1_128' title='bbox 1857 1361 2046 1412; x_wconf 89' lang='lat' dir='ltr'><strong>autem</strong></span> 
     </span>
    </p>
   </div>
   <div class='ocr_carea' id='block_1_15' title="bbox 391 1441 2041 1517">
    <p class='ocr_par' dir='ltr' id='par_1_15' title="bbox 391 1441 2041 1517">
     <span class='ocr_line' id='line_1_15' title="bbox 391 1441 2041 1517; baseline -0.002 -15"><span class='ocrx_word' id='word_1_129' title='bbox 391 1445 590 1503; x_wconf 89' lang='lat' dir='ltr'><strong>divina</strong></span> <span class='ocrx_word' id='word_1_130' title='bbox 631 1447 928 1516; x_wconf 89' lang='lat' dir='ltr'><strong>Scriptura</strong></span> <span class='ocrx_word' id='word_1_131' title='bbox 965 1460 1064 1502; x_wconf 93' lang='lat' dir='ltr'><strong>eos</strong></span> <span class='ocrx_word' id='word_1_132' title='bbox 1105 1447 1206 1517; x_wconf 87' lang='lat' dir='ltr'><strong>qui</strong></span> <span class='ocrx_word' id='word_1_133' title='bbox 1247 1446 1492 1502; x_wconf 89' lang='lat' dir='ltr'><strong>adorant</strong></span> <span class='ocrx_word' id='word_1_134' title='bbox 1541 1443 1840 1514; x_wconf 87' lang='lat' dir='ltr'><strong>sculptilia</strong></span> <span class='ocrx_word' id='word_1_135' title='bbox 1878 1441 2041 1514; x_wconf 86' lang='lat' dir='ltr'><strong>(Psal.</strong></span> 
     </span>
    </p>
   </div>
   <div class='ocr_carea' id='block_1_16' title="bbox 393 1533 2050 1609">
    <p class='ocr_par' dir='ltr' id='par_1_16' title="bbox 393 1533 2050 1609">
     <span class='ocr_line' id='line_1_16' title="bbox 393 1533 2050 1609; baseline -0.002 -18"><span class='ocrx_word' id='word_1_136' title='bbox 393 1549 520 1591; x_wconf 69' lang='lat' dir='ltr'><strong>xcvr</strong></span> <span class='ocrx_word' id='word_1_137' title='bbox 549 1555 566 1602; x_wconf 90' lang='lat'><strong><em>;</em></strong></span> <span class='ocrx_word' id='word_1_138' title='bbox 591 1539 702 1590; x_wconf 80' lang='lat' dir='ltr'><strong>Isa.</strong></span> <span class='ocrx_word' id='word_1_139' title='bbox 737 1536 910 1609; x_wconf 76' lang='lat' dir='ltr'><strong>xm);</strong></span> <span class='ocrx_word' id='word_1_140' title='bbox 937 1536 1034 1592; x_wconf 88' lang='lat' dir='ltr'><strong>sed</strong></span> <span class='ocrx_word' id='word_1_141' title='bbox 1073 1539 1127 1591; x_wconf 92' lang='lat' dir='ltr'><strong>et</strong></span> <span class='ocrx_word' id='word_1_142' title='bbox 1159 1535 1293 1590; x_wconf 90' lang='lat' dir='ltr'><strong>illos</strong></span> <span class='ocrx_word' id='word_1_143' title='bbox 1319 1533 1419 1605; x_wconf 86' lang='lat' dir='ltr'><strong>qui</strong></span> <span class='ocrx_word' id='word_1_144' title='bbox 1445 1533 1804 1590; x_wconf 82' lang='lat' dir='ltr'><strong>damonibus</strong></span> <span class='ocrx_word' id='word_1_145' title='bbox 1836 1533 2050 1589; x_wconf 84' lang='lat' dir='ltr'><strong>immo-</strong></span> 
     </span>
    </p>
   </div>
   <div class='ocr_carea' id='block_1_17' title="bbox 391 1623 2048 1696">
    <p class='ocr_par' dir='ltr' id='par_1_17' title="bbox 391 1623 2048 1696">
     <span class='ocr_line' id='line_1_17' title="bbox 391 1623 2048 1696; baseline -0.002 -16"><span class='ocrx_word' id='word_1_146' title='bbox 391 1623 532 1680; x_wconf 89' lang='lat' dir='ltr'><strong>lant.</strong></span> <span class='ocrx_word' id='word_1_147' title='bbox 573 1626 643 1680; x_wconf 92' lang='lat' dir='ltr'><strong>Et</strong></span> <span class='ocrx_word' id='word_1_148' title='bbox 679 1625 910 1696; x_wconf 91' lang='lat' dir='ltr'><strong>quidem</strong></span> <span class='ocrx_word' id='word_1_149' title='bbox 959 1624 1242 1694; x_wconf 89' lang='lat' dir='ltr'><strong>abjectum</strong></span> <span class='ocrx_word' id='word_1_150' title='bbox 1284 1629 1406 1679; x_wconf 89' lang='lat' dir='ltr'><strong>erat</strong></span> <span class='ocrx_word' id='word_1_151' title='bbox 1446 1636 1794 1695; x_wconf 80' lang='lat' dir='ltr'><strong>paganorum</strong></span> <span class='ocrx_word' id='word_1_152' title='bbox 1834 1623 2048 1678; x_wconf 83' lang='lat' dir='ltr'><strong>sacriﬁ-</strong></span> 
     </span>
    </p>
   </div>
   <div class='ocr_carea' id='block_1_18' title="bbox 2163 907 3758 982">
    <p class='ocr_par' dir='ltr' id='par_1_18' title="bbox 2163 907 3758 982">
     <span class='ocr_line' id='line_1_18' title="bbox 2163 907 3758 982; baseline 0.001 -19"><span class='ocrx_word' id='word_1_153' title='bbox 2163 907 2554 966; x_wconf 81' lang='lat' dir='ltr'><strong>adorationem</strong></span> <span class='ocrx_word' id='word_1_154' title='bbox 2602 925 2726 982; x_wconf 86' lang='lat' dir='ltr'><strong>qua</strong></span> <span class='ocrx_word' id='word_1_155' title='bbox 2756 924 2854 980; x_wconf 89' lang='lat' dir='ltr'><strong>per</strong></span> <span class='ocrx_word' id='word_1_156' title='bbox 2903 910 3152 980; x_wconf 88' lang='lat' dir='ltr'><strong>latriam,</strong></span> <span class='ocrx_word' id='word_1_157' title='bbox 3186 909 3242 964; x_wconf 93' lang='lat' dir='ltr'><strong>id</strong></span> <span class='ocrx_word' id='word_1_158' title='bbox 3274 915 3374 980; x_wconf 90' lang='lat' dir='ltr'><strong>est,</strong></span> <span class='ocrx_word' id='word_1_159' title='bbox 3403 911 3510 964; x_wconf 90' lang='lat' dir='ltr'><strong>Deo</strong></span> <span class='ocrx_word' id='word_1_160' title='bbox 3545 909 3758 966; x_wconf 88' lang='lat' dir='ltr'><strong>debitam</strong></span> 
     </span>
    </p>
   </div>
   <div class='ocr_carea' id='block_1_19' title="bbox 2164 997 3760 1070">
    <p class='ocr_par' dir='ltr' id='par_1_19' title="bbox 2164 997 3760 1070">
     <span class='ocr_line' id='line_1_19' title="bbox 2164 997 3760 1070; baseline 0.002 -18"><span class='ocrx_word' id='word_1_161' title='bbox 2164 997 2496 1054; x_wconf 87' lang='lat' dir='ltr'><strong>servitutem</strong></span> <span class='ocrx_word' id='word_1_162' title='bbox 2528 998 2791 1070; x_wconf 80' lang='lat' dir='ltr'><strong>efﬁcitur,</strong></span> <span class='ocrx_word' id='word_1_163' title='bbox 2812 999 2920 1056; x_wconf 91' lang='lat' dir='ltr'><strong>soli</strong></span> <span class='ocrx_word' id='word_1_164' title='bbox 2939 997 3475 1070; x_wconf 88' lang='lat' dir='ltr'><strong>supersubstantiali</strong></span> <span class='ocrx_word' id='word_1_165' title='bbox 3493 1004 3544 1054; x_wconf 89' lang='lat' dir='ltr'><strong>et</strong></span> <span class='ocrx_word' id='word_1_166' title='bbox 3559 999 3760 1055; x_wconf 77' lang='lat' dir='ltr'><strong>vivifica:</strong></span> 
     </span>
    </p>
   </div>
   <div class='ocr_carea' id='block_1_20' title="bbox 2161 1086 3762 1160">
    <p class='ocr_par' dir='ltr' id='par_1_20' title="bbox 2161 1086 3762 1160">
     <span class='ocr_line' id='line_1_20' title="bbox 2161 1086 3762 1160; baseline 0.001 -20"><span class='ocrx_word' id='word_1_167' title='bbox 2161 1086 2434 1142; x_wconf 89' lang='lat' dir='ltr'><strong>Trinitati</strong></span> <span class='ocrx_word' id='word_1_168' title='bbox 2487 1087 2772 1158; x_wconf 90' lang='lat' dir='ltr'><strong>impendo.</strong></span> <span class='ocrx_word' id='word_1_169' title='bbox 2811 1091 2882 1145; x_wconf 88' lang='lat' dir='ltr'><strong>Et</strong></span> <span class='ocrx_word' id='word_1_170' title='bbox 2923 1088 3024 1160; x_wconf 89' lang='lat' dir='ltr'><strong>qui</strong></span> <span class='ocrx_word' id='word_1_171' title='bbox 3066 1089 3146 1144; x_wconf 87' lang='lat' dir='ltr'><strong>ita</strong></span> <span class='ocrx_word' id='word_1_172' title='bbox 3186 1101 3299 1144; x_wconf 91' lang='lat' dir='ltr'><strong>non</strong></span> <span class='ocrx_word' id='word_1_173' title='bbox 3331 1087 3568 1159; x_wconf 89' lang='lat' dir='ltr'><strong>sapiunt,</strong></span> <span class='ocrx_word' id='word_1_174' title='bbox 3610 1101 3762 1158; x_wconf 88' lang='lat' dir='ltr'><strong>neque</strong></span> 
     </span>
    </p>
   </div>
   <div class='ocr_carea' id='block_1_21' title="bbox 2162 1175 3764 1248">
    <p class='ocr_par' dir='ltr' id='par_1_21' title="bbox 2162 1175 3764 1248">
     <span class='ocr_line' id='line_1_21' title="bbox 2162 1175 3764 1248; baseline 0.001 -17"><span class='ocrx_word' id='word_1_175' title='bbox 2162 1177 2495 1247; x_wconf 90' lang='lat' dir='ltr'><strong>pradicant,</strong></span> <span class='ocrx_word' id='word_1_176' title='bbox 2529 1191 2560 1233; x_wconf 91' lang='lat' dir='ltr'><strong>a</strong></span> <span class='ocrx_word' id='word_1_177' title='bbox 2589 1182 2786 1234; x_wconf 91' lang='lat' dir='ltr'><strong>sancta</strong></span> <span class='ocrx_word' id='word_1_178' title='bbox 2814 1177 3098 1234; x_wconf 90' lang='lat' dir='ltr'><strong>catholica</strong></span> <span class='ocrx_word' id='word_1_179' title='bbox 3126 1181 3184 1233; x_wconf 93' lang='lat' dir='ltr'><strong>et</strong></span> <span class='ocrx_word' id='word_1_180' title='bbox 3217 1176 3519 1248; x_wconf 87' lang='lat' dir='ltr'><strong>apostolica</strong></span> <span class='ocrx_word' id='word_1_181' title='bbox 3545 1175 3764 1232; x_wconf 86' lang='lat' dir='ltr'><strong>Ecclesia</strong></span> 
     </span>
    </p>
   </div>
   <div class='ocr_carea' id='block_1_22' title="bbox 2159 1264 3768 1338">
    <p class='ocr_par' dir='ltr' id='par_1_22' title="bbox 2159 1264 3768 1338">
     <span class='ocr_line' id='line_1_22' title="bbox 2159 1264 3768 1338; baseline 0.001 -19"><span class='ocrx_word' id='word_1_182' title='bbox 2159 1278 2412 1338; x_wconf 84' lang='lat' dir='ltr'><strong>segrego,</strong></span> <span class='ocrx_word' id='word_1_183' title='bbox 2445 1271 2501 1322; x_wconf 91' lang='lat' dir='ltr'><strong>et</strong></span> <span class='ocrx_word' id='word_1_184' title='bbox 2528 1267 2876 1323; x_wconf 87' lang='lat' dir='ltr'><strong>anathemati</strong></span> <span class='ocrx_word' id='word_1_185' title='bbox 2911 1266 3182 1338; x_wconf 88' lang='lat' dir='ltr'><strong>subjicio,</strong></span> <span class='ocrx_word' id='word_1_186' title='bbox 3217 1271 3388 1336; x_wconf 86' lang='lat' dir='ltr'><strong>atque</strong></span> <span class='ocrx_word' id='word_1_187' title='bbox 3437 1264 3664 1336; x_wconf 90' lang='lat' dir='ltr'><strong>portioni</strong></span> <span class='ocrx_word' id='word_1_188' title='bbox 3692 1277 3768 1320; x_wconf 83' lang='lat' dir='ltr'><strong>ne-</strong></span> 
     </span>
    </p>
   </div>
   <div class='ocr_carea' id='block_1_23' title="bbox 2159 1353 3768 1426">
    <p class='ocr_par' dir='ltr' id='par_1_23' title="bbox 2159 1353 3768 1426">
     <span class='ocr_line' id='line_1_23' title="bbox 2159 1353 3768 1426; baseline 0.001 -18"><span class='ocrx_word' id='word_1_189' title='bbox 2159 1355 2419 1424; x_wconf 88' lang='lat' dir='ltr'><strong>gantium</strong></span> <span class='ocrx_word' id='word_1_190' title='bbox 2456 1355 2811 1412; x_wconf 89' lang='lat' dir='ltr'><strong>incarnatam</strong></span> <span class='ocrx_word' id='word_1_191' title='bbox 2844 1360 2902 1412; x_wconf 92' lang='lat' dir='ltr'><strong>et</strong></span> <span class='ocrx_word' id='word_1_192' title='bbox 2932 1353 3292 1412; x_wconf 83' lang='lat' dir='ltr'><strong>salutiferam</strong></span> <span class='ocrx_word' id='word_1_193' title='bbox 3325 1354 3768 1426; x_wconf 85' lang='lat' dir='ltr'><strong>dispensationem</strong></span> 
     </span>
    </p>
   </div>
   <div class='ocr_carea' id='block_1_24' title="bbox 2156 1441 3274 1502">
    <p class='ocr_par' dir='ltr' id='par_1_24' title="bbox 2156 1441 3274 1502">
     <span class='ocr_line' id='line_1_24' title="bbox 2156 1441 3274 1502; baseline 0.001 -4"><span class='ocrx_word' id='word_1_194' title='bbox 2156 1441 2373 1499; x_wconf 89' lang='lat' dir='ltr'><strong>Christi</strong></span> <span class='ocrx_word' id='word_1_195' title='bbox 2421 1445 2538 1500; x_wconf 90' lang='lat' dir='ltr'><strong>veri</strong></span> <span class='ocrx_word' id='word_1_196' title='bbox 2568 1445 2668 1500; x_wconf 90' lang='lat' dir='ltr'><strong>Dei</strong></span> <span class='ocrx_word' id='word_1_197' title='bbox 2702 1446 2883 1502; x_wconf 90' lang='lat' dir='ltr'><strong>nostri</strong></span> <span class='ocrx_word' id='word_1_198' title='bbox 2925 1445 3274 1502; x_wconf 89' lang='lat' dir='ltr'><strong>transmitto.</strong></span> 
     </span>
    </p>
   </div>
   <div class='ocr_carea' id='block_1_25' title="bbox 2227 1531 3765 1604">
    <p class='ocr_par' dir='ltr' id='par_1_25' title="bbox 2227 1531 3765 1604">
     <span class='ocr_line' id='line_1_25' title="bbox 2227 1531 3765 1604; baseline -0.001 -17"><span class='ocrx_word' id='word_1_199' title='bbox 2227 1532 2478 1589; x_wconf 86' lang='lat' dir='ltr'><strong>Basilius</strong></span> <span class='ocrx_word' id='word_1_200' title='bbox 2527 1535 2930 1591; x_wconf 88' lang='lat' dir='ltr'><strong>sanctissimus</strong></span> <span class='ocrx_word' id='word_1_201' title='bbox 2976 1535 3283 1604; x_wconf 90' lang='lat' dir='ltr'><strong>episcopus</strong></span> <span class='ocrx_word' id='word_1_202' title='bbox 3332 1531 3562 1603; x_wconf 86' lang='lat' dir='ltr'><strong>Ancyra</strong></span> <span class='ocrx_word' id='word_1_203' title='bbox 3601 1531 3765 1587; x_wconf 81' lang='lat' dir='ltr'><strong>dixit:</strong></span> 
     </span>
    </p>
   </div>
   <div class='ocr_carea' id='block_1_26' title="bbox 2153 1619 3774 1679">
    <p class='ocr_par' dir='ltr' id='par_1_26' title="bbox 2153 1619 3774 1679">
     <span class='ocr_line' id='line_1_26' title="bbox 2153 1619 3774 1679; baseline 0 -5"><span class='ocrx_word' id='word_1_204' title='bbox 2153 1621 2469 1678; x_wconf 90' lang='lat' dir='ltr'><strong>Destinatis</strong></span> <span class='ocrx_word' id='word_1_205' title='bbox 2507 1621 2720 1678; x_wconf 88' lang='lat' dir='ltr'><strong>litteris</strong></span> <span class='ocrx_word' id='word_1_206' title='bbox 2757 1623 2827 1678; x_wconf 90' lang='lat' dir='ltr'><strong>ab</strong></span> <span class='ocrx_word' id='word_1_207' title='bbox 2854 1623 3112 1679; x_wconf 89' lang='lat' dir='ltr'><strong>Orientis</strong></span> <span class='ocrx_word' id='word_1_208' title='bbox 3151 1621 3532 1678; x_wconf 87' lang='lat' dir='ltr'><strong>sanctissimis</strong></span> <span class='ocrx_word' id='word_1_209' title='bbox 3560 1619 3774 1676; x_wconf 88' lang='lat' dir='ltr'><strong>summis</strong></span> 
     </span>
    </p>
   </div>
   <div class='ocr_carea' id='block_1_27' title="bbox 390 1693 3772 1783">
    <p class='ocr_par' dir='ltr' id='par_1_27' title="bbox 390 1693 3772 1783">
     <span class='ocr_line' id='line_1_27' title="bbox 390 1693 3772 1783; baseline -0.002 -15"><span class='ocrx_word' id='word_1_210' title='bbox 390 1713 546 1768; x_wconf 91' lang='lat' dir='ltr'><strong>cium</strong></span> <span class='ocrx_word' id='word_1_211' title='bbox 580 1731 596 1782; x_wconf 87' lang='lat'><strong>;</strong></span> <span class='ocrx_word' id='word_1_212' title='bbox 628 1693 723 1769; x_wconf 83' lang='lat' dir='ltr'><strong>sed</strong></span> <span class='ocrx_word' id='word_1_213' title='bbox 775 1693 1065 1782; x_wconf 87' lang='lat' dir='ltr'><strong>justorum</strong></span> <span class='ocrx_word' id='word_1_214' title='bbox 1127 1718 1423 1783; x_wconf 87' lang='lat' dir='ltr'><strong>acceptum</strong></span> <span class='ocrx_word' id='word_1_215' title='bbox 1480 1693 1566 1767; x_wconf 75' lang='lat' dir='ltr'><strong>est</strong></span> <span class='ocrx_word' id='word_1_216' title='bbox 1617 1709 1784 1782; x_wconf 76' lang='lat' dir='ltr'><strong>(Eccli</strong></span> <span class='ocrx_word' id='word_1_217' title='bbox 1846 1711 2041 1782; x_wconf 85' lang='lat' dir='ltr'><strong>xxxv).</strong></span> <span class='ocrx_word' id='word_1_218' title='bbox 2076 1693 2124 1754; x_wconf 85' lang='grc' dir='ltr'>Β</span> <span class='ocrx_word' id='word_1_219' title='bbox 2155 1710 2550 1767; x_wconf 87' lang='lat' dir='ltr'><strong>sacerdotibus</strong></span> <span class='ocrx_word' id='word_1_220' title='bbox 2599 1713 2670 1767; x_wconf 93' lang='lat' dir='ltr'><strong>ad</strong></span> <span class='ocrx_word' id='word_1_221' title='bbox 2719 1711 3149 1768; x_wconf 88' lang='lat' dir='ltr'><strong>sanctissimum</strong></span> <span class='ocrx_word' id='word_1_222' title='bbox 3201 1710 3684 1780; x_wconf 86' lang='lat' dir='ltr'><strong>archiepiscopum</strong></span> <span class='ocrx_word' id='word_1_223' title='bbox 3723 1713 3772 1762; x_wconf 89' lang='lat' dir='ltr'><strong>et</strong></span> 
     </span>
    </p>
   </div>
   <div class='ocr_carea' id='block_1_28' title="bbox 389 1800 2044 1874">
    <p class='ocr_par' dir='ltr' id='par_1_28' title="bbox 389 1800 2044 1874">
     <span class='ocr_line' id='line_1_28' title="bbox 389 1800 2044 1874; baseline 0 -17"><span class='ocrx_word' id='word_1_224' title='bbox 389 1801 528 1859; x_wconf 89' lang='lat' dir='ltr'><strong>Cum</strong></span> <span class='ocrx_word' id='word_1_225' title='bbox 554 1816 686 1874; x_wconf 89' lang='lat' dir='ltr'><strong>ergo</strong></span> <span class='ocrx_word' id='word_1_226' title='bbox 711 1803 1016 1859; x_wconf 88' lang='lat' dir='ltr'><strong>crassioris</strong></span> <span class='ocrx_word' id='word_1_227' title='bbox 1047 1803 1350 1872; x_wconf 88' lang='lat' dir='ltr'><strong>scriptura</strong></span> <span class='ocrx_word' id='word_1_228' title='bbox 1377 1800 1730 1858; x_wconf 88' lang='lat' dir='ltr'><strong>venerabiles</strong></span> <span class='ocrx_word' id='word_1_229' title='bbox 1763 1801 2044 1872; x_wconf 89' lang='lat' dir='ltr'><strong>imagines</strong></span> 
     </span>
    </p>
   </div>
   <div class='ocr_carea' id='block_1_29' title="bbox 390 1889 2046 1961">
    <p class='ocr_par' dir='ltr' id='par_1_29' title="bbox 390 1889 2046 1961">
     <span class='ocr_line' id='line_1_29' title="bbox 390 1889 2046 1961; baseline -0.002 -15"><span class='ocrx_word' id='word_1_230' title='bbox 390 1890 529 1960; x_wconf 90' lang='lat' dir='ltr'><strong>sint,</strong></span> <span class='ocrx_word' id='word_1_231' title='bbox 569 1896 792 1961; x_wconf 88' lang='lat' dir='ltr'><strong>oportet</strong></span> <span class='ocrx_word' id='word_1_232' title='bbox 823 1904 918 1946; x_wconf 90' lang='lat' dir='ltr'><strong>eas</strong></span> <span class='ocrx_word' id='word_1_233' title='bbox 950 1891 1233 1948; x_wconf 88' lang='lat' dir='ltr'><strong>honorare</strong></span> <span class='ocrx_word' id='word_1_234' title='bbox 1272 1895 1501 1960; x_wconf 87' lang='lat' dir='ltr'><strong>propter</strong></span> <span class='ocrx_word' id='word_1_235' title='bbox 1538 1889 1905 1960; x_wconf 86' lang='lat' dir='ltr'><strong>principalia.</strong></span> <span class='ocrx_word' id='word_1_236' title='bbox 1944 1889 2046 1944; x_wconf 84' lang='lat' dir='ltr'><strong>His</strong></span> 
     </span>
    </p>
   </div>
   <div class='ocr_carea' id='block_1_30' title="bbox 392 1977 2046 2050">
    <p class='ocr_par' dir='ltr' id='par_1_30' title="bbox 392 1977 2046 2050">
     <span class='ocr_line' id='line_1_30' title="bbox 392 1977 2046 2050; baseline -0.001 -16"><span class='ocrx_word' id='word_1_237' title='bbox 392 1978 585 2049; x_wconf 85' lang='lat' dir='ltr'><strong>itaque</strong></span> <span class='ocrx_word' id='word_1_238' title='bbox 619 1979 913 2050; x_wconf 88' lang='lat' dir='ltr'><strong>synodicis</strong></span> <span class='ocrx_word' id='word_1_239' title='bbox 957 1981 1170 2036; x_wconf 91' lang='lat' dir='ltr'><strong>nostris</strong></span> <span class='ocrx_word' id='word_1_240' title='bbox 1214 1979 1461 2035; x_wconf 86' lang='lat' dir='ltr'><strong>libenter</strong></span> <span class='ocrx_word' id='word_1_241' title='bbox 1493 1977 1762 2048; x_wconf 90' lang='lat' dir='ltr'><strong>acceptis,</strong></span> <span class='ocrx_word' id='word_1_242' title='bbox 1809 1978 2046 2034; x_wconf 86' lang='lat' dir='ltr'><strong>sanctis-</strong></span> 
     </span>
    </p>
   </div>
   <div class='ocr_carea' id='block_1_31' title="bbox 369 2067 2044 2139">
    <p class='ocr_par' dir='ltr' id='par_1_31' title="bbox 369 2067 2044 2139">
     <span class='ocr_line' id='line_1_31' title="bbox 369 2067 2044 2139; baseline -0.001 -16"><span class='ocrx_word' id='word_1_243' title='bbox 369 2067 550 2139; x_wconf 45' lang='lat' dir='ltr'><strong>,simi,</strong></span> <span class='ocrx_word' id='word_1_244' title='bbox 588 2068 637 2124; x_wconf 90' lang='lat' dir='ltr'><strong>si</strong></span> <span class='ocrx_word' id='word_1_245' title='bbox 679 2068 816 2138; x_wconf 91' lang='lat' dir='ltr'><strong>quid</strong></span> <span class='ocrx_word' id='word_1_246' title='bbox 853 2069 1145 2124; x_wconf 90' lang='lat' dir='ltr'><strong>inventum</strong></span> <span class='ocrx_word' id='word_1_247' title='bbox 1185 2067 1363 2124; x_wconf 83' lang='lat' dir='ltr'><strong>fuerit</strong></span> <span class='ocrx_word' id='word_1_248' title='bbox 1396 2068 1456 2123; x_wconf 90' lang='lat' dir='ltr'><strong>in</strong></span> <span class='ocrx_word' id='word_1_249' title='bbox 1493 2067 1616 2123; x_wconf 89' lang='lat' dir='ltr'><strong>illis</strong></span> <span class='ocrx_word' id='word_1_250' title='bbox 1649 2067 2044 2122; x_wconf 88' lang='lat' dir='ltr'><strong>emendatione</strong></span> 
     </span>
    </p>
   </div>
   <div class='ocr_carea' id='block_1_32' title="bbox 393 2156 2044 2228">
    <p class='ocr_par' dir='ltr' id='par_1_32' title="bbox 393 2156 2044 2228">
     <span class='ocr_line' id='line_1_32' title="bbox 393 2156 2044 2228; baseline 0 -16"><span class='ocrx_word' id='word_1_251' title='bbox 393 2156 678 2228; x_wconf 87' lang='lat' dir='ltr'><strong>indigens,</strong></span> <span class='ocrx_word' id='word_1_252' title='bbox 702 2157 827 2212; x_wconf 90' lang='lat' dir='ltr'><strong>sine</strong></span> <span class='ocrx_word' id='word_1_253' title='bbox 849 2157 1068 2214; x_wconf 90' lang='lat' dir='ltr'><strong>invidia</strong></span> <span class='ocrx_word' id='word_1_254' title='bbox 1089 2162 1286 2212; x_wconf 89' lang='lat' dir='ltr'><strong>vestra</strong></span> <span class='ocrx_word' id='word_1_255' title='bbox 1306 2159 1418 2214; x_wconf 82' lang='lat' dir='ltr'><strong>Deo</strong></span> <span class='ocrx_word' id='word_1_256' title='bbox 1436 2156 1615 2226; x_wconf 79' lang='lat' dir='ltr'><strong>plena</strong></span> <span class='ocrx_word' id='word_1_257' title='bbox 1637 2157 1914 2212; x_wconf 87' lang='lat' dir='ltr'><strong>doctrina</strong></span> <span class='ocrx_word' id='word_1_258' title='bbox 1940 2169 2044 2212; x_wconf 88' lang='lat' dir='ltr'><strong>nos</strong></span> 
     </span>
    </p>
   </div>
   <div class='ocr_carea' id='block_1_33' title="bbox 390 2244 2044 2317">
    <p class='ocr_par' dir='ltr' id='par_1_33' title="bbox 390 2244 2044 2317">
     <span class='ocr_line' id='line_1_33' title="bbox 390 2244 2044 2317; baseline -0.001 -17"><span class='ocrx_word' id='word_1_259' title='bbox 390 2245 700 2316; x_wconf 89' lang='lat' dir='ltr'><strong>participes</strong></span> <span class='ocrx_word' id='word_1_260' title='bbox 737 2244 926 2317; x_wconf 85' lang='lat' dir='ltr'><strong>facite,</strong></span> <span class='ocrx_word' id='word_1_261' title='bbox 969 2251 1025 2301; x_wconf 91' lang='lat' dir='ltr'><strong>et</strong></span> <span class='ocrx_word' id='word_1_262' title='bbox 1060 2247 1129 2302; x_wconf 92' lang='lat' dir='ltr'><strong>ad</strong></span> <span class='ocrx_word' id='word_1_263' title='bbox 1172 2246 1576 2302; x_wconf 88' lang='lat' dir='ltr'><strong>remittendum</strong></span> <span class='ocrx_word' id='word_1_264' title='bbox 1616 2259 1680 2300; x_wconf 89' lang='lat' dir='ltr'><strong>ea</strong></span> <span class='ocrx_word' id='word_1_265' title='bbox 1720 2245 1887 2301; x_wconf 92' lang='lat' dir='ltr'><strong>nobis</strong></span> <span class='ocrx_word' id='word_1_266' title='bbox 1926 2258 2044 2300; x_wconf 93' lang='lat' dir='ltr'><strong>cor-</strong></span> 
     </span>
    </p>
   </div>
   <div class='ocr_carea' id='block_1_34' title="bbox 393 2333 2043 2404">
    <p class='ocr_par' dir='ltr' id='par_1_34' title="bbox 393 2333 2043 2404">
     <span class='ocr_line' id='line_1_34' title="bbox 393 2333 2043 2404; baseline -0.001 -15"><span class='ocrx_word' id='word_1_267' title='bbox 393 2336 544 2390; x_wconf 90' lang='lat' dir='ltr'><strong>recta</strong></span> <span class='ocrx_word' id='word_1_268' title='bbox 581 2338 760 2390; x_wconf 92' lang='lat' dir='ltr'><strong>estote</strong></span> <span class='ocrx_word' id='word_1_269' title='bbox 803 2334 1152 2404; x_wconf 89' lang='lat' dir='ltr'><strong>precabiles:</strong></span> <span class='ocrx_word' id='word_1_270' title='bbox 1181 2341 1245 2390; x_wconf 92' lang='lat' dir='ltr'><strong>ut</strong></span> <span class='ocrx_word' id='word_1_271' title='bbox 1272 2333 1636 2390; x_wconf 88' lang='lat' dir='ltr'><strong>concorditer</strong></span> <span class='ocrx_word' id='word_1_272' title='bbox 1662 2347 1731 2389; x_wconf 88' lang='lat' dir='ltr'><strong>ex</strong></span> <span class='ocrx_word' id='word_1_273' title='bbox 1761 2333 1868 2389; x_wconf 92' lang='lat' dir='ltr'><strong>hoc</strong></span> <span class='ocrx_word' id='word_1_274' title='bbox 1912 2333 2043 2389; x_wconf 88' lang='lat' dir='ltr'><strong>tide-</strong></span> 
     </span>
    </p>
   </div>
   <div class='ocr_carea' id='block_1_35' title="bbox 385 2421 2041 2496">
    <p class='ocr_par' dir='ltr' id='par_1_35' title="bbox 385 2421 2041 2496">
     <span class='ocr_line' id='line_1_35' title="bbox 385 2421 2041 2496; baseline 0 -20"><span class='ocrx_word' id='word_1_275' title='bbox 385 2421 545 2478; x_wconf 91' lang='lat' dir='ltr'><strong>libus</strong></span> <span class='ocrx_word' id='word_1_276' title='bbox 570 2423 851 2496; x_wconf 82' lang='lat' dir='ltr'><strong>utrisque,</strong></span> <span class='ocrx_word' id='word_1_277' title='bbox 881 2423 938 2478; x_wconf 91' lang='lat' dir='ltr'><strong>id</strong></span> <span class='ocrx_word' id='word_1_278' title='bbox 969 2428 1073 2492; x_wconf 91' lang='lat' dir='ltr'><strong>est,</strong></span> <span class='ocrx_word' id='word_1_279' title='bbox 1100 2423 1265 2478; x_wconf 90' lang='lat' dir='ltr'><strong>vobis</strong></span> <span class='ocrx_word' id='word_1_280' title='bbox 1291 2429 1349 2478; x_wconf 90' lang='lat' dir='ltr'><strong>et</strong></span> <span class='ocrx_word' id='word_1_281' title='bbox 1373 2422 1542 2478; x_wconf 88' lang='lat' dir='ltr'><strong>nobis</strong></span> <span class='ocrx_word' id='word_1_282' title='bbox 1570 2422 1837 2491; x_wconf 88' lang='lat' dir='ltr'><strong>inventis,</strong></span> <span class='ocrx_word' id='word_1_283' title='bbox 1869 2421 2041 2494; x_wconf 88' lang='lat' dir='ltr'><strong>glori-</strong></span> 
     </span>
    </p>
   </div>
   <div class='ocr_carea' id='block_1_36' title="bbox 385 2509 2040 2581">
    <p class='ocr_par' dir='ltr' id='par_1_36' title="bbox 385 2509 2040 2581">
     <span class='ocr_line' id='line_1_36' title="bbox 385 2509 2040 2581; baseline 0.001 -16"><span class='ocrx_word' id='word_1_284' title='bbox 385 2509 587 2566; x_wconf 86' lang='lat' dir='ltr'><strong>ﬂcetur</strong></span> <span class='ocrx_word' id='word_1_285' title='bbox 628 2511 790 2567; x_wconf 90' lang='lat' dir='ltr'><strong>Pater</strong></span> <span class='ocrx_word' id='word_1_286' title='bbox 819 2516 874 2566; x_wconf 92' lang='lat' dir='ltr'><strong>et</strong></span> <span class='ocrx_word' id='word_1_287' title='bbox 903 2511 1088 2566; x_wconf 90' lang='lat' dir='ltr'><strong>Filius</strong></span> <span class='ocrx_word' id='word_1_288' title='bbox 1117 2516 1174 2566; x_wconf 92' lang='lat' dir='ltr'><strong>et</strong></span> <span class='ocrx_word' id='word_1_289' title='bbox 1205 2511 1459 2581; x_wconf 87' lang='lat' dir='ltr'><strong>Spiritus</strong></span> <span class='ocrx_word' id='word_1_290' title='bbox 1500 2516 1753 2581; x_wconf 90' lang='lat' dir='ltr'><strong>sanctus,</strong></span> <span class='ocrx_word' id='word_1_291' title='bbox 1803 2524 1954 2568; x_wconf 88' lang='lat' dir='ltr'><strong>nunc</strong></span> <span class='ocrx_word' id='word_1_292' title='bbox 1983 2515 2040 2566; x_wconf 91' lang='lat' dir='ltr'><strong>et</strong></span> 
     </span>
    </p>
   </div>
   <div class='ocr_carea' id='block_1_37' title="bbox 385 2598 1674 2668">
    <p class='ocr_par' dir='ltr' id='par_1_37' title="bbox 385 2598 1674 2668">
     <span class='ocr_line' id='line_1_37' title="bbox 385 2598 1674 2668; baseline 0.001 -15"><span class='ocrx_word' id='word_1_293' title='bbox 385 2611 608 2668; x_wconf 89' lang='lat' dir='ltr'><strong>semper</strong></span> <span class='ocrx_word' id='word_1_294' title='bbox 640 2603 696 2654; x_wconf 91' lang='lat' dir='ltr'><strong>et</strong></span> <span class='ocrx_word' id='word_1_295' title='bbox 730 2599 790 2654; x_wconf 93' lang='lat' dir='ltr'><strong>in</strong></span> <span class='ocrx_word' id='word_1_296' title='bbox 832 2599 1039 2655; x_wconf 88' lang='lat' dir='ltr'><strong>sacula</strong></span> <span class='ocrx_word' id='word_1_297' title='bbox 1073 2599 1434 2656; x_wconf 87' lang='lat' dir='ltr'><strong>saculorum.</strong></span> <span class='ocrx_word' id='word_1_298' title='bbox 1477 2598 1674 2654; x_wconf 84' lang='lat' dir='ltr'><strong>Amen.</strong></span> 
     </span>
    </p>
   </div>
   <div class='ocr_carea' id='block_1_38' title="bbox 451 2687 2038 2758">
    <p class='ocr_par' dir='ltr' id='par_1_38' title="bbox 451 2687 2038 2758">
     <span class='ocr_line' id='line_1_38' title="bbox 451 2687 2038 2758; baseline 0.001 -16"><span class='ocrx_word' id='word_1_299' title='bbox 451 2689 522 2742; x_wconf 87' lang='lat' dir='ltr'><strong>Et</strong></span> <span class='ocrx_word' id='word_1_300' title='bbox 552 2693 678 2758; x_wconf 91' lang='lat' dir='ltr'><strong>post</strong></span> <span class='ocrx_word' id='word_1_301' title='bbox 707 2688 1008 2745; x_wconf 90' lang='lat' dir='ltr'><strong>lectionem</strong></span> <span class='ocrx_word' id='word_1_302' title='bbox 1042 2689 1243 2745; x_wconf 90' lang='lat' dir='ltr'><strong>Petrus</strong></span> <span class='ocrx_word' id='word_1_303' title='bbox 1271 2692 1327 2743; x_wconf 92' lang='lat' dir='ltr'><strong>et</strong></span> <span class='ocrx_word' id='word_1_304' title='bbox 1356 2689 1576 2758; x_wconf 91' lang='lat' dir='ltr'><strong>Petrus,</strong></span> <span class='ocrx_word' id='word_1_305' title='bbox 1617 2690 1730 2744; x_wconf 91' lang='lat' dir='ltr'><strong>Deo</strong></span> <span class='ocrx_word' id='word_1_306' title='bbox 1758 2687 2038 2744; x_wconf 87' lang='lat' dir='ltr'><strong>amabiles</strong></span> 
     </span>
    </p>
   </div>
   <div class='ocr_carea' id='block_1_39' title="bbox 383 2775 2036 2847">
    <p class='ocr_par' dir='ltr' id='par_1_39' title="bbox 383 2775 2036 2847">
     <span class='ocr_line' id='line_1_39' title="bbox 383 2775 2036 2847; baseline 0.002 -16"><span class='ocrx_word' id='word_1_307' title='bbox 383 2775 720 2847; x_wconf 77' lang='lat' dir='ltr'><strong>presbyteri,</strong></span> <span class='ocrx_word' id='word_1_308' title='bbox 784 2783 840 2832; x_wconf 90' lang='lat' dir='ltr'><strong>et</strong></span> <span class='ocrx_word' id='word_1_309' title='bbox 896 2777 1084 2833; x_wconf 91' lang='lat' dir='ltr'><strong>locum</strong></span> <span class='ocrx_word' id='word_1_310' title='bbox 1145 2781 1401 2832; x_wconf 90' lang='lat' dir='ltr'><strong>tenentes</strong></span> <span class='ocrx_word' id='word_1_311' title='bbox 1461 2776 1815 2832; x_wconf 88' lang='lat' dir='ltr'><strong>sanctissimi</strong></span> <span class='ocrx_word' id='word_1_312' title='bbox 1879 2791 2036 2847; x_wconf 86' lang='lat' dir='ltr'><strong>papa</strong></span> 
     </span>
    </p>
   </div>
   <div class='ocr_carea' id='block_1_40' title="bbox 379 2864 2030 2938">
    <p class='ocr_par' dir='ltr' id='par_1_40' title="bbox 379 2864 2030 2938">
     <span class='ocr_line' id='line_1_40' title="bbox 379 2864 2030 2938; baseline 0.002 -17"><span class='ocrx_word' id='word_1_313' title='bbox 379 2864 620 2922; x_wconf 84' lang='lat' dir='ltr'><strong>Adriani</strong></span> <span class='ocrx_word' id='word_1_314' title='bbox 665 2865 912 2922; x_wconf 87' lang='lat' dir='ltr'><strong>senioris</strong></span> <span class='ocrx_word' id='word_1_315' title='bbox 956 2866 1163 2937; x_wconf 83' lang='lat' dir='ltr'><strong>Roma,</strong></span> <span class='ocrx_word' id='word_1_316' title='bbox 1207 2866 1482 2924; x_wconf 85' lang='lat' dir='ltr'><strong>dixerunt</strong></span> <span class='ocrx_word' id='word_1_317' title='bbox 1519 2885 1532 2920; x_wconf 92' lang='lat'><strong>:</strong></span> <span class='ocrx_word' id='word_1_318' title='bbox 1570 2866 2030 2938; x_wconf 83' lang='lat' dir='ltr'><strong>Acquiescimus,</strong></span> 
     </span>
    </p>
   </div>
   <div class='ocr_carea' id='block_1_41' title="bbox 381 2954 2036 3046">
    <p class='ocr_par' dir='ltr' id='par_1_41' title="bbox 381 2954 2036 3046">
     <span class='ocr_line' id='line_1_41' title="bbox 381 2954 2036 3046; baseline 0.001 -34"><span class='ocrx_word' id='word_1_319' title='bbox 381 2955 519 3026; x_wconf 89' lang='lat' dir='ltr'><strong>quia</strong></span> <span class='ocrx_word' id='word_1_320' title='bbox 544 2955 857 3012; x_wconf 88' lang='lat' dir='ltr'><strong>secundum</strong></span> <span class='ocrx_word' id='word_1_321' title='bbox 893 2954 1082 3046; x_wconf 74' lang='lat' dir='ltr'><strong>fidem,</strong></span> <span class='ocrx_word' id='word_1_322' title='bbox 1121 2971 1290 3027; x_wconf 91' lang='lat' dir='ltr'><strong>quam</strong></span> <span class='ocrx_word' id='word_1_323' title='bbox 1323 2963 1472 3013; x_wconf 90' lang='lat' dir='ltr'><strong>recte</strong></span> <span class='ocrx_word' id='word_1_324' title='bbox 1495 2957 1768 3013; x_wconf 89' lang='lat' dir='ltr'><strong>Tarasius</strong></span> <span class='ocrx_word' id='word_1_325' title='bbox 1797 2959 2036 3014; x_wconf 87' lang='lat' dir='ltr'><strong>sanctis-</strong></span> 
     </span>
    </p>
   </div>
   <div class='ocr_carea' id='block_1_42' title="bbox 2156 1795 3771 1871">
    <p class='ocr_par' dir='ltr' id='par_1_42' title="bbox 2156 1795 3771 1871">
     <span class='ocr_line' id='line_1_42' title="bbox 2156 1795 3771 1871; baseline -0.002 -17"><span class='ocrx_word' id='word_1_326' title='bbox 2156 1799 2540 1869; x_wconf 89' lang='lat' dir='ltr'><strong>patriarcham</strong></span> <span class='ocrx_word' id='word_1_327' title='bbox 2588 1801 2884 1857; x_wconf 91' lang='lat' dir='ltr'><strong>consentio</strong></span> <span class='ocrx_word' id='word_1_328' title='bbox 2926 1807 2983 1856; x_wconf 91' lang='lat' dir='ltr'><strong>et</strong></span> <span class='ocrx_word' id='word_1_329' title='bbox 3035 1814 3335 1871; x_wconf 88' lang='lat' dir='ltr'><strong>permaneo</strong></span> <span class='ocrx_word' id='word_1_330' title='bbox 3368 1817 3383 1869; x_wconf 81' lang='lat'><strong>;</strong></span> <span class='ocrx_word' id='word_1_331' title='bbox 3416 1805 3472 1855; x_wconf 90' lang='lat' dir='ltr'><strong>et</strong></span> <span class='ocrx_word' id='word_1_332' title='bbox 3512 1813 3630 1870; x_wconf 84' lang='lat' dir='ltr'><strong>qua</strong></span> <span class='ocrx_word' id='word_1_333' title='bbox 3676 1795 3771 1867; x_wconf 89' lang='lat' dir='ltr'><strong>ipsi</strong></span> 
     </span>
    </p>
   </div>
   <div class='ocr_carea' id='block_1_43' title="bbox 2153 1874 3778 1961">
    <p class='ocr_par' dir='ltr' id='par_1_43' title="bbox 2153 1874 3778 1961">
     <span class='ocr_line' id='line_1_43' title="bbox 2153 1874 3778 1961; baseline -0.001 -18"><span class='ocrx_word' id='word_1_334' title='bbox 2153 1887 2400 1944; x_wconf 88' lang='lat' dir='ltr'><strong>confessi</strong></span> <span class='ocrx_word' id='word_1_335' title='bbox 2431 1874 2566 1945; x_wconf 83' lang='lat' dir='ltr'><strong>sunt</strong></span> <span class='ocrx_word' id='word_1_336' title='bbox 2597 1889 2842 1946; x_wconf 90' lang='lat' dir='ltr'><strong>admitto</strong></span> <span class='ocrx_word' id='word_1_337' title='bbox 2875 1905 3005 1947; x_wconf 89' lang='lat' dir='ltr'><strong>cum</strong></span> <span class='ocrx_word' id='word_1_338' title='bbox 3036 1890 3194 1947; x_wconf 92' lang='lat' dir='ltr'><strong>omni</strong></span> <span class='ocrx_word' id='word_1_339' title='bbox 3230 1889 3581 1961; x_wconf 85' lang='lat' dir='ltr'><strong>benignitate</strong></span> <span class='ocrx_word' id='word_1_340' title='bbox 3611 1892 3664 1943; x_wconf 91' lang='lat' dir='ltr'><strong>et</strong></span> <span class='ocrx_word' id='word_1_341' title='bbox 3684 1899 3778 1942; x_wconf 89' lang='lat' dir='ltr'><strong>vo—</strong></span> 
     </span>
    </p>
   </div>
   <div class='ocr_carea' id='block_1_44' title="bbox 2155 1975 3780 2051">
    <p class='ocr_par' dir='ltr' id='par_1_44' title="bbox 2155 1975 3780 2051">
     <span class='ocr_line' id='line_1_44' title="bbox 2155 1975 3780 2051; baseline -0.002 -17"><span class='ocrx_word' id='word_1_342' title='bbox 2155 1977 2374 2034; x_wconf 88' lang='lat' dir='ltr'><strong>luntate</strong></span> <span class='ocrx_word' id='word_1_343' title='bbox 2401 1997 2413 2032; x_wconf 91' lang='lat'><strong>:</strong></span> <span class='ocrx_word' id='word_1_344' title='bbox 2444 1984 2501 2034; x_wconf 91' lang='lat' dir='ltr'><strong>et</strong></span> <span class='ocrx_word' id='word_1_345' title='bbox 2544 1979 2646 2050; x_wconf 90' lang='lat' dir='ltr'><strong>qui</strong></span> <span class='ocrx_word' id='word_1_346' title='bbox 2687 1980 2769 2036; x_wconf 90' lang='lat' dir='ltr'><strong>ita</strong></span> <span class='ocrx_word' id='word_1_347' title='bbox 2811 1994 2924 2037; x_wconf 93' lang='lat' dir='ltr'><strong>non</strong></span> <span class='ocrx_word' id='word_1_348' title='bbox 2974 1981 3228 2051; x_wconf 89' lang='lat' dir='ltr'><strong>sapiunt,</strong></span> <span class='ocrx_word' id='word_1_349' title='bbox 3281 1977 3623 2034; x_wconf 87' lang='lat' dir='ltr'><strong>anathemati</strong></span> <span class='ocrx_word' id='word_1_350' title='bbox 3667 1975 3780 2032; x_wconf 89' lang='lat' dir='ltr'><strong>sub-</strong></span> 
     </span>
    </p>
   </div>
   <div class='ocr_carea' id='block_1_45' title="bbox 2156 2068 2918 2123">
    <p class='ocr_par' dir='ltr' id='par_1_45' title="bbox 2156 2068 2918 2123">
     <span class='ocr_line' id='line_1_45' title="bbox 2156 2068 2918 2123; baseline -0.004 0"><span class='ocrx_word' id='word_1_351' title='bbox 2156 2068 2341 2123; x_wconf 92' lang='lat' dir='ltr'><strong>mitto.</strong></span> <span class='ocrx_word' id='word_1_352' title='bbox 2912 2117 2918 2120; x_wconf 80' lang='lat'><strong>.</strong></span> 
     </span>
    </p>
   </div>
   <div class='ocr_carea' id='block_1_46' title="bbox 2223 2155 3777 2228">
    <p class='ocr_par' dir='ltr' id='par_1_46' title="bbox 2223 2155 3777 2228">
     <span class='ocr_line' id='line_1_46' title="bbox 2223 2155 3777 2228; baseline -0.003 -16"><span class='ocrx_word' id='word_1_353' title='bbox 2223 2157 2494 2214; x_wconf 88' lang='lat' dir='ltr'><strong>Nicolaus</strong></span> <span class='ocrx_word' id='word_1_354' title='bbox 2544 2159 2948 2214; x_wconf 88' lang='lat' dir='ltr'><strong>sanctissimus</strong></span> <span class='ocrx_word' id='word_1_355' title='bbox 3000 2159 3310 2228; x_wconf 89' lang='lat' dir='ltr'><strong>episcopus</strong></span> <span class='ocrx_word' id='word_1_356' title='bbox 3364 2156 3550 2228; x_wconf 89' lang='lat' dir='ltr'><strong>Cyzici</strong></span> <span class='ocrx_word' id='word_1_357' title='bbox 3606 2155 3777 2210; x_wconf 81' lang='lat' dir='ltr'><strong>dixit:</strong></span> 
     </span>
    </p>
   </div>
   <div class='ocr_carea' id='block_1_47' title="bbox 2153 2241 3780 2315">
    <p class='ocr_par' dir='ltr' id='par_1_47' title="bbox 2153 2241 3780 2315">
     <span class='ocr_line' id='line_1_47' title="bbox 2153 2241 3780 2315; baseline -0.002 -13"><span class='ocrx_word' id='word_1_358' title='bbox 2153 2247 2338 2302; x_wconf 88' lang='lat' dir='ltr'><strong>Lectis</strong></span> <span class='ocrx_word' id='word_1_359' title='bbox 2360 2247 2574 2303; x_wconf 90' lang='lat' dir='ltr'><strong>litteris</strong></span> <span class='ocrx_word' id='word_1_360' title='bbox 2595 2248 2946 2304; x_wconf 91' lang='lat' dir='ltr'><strong>sanctissimi</strong></span> <span class='ocrx_word' id='word_1_361' title='bbox 2963 2253 3020 2303; x_wconf 90' lang='lat' dir='ltr'><strong>et</strong></span> <span class='ocrx_word' id='word_1_362' title='bbox 3040 2247 3364 2303; x_wconf 89' lang='lat' dir='ltr'><strong>beatissimi</strong></span> <span class='ocrx_word' id='word_1_363' title='bbox 3387 2241 3780 2315; x_wconf 78' lang='lat' dir='ltr'><strong>archiepiscopi</strong></span> 
     </span>
    </p>
   </div>
   <div class='ocr_carea' id='block_1_48' title="bbox 2149 2333 3789 2404">
    <p class='ocr_par' dir='ltr' id='par_1_48' title="bbox 2149 2333 3789 2404">
     <span class='ocr_line' id='line_1_48' title="bbox 2149 2333 3789 2404; baseline -0.001 -16"><span class='ocrx_word' id='word_1_364' title='bbox 2149 2340 2207 2388; x_wconf 89' lang='lat' dir='ltr'><strong>et</strong></span> <span class='ocrx_word' id='word_1_365' title='bbox 2237 2337 2592 2404; x_wconf 85' lang='lat' dir='ltr'><strong>patriarcha,</strong></span> <span class='ocrx_word' id='word_1_366' title='bbox 2616 2342 2672 2392; x_wconf 91' lang='lat' dir='ltr'><strong>et</strong></span> <span class='ocrx_word' id='word_1_367' title='bbox 2695 2351 2725 2392; x_wconf 94' lang='lat' dir='ltr'><strong>e</strong></span> <span class='ocrx_word' id='word_1_368' title='bbox 2747 2337 2975 2392; x_wconf 88' lang='lat' dir='ltr'><strong>diverso</strong></span> <span class='ocrx_word' id='word_1_369' title='bbox 3007 2336 3202 2393; x_wconf 90' lang='lat' dir='ltr'><strong>missis</strong></span> <span class='ocrx_word' id='word_1_370' title='bbox 3231 2337 3306 2392; x_wconf 88' lang='lat' dir='ltr'><strong>ab</strong></span> <span class='ocrx_word' id='word_1_371' title='bbox 3335 2335 3592 2392; x_wconf 88' lang='lat' dir='ltr'><strong>Orientis</strong></span> <span class='ocrx_word' id='word_1_372' title='bbox 3619 2333 3789 2390; x_wconf 89' lang='lat' dir='ltr'><strong>ortho-</strong></span> 
     </span>
    </p>
   </div>
   <div class='ocr_carea' id='block_1_49' title="bbox 2148 2421 3786 2482">
    <p class='ocr_par' dir='ltr' id='par_1_49' title="bbox 2148 2421 3786 2482">
     <span class='ocr_line' id='line_1_49' title="bbox 2148 2421 3786 2482; baseline -0.003 -2"><span class='ocrx_word' id='word_1_373' title='bbox 2148 2424 2316 2480; x_wconf 90' lang='lat' dir='ltr'><strong>doxis</strong></span> <span class='ocrx_word' id='word_1_374' title='bbox 2372 2425 2616 2482; x_wconf 90' lang='lat' dir='ltr'><strong>summis</strong></span> <span class='ocrx_word' id='word_1_375' title='bbox 2677 2425 3072 2482; x_wconf 90' lang='lat' dir='ltr'><strong>sacerdotibus</strong></span> <span class='ocrx_word' id='word_1_376' title='bbox 3123 2425 3348 2482; x_wconf 89' lang='lat' dir='ltr'><strong>libellis</strong></span> <span class='ocrx_word' id='word_1_377' title='bbox 3396 2423 3684 2482; x_wconf 89' lang='lat' dir='ltr'><strong>consentio</strong></span> <span class='ocrx_word' id='word_1_378' title='bbox 3725 2421 3786 2476; x_wconf 86' lang='lat' dir='ltr'><strong>de</strong></span> 
     </span>
    </p>
   </div>
   <div class='ocr_carea' id='block_1_50' title="bbox 2148 2513 3790 2586">
    <p class='ocr_par' dir='ltr' id='par_1_50' title="bbox 2148 2513 3790 2586">
     <span class='ocr_line' id='line_1_50' title="bbox 2148 2513 3790 2586; baseline -0.005 -13"><span class='ocrx_word' id='word_1_379' title='bbox 2148 2515 2366 2573; x_wconf 86' lang='lat' dir='ltr'><strong>sanctis</strong></span> <span class='ocrx_word' id='word_1_380' title='bbox 2415 2529 2481 2570; x_wconf 90' lang='lat' dir='ltr'><strong>ac</strong></span> <span class='ocrx_word' id='word_1_381' title='bbox 2529 2513 2959 2578; x_wconf 87' lang='lat' dir='ltr'><strong>venerabilibus</strong></span> <span class='ocrx_word' id='word_1_382' title='bbox 3013 2513 3396 2586; x_wconf 88' lang='lat' dir='ltr'><strong>imaginibus,</strong></span> <span class='ocrx_word' id='word_1_383' title='bbox 3459 2520 3517 2570; x_wconf 91' lang='lat' dir='ltr'><strong>et</strong></span> <span class='ocrx_word' id='word_1_384' title='bbox 3559 2524 3790 2568; x_wconf 89' lang='lat' dir='ltr'><strong>commu-</strong></span> 
     </span>
    </p>
   </div>
   <div class='ocr_carea' id='block_1_51' title="bbox 2149 2601 3788 2674">
    <p class='ocr_par' dir='ltr' id='par_1_51' title="bbox 2149 2601 3788 2674">
     <span class='ocr_line' id='line_1_51' title="bbox 2149 2601 3788 2674; baseline -0.005 -13"><span class='ocrx_word' id='word_1_385' title='bbox 2149 2606 2376 2661; x_wconf 90' lang='lat' dir='ltr'><strong>nionem</strong></span> <span class='ocrx_word' id='word_1_386' title='bbox 2409 2617 2606 2659; x_wconf 89' lang='lat' dir='ltr'><strong>eorum</strong></span> <span class='ocrx_word' id='word_1_387' title='bbox 2647 2603 2900 2672; x_wconf 90' lang='lat' dir='ltr'><strong>recipio:</strong></span> <span class='ocrx_word' id='word_1_388' title='bbox 2927 2608 2984 2659; x_wconf 93' lang='lat' dir='ltr'><strong>et</strong></span> <span class='ocrx_word' id='word_1_389' title='bbox 3013 2617 3111 2660; x_wconf 91' lang='lat' dir='ltr'><strong>eos</strong></span> <span class='ocrx_word' id='word_1_390' title='bbox 3145 2602 3249 2674; x_wconf 89' lang='lat' dir='ltr'><strong>qui</strong></span> <span class='ocrx_word' id='word_1_391' title='bbox 3283 2603 3368 2660; x_wconf 89' lang='lat' dir='ltr'><strong>ita</strong></span> <span class='ocrx_word' id='word_1_392' title='bbox 3401 2616 3515 2658; x_wconf 90' lang='lat' dir='ltr'><strong>non</strong></span> <span class='ocrx_word' id='word_1_393' title='bbox 3551 2601 3788 2670; x_wconf 89' lang='lat' dir='ltr'><strong>sapiunt,</strong></span> 
     </span>
    </p>
   </div>
   <div class='ocr_carea' id='block_1_52' title="bbox 2146 2691 3601 2748">
    <p class='ocr_par' dir='ltr' id='par_1_52' title="bbox 2146 2691 3601 2748">
     <span class='ocr_line' id='line_1_52' title="bbox 2146 2691 3601 2748; baseline -0.003 0"><span class='ocrx_word' id='word_1_394' title='bbox 2146 2692 2494 2748; x_wconf 88' lang='lat' dir='ltr'><strong>anathemati</strong></span> <span class='ocrx_word' id='word_1_395' title='bbox 2535 2691 2882 2747; x_wconf 88' lang='lat' dir='ltr'><strong>transmitto.</strong></span> <span class='ocrx_word' id='word_1_396' title='bbox 3593 2693 3601 2702; x_wconf 90' lang='lat'><strong>&#39;</strong></span> 
     </span>
    </p>
   </div>
   <div class='ocr_carea' id='block_1_53' title="bbox 2217 2778 3794 2852">
    <p class='ocr_par' dir='ltr' id='par_1_53' title="bbox 2217 2778 3794 2852">
     <span class='ocr_line' id='line_1_53' title="bbox 2217 2778 3794 2852; baseline -0.004 -14"><span class='ocrx_word' id='word_1_397' title='bbox 2217 2781 2560 2852; x_wconf 87' lang='lat' dir='ltr'><strong>Euthymius</strong></span> <span class='ocrx_word' id='word_1_398' title='bbox 2577 2781 2980 2838; x_wconf 89' lang='lat' dir='ltr'><strong>sanctissimus</strong></span> <span class='ocrx_word' id='word_1_399' title='bbox 2994 2781 3306 2852; x_wconf 89' lang='lat' dir='ltr'><strong>episcopus</strong></span> <span class='ocrx_word' id='word_1_400' title='bbox 3322 2781 3527 2838; x_wconf 90' lang='lat' dir='ltr'><strong>Sardis</strong></span> <span class='ocrx_word' id='word_1_401' title='bbox 3543 2780 3714 2838; x_wconf 84' lang='lat' dir='ltr'><strong>dixit:</strong></span> <span class='ocrx_word' id='word_1_402' title='bbox 3730 2778 3794 2833; x_wconf 90' lang='lat' dir='ltr'><strong>Ut</strong></span> 
     </span>
    </p>
   </div>
   <div class='ocr_carea' id='block_1_54' title="bbox 2145 2866 3796 2940">
    <p class='ocr_par' dir='ltr' id='par_1_54' title="bbox 2145 2866 3796 2940">
     <span class='ocr_line' id='line_1_54' title="bbox 2145 2866 3796 2940; baseline -0.002 -15"><span class='ocrx_word' id='word_1_403' title='bbox 2145 2870 2205 2925; x_wconf 94' lang='lat' dir='ltr'><strong>in</strong></span> <span class='ocrx_word' id='word_1_404' title='bbox 2237 2869 2506 2926; x_wconf 91' lang='lat' dir='ltr'><strong>omnibus</strong></span> <span class='ocrx_word' id='word_1_405' title='bbox 2524 2870 2818 2926; x_wconf 89' lang='lat' dir='ltr'><strong>veritatem</strong></span> <span class='ocrx_word' id='word_1_406' title='bbox 2845 2874 3168 2940; x_wconf 83' lang='lat' dir='ltr'><strong>exsecutus,</strong></span> <span class='ocrx_word' id='word_1_407' title='bbox 3201 2875 3260 2926; x_wconf 89' lang='lat' dir='ltr'><strong>et</strong></span> <span class='ocrx_word' id='word_1_408' title='bbox 3292 2871 3356 2926; x_wconf 93' lang='lat' dir='ltr'><strong>in</strong></span> <span class='ocrx_word' id='word_1_409' title='bbox 3392 2866 3796 2926; x_wconf 90' lang='lat' dir='ltr'><strong>traditionibus</strong></span> 
     </span>
    </p>
   </div>
   <div class='ocr_carea' id='block_1_55' title="bbox 2143 2959 3794 3029">
    <p class='ocr_par' dir='ltr' id='par_1_55' title="bbox 2143 2959 3794 3029">
     <span class='ocr_line' id='line_1_55' title="bbox 2143 2959 3794 3029; baseline -0.002 -15"><span class='ocrx_word' id='word_1_410' title='bbox 2143 2959 2665 3015; x_wconf 88' lang='lat' dir='ltr'><strong>sacratissimorum</strong></span> <span class='ocrx_word' id='word_1_411' title='bbox 2703 2959 3108 3029; x_wconf 84' lang='lat' dir='ltr'><strong>Apostolorum</strong></span> <span class='ocrx_word' id='word_1_412' title='bbox 3139 2964 3196 3014; x_wconf 90' lang='lat' dir='ltr'><strong>et</strong></span> <span class='ocrx_word' id='word_1_413' title='bbox 3225 2961 3471 3017; x_wconf 91' lang='lat' dir='ltr'><strong>Patrum</strong></span> <span class='ocrx_word' id='word_1_414' title='bbox 3512 2959 3794 3026; x_wconf 85' lang='lat' dir='ltr'><strong>educatus,</strong></span> 
     </span>
    </p>
   </div>
   <div class='ocr_carea' id='block_1_56' title="bbox 381 3045 3800 3119">
    <p class='ocr_par' dir='ltr' id='par_1_56' title="bbox 381 3045 3800 3119">
     <span class='ocr_line' id='line_1_56' title="bbox 381 3045 3800 3119; baseline -0.001 -17"><span class='ocrx_word' id='word_1_415' title='bbox 381 3045 568 3102; x_wconf 84' lang='lat' dir='ltr'><strong>simus</strong></span> <span class='ocrx_word' id='word_1_416' title='bbox 599 3050 656 3102; x_wconf 85' lang='lat' dir='ltr'><strong>et</strong></span> <span class='ocrx_word' id='word_1_417' title='bbox 683 3045 1054 3103; x_wconf 87' lang='lat' dir='ltr'><strong>beatissimus</strong></span> <span class='ocrx_word' id='word_1_418' title='bbox 1094 3046 1422 3116; x_wconf 87' lang='lat' dir='ltr'><strong>patriarcha</strong></span> <span class='ocrx_word' id='word_1_419' title='bbox 1459 3046 2034 3116; x_wconf 88' lang='lat' dir='ltr'><strong>Constantinopoleos</strong></span> <span class='ocrx_word' id='word_1_420' title='bbox 2061 3056 2111 3118; x_wconf 75' lang='grc' dir='ltr'><strong>ρ,</strong></span> <span class='ocrx_word' id='word_1_421' title='bbox 2143 3048 2439 3104; x_wconf 89' lang='lat' dir='ltr'><strong>consentio</strong></span> <span class='ocrx_word' id='word_1_422' title='bbox 2477 3047 2650 3104; x_wconf 84' lang='lat' dir='ltr'><strong>etiam</strong></span> <span class='ocrx_word' id='word_1_423' title='bbox 2683 3048 2775 3104; x_wconf 91' lang='lat' dir='ltr'><strong>his</strong></span> <span class='ocrx_word' id='word_1_424' title='bbox 2804 3047 3239 3104; x_wconf 86' lang='lat' dir='ltr'><strong>exarationibus</strong></span> <span class='ocrx_word' id='word_1_425' title='bbox 3277 3063 3412 3119; x_wconf 87' lang='lat' dir='ltr'><strong>qua</strong></span> <span class='ocrx_word' id='word_1_426' title='bbox 3445 3047 3614 3105; x_wconf 89' lang='lat' dir='ltr'><strong>modo</strong></span> <span class='ocrx_word' id='word_1_427' title='bbox 3654 3045 3800 3102; x_wconf 78' lang='lat' dir='ltr'><strong>lecta</strong></span> 
     </span>
    </p>
   </div>
   <div class='ocr_carea' id='block_1_57' title="bbox 379 3134 2032 3208">
    <p class='ocr_par' dir='ltr' id='par_1_57' title="bbox 379 3134 2032 3208">
     <span class='ocr_line' id='line_1_57' title="bbox 379 3134 2032 3208; baseline 0.001 -17"><span class='ocrx_word' id='word_1_428' title='bbox 379 3139 468 3192; x_wconf 89' lang='lat' dir='ltr'><strong>est</strong></span> <span class='ocrx_word' id='word_1_429' title='bbox 494 3134 809 3208; x_wconf 85' lang='lat' dir='ltr'><strong>confessus,</strong></span> <span class='ocrx_word' id='word_1_430' title='bbox 841 3139 899 3192; x_wconf 88' lang='lat' dir='ltr'><strong>et</strong></span> <span class='ocrx_word' id='word_1_431' title='bbox 925 3135 1278 3205; x_wconf 88' lang='lat' dir='ltr'><strong>apostolicus</strong></span> <span class='ocrx_word' id='word_1_432' title='bbox 1319 3149 1462 3206; x_wconf 91' lang='lat' dir='ltr'><strong>papa</strong></span> <span class='ocrx_word' id='word_1_433' title='bbox 1508 3141 1702 3192; x_wconf 91' lang='lat' dir='ltr'><strong>noster</strong></span> <span class='ocrx_word' id='word_1_434' title='bbox 1741 3135 2032 3192; x_wconf 86' lang='lat' dir='ltr'><strong>Adrianus</strong></span> 
     </span>
    </p>
   </div>
   <div class='ocr_carea' id='block_1_58' title="bbox 379 3225 2031 3297">
    <p class='ocr_par' dir='ltr' id='par_1_58' title="bbox 379 3225 2031 3297">
     <span class='ocr_line' id='line_1_58' title="bbox 379 3225 2031 3297; baseline 0.001 -16"><span class='ocrx_word' id='word_1_435' title='bbox 379 3225 702 3296; x_wconf 88' lang='lat' dir='ltr'><strong>suscipiens</strong></span> <span class='ocrx_word' id='word_1_436' title='bbox 733 3239 845 3282; x_wconf 92' lang='lat' dir='ltr'><strong>una</strong></span> <span class='ocrx_word' id='word_1_437' title='bbox 873 3240 1002 3282; x_wconf 92' lang='lat' dir='ltr'><strong>cum</strong></span> <span class='ocrx_word' id='word_1_438' title='bbox 1042 3225 1356 3282; x_wconf 88' lang='lat' dir='ltr'><strong>venerabili</strong></span> <span class='ocrx_word' id='word_1_439' title='bbox 1399 3231 1595 3282; x_wconf 88' lang='lat' dir='ltr'><strong>sancta</strong></span> <span class='ocrx_word' id='word_1_440' title='bbox 1631 3227 1872 3296; x_wconf 85' lang='lat' dir='ltr'><strong>synodo,</strong></span> <span class='ocrx_word' id='word_1_441' title='bbox 1907 3241 2031 3297; x_wconf 85' lang='lat' dir='ltr'><strong>qua</strong></span> 
     </span>
    </p>
   </div>
   <div class='ocr_carea' id='block_1_59' title="bbox 375 3313 2033 3386">
    <p class='ocr_par' dir='ltr' id='par_1_59' title="bbox 375 3313 2033 3386">
     <span class='ocr_line' id='line_1_59' title="bbox 375 3313 2033 3386; baseline 0.001 -17"><span class='ocrx_word' id='word_1_442' title='bbox 375 3314 526 3384; x_wconf 88' lang='lat' dir='ltr'><strong>apud</strong></span> <span class='ocrx_word' id='word_1_443' title='bbox 561 3313 750 3384; x_wconf 91' lang='lat' dir='ltr'><strong>ipsum</strong></span> <span class='ocrx_word' id='word_1_444' title='bbox 780 3318 884 3386; x_wconf 89' lang='lat' dir='ltr'><strong>est,</strong></span> <span class='ocrx_word' id='word_1_445' title='bbox 923 3315 1228 3386; x_wconf 89' lang='lat' dir='ltr'><strong>consentit,</strong></span> <span class='ocrx_word' id='word_1_446' title='bbox 1263 3317 1320 3371; x_wconf 91' lang='lat' dir='ltr'><strong>et</strong></span> <span class='ocrx_word' id='word_1_447' title='bbox 1353 3329 1550 3371; x_wconf 92' lang='lat' dir='ltr'><strong>eorum</strong></span> <span class='ocrx_word' id='word_1_448' title='bbox 1588 3329 1716 3385; x_wconf 86' lang='lat' dir='ltr'><strong>qua</strong></span> <span class='ocrx_word' id='word_1_449' title='bbox 1759 3314 1858 3370; x_wconf 91' lang='lat' dir='ltr'><strong>ille</strong></span> <span class='ocrx_word' id='word_1_450' title='bbox 1886 3329 2033 3370; x_wconf 89' lang='lat' dir='ltr'><strong>con-</strong></span> 
     </span>
    </p>
   </div>
   <div class='ocr_carea' id='block_1_60' title="bbox 374 3398 2032 3473">
    <p class='ocr_par' dir='ltr' id='par_1_60' title="bbox 374 3398 2032 3473">
     <span class='ocr_line' id='line_1_60' title="bbox 374 3398 2032 3473; baseline 0.001 -17"><span class='ocrx_word' id='word_1_451' title='bbox 374 3398 562 3458; x_wconf 84' lang='lat' dir='ltr'><strong>fessus</strong></span> <span class='ocrx_word' id='word_1_452' title='bbox 586 3399 794 3471; x_wconf 86' lang='lat' dir='ltr'><strong>fuerat,</strong></span> <span class='ocrx_word' id='word_1_453' title='bbox 825 3402 1285 3459; x_wconf 89' lang='lat' dir='ltr'><strong>communionem</strong></span> <span class='ocrx_word' id='word_1_454' title='bbox 1315 3403 1615 3473; x_wconf 88' lang='lat' dir='ltr'><strong>amplexus</strong></span> <span class='ocrx_word' id='word_1_455' title='bbox 1637 3407 1742 3459; x_wconf 91' lang='lat' dir='ltr'><strong>est.</strong></span> <span class='ocrx_word' id='word_1_456' title='bbox 1777 3404 1842 3458; x_wconf 87' lang='lat' dir='ltr'><strong>Et</strong></span> <span class='ocrx_word' id='word_1_457' title='bbox 1871 3401 2032 3458; x_wconf 88' lang='lat' dir='ltr'><strong>bene-</strong></span> 
     </span>
    </p>
   </div>
   <div class='ocr_carea' id='block_1_61' title="bbox 372 3490 2032 3562">
    <p class='ocr_par' dir='ltr' id='par_1_61' title="bbox 372 3490 2032 3562">
     <span class='ocr_line' id='line_1_61' title="bbox 372 3490 2032 3562; baseline -0.001 -16"><span class='ocrx_word' id='word_1_458' title='bbox 372 3490 566 3547; x_wconf 88' lang='lat' dir='ltr'><strong>dictus</strong></span> <span class='ocrx_word' id='word_1_459' title='bbox 585 3491 759 3562; x_wconf 90' lang='lat' dir='ltr'><strong>Deus,</strong></span> <span class='ocrx_word' id='word_1_460' title='bbox 787 3491 924 3562; x_wconf 88' lang='lat' dir='ltr'><strong>quia</strong></span> <span class='ocrx_word' id='word_1_461' title='bbox 953 3491 1211 3548; x_wconf 89' lang='lat' dir='ltr'><strong>Orientis</strong></span> <span class='ocrx_word' id='word_1_462' title='bbox 1231 3491 1584 3547; x_wconf 90' lang='lat' dir='ltr'><strong>sanctissimi</strong></span> <span class='ocrx_word' id='word_1_463' title='bbox 1617 3491 1828 3547; x_wconf 90' lang='lat' dir='ltr'><strong>summi</strong></span> <span class='ocrx_word' id='word_1_464' title='bbox 1851 3505 2032 3546; x_wconf 91' lang='lat' dir='ltr'><strong>sacer-</strong></span> 
     </span>
    </p>
   </div>
   <div class='ocr_carea' id='block_1_62' title="bbox 372 3579 2029 3636">
    <p class='ocr_par' dir='ltr' id='par_1_62' title="bbox 372 3579 2029 3636">
     <span class='ocr_line' id='line_1_62' title="bbox 372 3579 2029 3636; baseline 0 0"><span class='ocrx_word' id='word_1_465' title='bbox 372 3579 536 3636; x_wconf 87' lang='lat' dir='ltr'><strong>dotes</strong></span> <span class='ocrx_word' id='word_1_466' title='bbox 588 3580 898 3636; x_wconf 89' lang='lat' dir='ltr'><strong>concordes</strong></span> <span class='ocrx_word' id='word_1_467' title='bbox 946 3579 1004 3633; x_wconf 94' lang='lat' dir='ltr'><strong>in</strong></span> <span class='ocrx_word' id='word_1_468' title='bbox 1059 3579 1376 3634; x_wconf 83' lang='lat' dir='ltr'><strong>orthodoxa</strong></span> <span class='ocrx_word' id='word_1_469' title='bbox 1430 3579 1538 3634; x_wconf 88' lang='lat' dir='ltr'><strong>fide</strong></span> <span class='ocrx_word' id='word_1_470' title='bbox 1589 3583 1646 3634; x_wconf 91' lang='lat' dir='ltr'><strong>et</strong></span> <span class='ocrx_word' id='word_1_471' title='bbox 1691 3580 2029 3636; x_wconf 88' lang='lat' dir='ltr'><strong>adoratione</strong></span> 
     </span>
    </p>
   </div>
   <div class='ocr_carea' id='block_1_63' title="bbox 373 3667 2028 3738">
    <p class='ocr_par' dir='ltr' id='par_1_63' title="bbox 373 3667 2028 3738">
     <span class='ocr_line' id='line_1_63' title="bbox 373 3667 2028 3738; baseline 0.001 -16"><span class='ocrx_word' id='word_1_472' title='bbox 373 3667 788 3724; x_wconf 86' lang='lat' dir='ltr'><strong>venerabilium</strong></span> <span class='ocrx_word' id='word_1_473' title='bbox 821 3667 1139 3737; x_wconf 89' lang='lat' dir='ltr'><strong>imaginum</strong></span> <span class='ocrx_word' id='word_1_474' title='bbox 1171 3667 1560 3722; x_wconf 88' lang='lat' dir='ltr'><strong>sanctissimis</strong></span> <span class='ocrx_word' id='word_1_475' title='bbox 1587 3667 1840 3724; x_wconf 86' lang='lat' dir='ltr'><strong>Adriano</strong></span> <span class='ocrx_word' id='word_1_476' title='bbox 1871 3682 2028 3738; x_wconf 88' lang='lat' dir='ltr'><strong>papa</strong></span> 
     </span>
    </p>
   </div>
   <div class='ocr_carea' id='block_1_64' title="bbox 375 3755 2024 3829">
    <p class='ocr_par' dir='ltr' id='par_1_64' title="bbox 375 3755 2024 3829">
     <span class='ocr_line' id='line_1_64' title="bbox 375 3755 2024 3829; baseline 0 -17"><span class='ocrx_word' id='word_1_477' title='bbox 375 3757 549 3812; x_wconf 85' lang='lat' dir='ltr'><strong>Roma</strong></span> <span class='ocrx_word' id='word_1_478' title='bbox 593 3769 670 3824; x_wconf 90' lang='lat' dir='ltr'><strong>o,</strong></span> <span class='ocrx_word' id='word_1_479' title='bbox 705 3761 762 3812; x_wconf 92' lang='lat' dir='ltr'><strong>et</strong></span> <span class='ocrx_word' id='word_1_480' title='bbox 829 3755 1062 3811; x_wconf 88' lang='lat' dir='ltr'><strong>Tarasio</strong></span> <span class='ocrx_word' id='word_1_481' title='bbox 1138 3755 1478 3824; x_wconf 84' lang='lat' dir='ltr'><strong>patriarcha</strong></span> <span class='ocrx_word' id='word_1_482' title='bbox 1557 3769 1714 3811; x_wconf 89' lang='lat' dir='ltr'><strong>nova</strong></span> <span class='ocrx_word' id='word_1_483' title='bbox 1785 3757 1975 3812; x_wconf 86' lang='lat' dir='ltr'><strong>Roma</strong></span> <span class='ocrx_word' id='word_1_484' title='bbox 2009 3800 2024 3829; x_wconf 91' lang='lat'><strong>,</strong></span> 
     </span>
    </p>
   </div>
   <div class='ocr_carea' id='block_1_65' title="bbox 379 3843 2028 3914">
    <p class='ocr_par' dir='ltr' id='par_1_65' title="bbox 379 3843 2028 3914">
     <span class='ocr_line' id='line_1_65' title="bbox 379 3843 2028 3914; baseline 0.002 -16"><span class='ocrx_word' id='word_1_485' title='bbox 379 3843 598 3899; x_wconf 90' lang='lat' dir='ltr'><strong>inventi</strong></span> <span class='ocrx_word' id='word_1_486' title='bbox 641 3847 814 3899; x_wconf 90' lang='lat' dir='ltr'><strong>sunt:</strong></span> <span class='ocrx_word' id='word_1_487' title='bbox 841 3849 897 3899; x_wconf 91' lang='lat' dir='ltr'><strong>et</strong></span> <span class='ocrx_word' id='word_1_488' title='bbox 926 3843 1027 3913; x_wconf 92' lang='lat' dir='ltr'><strong>qui</strong></span> <span class='ocrx_word' id='word_1_489' title='bbox 1062 3843 1140 3898; x_wconf 90' lang='lat' dir='ltr'><strong>ita</strong></span> <span class='ocrx_word' id='word_1_490' title='bbox 1174 3856 1287 3900; x_wconf 92' lang='lat' dir='ltr'><strong>non</strong></span> <span class='ocrx_word' id='word_1_491' title='bbox 1318 3844 1686 3914; x_wconf 84' lang='lat' dir='ltr'><strong>conﬁtentur,</strong></span> <span class='ocrx_word' id='word_1_492' title='bbox 1728 3845 2028 3901; x_wconf 87' lang='lat' dir='ltr'><strong>anathema</strong></span> 
     </span>
    </p>
   </div>
   <div class='ocr_carea' id='block_1_66' title="bbox 375 3931 2025 4005">
    <p class='ocr_par' dir='ltr' id='par_1_66' title="bbox 375 3931 2025 4005">
     <span class='ocr_line' id='line_1_66' title="bbox 375 3931 2025 4005; baseline 0.002 -19"><span class='ocrx_word' id='word_1_493' title='bbox 375 3931 547 3987; x_wconf 90' lang='lat' dir='ltr'><strong>sinta</strong></span> <span class='ocrx_word' id='word_1_494' title='bbox 571 3931 788 3986; x_wconf 90' lang='lat' dir='ltr'><strong>sanctis</strong></span> <span class='ocrx_word' id='word_1_495' title='bbox 825 3931 1098 3988; x_wconf 86' lang='lat' dir='ltr'><strong>trecentis</strong></span> <span class='ocrx_word' id='word_1_496' title='bbox 1137 3931 1330 3988; x_wconf 90' lang='lat' dir='ltr'><strong>decem</strong></span> <span class='ocrx_word' id='word_1_497' title='bbox 1361 3936 1419 3987; x_wconf 91' lang='lat' dir='ltr'><strong>et</strong></span> <span class='ocrx_word' id='word_1_498' title='bbox 1446 3937 1572 3988; x_wconf 90' lang='lat' dir='ltr'><strong>octo</strong></span> <span class='ocrx_word' id='word_1_499' title='bbox 1603 3933 1890 4005; x_wconf 91' lang='lat' dir='ltr'><strong>Patribus,</strong></span> <span class='ocrx_word' id='word_1_500' title='bbox 1925 3934 2025 4004; x_wconf 89' lang='lat' dir='ltr'><strong>qui</strong></span> 
     </span>
    </p>
   </div>
   <div class='ocr_carea' id='block_1_67' title="bbox 378 4019 1097 4076">
    <p class='ocr_par' dir='ltr' id='par_1_67' title="bbox 378 4019 1097 4076">
     <span class='ocr_line' id='line_1_67' title="bbox 378 4019 1097 4076; baseline 0 -2"><span class='ocrx_word' id='word_1_501' title='bbox 378 4019 473 4075; x_wconf 90' lang='lat' dir='ltr'><strong>hic</strong></span> <span class='ocrx_word' id='word_1_502' title='bbox 510 4023 640 4074; x_wconf 89' lang='lat' dir='ltr'><strong>ante</strong></span> <span class='ocrx_word' id='word_1_503' title='bbox 673 4019 897 4075; x_wconf 90' lang='lat' dir='ltr'><strong>collecti</strong></span> <span class='ocrx_word' id='word_1_504' title='bbox 943 4025 1097 4076; x_wconf 86' lang='lat' dir='ltr'><strong>sunt.</strong></span> 
     </span>
    </p>
   </div>
   <div class='ocr_carea' id='block_1_68' title="bbox 444 4109 1630 4182">
    <p class='ocr_par' dir='ltr' id='par_1_68' title="bbox 444 4109 1630 4182">
     <span class='ocr_line' id='line_1_68' title="bbox 444 4109 1630 4182; baseline 0.001 -19"><span class='ocrx_word' id='word_1_505' title='bbox 444 4109 647 4163; x_wconf 89' lang='lat' dir='ltr'><strong>Sancta</strong></span> <span class='ocrx_word' id='word_1_506' title='bbox 675 4109 927 4179; x_wconf 89' lang='lat' dir='ltr'><strong>synodus</strong></span> <span class='ocrx_word' id='word_1_507' title='bbox 960 4109 1318 4179; x_wconf 81' lang='lat' dir='ltr'><strong>dixitzFiat,</strong></span> <span class='ocrx_word' id='word_1_508' title='bbox 1358 4109 1473 4182; x_wconf 87' lang='lat' dir='ltr'><strong>fiat,</strong></span> <span class='ocrx_word' id='word_1_509' title='bbox 1514 4110 1630 4166; x_wconf 85' lang='lat' dir='ltr'><strong>ﬁat.</strong></span> 
     </span>
    </p>
   </div>
   <div class='ocr_carea' id='block_1_69' title="bbox 444 4196 2019 4269">
    <p class='ocr_par' dir='ltr' id='par_1_69' title="bbox 444 4196 2019 4269">
     <span class='ocr_line' id='line_1_69' title="bbox 444 4196 2019 4269; baseline 0.001 -17"><span class='ocrx_word' id='word_1_510' title='bbox 444 4196 700 4269; x_wconf 82' lang='lat' dir='ltr'><strong>Agapius</strong></span> <span class='ocrx_word' id='word_1_511' title='bbox 739 4197 1142 4254; x_wconf 84' lang='lat' dir='ltr'><strong>sanctissimus</strong></span> <span class='ocrx_word' id='word_1_512' title='bbox 1179 4199 1484 4269; x_wconf 89' lang='lat' dir='ltr'><strong>episcopus</strong></span> <span class='ocrx_word' id='word_1_513' title='bbox 1521 4201 1786 4258; x_wconf 86' lang='lat' dir='ltr'><strong>Casarea</strong></span> <span class='ocrx_word' id='word_1_514' title='bbox 1831 4199 2019 4255; x_wconf 87' lang='lat' dir='ltr'><strong>dixit:</strong></span> 
     </span>
    </p>
   </div>
   <div class='ocr_carea' id='block_1_70' title="bbox 373 4285 2028 4358">
    <p class='ocr_par' dir='ltr' id='par_1_70' title="bbox 373 4285 2028 4358">
     <span class='ocr_line' id='line_1_70' title="bbox 373 4285 2028 4358; baseline 0.002 -18"><span class='ocrx_word' id='word_1_515' title='bbox 373 4285 688 4342; x_wconf 90' lang='lat' dir='ltr'><strong>Destinatis</strong></span> <span class='ocrx_word' id='word_1_516' title='bbox 697 4285 768 4342; x_wconf 91' lang='lat' dir='ltr'><strong>ab</strong></span> <span class='ocrx_word' id='word_1_517' title='bbox 779 4286 1036 4343; x_wconf 88' lang='lat' dir='ltr'><strong>Orientis</strong></span> <span class='ocrx_word' id='word_1_518' title='bbox 1051 4287 1436 4343; x_wconf 87' lang='lat' dir='ltr'><strong>sanctissimis</strong></span> <span class='ocrx_word' id='word_1_519' title='bbox 1456 4288 1828 4358; x_wconf 83' lang='lat' dir='ltr'><strong>pontificibus</strong></span> <span class='ocrx_word' id='word_1_520' title='bbox 1843 4303 2028 4344; x_wconf 90' lang='lat' dir='ltr'><strong>sacra-</strong></span> 
     </span>
    </p>
   </div>
   <div class='ocr_carea' id='block_1_71' title="bbox 2141 3132 3800 3208">
    <p class='ocr_par' dir='ltr' id='par_1_71' title="bbox 2141 3132 3800 3208">
     <span class='ocr_line' id='line_1_71' title="bbox 2141 3132 3800 3208; baseline -0.003 -16"><span class='ocrx_word' id='word_1_521' title='bbox 2141 3142 2296 3208; x_wconf 88' lang='lat' dir='ltr'><strong>sunt,</strong></span> <span class='ocrx_word' id='word_1_522' title='bbox 2333 3141 2443 3192; x_wconf 89' lang='lat' dir='ltr'><strong>tam</strong></span> <span class='ocrx_word' id='word_1_523' title='bbox 2477 3136 2702 3193; x_wconf 90' lang='lat' dir='ltr'><strong>scilicet</strong></span> <span class='ocrx_word' id='word_1_524' title='bbox 2729 3137 2949 3193; x_wconf 90' lang='lat' dir='ltr'><strong>Tarasii</strong></span> <span class='ocrx_word' id='word_1_525' title='bbox 2981 3136 3350 3193; x_wconf 89' lang='lat' dir='ltr'><strong>sanctissimi</strong></span> <span class='ocrx_word' id='word_1_526' title='bbox 3383 3152 3454 3194; x_wconf 91' lang='lat' dir='ltr'><strong>ac</strong></span> <span class='ocrx_word' id='word_1_527' title='bbox 3485 3132 3800 3192; x_wconf 90' lang='lat' dir='ltr'><strong>beatissimi</strong></span> 
     </span>
    </p>
   </div>
   <div class='ocr_carea' id='block_1_72' title="bbox 2138 3222 3804 3300">
    <p class='ocr_par' dir='ltr' id='par_1_72' title="bbox 2138 3222 3804 3300">
     <span class='ocr_line' id='line_1_72' title="bbox 2138 3222 3804 3300; baseline -0.005 -15"><span class='ocrx_word' id='word_1_528' title='bbox 2138 3226 2559 3296; x_wconf 87' lang='lat' dir='ltr'><strong>archiepiscopi</strong></span> <span class='ocrx_word' id='word_1_529' title='bbox 2590 3230 2646 3282; x_wconf 94' lang='lat' dir='ltr'><strong>et</strong></span> <span class='ocrx_word' id='word_1_530' title='bbox 2677 3225 3036 3296; x_wconf 89' lang='lat' dir='ltr'><strong>patriarcha,</strong></span> <span class='ocrx_word' id='word_1_531' title='bbox 3083 3239 3254 3297; x_wconf 89' lang='lat' dir='ltr'><strong>quam</strong></span> <span class='ocrx_word' id='word_1_532' title='bbox 3295 3226 3398 3282; x_wconf 91' lang='lat' dir='ltr'><strong>his</strong></span> <span class='ocrx_word' id='word_1_533' title='bbox 3437 3240 3570 3300; x_wconf 88' lang='lat' dir='ltr'><strong>qua</strong></span> <span class='ocrx_word' id='word_1_534' title='bbox 3607 3223 3677 3279; x_wconf 90' lang='lat' dir='ltr'><strong>ad</strong></span> <span class='ocrx_word' id='word_1_535' title='bbox 3709 3222 3804 3277; x_wconf 90' lang='lat' dir='ltr'><strong>has</strong></span> 
     </span>
    </p>
   </div>
   <div class='ocr_carea' id='block_1_73' title="bbox 2141 3315 3808 3385">
    <p class='ocr_par' dir='ltr' id='par_1_73' title="bbox 2141 3315 3808 3385">
     <span class='ocr_line' id='line_1_73' title="bbox 2141 3315 3808 3385; baseline -0.005 -13"><span class='ocrx_word' id='word_1_536' title='bbox 2141 3317 2330 3373; x_wconf 87' lang='lat' dir='ltr'><strong>missa</strong></span> <span class='ocrx_word' id='word_1_537' title='bbox 2355 3320 2491 3371; x_wconf 89' lang='lat' dir='ltr'><strong>sunt</strong></span> <span class='ocrx_word' id='word_1_538' title='bbox 2513 3315 2585 3372; x_wconf 90' lang='lat' dir='ltr'><strong>ab</strong></span> <span class='ocrx_word' id='word_1_539' title='bbox 2609 3315 3002 3372; x_wconf 86' lang='lat' dir='ltr'><strong>Orientalibus</strong></span> <span class='ocrx_word' id='word_1_540' title='bbox 3028 3315 3392 3385; x_wconf 89' lang='lat' dir='ltr'><strong>patriarchis</strong></span> <span class='ocrx_word' id='word_1_541' title='bbox 3413 3334 3426 3370; x_wconf 90' lang='lat'><strong>:</strong></span> <span class='ocrx_word' id='word_1_542' title='bbox 3449 3319 3510 3372; x_wconf 90' lang='lat' dir='ltr'><strong>et</strong></span> <span class='ocrx_word' id='word_1_543' title='bbox 3533 3326 3730 3370; x_wconf 88' lang='lat' dir='ltr'><strong>eorum</strong></span> <span class='ocrx_word' id='word_1_544' title='bbox 3749 3323 3808 3365; x_wconf 89' lang='lat' dir='ltr'><strong>ac</strong></span> 
     </span>
    </p>
   </div>
   <div class='ocr_carea' id='block_1_74' title="bbox 2141 3398 3804 3476">
    <p class='ocr_par' dir='ltr' id='par_1_74' title="bbox 2141 3398 3804 3476">
     <span class='ocr_line' id='line_1_74' title="bbox 2141 3398 3804 3476; baseline -0.005 -15"><span class='ocrx_word' id='word_1_545' title='bbox 2141 3419 2328 3461; x_wconf 91' lang='lat' dir='ltr'><strong>meum</strong></span> <span class='ocrx_word' id='word_1_546' title='bbox 2373 3418 2603 3460; x_wconf 91' lang='lat' dir='ltr'><strong>sensum</strong></span> <span class='ocrx_word' id='word_1_547' title='bbox 2645 3417 2817 3474; x_wconf 89' lang='lat' dir='ltr'><strong>super</strong></span> <span class='ocrx_word' id='word_1_548' title='bbox 2854 3403 3037 3460; x_wconf 91' lang='lat' dir='ltr'><strong>sacris</strong></span> <span class='ocrx_word' id='word_1_549' title='bbox 3077 3404 3466 3476; x_wconf 88' lang='lat' dir='ltr'><strong>dogmatibus</strong></span> <span class='ocrx_word' id='word_1_550' title='bbox 3496 3407 3555 3460; x_wconf 91' lang='lat' dir='ltr'><strong>et</strong></span> <span class='ocrx_word' id='word_1_551' title='bbox 3599 3398 3804 3459; x_wconf 87' lang='lat' dir='ltr'><strong>sanctis</strong></span> 
     </span>
    </p>
   </div>
   <div class='ocr_carea' id='block_1_75' title="bbox 2141 3491 3812 3550">
    <p class='ocr_par' dir='ltr' id='par_1_75' title="bbox 2141 3491 3812 3550">
     <span class='ocr_line' id='line_1_75' title="bbox 2141 3491 3812 3550; baseline -0.004 -2"><span class='ocrx_word' id='word_1_552' title='bbox 2141 3493 2326 3550; x_wconf 92' lang='lat' dir='ltr'><strong>iconis</strong></span> <span class='ocrx_word' id='word_1_553' title='bbox 2379 3506 2558 3548; x_wconf 88' lang='lat' dir='ltr'><strong>unum</strong></span> <span class='ocrx_word' id='word_1_554' title='bbox 2601 3497 2658 3547; x_wconf 90' lang='lat' dir='ltr'><strong>et</strong></span> <span class='ocrx_word' id='word_1_555' title='bbox 2705 3491 3122 3548; x_wconf 86' lang='lat' dir='ltr'><strong>immutabilem</strong></span> <span class='ocrx_word' id='word_1_556' title='bbox 3168 3492 3506 3549; x_wconf 88' lang='lat' dir='ltr'><strong>existimo:</strong></span> <span class='ocrx_word' id='word_1_557' title='bbox 3545 3506 3645 3548; x_wconf 91' lang='lat' dir='ltr'><strong>eos</strong></span> <span class='ocrx_word' id='word_1_558' title='bbox 3690 3499 3812 3546; x_wconf 83' lang='lat' dir='ltr'><strong>vero</strong></span> 
     </span>
    </p>
   </div>
   <div class='ocr_carea' id='block_1_76' title="bbox 2139 3579 3810 3653">
    <p class='ocr_par' dir='ltr' id='par_1_76' title="bbox 2139 3579 3810 3653">
     <span class='ocr_line' id='line_1_76' title="bbox 2139 3579 3810 3653; baseline -0.004 -16"><span class='ocrx_word' id='word_1_559' title='bbox 2139 3581 2244 3651; x_wconf 91' lang='lat' dir='ltr'><strong>qui</strong></span> <span class='ocrx_word' id='word_1_560' title='bbox 2276 3585 2478 3650; x_wconf 88' lang='lat' dir='ltr'><strong>prater</strong></span> <span class='ocrx_word' id='word_1_561' title='bbox 2509 3579 2627 3635; x_wconf 85' lang='lat' dir='ltr'><strong>hac</strong></span> <span class='ocrx_word' id='word_1_562' title='bbox 2655 3593 2796 3636; x_wconf 90' lang='lat' dir='ltr'><strong>vane</strong></span> <span class='ocrx_word' id='word_1_563' title='bbox 2825 3579 3165 3650; x_wconf 88' lang='lat' dir='ltr'><strong>loquuntur,</strong></span> <span class='ocrx_word' id='word_1_564' title='bbox 3197 3587 3258 3636; x_wconf 89' lang='lat' dir='ltr'><strong>et</strong></span> <span class='ocrx_word' id='word_1_565' title='bbox 3291 3582 3582 3653; x_wconf 87' lang='lat' dir='ltr'><strong>garriunt</strong></span> <span class='ocrx_word' id='word_1_566' title='bbox 3622 3582 3810 3634; x_wconf 91' lang='lat' dir='ltr'><strong>contra</strong></span> 
     </span>
    </p>
   </div>
   <div class='ocr_carea' id='block_1_77' title="bbox 2137 3667 3820 3740">
    <p class='ocr_par' dir='ltr' id='par_1_77' title="bbox 2137 3667 3820 3740">
     <span class='ocr_line' id='line_1_77' title="bbox 2137 3667 3820 3740; baseline -0.002 -16"><span class='ocrx_word' id='word_1_567' title='bbox 2137 3675 2364 3724; x_wconf 88' lang='lat' dir='ltr'><strong>sanctas</strong></span> <span class='ocrx_word' id='word_1_568' title='bbox 2409 3669 2713 3740; x_wconf 87' lang='lat' dir='ltr'><strong>imagines,</strong></span> <span class='ocrx_word' id='word_1_569' title='bbox 2755 3673 2812 3724; x_wconf 92' lang='lat' dir='ltr'><strong>et</strong></span> <span class='ocrx_word' id='word_1_570' title='bbox 2843 3682 2953 3724; x_wconf 93' lang='lat' dir='ltr'><strong>non</strong></span> <span class='ocrx_word' id='word_1_571' title='bbox 2992 3669 3354 3726; x_wconf 90' lang='lat' dir='ltr'><strong>conveniunt</strong></span> <span class='ocrx_word' id='word_1_572' title='bbox 3401 3686 3544 3729; x_wconf 90' lang='lat' dir='ltr'><strong>cum</strong></span> <span class='ocrx_word' id='word_1_573' title='bbox 3587 3667 3820 3727; x_wconf 89' lang='lat' dir='ltr'><strong>sanctis-</strong></span> 
     </span>
    </p>
   </div>
   <div class='ocr_carea' id='block_1_78' title="bbox 2137 3757 3818 3834">
    <p class='ocr_par' dir='ltr' id='par_1_78' title="bbox 2137 3757 3818 3834">
     <span class='ocr_line' id='line_1_78' title="bbox 2137 3757 3818 3834; baseline -0.002 -22"><span class='ocrx_word' id='word_1_574' title='bbox 2137 3757 2306 3813; x_wconf 88' lang='lat' dir='ltr'><strong>simis</strong></span> <span class='ocrx_word' id='word_1_575' title='bbox 2327 3757 2691 3828; x_wconf 90' lang='lat' dir='ltr'><strong>patriarchis,</strong></span> <span class='ocrx_word' id='word_1_576' title='bbox 2723 3757 3021 3814; x_wconf 81' lang='lat' dir='ltr'><strong>hareticos</strong></span> <span class='ocrx_word' id='word_1_577' title='bbox 3041 3762 3098 3813; x_wconf 92' lang='lat' dir='ltr'><strong>et</strong></span> <span class='ocrx_word' id='word_1_578' title='bbox 3123 3771 3438 3827; x_wconf 90' lang='lat' dir='ltr'><strong>perversos</strong></span> <span class='ocrx_word' id='word_1_579' title='bbox 3465 3771 3744 3834; x_wconf 88' lang='lat' dir='ltr'><strong>agnosco,</strong></span> <span class='ocrx_word' id='word_1_580' title='bbox 3765 3758 3818 3809; x_wconf 90' lang='lat' dir='ltr'><strong>et</strong></span> 
     </span>
    </p>
   </div>
   <div class='ocr_carea' id='block_1_79' title="bbox 2135 3845 3453 3918">
    <p class='ocr_par' dir='ltr' id='par_1_79' title="bbox 2135 3845 3453 3918">
     <span class='ocr_line' id='line_1_79' title="bbox 2135 3845 3453 3918; baseline 0.002 -17"><span class='ocrx_word' id='word_1_581' title='bbox 2135 3845 2207 3901; x_wconf 87' lang='lat' dir='ltr'><strong>ab</strong></span> <span class='ocrx_word' id='word_1_582' title='bbox 2245 3859 2439 3902; x_wconf 91' lang='lat' dir='ltr'><strong>eorum</strong></span> <span class='ocrx_word' id='word_1_583' title='bbox 2481 3846 2884 3902; x_wconf 88' lang='lat' dir='ltr'><strong>communione</strong></span> <span class='ocrx_word' id='word_1_584' title='bbox 2917 3846 3084 3918; x_wconf 89' lang='lat' dir='ltr'><strong>longe</strong></span> <span class='ocrx_word' id='word_1_585' title='bbox 3127 3859 3215 3901; x_wconf 92' lang='lat' dir='ltr'><strong>me</strong></span> <span class='ocrx_word' id='word_1_586' title='bbox 3263 3862 3453 3917; x_wconf 90' lang='lat' dir='ltr'><strong>pono.</strong></span> 
     </span>
    </p>
   </div>
   <div class='ocr_carea' id='block_1_80' title="bbox 2208 3934 3814 4005">
    <p class='ocr_par' dir='ltr' id='par_1_80' title="bbox 2208 3934 3814 4005">
     <span class='ocr_line' id='line_1_80' title="bbox 2208 3934 3814 4005; baseline -0.001 -16"><span class='ocrx_word' id='word_1_587' title='bbox 2208 3935 2412 3990; x_wconf 86' lang='lat' dir='ltr'><strong>Petrus</strong></span> <span class='ocrx_word' id='word_1_588' title='bbox 2441 3935 2844 3991; x_wconf 87' lang='lat' dir='ltr'><strong>sanctissimus</strong></span> <span class='ocrx_word' id='word_1_589' title='bbox 2871 3934 3178 4005; x_wconf 90' lang='lat' dir='ltr'><strong>episcopus</strong></span> <span class='ocrx_word' id='word_1_590' title='bbox 3215 3937 3600 3995; x_wconf 86' lang='lat' dir='ltr'><strong>Nicomedia</strong></span> <span class='ocrx_word' id='word_1_591' title='bbox 3628 3935 3814 3994; x_wconf 83' lang='lat' dir='ltr'><strong>dixit:</strong></span> 
     </span>
    </p>
   </div>
   <div class='ocr_carea' id='block_1_81' title="bbox 2135 4022 3829 4085">
    <p class='ocr_par' dir='ltr' id='par_1_81' title="bbox 2135 4022 3829 4085">
     <span class='ocr_line' id='line_1_81' title="bbox 2135 4022 3829 4085; baseline 0 -7"><span class='ocrx_word' id='word_1_592' title='bbox 2135 4022 2454 4079; x_wconf 89' lang='lat' dir='ltr'><strong>Secundum</strong></span> <span class='ocrx_word' id='word_1_593' title='bbox 2505 4023 2712 4079; x_wconf 89' lang='lat' dir='ltr'><strong>missas</strong></span> <span class='ocrx_word' id='word_1_594' title='bbox 2763 4023 2986 4080; x_wconf 89' lang='lat' dir='ltr'><strong>litteras</strong></span> <span class='ocrx_word' id='word_1_595' title='bbox 3027 4037 3060 4078; x_wconf 89' lang='lat' dir='ltr'><strong>a</strong></span> <span class='ocrx_word' id='word_1_596' title='bbox 3105 4027 3365 4084; x_wconf 87' lang='lat' dir='ltr'><strong>summis</strong></span> <span class='ocrx_word' id='word_1_597' title='bbox 3413 4023 3829 4085; x_wconf 84' lang='lat' dir='ltr'><strong>sacerdotibus</strong></span> 
     </span>
    </p>
   </div>
   <div class='ocr_carea' id='block_1_82' title="bbox 2137 4111 3827 4173">
    <p class='ocr_par' dir='ltr' id='par_1_82' title="bbox 2137 4111 3827 4173">
     <span class='ocr_line' id='line_1_82' title="bbox 2137 4111 3827 4173; baseline 0 -6"><span class='ocrx_word' id='word_1_598' title='bbox 2137 4111 2448 4168; x_wconf 88' lang='lat' dir='ltr'><strong>Orientalis</strong></span> <span class='ocrx_word' id='word_1_599' title='bbox 2471 4112 2782 4169; x_wconf 70' lang='lat' dir='ltr'><strong>dicereseos</strong></span> <span class='ocrx_word' id='word_1_600' title='bbox 2809 4113 2878 4167; x_wconf 88' lang='lat' dir='ltr'><strong>ad</strong></span> <span class='ocrx_word' id='word_1_601' title='bbox 2907 4112 3354 4170; x_wconf 88' lang='lat' dir='ltr'><strong>sanctissimum</strong></span> <span class='ocrx_word' id='word_1_602' title='bbox 3381 4121 3450 4172; x_wconf 87' lang='lat' dir='ltr'><strong>et</strong></span> <span class='ocrx_word' id='word_1_603' title='bbox 3483 4123 3579 4173; x_wconf 88' lang='lat' dir='ltr'><strong>ter</strong></span> <span class='ocrx_word' id='word_1_604' title='bbox 3600 4117 3827 4172; x_wconf 83' lang='lat' dir='ltr'><strong>beatum</strong></span> 
     </span>
    </p>
   </div>
   <div class='ocr_carea' id='block_1_83' title="bbox 2135 4196 3834 4280">
    <p class='ocr_par' dir='ltr' id='par_1_83' title="bbox 2135 4196 3834 4280">
     <span class='ocr_line' id='line_1_83' title="bbox 2135 4196 3834 4280; baseline 0 -24"><span class='ocrx_word' id='word_1_605' title='bbox 2135 4200 2630 4271; x_wconf 87' lang='lat' dir='ltr'><strong>archiepiscopum</strong></span> <span class='ocrx_word' id='word_1_606' title='bbox 2661 4205 2718 4257; x_wconf 89' lang='lat' dir='ltr'><strong>et</strong></span> <span class='ocrx_word' id='word_1_607' title='bbox 2747 4196 3522 4280; x_wconf 62' lang='lat' dir='ltr'><strong>patriarcham&#39;Tarasium,</strong></span> <span class='ocrx_word' id='word_1_608' title='bbox 3555 4201 3834 4262; x_wconf 86' lang='lat' dir='ltr'><strong>salutabi-</strong></span> 
     </span>
    </p>
   </div>
   <div class='ocr_carea' id='block_1_84' title="bbox 2139 4290 3838 4365">
    <p class='ocr_par' dir='ltr' id='par_1_84' title="bbox 2139 4290 3838 4365">
     <span class='ocr_line' id='line_1_84' title="bbox 2139 4290 3838 4365; baseline 0.002 -21"><span class='ocrx_word' id='word_1_609' title='bbox 2139 4290 2270 4346; x_wconf 90' lang='lat' dir='ltr'><strong>liter</strong></span> <span class='ocrx_word' id='word_1_610' title='bbox 2323 4291 2598 4360; x_wconf 88' lang='lat' dir='ltr'><strong>suscipio,</strong></span> <span class='ocrx_word' id='word_1_611' title='bbox 2654 4298 2711 4346; x_wconf 90' lang='lat' dir='ltr'><strong>et</strong></span> <span class='ocrx_word' id='word_1_612' title='bbox 2761 4291 2886 4347; x_wconf 90' lang='lat' dir='ltr'><strong>colo</strong></span> <span class='ocrx_word' id='word_1_613' title='bbox 2943 4295 3115 4360; x_wconf 88' lang='lat' dir='ltr'><strong>atque</strong></span> <span class='ocrx_word' id='word_1_614' title='bbox 3169 4292 3361 4351; x_wconf 90' lang='lat' dir='ltr'><strong>adoro</strong></span> <span class='ocrx_word' id='word_1_615' title='bbox 3427 4297 3736 4365; x_wconf 87' lang='lat' dir='ltr'><strong>pretiosas</strong></span> <span class='ocrx_word' id='word_1_616' title='bbox 3783 4295 3838 4346; x_wconf 85' lang='lat' dir='ltr'><strong>et</strong></span> 
     </span>
    </p>
   </div>
   <div class='ocr_carea' id='block_1_85' title="bbox 375 4373 3841 4457">
    <p class='ocr_par' dir='ltr' id='par_1_85' title="bbox 375 4373 3841 4457">
     <span class='ocr_line' id='line_1_85' title="bbox 375 4373 3841 4457; baseline 0.002 -27"><span class='ocrx_word' id='word_1_617' title='bbox 375 4373 624 4430; x_wconf 90' lang='lat' dir='ltr'><strong>tissimis</strong></span> <span class='ocrx_word' id='word_1_618' title='bbox 653 4375 866 4432; x_wconf 91' lang='lat' dir='ltr'><strong>litteris</strong></span> <span class='ocrx_word' id='word_1_619' title='bbox 890 4377 959 4432; x_wconf 90' lang='lat' dir='ltr'><strong>ad</strong></span> <span class='ocrx_word' id='word_1_620' title='bbox 984 4375 1282 4431; x_wconf 89' lang='lat' dir='ltr'><strong>Tarasium</strong></span> <span class='ocrx_word' id='word_1_621' title='bbox 1317 4377 1749 4432; x_wconf 90' lang='lat' dir='ltr'><strong>sanctissimum</strong></span> <span class='ocrx_word' id='word_1_622' title='bbox 1786 4377 2026 4446; x_wconf 89' lang='lat' dir='ltr'><strong>patriar-</strong></span> <span class='ocrx_word' id='word_1_623' title='bbox 2051 4376 2104 4436; x_wconf 95' lang='lat' dir='ltr'><strong>D</strong></span> <span class='ocrx_word' id='word_1_624' title='bbox 2135 4393 2324 4435; x_wconf 89' lang='lat' dir='ltr'><strong>sacras</strong></span> <span class='ocrx_word' id='word_1_625' title='bbox 2347 4379 2577 4435; x_wconf 90' lang='lat' dir='ltr'><strong>iconas:</strong></span> <span class='ocrx_word' id='word_1_626' title='bbox 2611 4393 2708 4436; x_wconf 89' lang='lat' dir='ltr'><strong>eos</strong></span> <span class='ocrx_word' id='word_1_627' title='bbox 2731 4393 2862 4435; x_wconf 86' lang='lat' dir='ltr'><strong>vero</strong></span> <span class='ocrx_word' id='word_1_628' title='bbox 2888 4380 2988 4450; x_wconf 89' lang='lat' dir='ltr'><strong>qui</strong></span> <span class='ocrx_word' id='word_1_629' title='bbox 3019 4380 3097 4436; x_wconf 90' lang='lat' dir='ltr'><strong>ita</strong></span> <span class='ocrx_word' id='word_1_630' title='bbox 3130 4393 3242 4437; x_wconf 91' lang='lat' dir='ltr'><strong>non</strong></span> <span class='ocrx_word' id='word_1_631' title='bbox 3275 4384 3572 4457; x_wconf 85' lang='lat' dir='ltr'><strong>sapiunt,</strong></span> <span class='ocrx_word' id='word_1_632' title='bbox 3605 4381 3841 4440; x_wconf 79' lang='lat' dir='ltr'><strong>anathe~</strong></span> 
     </span>
    </p>
   </div>
   <div class='ocr_carea' id='block_1_86' title="bbox 375 4463 2018 4536">
    <p class='ocr_par' dir='ltr' id='par_1_86' title="bbox 375 4463 2018 4536">
     <span class='ocr_line' id='line_1_86' title="bbox 375 4463 2018 4536; baseline 0.001 -18"><span class='ocrx_word' id='word_1_633' title='bbox 375 4463 570 4519; x_wconf 89' lang='lat' dir='ltr'><strong>cham:</strong></span> <span class='ocrx_word' id='word_1_634' title='bbox 602 4463 713 4536; x_wconf 91' lang='lat' dir='ltr'><strong>his,</strong></span> <span class='ocrx_word' id='word_1_635' title='bbox 738 4469 1008 4535; x_wconf 89' lang='lat' dir='ltr'><strong>tanquam</strong></span> <span class='ocrx_word' id='word_1_636' title='bbox 1032 4464 1268 4520; x_wconf 90' lang='lat' dir='ltr'><strong>titulum</strong></span> <span class='ocrx_word' id='word_1_637' title='bbox 1295 4464 1651 4520; x_wconf 87' lang='lat' dir='ltr'><strong>orthodoxia</strong></span> <span class='ocrx_word' id='word_1_638' title='bbox 1673 4465 2018 4536; x_wconf 91' lang='lat' dir='ltr'><strong>suscipiens,</strong></span> 
     </span>
    </p>
   </div>
   <div class='ocr_carea' id='block_1_87' title="bbox 375 4551 2018 4624">
    <p class='ocr_par' dir='ltr' id='par_1_87' title="bbox 375 4551 2018 4624">
     <span class='ocr_line' id='line_1_87' title="bbox 375 4551 2018 4624; baseline 0.002 -16"><span class='ocrx_word' id='word_1_639' title='bbox 375 4551 644 4608; x_wconf 91' lang='lat' dir='ltr'><strong>omnibus</strong></span> <span class='ocrx_word' id='word_1_640' title='bbox 665 4553 851 4610; x_wconf 88' lang='lat' dir='ltr'><strong>modis</strong></span> <span class='ocrx_word' id='word_1_641' title='bbox 871 4553 1186 4622; x_wconf 89' lang='lat' dir='ltr'><strong>consentio,</strong></span> <span class='ocrx_word' id='word_1_642' title='bbox 1211 4557 1266 4607; x_wconf 88' lang='lat' dir='ltr'><strong>et</strong></span> <span class='ocrx_word' id='word_1_643' title='bbox 1285 4554 1744 4609; x_wconf 89' lang='lat' dir='ltr'><strong>communionem</strong></span> <span class='ocrx_word' id='word_1_644' title='bbox 1768 4555 2018 4624; x_wconf 88' lang='lat' dir='ltr'><strong>recipio;</strong></span> 
     </span>
    </p>
   </div>
   <div class='ocr_carea' id='block_1_88' title="bbox 373 4641 2018 4712">
    <p class='ocr_par' dir='ltr' id='par_1_88' title="bbox 373 4641 2018 4712">
     <span class='ocr_line' id='line_1_88' title="bbox 373 4641 2018 4712; baseline 0.001 -16"><span class='ocrx_word' id='word_1_645' title='bbox 373 4645 432 4696; x_wconf 89' lang='lat' dir='ltr'><strong>et</strong></span> <span class='ocrx_word' id='word_1_646' title='bbox 453 4655 550 4697; x_wconf 90' lang='lat' dir='ltr'><strong>eos</strong></span> <span class='ocrx_word' id='word_1_647' title='bbox 580 4641 681 4712; x_wconf 92' lang='lat' dir='ltr'><strong>qui</strong></span> <span class='ocrx_word' id='word_1_648' title='bbox 710 4641 790 4696; x_wconf 88' lang='lat' dir='ltr'><strong>ita</strong></span> <span class='ocrx_word' id='word_1_649' title='bbox 821 4656 932 4698; x_wconf 89' lang='lat' dir='ltr'><strong>non</strong></span> <span class='ocrx_word' id='word_1_650' title='bbox 963 4642 1218 4712; x_wconf 88' lang='lat' dir='ltr'><strong>sapiunt,</strong></span> <span class='ocrx_word' id='word_1_651' title='bbox 1249 4642 1598 4698; x_wconf 86' lang='lat' dir='ltr'><strong>anathemati</strong></span> <span class='ocrx_word' id='word_1_652' title='bbox 1631 4643 2018 4699; x_wconf 89' lang='lat' dir='ltr'><strong>submiserim.</strong></span> 
     </span>
    </p>
   </div>
   <div class='ocr_carea' id='block_1_89' title="bbox 442 4731 2025 4800">
    <p class='ocr_par' dir='ltr' id='par_1_89' title="bbox 442 4731 2025 4800">
     <span class='ocr_line' id='line_1_89' title="bbox 442 4731 2025 4800; baseline 0.002 -15"><span class='ocrx_word' id='word_1_653' title='bbox 442 4731 686 4788; x_wconf 87' lang='lat' dir='ltr'><strong>Joannes</strong></span> <span class='ocrx_word' id='word_1_654' title='bbox 712 4731 1016 4800; x_wconf 90' lang='lat' dir='ltr'><strong>episcopus</strong></span> <span class='ocrx_word' id='word_1_655' title='bbox 1043 4731 1250 4800; x_wconf 81' lang='lat' dir='ltr'><strong>Ephesi</strong></span> <span class='ocrx_word' id='word_1_656' title='bbox 1285 4731 1473 4786; x_wconf 90' lang='lat' dir='ltr'><strong>dixit:</strong></span> <span class='ocrx_word' id='word_1_657' title='bbox 1499 4731 1811 4788; x_wconf 90' lang='lat' dir='ltr'><strong>Destinatis</strong></span> <span class='ocrx_word' id='word_1_658' title='bbox 1847 4733 1917 4788; x_wconf 91' lang='lat' dir='ltr'><strong>ab</strong></span> <span class='ocrx_word' id='word_1_659' title='bbox 1949 4732 2025 4789; x_wconf 89' lang='lat' dir='ltr'><strong>iis</strong></span> 
     </span>
    </p>
   </div>
   <div class='ocr_carea' id='block_1_90' title="bbox 375 4819 2024 4892">
    <p class='ocr_par' dir='ltr' id='par_1_90' title="bbox 375 4819 2024 4892">
     <span class='ocr_line' id='line_1_90' title="bbox 375 4819 2024 4892; baseline 0 -16"><span class='ocrx_word' id='word_1_660' title='bbox 375 4819 618 4876; x_wconf 90' lang='lat' dir='ltr'><strong>summis</strong></span> <span class='ocrx_word' id='word_1_661' title='bbox 637 4819 1030 4876; x_wconf 90' lang='lat' dir='ltr'><strong>sacerdotibus</strong></span> <span class='ocrx_word' id='word_1_662' title='bbox 1049 4820 1150 4891; x_wconf 92' lang='lat' dir='ltr'><strong>qui</strong></span> <span class='ocrx_word' id='word_1_663' title='bbox 1176 4819 1237 4876; x_wconf 91' lang='lat' dir='ltr'><strong>in</strong></span> <span class='ocrx_word' id='word_1_664' title='bbox 1257 4821 1488 4876; x_wconf 89' lang='lat' dir='ltr'><strong>Oriente</strong></span> <span class='ocrx_word' id='word_1_665' title='bbox 1508 4826 1664 4892; x_wconf 89' lang='lat' dir='ltr'><strong>sunt,</strong></span> <span class='ocrx_word' id='word_1_666' title='bbox 1687 4821 2024 4878; x_wconf 88' lang='lat' dir='ltr'><strong>orthodoxis</strong></span> 
     </span>
    </p>
   </div>
   <div class='ocr_carea' id='block_1_91' title="bbox 375 4908 2024 4981">
    <p class='ocr_par' dir='ltr' id='par_1_91' title="bbox 375 4908 2024 4981">
     <span class='ocr_line' id='line_1_91' title="bbox 375 4908 2024 4981; baseline 0.002 -17"><span class='ocrx_word' id='word_1_667' title='bbox 375 4908 590 4965; x_wconf 89' lang='lat' dir='ltr'><strong>litteris</strong></span> <span class='ocrx_word' id='word_1_668' title='bbox 618 4909 686 4965; x_wconf 91' lang='lat' dir='ltr'><strong>ad</strong></span> <span class='ocrx_word' id='word_1_669' title='bbox 714 4909 1146 4966; x_wconf 89' lang='lat' dir='ltr'><strong>sanctissimum</strong></span> <span class='ocrx_word' id='word_1_670' title='bbox 1177 4913 1234 4964; x_wconf 87' lang='lat' dir='ltr'><strong>et</strong></span> <span class='ocrx_word' id='word_1_671' title='bbox 1264 4915 1350 4964; x_wconf 88' lang='lat' dir='ltr'><strong>ter</strong></span> <span class='ocrx_word' id='word_1_672' title='bbox 1374 4909 1604 4966; x_wconf 90' lang='lat' dir='ltr'><strong>beatum</strong></span> <span class='ocrx_word' id='word_1_673' title='bbox 1640 4911 2024 4981; x_wconf 90' lang='lat' dir='ltr'><strong>patriarcham</strong></span> 
     </span>
    </p>
   </div>
   <div class='ocr_carea' id='block_1_92' title="bbox 372 4997 2023 5070">
    <p class='ocr_par' dir='ltr' id='par_1_92' title="bbox 372 4997 2023 5070">
     <span class='ocr_line' id='line_1_92' title="bbox 372 4997 2023 5070; baseline 0.001 -18"><span class='ocrx_word' id='word_1_674' title='bbox 372 4997 670 5054; x_wconf 89' lang='lat' dir='ltr'><strong>Tarasium</strong></span> <span class='ocrx_word' id='word_1_675' title='bbox 723 4997 1134 5070; x_wconf 90' lang='lat' dir='ltr'><strong>consentimus,</strong></span> <span class='ocrx_word' id='word_1_676' title='bbox 1198 5002 1254 5054; x_wconf 90' lang='lat' dir='ltr'><strong>et</strong></span> <span class='ocrx_word' id='word_1_677' title='bbox 1305 5012 1501 5054; x_wconf 89' lang='lat' dir='ltr'><strong>earum</strong></span> <span class='ocrx_word' id='word_1_678' title='bbox 1562 5001 2023 5056; x_wconf 90' lang='lat' dir='ltr'><strong>communionem</strong></span> 
     </span>
    </p>
   </div>
   <div class='ocr_carea' id='block_1_93' title="bbox 375 5087 2024 5160">
    <p class='ocr_par' dir='ltr' id='par_1_93' title="bbox 375 5087 2024 5160">
     <span class='ocr_line' id='line_1_93' title="bbox 375 5087 2024 5160; baseline 0.001 -17"><span class='ocrx_word' id='word_1_679' title='bbox 375 5087 796 5158; x_wconf 88' lang='lat' dir='ltr'><strong>amplectimur.</strong></span> <span class='ocrx_word' id='word_1_680' title='bbox 843 5089 952 5144; x_wconf 88' lang='lat' dir='ltr'><strong>Eos</strong></span> <span class='ocrx_word' id='word_1_681' title='bbox 994 5103 1125 5144; x_wconf 90' lang='lat' dir='ltr'><strong>vero</strong></span> <span class='ocrx_word' id='word_1_682' title='bbox 1165 5088 1266 5159; x_wconf 90' lang='lat' dir='ltr'><strong>qui</strong></span> <span class='ocrx_word' id='word_1_683' title='bbox 1309 5089 1388 5144; x_wconf 91' lang='lat' dir='ltr'><strong>ita</strong></span> <span class='ocrx_word' id='word_1_684' title='bbox 1431 5089 1795 5160; x_wconf 83' lang='lat' dir='ltr'><strong>confitentur,</strong></span> <span class='ocrx_word' id='word_1_685' title='bbox 1844 5102 2024 5158; x_wconf 91' lang='lat' dir='ltr'><strong>neque</strong></span> 
     </span>
    </p>
   </div>
   <div class='ocr_carea' id='block_1_94' title="bbox 373 5176 2026 5248">
    <p class='ocr_par' dir='ltr' id='par_1_94' title="bbox 373 5176 2026 5248">
     <span class='ocr_line' id='line_1_94' title="bbox 373 5176 2026 5248; baseline 0.001 -16"><span class='ocrx_word' id='word_1_686' title='bbox 373 5176 633 5246; x_wconf 87' lang='lat' dir='ltr'><strong>adorant,</strong></span> <span class='ocrx_word' id='word_1_687' title='bbox 671 5190 854 5248; x_wconf 89' lang='lat' dir='ltr'><strong>neque</strong></span> <span class='ocrx_word' id='word_1_688' title='bbox 889 5177 1180 5248; x_wconf 86' lang='lat' dir='ltr'><strong>recipiunt</strong></span> <span class='ocrx_word' id='word_1_689' title='bbox 1217 5182 1443 5232; x_wconf 89' lang='lat' dir='ltr'><strong>sanctas</strong></span> <span class='ocrx_word' id='word_1_690' title='bbox 1466 5181 1524 5232; x_wconf 89' lang='lat' dir='ltr'><strong>et</strong></span> <span class='ocrx_word' id='word_1_691' title='bbox 1553 5191 1744 5233; x_wconf 87' lang='lat' dir='ltr'><strong>sacras</strong></span> <span class='ocrx_word' id='word_1_692' title='bbox 1771 5191 1838 5233; x_wconf 88' lang='lat' dir='ltr'><strong>ac</strong></span> <span class='ocrx_word' id='word_1_693' title='bbox 1868 5191 2026 5234; x_wconf 84' lang='lat' dir='ltr'><strong>vene-</strong></span> 
     </span>
    </p>
   </div>
   <div class='ocr_carea' id='block_1_95' title="bbox 377 5265 2025 5338">
    <p class='ocr_par' dir='ltr' id='par_1_95' title="bbox 377 5265 2025 5338">
     <span class='ocr_line' id='line_1_95' title="bbox 377 5265 2025 5338; baseline 0 -16"><span class='ocrx_word' id='word_1_694' title='bbox 377 5265 591 5322; x_wconf 88' lang='lat' dir='ltr'><strong>rabiles</strong></span> <span class='ocrx_word' id='word_1_695' title='bbox 641 5265 940 5338; x_wconf 88' lang='lat' dir='ltr'><strong>imagines,</strong></span> <span class='ocrx_word' id='word_1_696' title='bbox 995 5267 1215 5322; x_wconf 88' lang='lat' dir='ltr'><strong>alienos</strong></span> <span class='ocrx_word' id='word_1_697' title='bbox 1265 5265 1533 5322; x_wconf 86' lang='lat' dir='ltr'><strong>existimo</strong></span> <span class='ocrx_word' id='word_1_698' title='bbox 1585 5265 1912 5334; x_wconf 86' lang='lat' dir='ltr'><strong>apostolica</strong></span> <span class='ocrx_word' id='word_1_699' title='bbox 1959 5280 2025 5322; x_wconf 90' lang='lat' dir='ltr'><strong>ac</strong></span> 
     </span>
    </p>
   </div>
   <div class='ocr_carea' id='block_1_96' title="bbox 375 5353 2022 5425">
    <p class='ocr_par' dir='ltr' id='par_1_96' title="bbox 375 5353 2022 5425">
     <span class='ocr_line' id='line_1_96' title="bbox 375 5353 2022 5425; baseline -0.001 -15"><span class='ocrx_word' id='word_1_700' title='bbox 375 5353 671 5410; x_wconf 85' lang='lat' dir='ltr'><strong>catholica</strong></span> <span class='ocrx_word' id='word_1_701' title='bbox 693 5354 978 5425; x_wconf 80' lang='lat' dir='ltr'><strong>Ecclesia,</strong></span> <span class='ocrx_word' id='word_1_702' title='bbox 996 5359 1168 5425; x_wconf 89' lang='lat' dir='ltr'><strong>atque</strong></span> <span class='ocrx_word' id='word_1_703' title='bbox 1189 5369 1284 5410; x_wconf 92' lang='lat' dir='ltr'><strong>eos</strong></span> <span class='ocrx_word' id='word_1_704' title='bbox 1304 5354 1650 5410; x_wconf 89' lang='lat' dir='ltr'><strong>anathemati</strong></span> <span class='ocrx_word' id='word_1_705' title='bbox 1677 5355 2022 5410; x_wconf 88' lang='lat' dir='ltr'><strong>transmitto.</strong></span> 
     </span>
    </p>
   </div>
   <div class='ocr_carea' id='block_1_97' title="bbox 444 5443 2024 5513">
    <p class='ocr_par' dir='ltr' id='par_1_97' title="bbox 444 5443 2024 5513">
     <span class='ocr_line' id='line_1_97' title="bbox 444 5443 2024 5513; baseline 0 -15"><span class='ocrx_word' id='word_1_706' title='bbox 444 5443 854 5500; x_wconf 89' lang='lat' dir='ltr'><strong>Constantinus</strong></span> <span class='ocrx_word' id='word_1_707' title='bbox 893 5444 1297 5500; x_wconf 89' lang='lat' dir='ltr'><strong>sanctissimus</strong></span> <span class='ocrx_word' id='word_1_708' title='bbox 1339 5443 1642 5513; x_wconf 84' lang='lat' dir='ltr'><strong>episcopus</strong></span> <span class='ocrx_word' id='word_1_709' title='bbox 1679 5443 2024 5499; x_wconf 85' lang='lat' dir='ltr'><strong>Constantia</strong></span> 
     </span>
    </p>
   </div>
   <div class='ocr_carea' id='block_1_98' title="bbox 375 5530 2024 5604">
    <p class='ocr_par' dir='ltr' id='par_1_98' title="bbox 375 5530 2024 5604">
     <span class='ocr_line' id='line_1_98' title="bbox 375 5530 2024 5604; baseline 0.002 -18"><span class='ocrx_word' id='word_1_710' title='bbox 375 5531 544 5604; x_wconf 89' lang='lat' dir='ltr'><strong>Cypri</strong></span> <span class='ocrx_word' id='word_1_711' title='bbox 564 5531 748 5589; x_wconf 88' lang='lat' dir='ltr'><strong>dixit:</strong></span> <span class='ocrx_word' id='word_1_712' title='bbox 774 5534 834 5589; x_wconf 92' lang='lat' dir='ltr'><strong>In</strong></span> <span class='ocrx_word' id='word_1_713' title='bbox 862 5533 1021 5590; x_wconf 89' lang='lat' dir='ltr'><strong>nullo</strong></span> <span class='ocrx_word' id='word_1_714' title='bbox 1051 5547 1223 5590; x_wconf 89' lang='lat' dir='ltr'><strong>sensu</strong></span> <span class='ocrx_word' id='word_1_715' title='bbox 1247 5536 1624 5589; x_wconf 87' lang='lat' dir='ltr'><strong>commutatas</strong></span> <span class='ocrx_word' id='word_1_716' title='bbox 1647 5530 1871 5589; x_wconf 90' lang='lat' dir='ltr'><strong>litteras</strong></span> <span class='ocrx_word' id='word_1_717' title='bbox 1901 5548 2024 5604; x_wconf 86' lang='lat' dir='ltr'><strong>qua</strong></span> 
     </span>
    </p>
   </div>
   <div class='ocr_carea' id='block_1_99' title="bbox 2136 4469 2360 4524">
    <p class='ocr_par' dir='ltr' id='par_1_99' title="bbox 2136 4469 2360 4524">
     <span class='ocr_line' id='line_1_99' title="bbox 2136 4469 2360 4524; baseline -0.009 0"><span class='ocrx_word' id='word_1_718' title='bbox 2136 4469 2360 4524; x_wconf 86' lang='lat' dir='ltr'><strong>matizo.</strong></span> 
     </span>
    </p>
   </div>
   <div class='ocr_carea' id='block_1_100' title="bbox 2204 4557 3838 4630">
    <p class='ocr_par' dir='ltr' id='par_1_100' title="bbox 2204 4557 3838 4630">
     <span class='ocr_line' id='line_1_100' title="bbox 2204 4557 3838 4630; baseline 0.001 -18"><span class='ocrx_word' id='word_1_719' title='bbox 2204 4557 2481 4628; x_wconf 86' lang='lat' dir='ltr'><strong>Hypatius</strong></span> <span class='ocrx_word' id='word_1_720' title='bbox 2527 4558 2933 4614; x_wconf 87' lang='lat' dir='ltr'><strong>sanctissimus</strong></span> <span class='ocrx_word' id='word_1_721' title='bbox 2979 4558 3288 4630; x_wconf 86' lang='lat' dir='ltr'><strong>episcopus</strong></span> <span class='ocrx_word' id='word_1_722' title='bbox 3349 4564 3587 4620; x_wconf 76' lang='lat' dir='ltr'><strong>Nicaea</strong></span> <span class='ocrx_word' id='word_1_723' title='bbox 3637 4561 3838 4618; x_wconf 85' lang='lat' dir='ltr'><strong>dixit:</strong></span> 
     </span>
    </p>
   </div>
   <div class='ocr_carea' id='block_1_101' title="bbox 2133 4646 3847 4720">
    <p class='ocr_par' dir='ltr' id='par_1_101' title="bbox 2133 4646 3847 4720">
     <span class='ocr_line' id='line_1_101' title="bbox 2133 4646 3847 4720; baseline 0.001 -18"><span class='ocrx_word' id='word_1_724' title='bbox 2133 4646 2481 4703; x_wconf 89' lang='lat' dir='ltr'><strong>Orthodoxis</strong></span> <span class='ocrx_word' id='word_1_725' title='bbox 2520 4646 2739 4702; x_wconf 90' lang='lat' dir='ltr'><strong>litteris</strong></span> <span class='ocrx_word' id='word_1_726' title='bbox 2777 4661 2903 4718; x_wconf 86' lang='lat' dir='ltr'><strong>qua</strong></span> <span class='ocrx_word' id='word_1_727' title='bbox 2944 4647 3134 4704; x_wconf 87' lang='lat' dir='ltr'><strong>missa</strong></span> <span class='ocrx_word' id='word_1_728' title='bbox 3163 4653 3307 4705; x_wconf 88' lang='lat' dir='ltr'><strong>sunt</strong></span> <span class='ocrx_word' id='word_1_729' title='bbox 3345 4651 3431 4707; x_wconf 86' lang='lat' dir='ltr'><strong>ab</strong></span> <span class='ocrx_word' id='word_1_730' title='bbox 3472 4653 3755 4720; x_wconf 89' lang='lat' dir='ltr'><strong>Oriente,</strong></span> <span class='ocrx_word' id='word_1_731' title='bbox 3791 4648 3847 4705; x_wconf 89' lang='lat' dir='ltr'><strong>id</strong></span> 
     </span>
    </p>
   </div>
   <div class='ocr_carea' id='block_1_102' title="bbox 2133 4736 3850 4814">
    <p class='ocr_par' dir='ltr' id='par_1_102' title="bbox 2133 4736 3850 4814">
     <span class='ocr_line' id='line_1_102' title="bbox 2133 4736 3850 4814; baseline 0.002 -23"><span class='ocrx_word' id='word_1_732' title='bbox 2133 4743 2240 4803; x_wconf 87' lang='lat' dir='ltr'><strong>est,</strong></span> <span class='ocrx_word' id='word_1_733' title='bbox 2274 4751 2306 4792; x_wconf 91' lang='lat' dir='ltr'><strong>a</strong></span> <span class='ocrx_word' id='word_1_734' title='bbox 2331 4736 2572 4792; x_wconf 90' lang='lat' dir='ltr'><strong>summis</strong></span> <span class='ocrx_word' id='word_1_735' title='bbox 2593 4736 2986 4794; x_wconf 87' lang='lat' dir='ltr'><strong>sacerdotibus</strong></span> <span class='ocrx_word' id='word_1_736' title='bbox 3011 4737 3112 4808; x_wconf 89' lang='lat' dir='ltr'><strong>qui</strong></span> <span class='ocrx_word' id='word_1_737' title='bbox 3141 4736 3374 4795; x_wconf 87' lang='lat' dir='ltr'><strong>ibidem</strong></span> <span class='ocrx_word' id='word_1_738' title='bbox 3405 4747 3590 4814; x_wconf 85' lang='lat' dir='ltr'><strong>sunt,</strong></span> <span class='ocrx_word' id='word_1_739' title='bbox 3620 4742 3697 4798; x_wconf 90' lang='lat' dir='ltr'><strong>ad</strong></span> <span class='ocrx_word' id='word_1_740' title='bbox 3726 4751 3850 4796; x_wconf 87' lang='lat' dir='ltr'><strong>san-</strong></span> 
     </span>
    </p>
   </div>
   <div class='ocr_carea' id='block_1_103' title="bbox 2134 4825 3854 4895">
    <p class='ocr_par' dir='ltr' id='par_1_103' title="bbox 2134 4825 3854 4895">
     <span class='ocr_line' id='line_1_103' title="bbox 2134 4825 3854 4895; baseline 0.003 -15"><span class='ocrx_word' id='word_1_741' title='bbox 2134 4825 2456 4881; x_wconf 91' lang='lat' dir='ltr'><strong>ctissimum</strong></span> <span class='ocrx_word' id='word_1_742' title='bbox 2505 4829 2561 4881; x_wconf 90' lang='lat' dir='ltr'><strong>et</strong></span> <span class='ocrx_word' id='word_1_743' title='bbox 2607 4831 2694 4881; x_wconf 91' lang='lat' dir='ltr'><strong>ter</strong></span> <span class='ocrx_word' id='word_1_744' title='bbox 2745 4825 2971 4882; x_wconf 89' lang='lat' dir='ltr'><strong>beatum</strong></span> <span class='ocrx_word' id='word_1_745' title='bbox 3027 4825 3444 4895; x_wconf 88' lang='lat' dir='ltr'><strong>patriarcham</strong></span> <span class='ocrx_word' id='word_1_746' title='bbox 3501 4831 3854 4894; x_wconf 87' lang='lat' dir='ltr'><strong>Tarasium,</strong></span> 
     </span>
    </p>
   </div>
   <div class='ocr_carea' id='block_1_104' title="bbox 2134 4913 3856 4990">
    <p class='ocr_par' dir='ltr' id='par_1_104' title="bbox 2134 4913 3856 4990">
     <span class='ocr_line' id='line_1_104' title="bbox 2134 4913 3856 4990; baseline 0.002 -21"><span class='ocrx_word' id='word_1_747' title='bbox 2134 4915 2450 4986; x_wconf 90' lang='lat' dir='ltr'><strong>consentio,</strong></span> <span class='ocrx_word' id='word_1_748' title='bbox 2504 4919 2562 4970; x_wconf 90' lang='lat' dir='ltr'><strong>et</strong></span> <span class='ocrx_word' id='word_1_749' title='bbox 2610 4928 2675 4969; x_wconf 92' lang='lat' dir='ltr'><strong>ea</strong></span> <span class='ocrx_word' id='word_1_750' title='bbox 2722 4929 2848 4984; x_wconf 89' lang='lat' dir='ltr'><strong>qua</strong></span> <span class='ocrx_word' id='word_1_751' title='bbox 2898 4913 3144 4971; x_wconf 87' lang='lat' dir='ltr'><strong>confessi</strong></span> <span class='ocrx_word' id='word_1_752' title='bbox 3205 4921 3383 4987; x_wconf 88' lang='lat' dir='ltr'><strong>sunt,</strong></span> <span class='ocrx_word' id='word_1_753' title='bbox 3459 4921 3712 4990; x_wconf 87' lang='lat' dir='ltr'><strong>recipio</strong></span> <span class='ocrx_word' id='word_1_754' title='bbox 3749 4937 3764 4989; x_wconf 88' lang='lat'><strong>;</strong></span> <span class='ocrx_word' id='word_1_755' title='bbox 3801 4923 3856 4973; x_wconf 85' lang='lat' dir='ltr'><strong>et</strong></span> 
     </span>
    </p>
   </div>
   <div class='ocr_carea' id='block_1_105' title="bbox 2136 5002 3864 5075">
    <p class='ocr_par' dir='ltr' id='par_1_105' title="bbox 2136 5002 3864 5075">
     <span class='ocr_line' id='line_1_105' title="bbox 2136 5002 3864 5075; baseline 0.002 -17"><span class='ocrx_word' id='word_1_756' title='bbox 2136 5007 2361 5058; x_wconf 90' lang='lat' dir='ltr'><strong>sanctas</strong></span> <span class='ocrx_word' id='word_1_757' title='bbox 2397 5017 2463 5058; x_wconf 91' lang='lat' dir='ltr'><strong>ac</strong></span> <span class='ocrx_word' id='word_1_758' title='bbox 2494 5002 2846 5058; x_wconf 90' lang='lat' dir='ltr'><strong>venerabiles</strong></span> <span class='ocrx_word' id='word_1_759' title='bbox 2880 5003 3160 5075; x_wconf 88' lang='lat' dir='ltr'><strong>imagines</strong></span> <span class='ocrx_word' id='word_1_760' title='bbox 3195 5002 3450 5064; x_wconf 88' lang='lat' dir='ltr'><strong>honoro</strong></span> <span class='ocrx_word' id='word_1_761' title='bbox 3486 5014 3553 5064; x_wconf 87' lang='lat' dir='ltr'><strong>et</strong></span> <span class='ocrx_word' id='word_1_762' title='bbox 3587 5009 3784 5066; x_wconf 89' lang='lat' dir='ltr'><strong>adoro</strong></span> <span class='ocrx_word' id='word_1_763' title='bbox 3808 5010 3864 5063; x_wconf 88' lang='lat' dir='ltr'><strong>et</strong></span> 
     </span>
    </p>
   </div>
   <div class='ocr_carea' id='block_1_106' title="bbox 2133 5089 3864 5162">
    <p class='ocr_par' dir='ltr' id='par_1_106' title="bbox 2133 5089 3864 5162">
     <span class='ocr_line' id='line_1_106' title="bbox 2133 5089 3864 5162; baseline 0.005 -18"><span class='ocrx_word' id='word_1_764' title='bbox 2133 5089 2482 5159; x_wconf 90' lang='lat' dir='ltr'><strong>amplector:</strong></span> <span class='ocrx_word' id='word_1_765' title='bbox 2507 5096 2563 5146; x_wconf 89' lang='lat' dir='ltr'><strong>et</strong></span> <span class='ocrx_word' id='word_1_766' title='bbox 2599 5104 2794 5147; x_wconf 90' lang='lat' dir='ltr'><strong>omnes</strong></span> <span class='ocrx_word' id='word_1_767' title='bbox 2826 5091 2927 5160; x_wconf 88' lang='lat' dir='ltr'><strong>qui</strong></span> <span class='ocrx_word' id='word_1_768' title='bbox 2965 5105 3077 5149; x_wconf 92' lang='lat' dir='ltr'><strong>non</strong></span> <span class='ocrx_word' id='word_1_769' title='bbox 3116 5100 3480 5162; x_wconf 81' lang='lat' dir='ltr'><strong>sequuntur</strong></span> <span class='ocrx_word' id='word_1_770' title='bbox 3525 5097 3864 5155; x_wconf 86' lang='lat' dir='ltr'><strong>confessio—</strong></span> 
     </span>
    </p>
   </div>
   <div class='ocr_carea' id='block_1_107' title="bbox 2136 5179 3872 5259">
    <p class='ocr_par' dir='ltr' id='par_1_107' title="bbox 2136 5179 3872 5259">
     <span class='ocr_line' id='line_1_107' title="bbox 2136 5179 3872 5259; baseline 0.003 -24"><span class='ocrx_word' id='word_1_771' title='bbox 2136 5193 2262 5235; x_wconf 89' lang='lat' dir='ltr'><strong>nem</strong></span> <span class='ocrx_word' id='word_1_772' title='bbox 2306 5179 2472 5250; x_wconf 87' lang='lat' dir='ltr'><strong>hanc,</strong></span> <span class='ocrx_word' id='word_1_773' title='bbox 2509 5179 2730 5236; x_wconf 89' lang='lat' dir='ltr'><strong>alienos</strong></span> <span class='ocrx_word' id='word_1_774' title='bbox 2769 5179 2976 5249; x_wconf 89' lang='lat' dir='ltr'><strong>opinor</strong></span> <span class='ocrx_word' id='word_1_775' title='bbox 3013 5193 3046 5236; x_wconf 87' lang='lat' dir='ltr'><strong>a</strong></span> <span class='ocrx_word' id='word_1_776' title='bbox 3088 5179 3400 5240; x_wconf 83' lang='lat' dir='ltr'><strong>catholica</strong></span> <span class='ocrx_word' id='word_1_777' title='bbox 3439 5186 3767 5259; x_wconf 84' lang='lat' dir='ltr'><strong>Ecclesia,</strong></span> <span class='ocrx_word' id='word_1_778' title='bbox 3812 5189 3872 5242; x_wconf 90' lang='lat' dir='ltr'><strong>et</strong></span> 
     </span>
    </p>
   </div>
   <div class='ocr_carea' id='block_1_108' title="bbox 2134 5267 2724 5325">
    <p class='ocr_par' dir='ltr' id='par_1_108' title="bbox 2134 5267 2724 5325">
     <span class='ocr_line' id='line_1_108' title="bbox 2134 5267 2724 5325; baseline -0.002 -2"><span class='ocrx_word' id='word_1_779' title='bbox 2134 5268 2482 5324; x_wconf 89' lang='lat' dir='ltr'><strong>anathemati</strong></span> <span class='ocrx_word' id='word_1_780' title='bbox 2522 5267 2724 5325; x_wconf 90' lang='lat' dir='ltr'><strong>subdo.</strong></span> 
     </span>
    </p>
   </div>
   <div class='ocr_carea' id='block_1_109' title="bbox 2205 5357 3877 5429">
    <p class='ocr_par' dir='ltr' id='par_1_109' title="bbox 2205 5357 3877 5429">
     <span class='ocr_line' id='line_1_109' title="bbox 2205 5357 3877 5429; baseline 0.004 -17"><span class='ocrx_word' id='word_1_781' title='bbox 2205 5357 2359 5412; x_wconf 89' lang='lat' dir='ltr'><strong>Elias</strong></span> <span class='ocrx_word' id='word_1_782' title='bbox 2398 5357 2799 5414; x_wconf 90' lang='lat' dir='ltr'><strong>sanctissimus</strong></span> <span class='ocrx_word' id='word_1_783' title='bbox 2835 5359 3138 5429; x_wconf 89' lang='lat' dir='ltr'><strong>episcopus</strong></span> <span class='ocrx_word' id='word_1_784' title='bbox 3177 5357 3374 5414; x_wconf 71' lang='lat' dir='ltr'><strong>Cretr.</strong></span> <span class='ocrx_word' id='word_1_785' title='bbox 3421 5362 3611 5421; x_wconf 77' lang='lat' dir='ltr'><strong>dixit</strong></span> <span class='ocrx_word' id='word_1_786' title='bbox 3637 5384 3654 5421; x_wconf 94' lang='lat'><strong>:</strong></span> <span class='ocrx_word' id='word_1_787' title='bbox 3679 5361 3877 5423; x_wconf 83' lang='lat' dir='ltr'><strong>Desti-</strong></span> 
     </span>
    </p>
   </div>
   <div class='ocr_carea' id='block_1_110' title="bbox 2135 5445 3881 5525">
    <p class='ocr_par' dir='ltr' id='par_1_110' title="bbox 2135 5445 3881 5525">
     <span class='ocr_line' id='line_1_110' title="bbox 2135 5445 3881 5525; baseline 0.006 -25"><span class='ocrx_word' id='word_1_788' title='bbox 2135 5451 2296 5502; x_wconf 83' lang='lat' dir='ltr'><strong>natas</strong></span> <span class='ocrx_word' id='word_1_789' title='bbox 2336 5445 2556 5504; x_wconf 88' lang='lat' dir='ltr'><strong>litteras</strong></span> <span class='ocrx_word' id='word_1_790' title='bbox 2597 5446 2668 5504; x_wconf 88' lang='lat' dir='ltr'><strong>ab</strong></span> <span class='ocrx_word' id='word_1_791' title='bbox 2705 5448 2938 5504; x_wconf 90' lang='lat' dir='ltr'><strong>Oriente</strong></span> <span class='ocrx_word' id='word_1_792' title='bbox 2973 5461 3216 5519; x_wconf 88' lang='lat' dir='ltr'><strong>sequens</strong></span> <span class='ocrx_word' id='word_1_793' title='bbox 3255 5454 3627 5513; x_wconf 86' lang='lat' dir='ltr'><strong>consentio</strong></span> <span class='ocrx_word' id='word_1_794' title='bbox 3675 5463 3740 5511; x_wconf 89' lang='lat' dir='ltr'><strong>et</strong></span> 
     </span>
    </p>
   </div>
   <div class='ocr_carea' id='block_1_111' title="bbox 2134 5548 2338 5591">
    <p class='ocr_par' dir='ltr' id='par_1_111' title="bbox 2134 5548 2338 5591">
     <span class='ocr_line' id='line_1_111' title="bbox 2134 5548 2338 5591; baseline -0.01 -1"><span class='ocrx_word' id='word_1_795' title='bbox 2134 5548 2338 5591; x_wconf 78' lang='lat' dir='ltr'><strong>CISCOI‘.</strong></span> 
     </span>
    </p>
   </div>
  </div>
