4012 6162
240 295 323 352 ace
522 332 525 335 .
961 287 1508 345 lNTERPRETATIO
1544 286 1792 343 SYNODI
1829 287 1923 341 vn
1961 284 2445 342 GENERALIS.-—
2471 286 2673 346 xeno
2710 292 2799 345 ιιι.
3472 296 3580 355 270

282 416 561 475 Stauracius
591 414 997 471 sanctissimus
1015 417 1319 486 episcopus
1336 412 1894 473 ChalcedonensisA
1925 418 2079 483 sunt,
2134 413 2366 469 intenta
2414 415 2622 471 mentis
2668 416 2853 473 visum
2912 417 3172 491 inﬁgens,
3246 437 3343 491 per
3389 425 3584 481 omnia

226 509 366 565 dixit:
384 505 547 561 Lectis
568 504 784 559 litteris
809 502 1158 561 sanctissimi
1184 511 1240 560 et
1260 505 1578 562 beatissimi
1600 507 1817 562 archie-

227 594 397 668 piscopi
418 599 468 649 et
510 591 867 663 patriarcha,
895 607 991 649 eas
1037 608 1161 665 qua
1199 593 1270 649 ab
1300 593 1614 651 Orientalis
1662 595 1817 659 dia-.-

227 699 374 742 ceseos
412 682 640 739 summis
682 681 1079 739 sacerdotibus
1120 683 1417 739 destinata
1457 688 1611 755 sunt,
1645 684 1814 740 talem

224 758 563 846 proprietatem
595 770 805 851 habere
832 771 901 825 ad
932 771 1063 827 illas
1087 786 1211 842 qua
1242 776 1377 828 sunt
1404 772 1817 829 Constantino—

221 861 412 934 politani
441 859 728 931 pontiﬁcis
753 859 1021 930 arbitror,
1054 865 1117 916 ut
1147 861 1305 917 nulla
1334 861 1641 917 diversitas
1667 862 1818 919 inter

214 952 314 1007 illas
346 962 455 1005 esse
494 947 781 1018 videatur,
831 949 925 1004 sed
978 947 1222 1018 perfecta
1259 949 1566 1005 identitas:
1617 951 1695 1007 ita
1754 956 1819 1009 ut

219 1053 358 1095 unum
384 1042 628 1108 utraque
652 1038 793 1108 sint,
823 1038 879 1093 id
905 1042 1011 1107 est,
1046 1037 1224 1107 plena
1249 1039 1403 1095 omni
1453 1040 1816 1097 orthodoxia.

211 1130 403 1197 Propter
438 1127 586 1196 quod
617 1130 674 1180 et
718 1140 821 1198 ego
866 1125 946 1181 ita
987 1126 1279 1198 conﬁteor,
1324 1132 1381 1183 et
1422 1127 1642 1185 alienos
1692 1143 1819 1187 reor

213 1229 325 1284 esse,
346 1215 434 1285 qui
466 1215 544 1271 ita
577 1228 691 1272 non
723 1215 997 1271 sentiunt.

259 1323 587 1393 Nicephorus
654 1322 1058 1379 sanctissimus
1128 1324 1432 1394 episcopus
1514 1326 1814 1397 Dyrrachii

210 1412 352 1467 dixit:
381 1412 694 1468 Destinatis
741 1411 812 1467 ab
858 1412 1113 1467 Orientis
1142 1413 1383 1469 summis
1425 1415 1819 1472 sacerdotibus

205 1500 490 1557 orthodoxis
540 1500 759 1556 litteris
809 1499 877 1555 ad
922 1501 1217 1557 Tarasium
1250 1501 1679 1558 sanctissimum
1728 1519 1819 1575 pa-

205 1590 464 1646 triarcham
493 1589 785 1646 assentior
807 1594 863 1646 et
886 1591 1189 1663 concordo,
1216 1596 1271 1647 et
1296 1605 1490 1647 eorum
1523 1607 1648 1663 qua
1672 1607 1818 1649 con—

201 1678 306 1734 fessi
331 1681 453 1734 sunt
493 1677 913 1748 expositionem
941 1678 1188 1749 recipio:
1219 1683 1275 1735 et
1298 1693 1396 1736 eos
1432 1680 1533 1752 qui
1580 1680 1662 1737 ita
1704 1696 1817 1738 non

201 1766 434 1838 sentiunt,
478 1766 923 1823 anathematizo.

251 1872 591 1943 Epiphanius
612 1875 726 1929 Deo
751 1873 1020 1929 amabilis
1061 1874 1341 1931 diaconus
1380 1875 1645 1932 Ecclesia
1663 1877 1819 1933 Cata-

198 1976 278 2029 na,
316 1967 366 2016 et
408 1961 602 2017 locum
645 1967 845 2020 tenens
889 1963 1114 2019 Thoma
1156 1963 1508 2019 sanctissimi
1561 1964 1815 2035 episcopi

193 2049 451 2120 Sardinia,
486 2052 680 2107 dixit:
713 2053 916 2109 Verum
968 2056 1073 2123 est,
1118 2052 1256 2123 quia
1305 2051 1416 2108 favi
1447 2053 1634 2108 mellis
1681 2059 1817 2109 sunt

193 2139 333 2195 verba
350 2140 520 2197 bona:
558 2140 809 2197 dulcedo
843 2144 1031 2197 autem
1079 2154 1275 2196 eorum
1323 2141 1541 2197 sanitas
1587 2142 1813 2211 anima,

194 2229 318 2285 sicut
338 2230 618 2300 scriptum
667 2227 953 2300 est(Prov.
1006 2229 1151 2302 xv1).
1200 2230 1383 2301 Igitur
1406 2244 1533 2286 ecce
1574 2235 1631 2286 et
1660 2245 1822 2301 syno-

191 2316 306 2372 dica
325 2318 522 2374 littera
552 2333 685 2390 qua
707 2318 873 2375 modo
904 2318 1060 2375 lecta
1084 2324 1239 2389 sunt,
1269 2319 1621 2375 sanctissimi
1651 2320 1820 2393 regia

191 2407 734 2479 Constantinopoleos
773 2407 1192 2478 archiepiscopi
1230 2422 1385 2463 nova
1432 2410 1642 2479 Roma,
1677 2423 1820 2479 quas

190 2496 243 2551 ad
296 2498 544 2554 Orientis
615 2496 1132 2554 orthodoxissimos
1193 2511 1447 2553 summos
1498 2498 1822 2554 sacerdotes

192 2587 505 2658 transmisit;
560 2593 622 2644 et
670 2586 787 2642 illa
834 2600 960 2657 qua
1009 2585 1081 2642 ab
1131 2585 1278 2656 ipsis
1325 2587 1615 2656 rescripta
1663 2595 1819 2660 sunt,

187 2673 314 2731 dulci
371 2691 435 2733 ac
481 2674 783 2733 odorifero
838 2673 960 2731 favo
1031 2674 1164 2730 ﬁdei
1214 2679 1541 2731 sanctorum
1590 2677 1819 2732 Patrum

190 2762 482 2837 elllorentes,
537 2764 806 2822 omnium
855 2769 1115 2820 nostrum
1169 2763 1571 2835 intelligibiles
1620 2779 1824 2821 sensus

189 2854 432 2909 suavitate
466 2855 828 2926 rigaverunt,
862 2856 918 2907 et
940 2852 1133 2907 animo
1174 2852 1234 2907 in
1280 2850 1389 2908 ﬁde
1430 2853 1824 2911 claudicantes

190 2940 385 2998 robusta
431 2941 749 2999 orthodoxi
812 2941 1026 2996 virtute
1088 2940 1407 3013 magisterii
1456 2948 1816 2999 sanaverunt.

1848 1735 1899 1796 Β

1926 506 2252 557 sanctorum
2309 504 2537 558 Patrum
2610 506 3019 562 concordantes
3068 509 3399 567 orthodoxa
3450 513 3581 569 ﬁdei

1928 601 2027 658 per
2051 589 2349 645 lectionem
2377 591 2660 662 cognovit.
2711 594 2953 665 Ideoque
2978 608 3106 650 cum
3136 596 3257 651 illis
3308 597 3425 654 hac
3464 614 3583 656 sen-

1929 676 2098 747 tiens,
2128 678 2345 747 recipio
2365 684 2422 733 et
2450 679 2637 736 saluto
2671 694 2864 737 sacras
2887 686 2943 737 et
2976 684 3329 741 venerabiles
3356 686 3586 744 iconas:

1929 768 1985 818 et
2012 764 2309 822 manifeste
2334 780 2531 823 vocum
2562 769 2867 825 novitatem
2899 785 3026 841 qua
3069 770 3217 829 facta
3247 778 3333 830 est
3361 776 3586 845 synodi:

1931 867 2056 923 qua
2082 855 2322 925 septima
2350 858 2703 914 susurrando
2727 859 2965 929 dicitur,
3018 873 3236 917 necnon
3262 867 3319 917 et
3358 877 3457 920 eos
3486 865 3587 936 qui

1929 955 2059 997 cum
2090 943 2191 998 illa
2218 944 2470 1015 sapiunt,
2504 946 2999 1005 anathematismis
3026 951 3373 1012 transmitte,

1999 1049 2340 1106 Anastasius
2416 1052 2819 1109 sanctissimus
2883 1055 3189 1126 episcOpus
3252 1059 3593 1130 Nicopoleos

1928 1138 2135 1194 veteris
2162 1139 2323 1208 Epiri
2350 1140 2533 1196 dixit:
2572 1141 2993 1200 Concordantes
3029 1144 3261 1202 intuens
3291 1149 3593 1219 synodicas

1930 1226 2155 1283 litteras
2196 1229 2415 1284 Tarasii
2458 1231 2813 1287 sanctissimi
2843 1233 3202 1307 patriarcha,
3236 1240 3292 1291 et
3317 1238 3594 1309 rescripta

1928 1328 2123 1372 earum
2154 1332 2281 1387 qua
2309 1317 2381 1373 ab
2419 1318 2675 1375 Orientis
2715 1321 2959 1377 summis
2990 1324 3387 1382 sacerdotibus
3421 1326 3595 1383 missa

1930 1409 2084 1475 sunt,
2133 1406 2430 1462 consentio
2480 1407 2622 1476 illis,
2680 1414 2736 1464 et
2790 1410 3064 1467 conﬁteor
3125 1412 3205 1468 ita
3271 1426 3486 1484 sapere,
3537 1418 3595 1470 et

1930 1508 2111 1565 usque
2160 1495 2220 1551 in
2247 1496 2411 1552 ﬁnem
2466 1497 2751 1555 innocuus
2798 1514 3142 1570 permanere.
3173 1504 3243 1559 Et
3290 1504 3508 1574 recipio
3538 1509 3595 1561 et

1929 1582 2117 1639 saluto
2142 1584 2495 1641 venerabiles
2533 1591 2589 1641 et
2632 1601 2823 1644 sacras
2856 1588 3084 1646 iconas:
3136 1597 3191 1648 et
3212 1591 3311 1664 qui
3356 1593 3436 1649 ita
3480 1606 3591 1651 non

1930 1671 2184 1741 sapiunt,
2222 1674 2571 1731 anathemati
2613 1676 2912 1735 submitte.

1997 1779 2239 1835 Joannes
2255 1781 2659 1839 sanctissimus
2675 1784 2979 1854 episcopus
2990 1787 3381 1844 Tauromenia
3409 1788 3586 1845 dixit:
3654 1852 3661 1857 ,

1927 1864 2090 1921 Sicut
2116 1881 2293 1923 unum
2320 1869 2630 1926 sentientes
2654 1873 3045 1944 convenimus,
3078 1875 3157 1930 ita
3199 1880 3256 1931 et
3286 1890 3467 1933 unum
3509 1876 3595 1933 di-

1928 1967 2053 2009 cere
2077 1955 2413 2013 didicimus.
2436 1959 2929 2018 Concordantihus
2953 1962 3134 2034 igitur
3155 1965 3450 2034 synodicis
3473 1966 3593 2036 api-

1928 2042 2094 2098 cibus
2117 2044 2338 2102 Taraeii
2367 2047 2721 2103 sanctissimi
2750 2050 3112 2122 patriarcha,
3135 2052 3233 2122 qui
3262 2052 3395 2108 lecti
3428 2057 3585 2125 sunt,

1931 2130 2145 2201 quique
2169 2133 2444 2189 destinati
2474 2133 2710 2192 fuerunt
2737 2132 2808 2192 ab
2832 2151 2897 2193 eo
2922 2138 2990 2193 ad
3018 2137 3275 2195 Orientis
3301 2140 3595 2197 sanctissi-

1930 2232 2054 2276 mos
2087 2222 2427 2293 sacerdotes,
2457 2228 2513 2278 et
2557 2224 2856 2295 rescriptis
2882 2240 3007 2296 qua
3049 2226 3121 2282 ab
3149 2227 3272 2283 illis
3300 2228 3369 2284 ad
3404 2229 3592 2300 ipsum

1928 2307 2216 2365 destinata
2243 2317 2382 2367 sunt
2405 2318 2613 2369 sancta
2639 2318 2695 2369 et
2716 2314 3045 2371 orthodoxa
3094 2315 3225 2372 ﬁdei
3250 2331 3347 2373 sex
3374 2318 3595 2375 univer-

1931 2396 2141 2453 salium
2187 2400 2554 2470 synodorum,
2610 2401 2691 2457 ita
2734 2406 2790 2458 et
2835 2417 2938 2475 ego
2985 2404 3155 2460 credo
3210 2406 3493 2476 recipiens
3540 2412 3597 2462 et

1930 2487 2176 2542 adorans
2224 2494 2451 2544 sanctas
2480 2493 2536 2544 et
2563 2490 2917 2547 venerabiles
2948 2492 3259 2564 imagines:
3300 2498 3357 2549 et
3400 2494 3458 2549 in
3491 2495 3596 2551 hac

1932 2575 2248 2633 orthodoxa
2312 2576 2422 2632 ﬁde
2488 2577 2685 2634 vivens
2731 2584 2864 2649 opto
2918 2585 3106 2636 astare
3151 2586 3283 2638 ante
3338 2582 3596 2640 tribunal

1931 2662 2148 2719 Christi
2179 2678 2307 2720 cum
2337 2665 2578 2722 ﬁducia:
2610 2672 2666 2723 et
2691 2667 2790 2739 qui
2836 2668 2924 2725 sic
2972 2683 3085 2725 non
3140 2670 3416 2744 sentiunt,
3468 2684 3598 2729 ana-

1935 2751 2125 2809 thema
2152 2753 2291 2809 sint.

2003 2859 2315 2931 Gregorius
2339 2861 2741 2919 sanctissimus
2766 2862 3072 2935 episcopus
3097 2865 3593 2925 Pisinuntensium

1936 2946 2228 3004 similiter.

186 3026 502 3104 Quapropter
527 3037 593 3089 et
619 3045 721 3104 ego
746 3030 839 3086 his
866 3031 1025 3100 paria
1055 3030 1304 3102 sapiens,
1344 3030 1586 3121 admitto
1610 3037 1667 3121 et
1708 3046 1822 3088 am—
1853 3056 1903 3121 Ο
2005 3036 2203 3093 Niceta
2229 3038 2632 3096 sanctissimus
2651 3040 2957 3112 episcopus
2977 3042 3415 3114 Claudiopoleos
3440 3045 3597 3102 simi-

190 3119 366 3187 plector
404 3120 770 3178 venerabiles
816 3119 1096 3191 imagines
1155 3120 1467 3176 secundum
1526 3120 1823 3191 antiquam

186 3211 656 3267 consuetudinem.
686 3210 757 3264 Et
802 3208 948 3265 illud
975 3208 1356 3279 apostaticum
1401 3223 1593 3265 revera
1640 3211 1829 3267 conci-

190 3295 323 3369 lium,
351 3301 499 3372 quod
534 3298 782 3381 quidam
806 3298 977 3353 etiam
1028 3297 1350 3367 septimam,
1400 3312 1512 3354 non
1533 3299 1683 3369 jure,
1726 3298 1821 3354 sed

186 3384 503 3458 desipientes
529 3391 877 3457 nuncupant
914 3387 1229 3458 synodum;
1257 3400 1475 3443 necnon
1517 3392 1575 3443 et
1601 3401 1697 3443 eos
1723 3387 1824 3459 qui

189 3474 409 3546 idipsum
448 3478 717 3549 sapiunt,
748 3475 1113 3533 terribilibus
1143 3475 1472 3533 transmitte
1505 3476 1827 3533 anathema-

188 3563 334 3621 tibus.

238 3580 334 3623 ius.

238 3656 332 3711 Leo
375 3655 790 3713 sanctissimus
832 3654 1174 3725 prapositus
1224 3651 1281 3711 et
1333 3654 1521 3712 locum
1572 3654 1823 3712 retinens

186 3747 533 3816 metr0poleos
556 3744 713 3800 Sida
732 3743 914 3799 dixit:
954 3743 1153 3801 Gratia
1193 3743 1409 3800 Christi
1453 3745 1567 3800 veri
1601 3745 1703 3801 Dei
1731 3758 1827 3801 no-

184 3832 288 3901 stri,
310 3834 628 3891 destinatis
652 3832 867 3888 litteris
890 3831 961 3888 ab
981 3831 1237 3888 Orientis
1258 3832 1500 3888 summis
1521 3833 1826 3889 sacerdoti-

182 3918 271 3977 bus
291 3923 354 3978 ad
397 3922 709 3979 Tarasium
744 3920 1173 3977 sanctissimum
1217 3920 1712 3991 archiepiscopum
1768 3927 1826 3977 et

184 4011 563 4084 patriarcham,
614 4023 827 4082 annuo,
859 4014 913 4065 et
961 4022 1291 4079 permaneo:
1340 4014 1397 4064 et
1442 4023 1538 4066 eos
1587 4011 1685 4082 qui
1742 4011 1823 4067 ita

182 4109 275 4153 non
302 4101 559 4171 sapiunt,
589 4098 941 4155 anathemati
969 4097 1320 4155 transmitto.

234 4205 496 4263 Nicolaus
516 4203 1034 4262 reverendissimus
1054 4205 1368 4261 monachus
1387 4209 1444 4261 et
1468 4205 1822 4278 hegumenus

182 4296 492 4351 monasterii
564 4294 732 4367 Apri,
799 4298 855 4349 et
913 4293 1101 4351 locum
1149 4293 1404 4349 retinens
1447 4295 1821 4366 metropoleos

176 4381 565 4458 Tyanensium,
600 4382 982 4455 promulgavit
1028 4382 1320 4439 similiter.

238 4488 546 4564 Gregorius
622 4488 1026 4546 sanctissimus
1097 4489 1403 4561 episcopus
1460 4492 1825 4549 Neocasaria

176 4574 337 4633 dixit:
365 4579 696 4635 Destinatis
721 4577 934 4634 litteris
961 4592 994 4633 a
1035 4578 1278 4635 summis
1303 4580 1696 4637 sacerdotibus
1724 4591 1822 4652 qui

181 4660 229 4717 in
250 4664 476 4723 Oriente
504 4672 667 4737 sunt,
694 4666 764 4723 ad
803 4666 1100 4723 Tarasium
1133 4667 1562 4725 sanctissimum
1592 4670 1831 4739 patriar-

1850 4423 1904 4485 D

1936 3124 2087 3182 liter.

2006 3214 2255 3272 Basilius
2284 3216 2684 3274 sanctissimus
2732 3219 3036 3290 episcopus
3080 3221 3248 3292 Sylai
3296 3222 3590 3280 similiter.

2006 3321 2244 3377 Michael
2286 3323 2690 3380 sanctissimus
2716 3325 3021 3396 episcopus
3058 3327 3472 3397 Synadensium
3521 3330 3595 3386 si.

1938 3408 2172 3465 militer.

2005 3497 2335 3555 Theodorus
2376 3500 2781 3559 sanctissimus
2804 3501 3109 3573 episcopus
3142 3504 3491 3575 Myrensium
3518 3506 3597 3563 si-

1937 3585 2177 3642 militer.

2007 3676 2114 3732 Leo
2143 3677 2551 3735 sanctissimus
2597 3679 2902 3751 episcOpus
2948 3682 3129 3738 Iconii
3155 3682 3447 3740 similiter.

2006 3783 2115 3839 Leo
2140 3785 2545 3843 sanctissimus
2576 3787 2884 3858 episcOpus
2908 3788 3094 3845 Rhodi
3121 3790 3412 3847 similiter.

2004 3891 2287 3963 Georgius
2335 3893 2738 3952 sanctissimus
2794 3895 3097 3968 episcopus
3154 3897 3389 3955 Pisidia
3437 3899 3596 3955 simi-

1935 3978 2087 4036 liter.

2004 4087 2343 4145 Eustathius
2366 4091 2770 4149 sanctissimus
2795 4092 3099 4164 episcopus
3123 4094 3412 4151 Laodicea
3436 4094 3594 4152 simi.

1933 4176 2086 4233 liter.

1999 4285 2410 4345 Constantinus
2425 4288 2828 4346 sanctissimus
2856 4289 3161 4361 episcOpus
3196 4292 3384 4363 Perga
3420 4290 3591 4347 simi—

1937 4372 2086 4430 liter.

2005 4481 2335 4539 Theodorus
2359 4483 2761 4541 sanctissimus
2789 4483 3094 4555 episcopus
3122 4484 3395 4541 Seleucia
3435 4484 3595 4541 simi-

1938 4568 2091 4626 liter.

2006 4659 2461 4731 The0phylactus
2526 4664 2640 4719 Deo
2698 4662 2968 4719 amabilis
3028 4663 3308 4721 diaconus
3385 4668 3442 4721 et
3515 4665 3597 4721 vi-

176 4752 337 4825 cham,
363 4757 693 4829 consentio,
743 4759 798 4811 et
835 4755 1095 4828 admitto,
1139 4761 1310 4828 atque
1357 4757 1545 4815 saluto
1603 4764 1820 4816 sanctas

1973 4748 2130 4805 arius
2157 4749 2734 4820 Stauropolitensium
2776 4751 3153 4824 metropoleos
3190 4753 3481 4810 similiter.

182 4840 439 4917 imagines
477 4861 549 4902 ac
594 4844 948 4903 venerabiles
993 4845 1222 4901 iconas:
1276 4849 1452 4903 et.eos
1476 4848 1576 4920 qui
1608 4849 1688 4905 ita
1714 4863 1825 4907 non

178 4934 408 5009 sapiunt,
436 4934 799 4992 anathemati
850 4933 1145 4991 submitte.

234 5042 569 5101 Theodorus
606 5042 1009 5101 sanctissimus
1055 5043 1361 5115 episcOpus
1389 5046 1611 5104 Catena
1636 5048 1818 5105 dixit:

178 5129 267 5197 Qui
293 5134 538 5203 pietatis
571 5132 919 5189 meditantur
944 5131 1195 5202 modum,
1225 5133 1319 5191 his
1336 5135 1538 5207 utique
1561 5143 1618 5193 et
1636 5140 1827 5196 ortho-

182 5218 340 5277 dexia
386 5236 587 5278 sermo
629 5219 889 5293 refulget.
938 5220 1330 5291 Competenter
1377 5225 1558 5297 igitur
1599 5233 1656 5283 et
1702 5243 1824 5285 mea

184 5306 405 5369 brevitas
430 5311 608 5369 lectis
622 5310 802 5368 sacris
817 5323 881 5365 ac
906 5310 1200 5380 synodicis
1225 5311 1440 5370 litteris
1466 5317 1820 5373 sanctissimi

186 5404 229 5450 et
267 5400 599 5459 beatissimi
645 5400 849 5472 regina
914 5398 1214 5456 civitatum
1281 5405 1490 5460 summi
1558 5408 1824 5476 prasulis

186 5486 399 5563 Tarasii,
432 5506 591 5565 quas
614 5490 681 5546 ad
703 5503 800 5545 eos
814 5487 913 5559 qui
942 5486 1003 5543 in
1023 5488 1255 5545 Oriente
1280 5497 1432 5565 sunt,
1463 5496 1817 5552 transmisit:

191 5576 561 5639 nihilominus
600 5585 655 5637 et
702 5578 794 5634 his
823 5591 946 5652 qua
987 5583 1059 5641 ab
1083 5575 1168 5635 eis
1214 5579 1284 5635 ad
1334 5582 1522 5654 ipsum
1587 5583 1819 5643 directa

2006 4855 2277 4912 Nicolaus
2296 4857 2697 4915 sanctissimus
2721 4859 3025 4932 episcopus
3050 4860 3416 4934 Hierapoleos
3436 4861 3596 4919 simi-

1937 4943 2089 5001 liter.

2007 5036 2114 5091 Leo
2156 5034 2557 5091 sanctissimus
2603 5036 2909 5108 episcopus
2959 5038 3231 5111 Carpathi
3294 5040 3588 5097 similiter.

2003 5142 2332 5199 Theodorus
2366 5142 2768 5201 sanctissimus
2813 5145 3117 5217 epis00pus
3162 5148 3383 5205 Amorii
3436 5147 3593 5203 simi-

1936 5231 2087 5287 liter.

2002 5321 2450 5392 Christophorus
2471 5323 2874 5382 sanctissimus
2894 5325 3198 5397 episc0pus
3222 5324 3493 5383 Phasidis
3518 5323 3593 5380 si-

1936 5410 2171 5466 militer.
2962 5432 2967 5437 δ

2002 5499 2253 5570 Cyrillus
2276 5502 2588 5561 monachus
2601 5508 2658 5562 et
2674 5503 2862 5562 locum
2885 5508 3083 5561 tenens
3102 5503 3313 5562 Niceta
3334 5498 3587 5573 episcOpi

1932 5586 2174 5661 Gothia,
2227 5588 2520 5648 similiter.
