4012 6162
422 279 524 338 274
1665 289 2023 344 ANASTASII
2069 288 2554 344 BIBLIOTHECAR
2561 290 2607 344 II
3682 299 3769 358 ῇὲ

499 405 731 477 Reliqui
781 407 1132 464 sanctissimi
1185 407 1439 478 episcopi
1497 403 1697 480 [atque
1745 409 2155 471 monasticaA
2247 411 2518 468 Tarasius
2538 413 2940 470 sanctissimus
2960 411 3264 482 episcopus
3286 416 3588 484 patriarcha
3611 422 3766 480 dixit:

418 494 820 572 dignitatesa]
859 497 1378 568 promulgaverunt.
2176 501 2476 556 Contentio
2530 502 2769 572 quievit,
2821 509 2876 557 et
2915 501 3139 557 medius
3188 503 3371 572 paries
3422 506 3658 566 sublatus
3699 519 3774 568 est

488 591 625 645 Tota
673 587 924 658 synodus
957 601 1082 656 qua
1115 599 1212 655 per
1249 586 1490 657 gratiam
1537 586 1754 641 Christi
1808 587 1923 642 veri
1967 587 2068 641 Dei
2180 587 2542 643 inimicitia:
2570 589 2795 660 Oriens,
2818 590 3116 658 Occidens,
3145 591 3454 660 Septentrio
3489 601 3542 649 et
3566 597 3775 655 Mesem-

419 676 1032 748 nostri,etamatricem
1051 675 2064 744 pietatissanctioncmtranquillissi'
2179 669 2326 742 bria,
2359 677 2466 732 sub
2489 677 2629 749 jugo
2655 693 2770 734 uno
2799 685 2854 733 et
2892 692 3001 734 una
3026 680 3396 736 consonantia
3425 679 3550 738 facti
3584 701 3771 744 sumus.

418 780 638 824 morum
684 771 741 821 et
781 763 1229 820 orthodoxorum
1274 763 1679 833 imperatorum
1740 769 2065 820 nostrorum
2247 765 2450 820 Sancta
2487 765 2736 835 synodus
2773 766 2956 821 dixit:
3007 765 3206 822 Gloria
3246 767 3372 838 tibi,
3419 771 3656 842 Domine,
3693 777 3776 845 qui

415 859 753 927 congregata
782 857 887 924 est,
923 852 1254 908 relationem
1277 866 1403 922 qua
1433 849 1580 907 facta
1605 856 1693 907 est
1715 851 1786 907 ab
1813 850 2066 908 Adriano
2178 853 2361 908 unisti
2389 866 2510 909 nos.

415 959 556 1016 papa
583 943 1038 1012 seniorislioma
1057 941 1128 997 ad
1150 940 1671 998 orthodoxissimos
1694 941 2066 1011 imperatores
2242 941 2512 998 Tarasius
2548 943 2952 1000 sanctissimus
3003 943 3326 1014 patriarcha
3367 946 3543 1002 dixit:
3583 950 3782 1008 Gratias

415 1039 660 1103 nostros,
684 1039 742 1088 et
769 1033 1022 1088 chartam
1053 1029 1384 1086 orthodoxa
1419 1029 1780 1085 deﬁnitionis
1813 1030 2067 1086 sanctis—
2176 1029 2414 1100 paciﬂco
2436 1030 2666 1086 Christo
2682 1045 2812 1087 vero
2831 1033 2944 1088 Deo
2962 1037 3156 1090 nostro
3173 1047 3302 1089 cum
3330 1033 3490 1091 Patre
3512 1043 3566 1092 et
3587 1038 3781 1108 Spiritu

413 1122 616 1178 simiet
632 1119 949 1177 beatissimi
983 1117 1322 1188 patriarcha
1345 1117 1589 1185 Tarasii,
1609 1131 1733 1188 qua
1752 1132 1902 1173 nunc
1919 1119 2064 1174 lecta
2175 1121 2390 1188 sancto,
2422 1117 2480 1173 in
2512 1118 2752 1175 saculal

411 1215 535 1280 est;
585 1215 755 1280 atque
806 1208 1029 1264 litteras
1059 1220 1185 1276 qua
1231 1205 1300 1260 ad
1356 1204 1773 1262 beatitudinem
1817 1206 1942 1276 ejus
1991 1207 2062 1262 ab
2243 1207 2448 1262 Sancta
2473 1209 2727 1277 synodus
2765 1209 3039 1264 laudavit.

409 1298 664 1354 Orientis
680 1297 922 1354 summis
937 1294 1330 1352 sacerdotibus
1349 1293 1536 1356 missa
1550 1298 1706 1362 sunt,
1723 1294 1836 1350 reci
1843 1295 2063 1364 pientes
2243 1295 2454 1351 Multos
2489 1309 2670 1352 annos
2696 1297 3103 1366 imperatorum
3125 1299 3136 1352 l
3173 1299 3530 1356 Constantini
3554 1306 3608 1357 et
3634 1305 3788 1360 lrena

409 1387 817 1458 consentimus,
849 1391 906 1442 et
931 1386 1270 1456 salutamus,
1311 1387 1368 1439 et
1389 1383 1738 1440 honoranter
1755 1383 2062 1440 adoramus
2172 1397 2504 1454 magnorum
2524 1385 2930 1454 imperatorum
2953 1393 3008 1442 et
3028 1387 3354 1458 principum
3373 1391 3578 1446 multos
3595 1392 3780 1448 annos!

409 1490 599 1532 sacras
639 1481 696 1532 et
741 1475 1007 1532 colendas
1052 1475 1279 1530 iconas:
1314 1478 1370 1528 et
1417 1471 1917 1544 pseudosyllogum
1959 1473 2058 1543 qui
2169 1471 3054 1542 Orthodoxorumimpcratorum
3075 1475 3286 1532 multos
3307 1477 3512 1534 annos!
3539 1479 3790 1536 Custodes

407 1573 605 1622 contra
633 1579 730 1622 eas
755 1565 940 1620 factus
971 1568 1059 1622 est
1083 1563 1143 1618 in
1183 1561 1632 1618 destructionem
1673 1575 1890 1632 earum,
1919 1561 2064 1618 eﬁ‘o-
2171 1559 2600 1632 ﬁdei,Domine,
2621 1575 2779 1617 serva
2801 1561 2813 1615 ι
2839 1562 3226 1620 Auxiliatores
3249 1565 3536 1638 Ecclesia,
3555 1568 3787 1625 Domine.

405 1654 649 1727 dientes,
679 1651 1024 1708 anathemati
1054 1651 1360 1707 mittimus.
1393 1649 1498 1705 Sed
1523 1651 1676 1705 Deus
1699 1650 2060 1720 omnipotens
2170 1647 2366 1703 serva!
2418 1649 2559 1704 Novi
2622 1649 2982 1706 Constantini
3037 1656 3091 1708 et
3143 1667 3299 1708 nova
3347 1653 3564 1709 llelena
3604 1660 3792 1712 aterna

406 1747 698 1799 conservet
745 1741 1010 1798 dominos
1051 1743 1296 1812 nostros,
1353 1741 1410 1794 et
1472 1737 1903 1794 sanctissimum
1971 1753 2064 1810 pa-
2091 1739 2144 1800 Β
2172 1736 2471 1792 memorial
2500 1737 3096 1810 Paciﬁcam,Domine,
3119 1741 3318 1811 vitam,
3342 1741 3414 1797 da
3435 1741 3796 1799 eislPatriar-

405 1831 732 1888 triarcbam.
2169 1825 2408 1881 charum
2435 1825 2647 1881 multos
2673 1825 2887 1882 annosi
2919 1826 3077 1883 Sacri
3109 1835 3344 1885 senatus
3371 1829 3582 1886 multos
3603 1833 3790 1888 annosi

473 1967 498 1994 ι
520 1957 739 2012 Desunt
760 1954 934 2010 etiam
963 1952 1084 2010 hac
1113 1951 1174 2008 in
1203 1965 1307 2009 ms.
1336 1950 1591 2022 Jolyano.

1753 2243 2003 2312 ACTlO
2091 2243 2466 2329 QUABTA.

466 2549 528 2602 In
555 2547 783 2602 nomine
801 2543 1500 2601 Dominietdominatoris
1521 2543 1652 2599 Jesu
1673 2541 1888 2598 Christi
1919 2541 2039 2597 veri
2154 2539 2370 2596 litteris
2418 2555 2544 2612 qua
2589 2541 2746 2596 lecta
2789 2547 2944 2614 sunt,
2985 2540 3497 2599 sanctissimorum
3540 2543 3798 2599 virorum.

393 2637 496 2693 Dei
514 2633 979 2704 nostri.1mperio
999 2632 1392 2702 piissimorum
1410 2632 1800 2688 etamicorum
1821 2629 2041 2686 Christi
2151 2627 2405 2685 Orientis
2455 2629 2723 2685 videlicet
2761 2634 2818 2685 et
2868 2630 3216 2686 Occidentis.
3271 2633 3594 2688 concordes
3634 2630 3802 2688 effecti

393 2725 758 2782 dominorum
789 2726 1113 2778 nostrorum
1141 2719 1504 2776 Constantini
1530 2725 1586 2775 et
1638 2721 1812 2775 Irena
1850 2733 1882 2774 a
1929 2719 2044 2774 Deo
2153 2731 2372 2773 sumus.
2399 2718 2504 2774 Sed
2531 2719 2668 2790 quia
2695 2719 3066 2789 propheticus
3092 2719 3262 2776 nobis
3287 2735 3485 2777 sermo
3525 2720 3802 2790 pracipit:

394 2813 676 2870 redimita
745 2811 948 2866 matris
1015 2811 1159 2880 ejus,
1224 2813 1420 2864 octavo
1493 2821 1643 2864 anno
1706 2808 2044 2864 consulatus
2151 2803 2328 2874 Super
2346 2812 2578 2861 montem
2597 2808 2864 2862 excelsum
2887 2809 3135 2871 ascende,
3158 2810 3257 2878 qui
3277 2810 3626 2877 cvangelizas
3656 2808 3803 2864 Sion:

392 2915 613 2972 eorum,
643 2899 924 2956 Kalendas
952 2897 1233 2968 Octobris,
1267 2896 1586 2952 indictione
1612 2895 1932 2952 undecima.
2143 2893 2384 2962 pradicet
2412 2897 2470 2948 in
2497 2896 2844 2964 fortitudine,
2894 2911 3072 2950 vocem
3101 2901 3254 2951 tuam
3285 2898 3480 2952 exaltu
3527 2899 3626 2968 qui
3652 2911 3814 2952 evan-

461 2989 840 3046 Conveniente
883 2991 1076 3044 sancta
1103 2992 1159 3041 et
1189 2985 1500 3042 universali
1529 2985 1762 3058 synodo,
1788 2999 1912 3056 quae
1947 2999 2044 3054 per
2073 3026 2122 3091 Ο
2149 2982 2348 3047 gelizas
2392 2984 2721 3038 Jerusalem:
2747 2984 3062 3054 pradicate,
3119 3001 3188 3039 ne
3231 2987 3482 3040 timeatis
3529 2984 3666 3057 (Isa.
3698 2983 3806 3055 XL).

389 3079 646 3135 divinam
670 3077 910 3149 gratiam
935 3083 990 3131 et
1016 3075 1164 3144 piam
1193 3073 1542 3130 sanctionem
1574 3075 1900 3130 eorumdem
1943 3073 2046 3129 di—
2073 3061 2122 3091 υ
2152 3073 2305 3126 Hanc
2345 3085 2478 3144 ergo
2525 3073 2916 3143 propheticam
2975 3074 3426 3144 praceptionem
3499 3079 3810 3146 sequentes,

389 3167 614 3224 vinitus
639 3165 1104 3222 conﬁrmatorum
1138 3163 1546 3233 imperatorum
1573 3169 1911 3234 congregata
1959 3167 2045 3218 est
2155 3160 2476 3216 sacerdotes
2519 3160 2654 3232 viri,
2689 3162 3082 3232 pradicemus,
3115 3176 3282 3219 voces
3325 3168 3566 3220 nostras
3607 3161 3812 3218 exalte—

391 3257 454 3312 in
486 3255 866 3314 Nicaensium
899 3253 1052 3309 clara
1085 3251 1386 3322 metropoli
1417 3251 1876 3322 Bithyniensium
1906 3266 2047 3321 pro—
2156 3261 2302 3318 mus,
2341 3263 2533 3319 pacem
2583 3251 2992 3306 annuntiantes
3021 3251 3294 3307 Ecclesia
3325 3252 3657 3323 catholica,
3703 3263 3817 3321 qua

388 3345 632 3401 vincia:
660 3345 716 3400 id
743 3348 849 3414 est,
871 3344 1036 3399 Petro
1053 3341 1526 3398 reverendissimo
1547 3339 2043 3411 archipresbytero
2153 3340 2243 3392 est
2279 3351 2408 3393 vera
2450 3338 2600 3394 Sion
2646 3344 2702 3394 et
2744 3339 2950 3395 civitas
2991 3339 3244 3396 calestis
3286 3342 3454 3414 regis
3491 3340 3710 3398 Christi
3751 3339 3820 3392 De

389 3435 768 3492 sanctissimae
791 3434 1052 3488 Romana
1082 3431 1348 3487 Ecclesia
1379 3431 1558 3486 sancti
1588 3431 1832 3500 apostoli
1863 3431 2037 3504 Petri,
2151 3426 2354 3481 nostri.
2379 3425 2672 3494 Quomodo
2693 3433 2882 3482 autem
2905 3428 3002 3483 ﬁet
3019 3428 3123 3483 hoc
3143 3427 3170 3482 ‘I
3189 3428 3554 3486 Deferantur
3583 3428 3749 3486 nobis
3765 3427 3817 3482 in

381 3529 440 3580 et
465 3525 630 3581 Petro
659 3520 1134 3579 reverendissimo
1172 3519 1499 3590 presbytero
1532 3519 1810 3574 monacho
1847 3523 1904 3572 et
1930 3519 2041 3574 ab—
2150 3513 2400 3570 medium
2425 3515 2494 3570 ad
2515 3515 2868 3571 audientiam
2893 3516 3466 3588 gloriosissimorum
3495 3525 3815 3575 sanctorum

380 3613 509 3670 hate
531 3611 876 3669 venerabilis
901 3608 1234 3664 monasterii
1262 3607 1446 3662 sancti
1469 3607 1665 3662 Sabba
1691 3607 1879 3662 Roma
1909 3607 2032 3677 siti,
2145 3601 2374 3658 Patrum
2406 3603 2726 3661 volumina:
2759 3610 2816 3660 et
2853 3618 2920 3660 ex
2960 3605 3106 3675 ipsis
3149 3606 3526 3675 haurientes,
3571 3610 3822 3679 potemus

381 3699 767 3757 retinentibus
785 3699 973 3754 locum
995 3695 1327 3766 apostolica
1352 3695 1508 3750 sedis
1527 3693 1664 3749 almi
1699 3698 1758 3750 et
1783 3695 2038 3751 sanctis—
2145 3689 2362 3760 singuli
2391 3705 2613 3763 gregem
2637 3691 2804 3748 nobis
2824 3694 3214 3750 commissum.
3239 3697 3476 3753 Taliter
3501 3697 3660 3754 enim
3692 3700 3746 3751 et
3767 3695 3820 3750 in

381 3789 517 3844 simi
543 3785 962 3856 archiepiscOpi
985 3782 1234 3840 senioris
1259 3784 1450 3838 Roma
1473 3781 1748 3852 Adriani;
1779 3783 2038 3840 Tarasio-
2145 3790 2363 3832 omnem
2397 3784 2606 3835 terram
2636 3781 2822 3836 exibit
2850 3794 3028 3838 sonus
3053 3788 3267 3852 noster,
3297 3790 3362 3841 et
3389 3786 3456 3841 in
3489 3785 3642 3842 ﬁnes
3669 3791 3825 3840 terra

381 3890 492 3948 que
517 3876 668 3932 almo
686 3879 743 3930 et
767 3871 1132 3929 sanctissimo
1168 3870 1602 3941 archiepiscopo
1625 3870 1814 3942 magni
1839 3872 2034 3928 nomi—
2143 3865 2446 3922 verborum
2491 3868 2678 3925 virtus
2726 3875 3053 3926 nostrorum
3094 3869 3270 3942 (Psal.
3317 3874 3548 3948 xvui):
3611 3887 3713 3944 pro
3762 3885 3824 3927 eo

380 3964 474 4020 nis
530 3959 1100 4030 Constantinopoleos
1149 3973 1306 4016 nova
1353 3959 1561 4029 Roma,
1607 3963 1663 4014 et
1717 3959 1928 4015 Joanne
1965 3974 2032 4016 ac
2145 3955 2293 4025 quod
2325 3970 2435 4012 non
2459 3958 2862 4016 transferimus
2891 3959 3170 4016 terminos
3195 3976 3350 4031 quos
3379 3967 3717 4034 posuerunt
3746 3973 3830 4032 pa-

376 4052 590 4108 Thoma
641 4048 1136 4106 reverendissimis
1197 4047 1543 4118 presbyteris
1615 4048 1912 4104 monachis
1975 4053 2032 4104 et
2142 4047 2258 4098 tres
2283 4046 2486 4116 nostri,
2529 4049 2626 4103 sed
2653 4049 2966 4119 apostolico
2995 4049 3150 4105 docti
3175 4053 3456 4110 tenemus
3484 4053 3829 4110 traditiones

376 4139 613 4198 vicariis
637 4137 1081 4209 apostolicarum
1107 4137 1330 4192 sedium
1357 4136 1672 4192 Orientalis
1696 4136 2024 4193 dioeceseos.
2142 4145 2285 4202 quas
2317 4136 2661 4206 accepimus.

445 4227 900 4298 Sedentibusque
919 4231 1050 4282 ante
1078 4225 1540 4282 sacratissimum
1565 4225 1861 4281 ambonem
1880 4231 2029 4280 tem—

2246 4242 2620 4299 .onstantinus
2664 4243 3068 4302 sanctissimus
3097 4245 3425 4318 episcOpus
3476 4249 3830 4308 Constantia

377 4318 458 4410 pli
485 4317 863 4410 sanctissima
887 4329 1110 4410 magna:
1139 4313 1561 4410 Ecclesiae-quae
1589 4314 2030 4410 θρςῐξοιῐξίηξιῐιξν
2061 4349 2115 4410 D
2135 4326 2305 4396 Cypri
2331 4329 2518 4386 dixit:
2547 4333 2867 4389 Secundum
2893 4313 3270 4392 assertio—nem
3301 4313 3552 4397 :I‘arasii
3591 4338 3833 4397 sanctis-

373 4403 1564 4500 Sophia;praesentiliusetauscultaptibus
1578 4403 2028 4500 gloriosissimis
2061 4403 2108 4410 ”
2139 4415 2270 4471 simi
2297 4419 2635 4487 patriarchae
2655 4421 2988 4479 deferantur
3008 4423 3066 4478 in
3096 4424 3360 4482 medium
3385 4428 3566 4500 libri,
3597 4435 3657 4486 et
3683 4427 3836 4485 testi-

371 4503 431 4568 et
472 4493 1060 4569 magniﬁcentissimis
1109 4491 1493 4562 principibus,
1538 4492 1594 4547 id
1637 4498 1742 4563 est,
1786 4493 1950 4549 Petro

2251 4505 2330 4561 lia
2350 4506 2644 4566 beatorum
2669 4511 2920 4583 Patrum,
2942 4517 3000 4566 et
3018 4511 3248 4584 liquido
3288 4523 3530 4574 sancta
3555 4491 3706 4576 huic
3735 4531 3835 4588 sy—

372 4584 758 4642 famosissimo
782 4581 1088 4640 exconsule
1135 4580 1402 4652 patricio,
1429 4586 1486 4636 et
1505 4581 1713 4636 comite
1736 4582 1850 4638 Deo
1879 4595 2024 4638 con—
2137 4594 2284 4650 nodo
2312 4596 2656 4668 relegamur,

369 4675 579 4730 servati
623 4671 979 4744 imperatorii
1033 4669 1320 4740 obsequii,
1373 4675 1432 4725 et
1470 4670 1684 4726 Joanne
1721 4671 1953 4744 imperi:

2252 4705 2483 4763 eontius
2511 4706 2873 4764 clarissimus
2897 4721 2928 4764 a
2951 4709 3187 4766 secretis
3211 4711 3417 4769 dixit:
3452 4716 3752 4774 Proﬁcua
3775 4727 3836 4771 ac

372 4758 2020 4874 lofgfufﬁlrneffrfi
2133 4796 2351 4853 salubri
2365 4795 2616 4867 jussioni
2639 4796 2991 4852 sanctissimi
3017 4799 3397 4874 patriarcha,
3426 4811 3490 4860 et
3514 4803 3834 4862 consensui

369 4847 2022 4960 S3999?!“09933333133332f‘lfnn‘injh‘nnnff???"
2135 4847 2477 4942 universalis
2497 4886 2700 4956 synodi
2725 4886 2900 4956 hujus
2920 4847 3197 4960 parentes,
3226 4893 3284 4944 et
3310 4847 3481 4950 hanc
3515 4895 3841 4951 terminare

371 4943 658 5047 signatur?
677 4939 1106 5047 g‘pmﬁeptibus
1129 4939 1303 5040 etiam
1329 4943 1384 5047 ξπ
1407 4939 1520 4994 Deo
1543 4937 2022 5047 διηὶιδίηδυδξξν-
2131 4937 2474 5047 sagas;
2499 4937 3842 5041 ‘agiaiaagzraiaiaaa;“‘;;c';.;;;;;;2;.;

893 5029 2020 5136 P?§,‘EF}6P"§’_3}QE€3'PBE
2129 5029 2328 5120 libros.
2360 5029 2613 5132 Quorum
2651 5063 2872 5132 primus
2893 5069 2980 5119 est
2999 5064 3288 5121 divinitus
3317 5069 3572 5129 electus
3594 5079 3657 5136 et
3685 5071 3844 5129 scri-

370 5119 757 5234 jilegitudine;
785 5117 1097 5189 propositis
1127 5116 1344 5172 sanctis
1373 5121 1430 5171 et
1451 5115 1806 5172 intemeratis
1829 5118 2020 5173 Evan—
2129 5115 3657 5234 ‘éggm‘ét'nahé'br;
3686 5115 3845 5218 δὲ-

363 5208 701 5318 εθξέξξΛΜ
726 5294 1123 5318 “unum”
1147 5293 1468 5318 nm,th
1510 5293 1655 5318 Mn“
1683 5311 1694 5318 _
1724 5293 1830 5318 nn
1852 5299 1977 5318 ΜΛ
2129 5254 2228 5295 nes
2249 5239 2722 5312 igiturattentius
2740 5245 2797 5295 et
2819 5241 3162 5310 prudentius
3181 5208 3551 5318 audiamuté,
3578 5252 3846 5308 θιαίοιο-

2129 5343 2256 5385 rum
2282 5329 2552 5384 virtutem
2577 5329 2794 5386 certius
2812 5342 3208 5402 agnoscamus,
3235 5293 3566 5402 quatenus
3597 5341 3846 5412 integra:

362 5388 629 5446 cedentes
646 5385 924 5442 attentius
953 5379 1271 5488 [proxime]
1301 5381 1574 5488 actiones,
1620 5383 1758 5438 ﬂatu
1787 5383 2016 5488 Domini
2131 5372 3388 5488 3:8-

367 5473 776 5552 omnitencntis
818 5487 922 5530 nos
974 5471 1212 5528 docente
1261 5471 1573 5526 secundum
1624 5472 2020 5541 proverbiato—
2135 5465 2407 5544 ““”’,““”
2451 5465 2701 5476 “”’“““
2740 5465 3031 5488 ”“⁸’””””’“
3088 5465 3410 5480 ’““”“’“’““”

369 5580 510 5636 rem,
531 5537 828 5623 veritatem
861 5562 1199 5619 meditatum
1224 5564 1310 5616 est
1331 5564 1530 5632 guttur
1563 5537 1856 5634 nostrum;
1881 5561 2020 5632 quia
2201 5537 2353 5618 Idem
2376 5561 2545 5636 legit:
