4018 6166
233 283 318 342 ἳῖὂ
961 289 1506 351 ῙΝΤΕΒΡΚΕΤΑΤΙΟ
1541 293 1790 352 SYNODI
1825 296 1922 352 VII
1957 285 2361 352 GENERALIS.
2377 326 2452 339 -—
2486 295 2688 354 ACTIO
2726 299 2812 355 IV.

1851 415 1912 476 A
1935 419 2269 491 Genitricis,
2311 424 2752 492 sanctorumque
2787 421 2974 492 ipsius
3002 422 3328 495 habeamus,
3375 423 3590 481 obum—

601 411 680 465 De
702 411 896 469 Exodo
925 411 1178 472 ﬁliorum
1202 419 1393 475 Israel.

287 518 481 570 Locutus
507 520 585 570 est
609 519 872 573 Dominus
911 520 986 574 ad
1029 523 1252 591 Moysen
1273 543 1290 578 :
1329 526 1514 581 Facies
1542 528 1827 598 prOpitia—

229 607 386 659 torium
421 603 480 657 de
519 620 656 658 auro
701 607 1098 675 mundissimo;
1151 611 1286 666 duos
1315 615 1519 669 cubitos
1549 619 1600 669 et
1653 616 1826 669 dimi—

229 694 346 747 dium
391 693 577 747 tenebit
637 694 918 778 longitudo
955 698 1094 766 ejus,
1149 701 1389 755 cubitum
1439 719 1502 757 ac
1555 705 1824 758 semissem

222 781 429 836 latitudo.
470 783 617 836 Duos
647 799 859 854 quoque
887 785 1160 842 cherubim
1201 805 1392 845 aureos
1416 795 1468 846 et
1489 792 1823 862 productiles

219 872 354 937 facies
389 885 450 923 ea
469 875 704 940 utraque
740 879 903 943 parte
943 877 1171 930 oraculi.
1225 877 1434 933 Cherub
1473 896 1616 934 unus
1663 882 1736 934 sit
1761 881 1822 934 in

216 958 350 1012 latere
376 973 495 1020 uno,
525 963 578 1013 et
604 961 746 1014 alter
764 964 826 1016 in
871 964 1060 1018 altero.
1096 966 1391 1036 Utrumque
1439 968 1584 1022 latus
1619 969 1822 1038 propi—

213 1048 385 1100 tiatorii
403 1052 602 1114 tegant,
647 1051 1014 1120 eapandentes
1051 1054 1171 1108 alas
1204 1060 1255 1110 et
1287 1058 1584 1126 aperientes
1617 1072 1822 1111 oracu—

213 1135 301 1188 lum
319 1153 334 1188 :
351 1138 741 1207 respiciantque
767 1155 824 1193 se
845 1149 1032 1194 mutuo
1059 1145 1230 1198 versis
1256 1145 1498 1200 uultibus
1530 1147 1591 1198 in
1632 1146 1818 1216 propi-

209 1225 462 1285 tiatorium,
506 1241 612 1294 quo
649 1229 942 1296 operienda
967 1235 1046 1284 est
1068 1247 1218 1295 arca,
1244 1234 1304 1286 in
1333 1249 1442 1302 qua
1460 1249 1630 1303 pones
1661 1236 1822 1288 testi—

208 1311 421 1373 monium,
460 1313 610 1380 quod
644 1313 786 1368 dabo
819 1316 934 1370 tibi.
983 1319 1120 1372 Inde
1153 1321 1493 1390 praecipiam,
1539 1327 1590 1376 et
1628 1323 1822 1392 loquar

205 1399 264 1452 ad
285 1403 326 1452 te
351 1414 509 1470 super
533 1405 917 1472 prapitiatorio
953 1422 1017 1459 ac
1045 1407 1112 1461 de
1139 1408 1312 1462 medio
1347 1409 1578 1464 duorum
1621 1412 1820 1464 cheru-

205 1487 306 1549 bim,
333 1490 420 1557 qui
453 1496 620 1544 erunt
653 1507 824 1561 supra
863 1509 1049 1548 arcam
1077 1499 1388 1559 testimonii,
1433 1503 1648 1561 cuncta,
1701 1515 1818 1568 quae

197 1577 429 1631 mandabo
468 1595 576 1648 per
604 1585 656 1634 te
688 1581 819 1650 ﬁliis
847 1583 1020 1637 Israel
1052 1583 1068 1644 ί
1083 1585 1258 1639 Emod.
1293 1585 1454 1659 xxv).

781 1707 863 1762 Ex
893 1709 1180 1764 Numeris.

247 1827 356 1880 Haec
377 1826 562 1882 oblata
591 1834 722 1885 sunt
746 1832 808 1885 in
837 1831 1175 1887 dedicatione
1198 1835 1414 1897 altaris,
1447 1836 1670 1905 quando
1698 1851 1816 1890 un-

194 1918 308 1967 ctum
333 1920 420 1969 est.
463 1915 708 1988 Cumque
734 1921 1111 1988 ingrederetur
1146 1924 1358 1991 Moyses
1399 1924 1813 1981 tabernaculum

189 2002 393 2068 faleris,
432 2010 498 2060 ut
537 2009 835 2062 consuleret
875 2011 1176 2074 oraculum,
1215 2013 1476 2066 audiebat
1509 2029 1686 2068 uocem
1722 2015 1810 2068 lo-

190 2096 402 2158 quentem
427 2095 510 2148 ad
533 2111 588 2149 se
617 2095 684 2150 de
700 2099 1104 2167 propitiatorio,
1127 2101 1276 2168 quod
1300 2105 1418 2154 erat
1435 2116 1600 2170 super
1626 2118 1810 2156 arcam

189 2183 444 2236 testimonii
513 2186 659 2238 inter
701 2186 837 2240 duos
893 2187 1188 2251 cherubim,
1245 2189 1392 2243 unde
1443 2193 1494 2244 et
1549 2191 1814 2260 loqueba-

191 2270 528 2342 turei(Num.
561 2273 692 2346 vn).

775 2383 854 2436 De
877 2381 1188 2438 Ezechiele.

235 2500 298 2554 Et
316 2503 626 2558 introduxit
658 2521 742 2559 me
764 2507 824 2560 in
859 2509 1134 2577 templum,
1158 2513 1209 2564 et
1233 2525 1452 2564 mensus
1476 2515 1556 2565 est
1575 2512 1806 2579 frontes,

183 2602 259 2640 sea
289 2591 483 2646 cubitos
515 2593 832 2648 latitudinis
865 2596 1009 2660 hinc,
1037 2601 1088 2651 et
1123 2613 1220 2652 sea:
1247 2599 1454 2653 cubitos
1495 2600 1808 2654 latitudinis

184 2677 302 2737 inde,
348 2680 698 2736 latitudinem
738 2683 1079 2739 tabernaculi
1119 2684 1332 2756 (Ezech.
1383 2687 1522 2760 xu).
1573 2689 1644 2743 Et
1683 2691 1810 2758 post

179 2765 299 2821 alia:
325 2770 391 2823 Et
413 2771 679 2840 templum
697 2773 949 2836 interius,
980 2779 1032 2829 et
1053 2775 1320 2829 vestibula
1335 2778 1488 2839 atrii,
1512 2777 1724 2840 limina,
1756 2783 1808 2833 et

178 2855 410 2918 [austros
451 2859 731 2928 obliquas,
763 2865 815 2914 et
858 2861 968 2916 haec
995 2866 1134 2916 tecta
1179 2865 1238 2917 in
1284 2865 1516 2919 circuitu
1558 2881 1662 2935 per
1696 2869 1804 2920 tres

177 2950 327 3011 partes
367 2952 565 3002 contra
591 2949 1026 3020 uniuscujusque
1063 2953 1246 3014 limen,
1281 2957 1620 3024 stratumque
1657 2955 1804 3022 ligno

3479 295 3586 357 274

1934 507 2166 565 brantes
2185 511 2382 566 altare.

2005 598 2560 670 Magniﬁcentissimi
2609 599 2899 670 principes
2943 599 3248 656 dixerunt:
3298 601 3586 657 Veraciter

1932 687 2034 742 Dei
2073 689 2374 758 praeceptio
2411 693 2514 744 est.

2002 775 2412 832 Constantinus
2453 778 2855 834 sanctissimus
2901 775 3585 849 episcopus'Constantim

1931 862 2100 933 Cypri
2125 864 2312 920 dixit:
2351 865 2446 922 Uti
2478 865 2686 922 lectum
2718 871 2822 938 est,
2867 868 3090 923 vultum
3123 867 3376 924 hominis
3405 867 3588 924 habe—

1931 949 2028 1006 bat
2065 951 2363 1008 cherubim
2389 958 2446 1009 et
2465 955 2749 1025 quomodo
2775 955 3006 1026 quidam
3037 956 3260 1026 dicunt,
3289 957 3428 1028 quia
3451 957 3584 1027 quis

1931 1038 2080 1094 vidit
2127 1041 2347 1097 vultum
2390 1042 2743 1098 cherubim?
2791 1045 3010 1100 Etenim
3049 1044 3202 1100 dixit
3257 1044 3582 1115 sculptilem

1931 1127 2174 1184 vultum.

2001 1217 2272 1275 Tarasius
2327 1220 2729 1281 sanctissimus
2775 1222 3100 1292 patriarcha
3143 1221 3333 1278 dixit:
3377 1221 3585 1278 Omnes

1931 1306 2114 1361 sancti
2149 1307 2248 1377 qui
2288 1315 2619 1364 meruerunt
2647 1310 2879 1381 angelos
2901 1311 3113 1380 videre,
3160 1311 3218 1366 in
3254 1309 3442 1380 specie
3471 1309 3584 1365 ho—

1931 1393 2150 1450 minum
2176 1407 2274 1450 eos
2307 1396 2594 1466 viderunt,
2628 1399 3102 1469 quemadmodum
3136 1399 3197 1454 in
3225 1399 3472 1454 diversis
3493 1397 3584 1453 le—

1927 1481 2119 1552 gimus
2162 1483 2472 1554 Scriptum.
2499 1486 2672 1556 locis,
2717 1492 2947 1557 propter
2983 1487 3134 1558 quod
3174 1487 3244 1542 de
3281 1485 3579 1543 cherubim

1924 1571 2077 1627 Deus
2101 1572 2278 1643 Moysi
2306 1573 2534 1630 locutus
2562 1579 2648 1630 est
2681 1575 2916 1632 dicens:
2955 1577 3110 1640 Vide,
3154 1580 3216 1630 ut
3245 1576 3420 1643 facias
3459 1591 3583 1629 om-

1925 1661 2022 1733 nia
2050 1662 2346 1716 secundum
2378 1665 2614 1730 formam
2645 1680 2766 1733 quae
2792 1669 3011 1720 ostensa
3048 1669 3127 1720 est
3163 1665 3266 1718 tibi
3304 1665 3365 1718 in
3403 1668 3582 1719 monte

1844 1734 1900 1796 B
1925 1730 2127 1803 (Emod.
2155 1750 2315 1823 xxv).
2349 1751 2419 1806 Et
2441 1751 2576 1808 hinc
2606 1730 2857 1809 famulus
2877 1755 3116 1824 Moyses,
3145 1753 3343 1824 quales
3369 1751 3581 1809 formas

1924 1836 2090 1902 vidit,
2116 1837 2256 1894 tales
2276 1843 2332 1894 et
2359 1837 2514 1910 fecit,
2539 1855 2669 1896 cum
2692 1841 2905 1912 quibus
2929 1848 2986 1897 et
3008 1842 3326 1898 cherubim.

1989 1925 2402 1983 Constantinus
2440 1929 2844 1985 sanctissimus
2889 1931 3194 2000 episcopus
3234 1929 3580 1986 Constantia

1920 2013 2088 2084 Cypri
2133 2015 2320 2070 dixit:
2353 2015 2590 2085 Quando
2619 2021 2810 2073 autem
2855 2018 3187 2074 movebatur
3217 2019 3465 2089 populus
3507 2019 3574 2074 ad

1925 2101 2330 2176 idololatriam,
2358 2109 2494 2160 tunc
2509 2106 2659 2160 Deus
2673 2105 2900 2161 dicebat
2921 2107 3128 2177 Moysi:
3155 2109 3236 2162 Ne
3263 2106 3444 2162 facias
3463 2119 3581 2163 om-

1923 2203 2049 2245 nem
2077 2191 2522 2248 similitudinem
2560 2193 2629 2248 ad
2653 2195 3015 2250 serviendum
3040 2195 3144 2250 eis.

1991 2280 2233 2336 Joannes
2253 2281 2766 2338 reverendissimus
2786 2282 3077 2353 presbyter
3099 2287 3156 2338 et
3174 2283 3430 2340 vicarius
3447 2297 3578 2354 apo-

1922 2367 2257 2426 stolicarum
2285 2369 2508 2425 sedium
2533 2369 2789 2426 Orientis
2810 2370 2996 2429 dixit:
3025 2371 3325 2428 Excelsius
3350 2372 3442 2428 his
3465 2377 3572 2443 est,

1921 2458 2059 2529 quia
2093 2462 2150 2513 et
2175 2457 2345 2514 lacob
2375 2458 2613 2514 titulum
2641 2458 2825 2515 erexit
2846 2460 2979 2516 Deo.
3013 2460 3170 2516 Unde
3199 2465 3255 2516 et
3282 2460 3577 2516 benedixit

1919 2547 1971 2601 ei
2018 2547 2420 2616 repromittens
2459 2547 2817 2616 donationes,
2857 2562 2982 2618 quae
3021 2561 3186 2604 omne
3215 2547 3450 2604 verbum
3487 2563 3578 2605 ex-

1918 2636 2128 2691 cedunt
2183 2635 2340 2707 (Gen.
2395 2634 2627 2708 xxvm).
2685 2637 2754 2692 Et
2781 2636 2924 2692 alibi
2979 2637 3040 2692 in
3085 2637 3272 2708 specie
3320 2638 3576 2694 hominis

1918 2722 2169 2779 luctatus
2202 2728 2288 2780 est
2317 2737 2446 2780 cum
2477 2737 2566 2796 eo,
2595 2729 2653 2780 et
2684 2725 2996 2795 appellavit
3021 2739 3150 2782 eum
3185 2725 3381 2799 Israel,
3420 2727 3572 2798 quod

1915 2817 2002 2868 est
2033 2812 2467 2882 interpretatum
2490 2829 2640 2866 mens
2659 2813 2849 2868 videns
2869 2817 3057 2869 Deum.
3090 2817 3213 2885 Ipse
3236 2817 3426 2870 autem
3455 2815 3565 2871 ait:

1922 2901 2053 2956 Vidi
2089 2901 2378 2956 Dominum
2419 2903 2564 2968 facie
2612 2901 2689 2955 ad
2742 2903 2959 2971 faciem,
3001 2906 3052 2956 et
3095 2903 3248 2957 salva
3302 2905 3454 2970 facta
3493 2908 3573 2958 est

1915 2990 2104 3043 anima
2125 3005 2244 3043 mea
2267 2986 2429 3060 (Gen.
2461 2988 2694 3062 xxxn):
2723 2993 2782 3044 et
2831 3003 2958 3046 ecce
2984 3003 3096 3046 non
3127 2991 3311 3047 solum
3343 2991 3572 3048 intelli-

1833 3072 1884 3138 Ο
1915 3075 2124 3147 gibiles
2168 3037 2408 3133 virtutes
2449 3077 2586 3132 visa:
2628 3037 2782 3148 sunt,
2835 3077 2930 3134 'sed
2976 3083 3034 3134 et
3076 3078 3198 3149 ipse
3223 3079 3323 3150 qui
3365 3084 3570 3137 natura

176 3123 216 3170 et
236 3122 468 3186 fenestrae
505 3125 714 3180 clause
753 3142 918 3197 super
958 3130 1118 3191 ostia,
1163 3133 1216 3183 et
1259 3144 1432 3198 usque
1471 3131 1546 3184 ad
1587 3131 1804 3184 domum

175 3207 465 3276 interiorem,
505 3218 564 3267 et
599 3215 900 3280 forinsecus
923 3233 1026 3286 per
1053 3233 1260 3273 omnem
1288 3219 1556 3290 parietem
1595 3220 1656 3272 in
1685 3221 1804 3273 cir—

173 3298 312 3361 cuitu,
348 3302 686 3356 intrinsecus
733 3307 782 3356 et
807 3305 1108 3371 forinsecus
1141 3308 1216 3360 ad
1246 3323 1590 3362 mensuram:
1621 3313 1674 3362 et
1698 3310 1802 3376 fa—

177 3381 382 3451 brefacta
410 3389 694 3444 cherubim
727 3397 776 3445 et
789 3393 1010 3463 palm,
1042 3398 1093 3447 et
1123 3395 1312 3464 palma
1340 3397 1484 3450 inter
1520 3397 1717 3450 cherub
1751 3400 1802 3451 et

173 3471 369 3536 Cherub:
399 3477 658 3547 duasque
686 3481 854 3547 facies
882 3481 1113 3534 habebat
1153 3479 1381 3545 Cherub,
1413 3485 1609 3551 faciem
1637 3485 1802 3539 homi-

173 3561 406 3630 nique-ta
427 3569 686 3637 palmam
709 3584 776 3622 ea:
803 3569 904 3622 hac
924 3575 1104 3638 parte,
1136 3574 1188 3623 et
1212 3573 1408 3638 faciem
1443 3571 1612 3626 leonis
1626 3573 1798 3641 juxta

167 3650 372 3718 palmam
393 3671 468 3709 ea:
508 3656 632 3710 alia
651 3661 814 3726 parte
851 3673 1160 3727 expressam
1187 3674 1292 3730 per
1331 3675 1536 3714 omnem
1583 3661 1798 3716 domum

169 3739 216 3790 in
239 3742 470 3799 circuitu.
517 3744 676 3817 (Ibid
714 3745 730 3820 )

281 3868 356 3924 Ex
387 3869 658 3940 Epistola
695 3869 750 3926 S.
783 3870 948 3926 Pauli
986 3872 1231 3942 apostoli
1261 3873 1332 3929 ad
1368 3873 1650 3931 Hebraeos.

221 3989 410 4046 Habuit
451 3994 680 4064 quidem
717 3999 770 4049 et
798 3996 960 4065 prius
992 3996 1410 4066 justiﬁcationes
1453 3998 1698 4060 cultum,
1745 4004 1798 4054 et

165 4082 380 4132 sanctum
436 4082 723 4136 saeculare.
785 4083 1216 4138 Tabernaculum
1270 4087 1413 4138 enim
1465 4089 1672 4154 factum
1717 4093 1796 4142 est

160 4165 384 4229 Primum,
419 4171 483 4224 in
508 4185 620 4238 quo
657 4175 815 4224 erant
842 4171 1174 4225 candelabra
1215 4177 1266 4226 et
1287 4189 1472 4228 mensa
1514 4177 1565 4227 et
1597 4189 1792 4243 propo-

159 4252 263 4304 sitio
295 4271 530 4324 panum,
583 4273 705 4326 quae
747 4259 951 4312 dicitur
996 4259 1217 4314 Sancta.
1263 4261 1392 4316 Post
1434 4262 1793 4316 velamentum

157 4345 309 4394 autem
354 4346 679 4408 secundum,
711 4347 1120 4402 tabernaculum
1163 4349 1311 4416 quod
1339 4349 1542 4403 dicitur
1588 4349 1789 4404 Sancta

153 4435 452 4496 sanctorum,
513 4449 744 4488 aureum
802 4435 1002 4490 habens
1069 4437 1431 4500 thuribulum,
1485 4441 1536 4492 et
1603 4455 1788 4493 arcam

157 4516 454 4576 Testamenti
481 4526 883 4578 circumiectam
917 4541 985 4579 ea:
1019 4527 1165 4580 omni
1193 4530 1351 4595 parte
1375 4541 1550 4590 auro:
1579 4529 1638 4580 in
1676 4543 1786 4596 qua

155 4618 273 4660 urna
307 4626 475 4667 aurea
506 4613 714 4681 habens
738 4629 965 4676 manna,
992 4618 1044 4668 ct
1068 4615 1225 4682 virga
1249 4614 1440 4669 Aaron
1467 4631 1590 4684 qua?
1619 4617 1780 4682 fron—

151 4694 337 4762 duerat,
379 4706 431 4755 et
485 4701 691 4756 tabulae
726 4705 1066 4757 testamenti:
1096 4719 1364 4774 superque
1407 4707 1564 4758 erant
1601 4705 1787 4758 cheru-

155 4779 242 4837 bim
276 4789 461 4854 gloriae
489 4790 878 4844 obumbrantia
898 4793 1347 4861 prapitiatorium
1375 4789 1567 4864 (Hebr.
1599 4796 1706 4866 ιχ).

202 4873 460 4934 Tarasius
500 4878 906 4934 sanctissimus
951 4880 1275 4948 patriarcha
1319 4880 1508 4936 dixit:
1545 4881 1784 4952 Perspi—

149 4959 357 5032 ciamus,
399 4967 616 5023 sacrati
655 4967 790 5038 viri,
825 4967 962 5038 quia
993 4969 1166 5024 Vetus
1207 4969 1626 5026 Testamentum
1669 4970 1782 5026 ha-

147 5045 250 5105 buit
275 5055 472 5111 divina
505 5056 692 5127 signa,
721 5055 1018 5112 cherubim
1056 5056 1460 5113 obumbrantia
1491 5057 1780 5128 propitia-

151 5139 362 5196 torium:
394 5149 454 5197 et
482 5157 557 5198 ex
589 5144 694 5198 hoc
721 5145 940 5199 Novum
969 5145 1206 5216 accepit.

199 5226 386 5285 Sancta
418 5232 676 5302 synodus
713 5231 897 5287 dixit:
931 5233 1136 5304 Etiam,
1173 5233 1422 5305 domine,
1469 5233 1554 5290 sic
1583 5248 1643 5290 se
1667 5235 1778 5290 ha—

152 5308 222 5366 bet
239 5319 466 5374 veritas.

201 5403 454 5464 Tarasius
478 5409 886 5466 sanctissimus
921 5410 1246 5480 patriarcha
1277 5410 1462 5466 dixit:
1493 5411 1552 5467 Si
1597 5414 1774 5468 Vetus

154 5485 356 5550 habebat
382 5497 687 5553 cherubim
734 5498 1138 5554 obumbrantia
1182 5500 1670 5572 propitiatorium,
1717 5504 1776 5580 et

155 5587 235 5634 nos
252 5580 440 5641 iconas
465 5587 698 5642 Domini
732 5589 913 5644 nostri
941 5589 1072 5644 Jesu
1097 5587 1333 5644 Christi.
1363 5594 1418 5644 et
1435 5595 1645 5645 sanctae
1672 5585 1773 5646 Del

1819 4388 1875 4449 D

1918 3164 2238 3222 invisibilis
2257 3170 2345 3221 est
2364 3167 2536 3236 Deus,
2558 3169 2615 3221 et
2637 3166 3026 3239 incorporeus,
3049 3181 3179 3223 cum
3204 3173 3468 3225 ostensus
3483 3173 3570 3226 est

1917 3252 1976 3307 in
2007 3253 2196 3322 specie
2222 3247 2435 3309 nostra.

1980 3341 2302 3397 Demetrius
2336 3341 2848 3400 reverendissimus
2875 3342 3154 3400 diaconus
3180 3337 3238 3401 et
3258 3345 3569 3417 scevOphy-

1912 3427 2005 3484 lax
2035 3429 2411 3485 sanctissimae
2441 3443 2657 3502 magnae
2685 3431 2951 3486 Ecclesia:
2990 3431 3564 3504 Constantinopoleos

1912 3517 2083 3589 legit:

1911 3679 2102 3735 Sancti
2136 3681 2319 3734 Patris
2360 3681 2538 3735 nostri
2579 3681 2808 3753 Joannis
2847 3679 3208 3749 Chrysostomi
3245 3683 3312 3737 de
3345 3698 3563 3753 praeco—

2103 3753 2212 3804 'nio
2231 3753 2292 3806 in
2319 3753 2618 3816 Meletium,
2654 3752 2814 3820 cujus
2849 3753 3072 3807 initium
3095 3759 3173 3808 est
3210 3754 3307 3808 hoc
3327 3773 3346 3809 :

1975 3893 2201 3965 Ubique
2243 3893 2395 3950 inter
2424 3893 2577 3951 hunc
2619 3899 2904 3952 sacratum
2940 3909 3163 3969 gregem
3205 3895 3410 3954 oculos
3435 3897 3563 3954 cir—

1905 3981 2247 4054 cumferens,
2296 3988 2354 4039 et
2397 3983 2716 4040 universam
2756 3983 3046 4040 civitatem
3092 3985 3187 4040 hic
3227 3991 3558 4056 praesentem

1905 4071 2211 4144 aspiciens,
2245 4086 2356 4129 non
2387 4071 2566 4128 habeo
2591 4087 2759 4144 quem
2786 4073 3121 4129 beatificem.
3163 4075 3234 4130 Et
3264 4079 3392 4144 post
3409 4075 3552 4132 alia:

1905 4162 1974 4216 Et
1997 4165 2116 4216 erat
2148 4162 2474 4217 reverentia:
2500 4161 2917 4234 magisterium,
2947 4163 3097 4232 quod
3122 4162 3308 4219 ﬂebat.
3335 4165 3560 4236 Jugiter

1901 4250 2054 4305 enim
2084 4250 2266 4306 coacti
2304 4251 2430 4320 ejus
2477 4250 2816 4306 vocabulum
2848 4252 3174 4322 memorari,
3206 4258 3264 4308 et
3296 4258 3557 4309 sanctum

1904 4337 2068 4394 illum
2093 4339 2298 4395 habere
2319 4354 2432 4410 prae
2451 4339 2664 4413 animo,
2693 4340 2922 4396 nomine
2941 4341 3129 4410 ipsius
3149 4341 3424 4414 fugabant
3443 4357 3558 4398 om-

1903 4441 2026 4483 nem
2056 4441 2088 4482 a
2113 4441 2173 4483 se
2197 4429 2517 4498 passionem
2534 4433 2589 4484 et
2618 4428 3024 4500 cogitationem
3059 4429 3548 4486 irrationabilem:

1897 4521 1955 4572 et
1985 4517 2068 4573 sic
2093 4518 2332 4574 multum
2365 4516 2577 4574 factum
2608 4522 2697 4574 est
2717 4518 2842 4590 hoc,
2869 4519 2947 4574 ita
2972 4523 3036 4575 ut
3056 4519 3271 4590 ubique
3299 4519 3358 4574 in
3383 4520 3554 4591 vicis,

1895 4610 1952 4662 et
1975 4606 2033 4661 in
2066 4605 2207 4678 foro,
2248 4611 2304 4662 et
2338 4607 2398 4662 in
2419 4607 2594 4679 agris,
2631 4611 2688 4663 et
2718 4608 2778 4663 in
2810 4607 3124 4664 itineribus
3153 4607 3259 4664 hoc
3295 4609 3554 4680 undique

1897 4695 2126 4751 nomine
2165 4701 2548 4766 personarent.
2594 4699 2719 4754 Non
2751 4702 2941 4754 autem
2992 4697 3146 4752 circa
3191 4701 3306 4753 tam
3355 4698 3553 4771 magni

1895 4785 2150 4841 nominis
2175 4783 2436 4840 attactum
2470 4781 2617 4858 [Gr.,
2669 4786 2824 4842 circa
2873 4799 3079 4842 nomen
3123 4792 3236 4842 tam
3281 4799 3550 4861 magnum

1891 4871 2188 4948 allectum]
2237 4874 2390 4944 passi
2421 4875 2564 4929 estis
2603 4875 3018 4945 tantummodo,
3052 4889 3246 4932 verum
3290 4877 3464 4934 etiam
3494 4882 3553 4933 et

1890 4962 2045 5018 circa
2087 4962 2269 5033 ipsam
2309 4962 2434 5032 ejus
2477 4963 2738 5033 corporis
2790 4962 3046 5020 formam.
3092 4965 3252 5035 Quod
3299 4981 3432 5039 ergo
3488 4967 3550 5022 in

1891 5051 2226 5108 nominibus
2250 5050 2491 5122 fecistis,
2519 5051 2622 5107 hoc
2647 5056 2704 5108 et
2733 5065 2906 5122 super
2931 5052 3098 5109 illius
3123 5055 3345 5111 iconam
3377 5056 3553 5128 gessi-

1888 5140 2016 5196 stis.
2059 5141 2281 5196 Etenim
2311 5141 2368 5196 in
2395 5141 2737 5197 annulorum
2769 5142 3030 5213 circulis,
3063 5144 3204 5200 etin
3238 5145 3543 5211 calicibus,

1887 5235 1944 5286 et
1976 5229 2209 5300 phialis,
2247 5233 2303 5284 et
2343 5229 2402 5284 in
2443 5229 2826 5287 thalamorum
2859 5233 3196 5302 parietibus,
3229 5239 3286 5289 et
3329 5234 3547 5305 ubique

1888 5319 2109 5376 iconam
2168 5323 2420 5374 sanctam
2457 5319 2614 5376 illam
2657 5327 3033 5378 exaraverunt
3079 5320 3280 5378 multi:
3313 5327 3378 5378 ut
3431 5336 3541 5378 non

1885 5409 2070 5464 solum
2098 5408 2368 5464 audirent
2387 5412 2646 5465 sanctum
2685 5409 3022 5466 vocabulum
3051 5411 3216 5479 illud,
3246 5412 3340 5467 sed
3373 5414 3432 5465 et
3462 5410 3537 5464 vi-

1883 5499 2082 5554 derent
2105 5499 2368 5568 corporis
2395 5498 2520 5567 ejus
2545 5498 2758 5570 ubique
2785 5497 3044 5569 figuram,
3078 5503 3134 5552 et
3153 5499 3374 5567 duplici
3403 5510 3536 5566 qua--

1883 5587 2012 5641 dam
2042 5586 2408 5659 migrationis
2437 5586 2603 5644 illius
2625 5587 3016 5643 consolatione
3041 5585 3385 5642 fruerentur.
