4012 6162
412 263 521 324 275

1657 271 2016 330 ANASTASII
2059 270 2600 328 BIBLIOTHECARII
3680 275 3768 336 276

484 393 688 452 Petrus
723 397 1123 455 sanctissimus
1153 398 1457 470 episcOpus
1494 397 1838 456 Nicomedia:
1873 398 2059 456 dixit:
2087 397 2146 458 A
2175 397 2416 470 dirigit;
2445 401 2504 454 et
2529 395 2714 469 tangit
2736 396 2855 467 jam
2887 407 3096 464 corpus
3125 391 3304 466 gladii
3329 395 3472 451 acie:
3501 401 3554 453 et
3579 401 3700 456 tunc
3726 403 3770 458 ei

412 481 472 538 Si
518 483 761 540 Joannes
797 485 957 542 aurei
1007 487 1126 542 oris
1183 487 1322 543 talia
1368 487 1520 544 dixit
1557 487 1627 543 de
1679 487 1884 560 iconis,
1930 487 2065 558 quis
2177 486 2242 542 ﬁt
2268 486 2554 543 divinitus
2589 498 2695 542 vox
2729 483 3038 554 prohibens
3067 497 3230 553 opus.

413 570 604 628 adhuc
631 573 804 630 audet
834 573 1025 631 dicere
1066 579 1263 632 contra
1291 589 1388 632 eas
1423 575 1737 647 quidquam
1755 573 1784 629 ‘I

485 659 736 716 Basilius
784 663 1184 720 sanctissimus
1243 664 1548 735 episcopus
1596 663 1833 734 Ancyra:
1875 663 2056 720 dixit:

2248 573 2671 631 Gloriosissimi
2702 573 2992 644 principes
3019 571 3320 629 dixerunt:
3351 573 3502 637 Vide,
3534 578 3778 645 quomodo

2175 663 2429 720 doluerit
2453 659 2832 736 [jucundatus
2850 657 2960 736 sit]
2987 661 3152 716 Pater
3171 664 3361 716 noster
3385 661 3442 716 in
3468 661 3688 734 pictura,
3713 665 3780 723 ita

414 748 650 819 Recepit
693 763 788 806 eas
834 752 1143 816 veraciter;
1192 757 1250 809 et
1279 752 1446 808 talem
1489 765 1737 810 amorem
1786 751 2067 808 habebant
2180 757 2245 809 ut
2273 756 2330 808 et
2371 751 2800 822 lacrymaretur.

418 836 498 906 pii
539 838 640 908 qui
669 843 805 895 tunc
832 845 1014 912 erant,
1049 841 1205 897 circa
1237 841 1540 913 imaginem
1576 841 1721 911 ejus,
1757 845 1821 897 ut
1851 840 2067 913 ubique

2248 839 2500 896 Basilius
2544 838 2947 894 sanctissimus
2990 838 3294 908 episcOpus
3354 835 3576 909 Ancyra:
3622 841 3773 898 dixit:

418 923 728 983 formarent
781 928 1002 985 iconam
1034 930 1215 986 sancti
1246 929 1479 986 Meletii.
1512 929 1671 987 Unde
1697 933 1755 985 et
1781 931 1946 986 Pater
1974 929 2070 986 hic
2177 929 2469 985 Multoties
2499 930 2659 984 Pater
2685 927 2822 1000 legit
2857 927 3158 983 historiam
3184 944 3200 997 ;
3232 927 3328 983 sed
3364 925 3503 983 forte
3527 941 3787 999 nunquam

398 1029 595 1084 .supra
630 1017 860 1073 modum
905 1017 1039 1074 illos
1070 1018 1284 1075 laudat.

488 1105 900 1163 Sanctissimus
944 1107 1267 1178 patriarcha
1296 1108 1478 1164 dixit:
1521 1109 1592 1163 Et
1620 1121 1724 1164 nos
1745 1121 1778 1163 a
1811 1107 2072 1179 patribus

421 1193 639 1250 nostris
677 1195 1056 1266 percipientes
1087 1196 1400 1268 doctrinas,
1431 1195 1684 1252 dicimus
1711 1209 1807 1252 eas
1833 1201 1891 1252 et
1917 1209 2076 1252 vene'

424 1281 636 1338 rabiles
684 1282 898 1356 iconas,
931 1287 989 1340 et
1016 1289 1262 1357 sanctas,
1292 1289 1349 1342 et
1378 1297 1586 1342 sacras.

492 1370 848 1429 Theodosius
877 1373 1388 1430 reverendissimus
1413 1373 1764 1445 hegumenus
1785 1377 2076 1430 monaste-

423 1458 502 1515 rii
523 1460 705 1516 sancti
734 1459 973 1517 Andreae
1001 1462 1159 1518 Nesii
1182 1462 1381 1519 attulit
1406 1462 1620 1519 librum
1641 1461 1893 1532 ejusdem
1916 1463 2080 1518 Joan-

425 1548 518 1604 nis
541 1549 662 1605 oris
689 1549 872 1621 aurei,
913 1554 1107 1621 petens
1128 1550 1338 1624 relegi:
1373 1564 1540 1623 quem
1577 1551 1868 1621 accipiens
1891 1549 2078 1608 Anto—

425 1637 561 1694 nius
592 1638 904 1695 monachus
934 1639 1104 1712 legit:

423 1781 637 1836 Sanctaz
683 1783 952 1838 memoriae
994 1783 1176 1838 Patris
1232 1783 1406 1839 nostri
1449 1783 1676 1837 Joannis
1719 1782 2080 1851 Chrysostomi

495 1867 666 1936 sermo
689 1871 714 1936 :_
746 1853 916 1936 ‘Quod
984 1855 1191 1936 Veteris
1239 1859 1291 1936 et
1348 1856 1489 1911 Novi
1555 1856 1881 1936 testamenti
1934 1869 2078 1936 unus

2182 1019 2526 1090 lacrymatus
2554 1022 2666 1072 est:
2709 1023 2768 1072 at
2803 1029 2934 1072 vero
2980 1021 3278 1088 postquam
3327 1016 3596 1086 picturam
3639 1019 3785 1085 vidit,

2182 1107 2527 1178 lacrymatus
2555 1109 2660 1161 est.

2251 1197 2494 1252 Joannes
2541 1193 3050 1250 reverendissimus
3093 1193 3384 1265 presbyter
3409 1197 3466 1249 et
3492 1195 3791 1268 monachus,

2184 1288 2242 1341 et
2259 1285 2512 1341 vicarius
2530 1283 2910 1340 Orientalium
2954 1283 3288 1354 pontiﬁcum
3308 1283 3486 1339 dixit:
3509 1282 3567 1338 Si
3603 1283 3696 1339 tali
3718 1285 3799 1342 do-

2185 1373 2330 1430 ctori
2351 1373 2576 1444 pictura
2598 1371 2868 1442 praestitit
2885 1371 3196 1428 utilitatem
3219 1375 3277 1426 et
3301 1369 3591 1440 lacrymas,
3613 1377 3800 1442 quanto

2187 1463 2381 1533 potius
2416 1461 2666 1518 indoctis
2688 1464 2745 1516 et
2784 1460 2986 1517 idiotis
3019 1459 3316 1531 praestabit
3342 1459 3800 1530 compunctionem

2187 1556 2244 1607 et
2272 1551 2583 1608 utilitatem
2601 1549 2630 1604 ‘i

2257 1640 2460 1696 Sancta
2499 1638 2750 1710 synodus
2781 1637 2964 1694 dixit:
3015 1640 3077 1693 In
3119 1637 3368 1694 diversis
3410 1635 3550 1693 locis
3583 1635 3807 1692 vidimus

2070 1723 2159 1796 ,Β
2187 1729 2428 1786 Abrahae
2458 1726 2760 1798 picturam,
2796 1727 2949 1783 sicut
2972 1728 3136 1784 Pater
3165 1727 3268 1782 ait.

2257 1817 2588 1873 Theodorus
2617 1816 3021 1872 sanctissimus
3060 1815 3368 1886 episcopus
3395 1815 3612 1872 Catane
3646 1813 3805 1870 dixit:

495 1901 912 1994 ggg"i,;g',-,,;g,;.j
952 1901 1008 1980 εί
1034 1901 1125 1980 vi};
1146 1901 2075 1994 geg,'e,;';3;,,35;gsj"g;;jg,s"g;,;
2187 1906 2247 1964 Si
2274 1904 3168 1994 sanctusGregoriusvigilansin
3185 1904 3408 1961 divinis
3433 1901 3811 1994 intellectibus,

498 1997 635 2050 tium
655 2001 764 2050 est:
801 1995 818 2002 “

495 2118 712 2175 Christi
733 2120 891 2192 regni
915 2120 1282 2194 Evangelium
1303 2124 1434 2176 ante
1451 2119 1681 2191 quidem
1706 2119 2083 2190 prmdicavere

429 2207 734 2280 prephetaa.
761 2210 832 2264 Et
862 2213 989 2280 post
1011 2209 1157 2266 alia:
1186 2211 1302 2281 Ego
1339 2213 1396 2265 et
1429 2223 1557 2266 cera
1579 2207 1864 2280 perfusam
1900 2208 2080 2266 dilexi

430 2297 713 2368 picturam
757 2297 967 2368 pietate
1009 2299 1300 2370 repletam.
1342 2298 1473 2354 Vidi
1513 2299 1666 2354 enim
1713 2297 1978 2370 angelum
2023 2297 2082 2353 in

432 2386 596 2442 icona
619 2386 918 2456 pellentem
949 2387 1322 2443 barbarorum
1354 2401 1584 2443 cuneos.
1617 2387 1748 2442 Vidi
1775 2387 2087 2443 conculca-

433 2477 520 2529 tas
556 2472 929 2532 barbarorum
960 2475 1239 2544 nationes,
1273 2480 1329 2530 et
1357 2475 1533 2530 David
1575 2475 1852 2531 veraciter
1878 2475 2086 2530 dicen-

433 2564 576 2616 tem:
608 2563 851 2624 Domine,
873 2564 933 2615 in
956 2564 1172 2617 civitate
1205 2568 1301 2617 tua
1330 2564 1620 2630 imaginem
1658 2578 1839 2617 eorum
1878 2563 1954 2616 ad
1989 2564 2086 2616 ni—

433 2649 602 2704 hilum
644 2649 854 2716 rediges
875 2646 1048 2721 (Psal.
1092 2650 1300 2724 LXXII).

503 2737 916 2794 Sanctissimus
981 2739 1305 2808 patriarcha
1351 2739 1533 2794 dixit:
1581 2738 1639 2794 Si
1693 2739 1743 2795 is
1799 2739 1898 2810 qui
1943 2753 2086 2796 auro

435 2827 747 2898 pretiosius
767 2841 832 2882 os
856 2826 1117 2898 habebat,
1165 2827 1460 2898 perhibuit
1477 2827 1707 2884 dicens:
1744 2829 1858 2899 Ego
1888 2833 1944 2884 et
1969 2843 2090 2898 per-

433 2915 620 2973 fusam
671 2915 851 2972 dilexi
893 2916 1205 2988 picturam;
1244 2916 1382 2988 quid
1421 2915 1681 2973 dicemus
1726 2917 1797 2973 de
1849 2917 1942 2973 his
1985 2915 2085 2987 qui

435 3004 680 3061 oderunt
693 3003 722 3058 ‘?

504 3092 756 3150 Basilius
803 3093 1205 3151 sanctissimus
1254 3095 1558 3166 episcopus
1608 3094 1843 3167 Ancyra:
1905 3095 2084 3151 dixit:

435 3181 541 3239 Illo
569 3181 813 3254 dicente,
847 3182 984 3254 quia
1011 3196 1115 3255 ego
1141 3183 1343 3256 dilexi,
1378 3185 1512 3255 quis
1534 3185 1706 3242 audet
1746 3183 1905 3241 eﬁ‘ari
1959 3197 2090 3241 con-

445 3264 730 3328 trarium‘?

508 3362 750 3417 Joannes
803 3361 1314 3420 reverendissimus
1387 3363 1680 3436 presbyter
1729 3367 1785 3420 et
1843 3363 2097 3420 vicarius

441 3448 824 3508 Orientalium
873 3452 1206 3522 pontiﬁcum
1247 3452 1432 3509 dixit:
1477 3452 1620 3522 Quis
1644 3457 1832 3510 autem
1859 3458 1945 3508 est
1988 3453 2098 3508 iste

438 3539 695 3612 angelus,
722 3539 836 3596 nisi
863 3540 962 3596 ille
985 3541 1057 3597 de
1089 3555 1204 3612 quo
1233 3541 1511 3612 scriptum
1534 3546 1648 3596 est:
1687 3541 1834 3610 Quia
1858 3541 2098 3611 angelus

437 3627 666 3683 Domini
684 3628 1204 3698 percussitcentum
1217 3629 1508 3700 octoginta
1522 3629 1708 3684 millia
1727 3628 2094 3698 Assyriorum

441 3714 502 3770 in
534 3729 647 3772 una
679 3720 840 3771 nocte
867 3715 1022 3771 circa
1048 3716 1358 3772 Jerusalem
1403 3715 1697 3772 hostiliter
1736 3714 2096 3772 militantia?

440 3801 553 3875 (IV
574 3805 700 3870 Reg.
728 3804 880 3875 xxx.)

509 3890 868 3959 Nicephorus
941 3891 1342 3949 sanctissimus
1409 3892 1714 3964 episcopus
1786 3893 2088 3964 Dyrrachii

441 3978 625 4036 dixit:
654 3977 758 4033 Sed
791 3979 1054 4048 propitus
1085 3979 1252 4036 nobis
1275 3981 1354 4036 sit
1369 3981 1646 4038 Dominus
1667 3995 1839 4052 super
1861 3981 2093 4038 delictis

443 4079 568 4137 quae
615 4067 971 4136 peccavimus
1025 4064 1434 4146 [patravimus]
1486 4070 1639 4126 circa
1697 4083 1888 4128 sacras
1939 4071 2092 4126 ima-

442 4153 498 4225 gi
507 4167 622 4210 nes.

511 4243 825 4316 Gregorius
859 4244 1140 4302 diaconus
1184 4250 1243 4302 et
1271 4247 1531 4304 notarius
1560 4247 1734 4320 legit:

2120 3049 2170 3114 Ο

2187 1994 2428 2052 Abrahae
2457 1993 2702 2050 historia
2729 1993 2871 2064 visa,
2903 1993 3248 2064 lacrymatus
3279 1997 3388 2062 est,
3417 1996 3626 2063 quanto
3656 1991 3816 2063 magis

2189 2083 2416 2154 depicta
2443 2083 2734 2138 incarnata
2754 2081 3111 2152 dispensatio
3137 2081 3360 2138 Christi
3385 2079 3610 2136 Domini
3636 2078 3816 2148 nostri,

2193 2173 2293 2244 qui
2325 2177 2556 2243 propter
2582 2185 2687 2227 nos
2717 2171 2886 2227 homo
2936 2169 3122 2226 factus
3158 2173 3264 2242 est,
3308 2170 3567 2226 videntes
3605 2168 3668 2225 ad
3699 2180 3822 2238 pro—

2193 2259 2403 2318 fectum
2433 2266 2489 2316 et
2519 2261 2895 2331 lacrymarum
2927 2258 3263 2315 eﬁ‘usionem
3298 2257 3665 2318 hortabitur?

2263 2349 2534 2406 Tarasius
2559 2348 2960 2404 sanctissimus
2999 2347 3327 2418 patriarcha
3351 2347 3534 2402 dixit:
3573 2345 3629 2400 Si
3658 2344 3824 2401 vidis-

2195 2451 2384 2495 semus
2431 2438 2653 2493 iconam
2697 2437 3036 2493 cruciﬁxum
3085 2437 3481 2492 ostendentem
3520 2433 3823 2491 Dominum:

2195 2540 2382 2583 nonne
2409 2531 2466 2582 et
2495 2540 2599 2582 nos
2622 2525 3100 2597 lacrymaremur?

2264 2615 2467 2670 Sancta
2519 2615 2772 2685 synodus
2809 2614 2992 2670 dixit:
3041 2612 3376 2685 Magniﬁce;
3428 2626 3556 2669 nam
3608 2612 3666 2668 in
3721 2611 3828 2681 ipsa

2197 2703 2422 2776 liquido
2463 2703 2862 2760 consideratur
2887 2702 3240 2760 humilitatis
3273 2703 3563 2759 celsitudo
3598 2701 3712 2769 Dei,
3739 2698 3825 2771 qui

2198 2795 2429 2864 propter
2467 2805 2570 2848 nos
2607 2793 2940 2850 incarnatus
2963 2797 3066 2848 est.

2265 2881 2586 2951 Stephanus
2625 2881 3133 2938 reverendissimus
3163 2881 3454 2940 diaconus
3505 2886 3562 2939 et
3600 2879 3835 2938 notarius

2196 2983 2263 3025 ac
2311 2969 2736 3026 referendarius
2778 2969 2948 3041 legit:

2200 3096 2389 3152 Sancti
2425 3094 2620 3163 Cyrilli
2667 3095 3043 3150 Alcmandrini
3087 3097 3347 3166 epise0pi,
3407 3112 3477 3151 ea:
3518 3095 3734 3166 epistola
3777 3090 3841 3145 ad

2269 3166 2534 3238 Acacium
2593 3166 2966 3238 Scythopoleos
3017 3169 3349 3237 episcopum,
3396 3169 3466 3222 de
3524 3177 3838 3238 apopompzo

2277 3182 2534 3220 acacium
2593 3182 2756 3235 scyth
2859 3182 2966 3220 reos
3017 3182 3349 3237 episcopum,
3396 3182 3440 3222 at

2277 3233 2480 3311 [Cap-ro
2501 3182 2855 3315 emissarigﬁ),0
2877 3239 3036 3307 cujus
3068 3239 3291 3293 initium
3328 3245 3440 3294 est:

2278 3342 2474 3400 Missis
2499 3357 2651 3401 nunc
2678 3358 2711 3400 a
2740 3345 3044 3402 sanctitate
3073 3348 3171 3400 tua
3202 3345 3439 3402 nuntiis
3467 3345 3698 3417 gavisus
3734 3352 3842 3398 sum

2205 3432 2386 3488 valde.
2433 3433 2502 3488 Et
2547 3437 2672 3503 post
2713 3433 2828 3489 alia
2878 3433 3127 3502 plurima
3164 3433 3359 3490 dixit:
3405 3434 3672 3490 Dicimus
3711 3443 3845 3502 ergo,

2207 3521 2356 3590 quod
2419 3521 2600 3593 ﬁgura
2647 3526 2705 3578 et
2733 3521 2934 3578 umbra
2979 3527 3102 3577 erat
3131 3522 3243 3590 lex,
3299 3529 3362 3579 et
3404 3523 3574 3595 quasi
3615 3520 3844 3593 quaedam

2207 3609 2430 3679 pictura
2457 3609 2640 3680 posita
2669 3609 2738 3665 ad
2771 3609 3048 3667 visionem
3085 3610 3178 3666 his
3199 3612 3320 3683 [qui
3348 3612 3724 3683 conspiciunt
3753 3621 3846 3665 res.

2203 3697 2425 3753 Umbra:
2453 3703 2643 3754 autem
2666 3697 2812 3754 artis
2831 3701 2968 3754 sunt
2990 3712 3186 3755 eorum
3215 3701 3319 3770 qui
3351 3701 3605 3772 pingunt
3627 3701 3684 3756 in
3715 3696 3855 3752 tabu-

2205 3784 2300 3857 lis,
2326 3785 2611 3855 principia
2635 3787 3030 3843 exarationum
3056 3805 3068 3841 :
3096 3787 3315 3858 quibus
3339 3789 3394 3845 si
3422 3787 3855 3860 superinducan-

2203 3879 2300 3930 tur
2345 3873 2601 3930 colorum
2633 3876 2819 3947 flores,
2874 3879 3010 3932 tunc
3055 3875 3310 3946 profecto
3343 3878 3595 3949 pictura-3
3628 3873 3856 3948 pulchri-

2201 3963 2342 4019 tudo
2379 3963 2639 4019 nitescet.
2689 3965 2759 4020 Et
2785 3968 2912 4034 post
2959 3978 3172 4035 pauca:
3206 3966 3513 4038 Scriptum
3561 3970 3652 4024 est
3697 3963 3860 4037 igitur

2204 4051 2264 4107 in
2313 4052 2514 4108 mundi
2557 4051 2792 4110 factura:
2827 4053 3013 4110 libro:
3054 4055 3126 4108 Et
3155 4056 3376 4122 factum
3425 4062 3508 4112 est
3548 4060 3677 4127 post
3714 4051 3860 4107 verba

2203 4140 2332 4204 haec,
2355 4143 2584 4196 tentavit
2610 4145 2752 4196 Deus
2777 4142 3080 4205 Abraham,
3105 4147 3156 4197 et
3193 4143 3342 4199 dicit
3378 4146 3464 4200 ad
3488 4161 3646 4200 eum:
3686 4141 3864 4198 Abra—

2203 4229 2350 4293 ham,
2407 4229 2708 4285 Abraham.
2749 4230 2828 4284 At
2863 4231 2958 4285 ille
3007 4232 3291 4301 respondit
3313 4251 3332 4288 :
3373 4234 3619 4289 Adsum.
3665 4231 3763 4287 Ait
3791 4229 3863 4282 ei:

2208 4319 2354 4373 Tolle
2433 4320 2609 4389 ﬁlium
2691 4323 2844 4374 tuum
2945 4321 3308 4394 unigenitum,
3423 4339 3590 4393 quem
3673 4319 3865 4388 diligis,

443 4387 787 4442 Emsermone
821 4390 1000 4442 sancti
1037 4388 1282 4456 Gregorii
1318 4391 1524 4458 Nyssae,
1563 4389 1746 4444 habito
1776 4389 2096 4446 Constanti—

513 4458 716 4543 nopoli,
741 4459 1040 4543 deitate
1058 4461 1189 4514 Filii
1221 4466 1270 4516 et
1307 4461 1566 4531 Spiritus,
1603 4466 1654 4516 et
1687 4463 1744 4515 in
1788 4461 2090 4526 Abraham,
2127 4463 2180 4524 D

515 4535 672 4598 cujus
694 4535 914 4585 initium
942 4536 1055 4586 est:

2201 4408 2380 4470 Isaac,
2420 4412 2472 4461 et
2505 4408 2643 4462 vade
2687 4410 2747 4462 in
2789 4413 2990 4463 terram
3047 4410 3307 4473 Visionis,
3355 4416 3532 4482 atque
3585 4411 3720 4481 offer
3762 4421 3869 4463 eum

2200 4495 2284 4548 ibi
2345 4497 2405 4550 in
2472 4496 2842 4552 holocaustum
2912 4512 3077 4568 super
3143 4513 3316 4553 unum
3390 4501 3668 4555 montium
3727 4510 3870 4569 quem

2205 4589 2572 4640 monstravere
2629 4587 2746 4640 tibi.
2803 4587 2984 4654 Igitur
3037 4586 3324 4642 Abraham
3384 4589 3457 4643 de
3529 4595 3686 4644 nocte
3751 4601 3876 4641 con-

515 4669 706 4727 Veluti
777 4671 1049 4743 quiddam
1117 4672 1420 4743 patiuntur
1475 4673 1545 4730 ad
1601 4673 1844 4731 multum
1893 4675 2097 4732 florida
2208 4688 2455 4742 surgens,
2477 4677 2672 4730 stravit
2699 4677 2914 4730 asinum
2935 4690 3114 4737 suum.
3138 4677 3343 4731 ducens
3363 4692 3558 4732 secum
3584 4676 3879 4746 duosjuve-

449 4763 627 4828 prata.
651 4760 719 4815 Et
752 4766 882 4831 post
907 4760 1056 4816 alia:
1093 4761 1224 4817 Vidi
1256 4775 1402 4832 sape
1443 4762 1502 4818 in
1536 4763 1760 4833 pictura
1793 4764 2100 4836 imaginem
2210 4778 2304 4818 nes
2343 4768 2394 4818 et
2447 4765 2604 4819 Isaac
2644 4765 2819 4834 ﬁlium
2863 4779 3040 4818 suum.
3083 4763 3320 4834 Cumque
3363 4767 3701 4822 concidisset
3740 4766 3877 4831 ligna

449 4847 755 4919 passionis,
795 4853 854 4904 et
891 4862 1001 4904 non
1034 4849 1159 4906 sine
1201 4849 1470 4921 lacrymis
1503 4857 1790 4922 aspectum
1835 4852 2102 4917 transivi,
2212 4854 2273 4906 in
2310 4853 2699 4919 holocaustum,
2738 4853 2875 4908 abiit
2911 4854 2987 4908 ad
3029 4853 3202 4908 locum
3248 4870 3414 4923 quem
3454 4858 3794 4926 preceperat
3835 4851 3879 4904 ei

446 4935 583 4992 dum
615 4936 904 4993 evidenter
949 4950 1045 4994 ars
1085 4942 1216 4995 ante
1257 4939 1478 4996 vultum
1518 4940 1744 4998 afferret
1773 4941 2096 4998 historiam.
2211 4944 2373 4998 Deus.
2428 4945 2527 4998 Die
2568 4949 2747 4998 autem
2780 4945 2957 5005 tertio,
3001 4943 3222 4998 elevatis
3279 4944 3486 5008 oculis,
3538 4946 3684 5000 vidit
3720 4944 3878 4998 locum

445 5023 721 5081 Caeterum
749 5026 985 5096 ponitur
1003 5029 1158 5084 Isaac
1181 5029 1332 5099 apud
1357 5029 1545 5100 ipsum
1565 5030 1746 5086 altare
1761 5045 1934 5100 super
1953 5046 2101 5104 genu
2204 5031 2420 5097 procul,
2466 5031 2712 5100 diaitque
2749 5033 2824 5086 ad
2852 5047 3052 5101 pueros
3085 5046 3212 5085 suos
3234 5050 3252 5086 :
3283 5033 3630 5101 Exspectate
3663 5033 3750 5086 hic
3772 5042 3880 5084 cum

449 5111 690 5186 locatus,
717 5118 775 5170 et
811 5115 1019 5188 ligatas
1067 5117 1280 5174 habens
1335 5131 1537 5175 manus
1592 5123 1907 5174 retrorsum
1935 5118 2097 5190 (Gen.
2210 5121 2399 5188 asino;
2448 5136 2540 5188 ego
2578 5125 2756 5173 autem
2803 5124 2854 5174 et
2901 5135 3042 5190 puer
3089 5120 3224 5174 illuc
3274 5135 3458 5189 usque
3499 5123 3883 5192 praperantes,

449 5202 625 5276 XXII).
670 5201 745 5258 At
784 5201 884 5259 ille
909 5205 1220 5262 ascendens
1259 5210 1385 5276 post
1414 5211 1634 5277 tergum
1685 5207 1846 5276 pueri
1888 5207 2102 5264 suﬁ'ra—
2202 5214 2495 5278 postquam
2545 5209 2971 5272 adoraverimus,
3036 5213 3369 5264 revertemur
3430 5211 3513 5263 ad
3570 5227 3688 5265 vos.
3749 5207 3885 5264 Tulit

450 5291 582 5364 gine
613 5286 760 5365 [Gr.,
794 5291 1095 5364 suil'ragini
1123 5291 1390 5368 innixus]
1423 5295 1623 5364 juncta
1657 5290 1935 5368 [vincta],
1964 5295 2101 5353 laeva
2211 5313 2422 5370 quoque
2453 5298 2602 5363 ligna
2648 5298 2964 5362 holocausti,
3011 5302 3062 5352 et
3106 5297 3367 5367 imposuit
3401 5313 3581 5368 super
3610 5301 3770 5354 Isaac
3818 5299 3887 5367 ﬁ—

451 5393 624 5436 manu
669 5393 888 5436 comam
937 5381 1100 5451 pueri
1147 5383 1216 5438 ad
1249 5396 1308 5438 se
1355 5383 1615 5448 reﬂectit,
1662 5389 1720 5440 et
1768 5385 2102 5444 incurvatur
2213 5389 2346 5441 lium
2382 5400 2556 5438 suum.
2595 5386 2716 5455 Ipse
2757 5401 2880 5439 vero
2918 5385 3176 5455 portabat
3212 5387 3272 5438 in
3307 5386 3583 5441 manibus
3624 5389 3807 5454 ignem
3841 5386 3887 5435 et

448 5469 636 5527 vultui
681 5470 1088 5528 miserabiliter
1133 5472 1203 5528 ad
1253 5485 1314 5528 se
1346 5468 1492 5546 [Gr.,
1520 5473 1589 5529 ad
1641 5472 1858 5549 ipsum]
1909 5478 2103 5548 respi-
2207 5475 2455 5544 gladium
2485 5470 2645 5542 (Gen.
2679 5473 2848 5548 xxn).
2891 5475 2962 5530 Et
3005 5478 3132 5544 post
3177 5473 3322 5528 alia:
3379 5473 3783 5544 Veneruntque
3818 5468 3887 5526 ad

449 5559 648 5630 cienti,
679 5564 737 5616 et
780 5559 1068 5616 dexteram
1110 5565 1366 5618 armatus
1396 5559 1588 5633 gladio
1627 5563 1698 5620 ad
1750 5564 2094 5624 occisionem
2209 5565 2382 5620 locum
2435 5579 2591 5634 quem
2649 5563 2956 5619 ostenderat
2995 5564 3046 5617 ei
3093 5563 3256 5625 Deus,
3311 5559 3378 5613 in
3440 5577 3556 5630 quo
3595 5561 3886 5632 aediﬁcavit
