4012 6162
252 269 352 328 επ
1042 273 1589 330 INTERPRETATIO
1625 272 1872 329 SYNODI
1912 271 2005 327 VII
2038 272 2445 331 GENERALIS.
2468 306 2543 316 —
2568 276 2769 332 ACTIO
2800 280 2884 333 IV.
3556 276 3666 335 Q78

249 402 436 471 altare,
467 407 519 455 et
556 402 791 473 desuper
845 404 993 470 ligna
1042 406 1353 473 composuit.
1411 404 1645 473 Cumque
1682 404 1901 470 ligasset
1927 401 1984 475 ᾼ
2080 401 3654 474 NicephorussanotissimusepiscopusDyrrachiidixit:

248 491 396 543 Isaae
451 492 626 559 ﬁlium
656 506 816 545 suum
852 487 1012 565 [Gr..
1033 492 1198 562 pedes
1236 494 1392 545 Isaac
1422 494 1526 561 ﬁlii
1563 494 1671 552 sui,
1715 494 1900 561 posuit
2009 489 2296 547 Mirabilis
2323 496 2411 547 est
2434 492 2620 561 imago
2649 496 2705 545 et
2729 492 3110 548 admiratione
3133 493 3496 563 dignissima.
3525 511 3661 567 quo-

245 595 357 633 rum
386 580 447 631 in
487 580 659 632 altari
683 595 849 650 super
872 587 1074 633 struem
1094 581 1384 650 lignorum,
1412 582 1760 649 eartenditque
1788 596 1899 633 ma-
2009 579 2161 633 niam
2206 582 2394 649 potuit
2424 570 2826 637 mulierculam
2861 581 3104 637 liberare
3134 582 3203 637 ab
3227 583 3563 639 exsecrabili
3603 591 3660 641 et

245 684 364 720 num
396 673 449 720 et
491 670 736 738 arripuit
790 670 1057 736 gladium,
1091 675 1152 722 ut
1188 670 1490 723 immolaret
1514 671 1685 739 filium
1716 684 1891 721 suum.
2008 668 2160 736 turpi
2186 670 2531 737 operatione:

242 756 621 827 (Ibid.)Ergo
674 757 725 812 si
773 758 1006 827 quidam
1052 762 1311 814 nostrum
1369 758 1657 813 desiderat
1702 758 1894 813 videre
2074 758 2386 827 Gregorius
2433 755 2788 832 [Georgius]
2830 759 2942 814 Deo
2984 757 3254 813 amabilis
3286 758 3565 816 diaconus
3601 767 3657 817 et

237 845 518 914 depictam
555 846 614 901 in
637 846 836 901 tabula
865 845 1166 902 historiam
1184 847 1254 903 de
1272 847 1577 918 Abraham,
1607 846 1891 917 quomodo
1932 876 1939 883 ε
2004 845 2268 901 notarius
2291 846 2640 902 venerabilis
2672 847 3009 916 patriarchii
3044 847 3213 918 legit:

236 933 460 988 scilicet
483 947 615 990 eum
641 934 1030 1006 designaverit
1065 936 1252 1006 pictor
1274 931 1426 1009 [δίνη
1454 935 1740 1006 quomodo
1760 948 1890 990 eum
2000 934 2289 1001 Antipatri
2332 937 2567 1004 episcopi
2594 936 2981 1005 Bostrensium,
3036 952 3105 989 ea:
3151 951 3391 990 sermone
3427 938 3487 991 in
3522 953 3654 992 mu—

233 1023 342 1077 des.
366 1021 597 1097 pictor]
623 1040 636 1077 :
662 1028 987 1080 utrumnam
1020 1025 1215 1093 simul,
1235 1038 1307 1079 an
1326 1024 1629 1096 sigillatim
1650 1023 1891 1094 gesserit
2072 1023 2263 1075 (ieram
2293 1039 2413 1092 qua:
2452 1025 2663 1091 ﬂuxum
2692 1025 2979 1090 sanguinis
3006 1039 3176 1093 passa
3222 1029 3321 1095 est,
3352 1026 3510 1093 cuius
3532 1028 3653 1081 ini-

232 1125 350 1181 qua:
371 1112 448 1166 de
471 1111 577 1167 illo
598 1113 920 1169 dicuntur?
942 1113 1237 1184 Siquidem
1262 1112 1526 1169 nonnulli
1564 1113 1622 1168 in
1648 1112 1762 1167 alia
1793 1114 1891 1166 at-
2069 1112 2201 1164 tium
2221 1116 2332 1165 est:

231 1211 335 1269 que
376 1198 499 1254 alia
553 1201 746 1269 specie
791 1200 1038 1256 diversis
1083 1202 1343 1257 eumdem
1394 1201 1538 1257 locis
1565 1200 1888 1270 depingunt
2065 1199 2224 1267 Quod
2252 1200 2410 1268 prior
2437 1199 2665 1271 quidem
2691 1198 2867 1256 fuerit
2892 1201 3216 1257 Judazorum
3237 1203 3479 1275 vocatio,
3502 1204 3650 1261 Scri-

230 1282 376 1359 [Gr.,
399 1288 707 1358 Siquidem
742 1289 800 1344 in
826 1289 899 1344 al.
934 1295 1106 1360 atque
1130 1288 1203 1343 al.
1240 1305 1325 1358 sp.
1367 1289 1423 1343 d.
1449 1288 1637 1344 eumd.
1664 1287 1886 1342 loc.-de-
1997 1291 2163 1355 ptura
2193 1288 2410 1343 docuit.
2430 1290 2499 1343 Et
2527 1296 2651 1358 post
2671 1289 2823 1344 alia:

228 1374 547 1451 pinxerit]:
577 1382 780 1448 utputa
802 1379 1114 1449 aliquando
1133 1379 1417 1434 sedentem
1445 1378 1673 1449 quidem
1692 1377 1878 1447 asino,
2062 1376 2187 1430 Ilaec
2221 1376 2460 1432 salutari
2501 1378 2723 1433 fimbria
2753 1378 3159 1448 comprehensa
3189 1378 3416 1435 dicebat
3436 1380 3647 1438 mulier

223 1471 519 1536 assumpto
570 1480 768 1537 puero,
820 1467 1194 1537 sequentibus
1245 1465 1509 1521 famulis:
1566 1465 1879 1535 aliquando
1991 1477 2117 1533 qua:
2152 1467 2367 1520 ﬂuxum
2398 1467 2702 1537 sanguinis
2742 1466 3085 1536 patiebatur,
3115 1473 3178 1522 ut
3207 1481 3391 1539 regem
3425 1474 3643 1526 natura:

222 1559 406 1609 autem
442 1559 774 1610 remanente
815 1570 1019 1610 rursus
1065 1555 1229 1610 asino
1281 1556 1549 1610 deorsum
1591 1567 1703 1609 una
1746 1566 1875 1607 cum
1990 1557 2187 1609 tenens
2208 1554 2532 1626 Dominum,
2557 1560 2614 1610 et
2650 1556 2937 1625 passionis
2978 1557 3335 1626 tyrannidem
3362 1559 3633 1614 edocens:

222 1640 455 1697 famulis
481 1648 814 1698 onerantem
842 1645 1014 1714 Isaac,
1042 1648 1098 1698 et
1136 1643 1432 1698 habentem
1462 1657 1576 1712 pra:
1615 1640 1877 1696 manibus
1988 1647 2365 1713 perceptoque
2397 1644 2567 1713 dono,
2602 1647 2847 1698 statuam
2892 1645 3076 1698 erexit
3103 1644 3351 1700 Christo.
3399 1647 3468 1701 Et
3497 1647 3642 1716 qui-

221 1730 475 1802 gladium
510 1731 687 1787 simul
710 1736 767 1786 et
791 1732 1000 1804 ignem.
1043 1734 1270 1787 Necnon
1293 1735 1350 1786 et
1370 1730 1513 1786 alibi
1531 1730 1789 1784 eumdem
1814 1728 1871 1782 in
1904 1733 1957 1794 Β
1985 1730 2110 1783 dem
2133 1730 2371 1785 divitias
2395 1731 2454 1785 in
2506 1731 2760 1787 modicos
2779 1732 3142 1803 expenderet,
3171 1734 3265 1788 sed
3298 1733 3636 1792 divitiarum

216 1820 400 1888 specie
426 1821 641 1876 iterum
673 1820 789 1875 alia
813 1820 1259 1890 compedientem
1284 1834 1455 1890 super
1481 1819 1635 1890 ligna
1666 1814 1873 1891 [super
1986 1818 2219 1874 residua
2246 1819 2461 1874 obtulit
2487 1820 2736 1875 Christo.
3592 1813 3603 1823 ’

217 1909 365 1980 ligna
410 1907 896 1984 adolescentem],
954 1914 1010 1965 et
1039 1923 1289 1965 armasse
1334 1909 1525 1981 gladio
1554 1909 1866 1977 dexteram,
2051 1906 2461 1963 Sanctissimus
2505 1908 2829 1978 patriarcha
2872 1909 3059 1965 dixit:
3105 1911 3304 1980 Itaque
3329 1914 3385 1966 et
3418 1912 3633 1983 imagi—

216 2005 275 2054 ut
294 2012 489 2054 necem
520 1998 749 2054 inferat.
806 1999 909 2054 Sed
944 2013 1056 2054 non
1084 1999 1229 2054 alter
1271 2003 1329 2053 et
1346 1999 1492 2053 alter
1528 2001 1650 2052 erat
1680 1997 1869 2051 Abra—
1979 2007 2103 2049 nem
2134 1996 2232 2065 qui
2273 1996 2554 2067 depingit,
2588 1998 2699 2053 Deo
2734 1996 2891 2052 illam
2923 1998 3107 2066 oﬂert,
3150 2000 3630 2069 quemadmodum

217 2087 337 2142 ham
361 2088 621 2143 diversis
654 2089 712 2143 in
744 2088 888 2144 locis
930 2088 1101 2143 aliter
1144 2093 1317 2157 atque
1343 2087 1515 2141 aliter
1539 2087 1732 2141 visus:
1768 2086 1864 2141 sed
1976 2086 2033 2137 et
2058 2084 2266 2139 mulier
2291 2090 2556 2141 statuam.

217 2178 355 2233 idem
384 2178 513 2247 ipse
564 2177 896 2248 ubicunque
926 2191 1163 2247 semper,
1201 2177 1515 2231 secundum
1545 2189 1734 2230 rerum
1761 2188 1869 2230 ne-
2048 2173 2299 2229 Basilius
2347 2174 2747 2230 sanctissimus
2798 2173 3104 2244 episcopus
3148 2174 3383 2245 Ancyra:
3418 2176 3573 2232 dixit
3606 2195 3620 2231 :

213 2268 555 2336 cessitatem,
586 2267 827 2336 pictoris
855 2271 975 2321 arte
1002 2271 1456 2336 reprmsentatus.
1488 2268 1680 2340 Neque
1709 2266 1861 2319 enim
1974 2260 2210 2330 Proprie
2239 2262 2428 2317 dicere
2454 2258 2552 2335 [ut
2575 2263 2802 2332 proprie
2829 2262 3018 2317 dicam
3038 2260 3081 2336 ],
3120 2262 3301 2334 jubet,
3333 2268 3391 2319 et
3419 2264 3625 2334 recipit

213 2361 321 2411 erat
349 2355 721 2425 conveniens,
762 2357 879 2411 imo
907 2355 1283 2425 impossibile,
1314 2355 1373 2410 in
1414 2369 1528 2410 uno
1549 2355 1861 2424 eodemque
1972 2350 2327 2419 amplissime
2358 2350 2630 2406 facientes
2661 2351 2961 2421 imagines.

215 2444 325 2500 loco
348 2446 539 2500 videri
567 2445 759 2500 omnia
783 2458 975 2515 gerere
1001 2459 1125 2514 qua:
1153 2445 1223 2499 de
1246 2443 1348 2499 illo
1372 2444 1668 2499 dicuntur.
2040 2440 2284 2495 Thomas
2342 2440 2853 2495 reverendissimus
2909 2441 3222 2497 monachus
3286 2443 3620 2498 monasterii

272 2534 688 2589 Constantinus
720 2533 1122 2589 sanctissimus
1167 2534 1474 2603 episcopus
1509 2532 1859 2589 Constantia:
1967 2526 2303 2583 Chenolacci
2355 2528 2539 2583 dixit:
2581 2528 2811 2584 Librum
2865 2528 3014 2584 beati
3074 2528 3287 2585 Asterii
3327 2529 3519 2602 affero,
3563 2537 3618 2586 et

214 2621 364 2692 Cypri
391 2622 579 2677 dixit:
626 2623 707 2677 En
750 2626 808 2677 et
834 2627 1069 2677 sanctus
1094 2621 1346 2692 Cyrillus
1384 2635 1633 2677 consona
1659 2627 1856 2678 sancto
1966 2615 2140 2671 offero
2171 2620 2378 2672 sancta:
2409 2618 2654 2687 synodo:
2685 2620 2741 2672 et
2769 2622 2834 2673 ut
2858 2616 3094 2686 iubetis.

214 2712 475 2782 Gregorio
494 2713 753 2781 Nysseno
776 2710 941 2766 dicit.
2036 2707 2240 2761 Sancta
2259 2708 2510 2777 synodus
2524 2707 2698 2762 dixit:
2745 2709 3005 2779 Legatur.

270 2801 497 2856 Cosmas
514 2799 815 2869 diaconus,
837 2800 1097 2855 notarius
1113 2802 1169 2855 et
1184 2799 1553 2856 cubuclesius
1571 2800 1741 2873 legit:
2033 2796 2102 2849 Et
2134 2794 2425 2865 accipiens
2465 2796 2876 2852 Constantinus
2901 2798 3013 2853 Deo
3041 2796 3310 2853 amabilis
3333 2798 3614 2855 diaconus

214 2927 275 2979 De
315 2925 655 2978 carminibus
697 2926 876 2979 sancti
924 2924 1168 2991 Gregorii
1219 2925 1466 2993 theologi,
1506 2941 1574 2978 ea:
1614 2942 1852 2981 sermone
1960 2886 2017 2938 et
2048 2884 2501 2955 nomr'usk’g't:

429 2996 499 3049 de
545 2998 746 3049 vim“
792 2996 993 3057 ὴαδίίθι
1039 2997 1195 3064 cujus
1234 2997 1453 3049 initium
1486 3001 1563 3049 (⁷³⁸
1595 3016 1611 3050 ³
1879 3068 1928 3131 C
1957 3026 2113 3079 Beati
2148 3026 2358 3081 Asterii
2385 3028 2619 3096 episwpi
2659 3026 2900 3131 Am‘asim
2949 3027 3142 3081 relatio
3171 3029 3231 3083 in
3258 3029 3609 3099 Euphemiam
3692 3090 3701 3097 ,

265 3122 435 3176 Deum
461 3120 725 3177 omnium
754 3124 1043 3177 auctorem
1075 3121 1324 3191 primum
1355 3121 1553 3177 invoco
1570 3130 1610 3176 ι.
1644 3127 1695 3176 et
1720 3128 1848 3192 post
1879 3104 1928 3131 υ
2633 3104 2947 3166 martyrem-

207 3210 341 3313 “hff‘
392 3298 515 3313 ,Ην
700 3311 713 3313 _
816 3312 821 3313 ί
1248 3302 1261 3313 Α
1338 3298 1373 3313 η
1402 3299 1438 3313 ,Α
2024 3241 2327 3311 Pridem,o
2360 3240 2494 3310 viri,
2530 3240 2959 3297 Demosthenem
3011 3242 3283 3299 habebam
3325 3244 3386 3300 in
3412 3247 3605 3302 mani-

264 3300 369 3353 Nec
392 3298 664 3354 Polemon
691 3311 723 3353 a
746 3312 833 3354 me
863 3298 1099 3354 silentio
1131 3298 1463 3369 praeteribit.

2019 3346 2061 3386 IS
2086 3298 2583 3399 illum'optimum,
2607 3336 2663 3386 et
2688 3332 3083 3388 Demosthenis
3106 3332 3226 3403 illa,

261 3387 477 3442 Etenim
508 3387 850 3444 miraculum
880 3393 965 3443 est
1002 3402 1070 3443 ex
1121 3388 1243 3442 illis
1291 3403 1415 3457 qua:
1458 3388 1669 3459 oppido
1708 3396 1843 3447 sunt

2009 3433 2075 3472 :m
2105 3387 2612 3473 amaris‘immittit
2650 3414 2807 3491 [Gr.,
2834 3417 3091 3493 impetit]
3120 3387 3593 3492 cogitationibus.

497 3567 511 3580 υ
536 3567 579 3581 Ἀ
752 3473 1336 3581 ,[Ρτφίξίθδηάλβξθή
1363 3478 1698 3581 ρνεξῖξιίελω)
1949 3508 2287 3563 Retardatus
2332 3520 2464 3562 vero
2513 3473 2807 3574 sermione;
2839 3473 3141 3562 etdensus

258 3568 388 3622 Erat
412 3567 646 3637 quidem
680 3567 844 3637 prius
884 3567 992 3622 iste
1023 3581 1133 3622 non
1163 3567 1312 3622 inter
1356 3568 1617 3639 pudicos,

2009 3594 2193 3649 lietem
2214 3595 2549 3664 deprecatus
2565 3608 2711 3662 sum,
2740 3567 2797 3649 et
2812 3591 3232 3669 ambulacrum[
3256 3567 3593 3667 Gr.,vquiete

258 3656 512 3757 infame
532 3656 723 3757 tarvis
743 3655 1411 3757 ἶΟῙΠΡίῗίξλωιωίηίδίίῖη
1942 3655 2172 3754 egebam
2202 3688 2257 3738 et
2291 3655 2750 3757 ambulatione],
2790 3696 2902 3753 quo
2950 3682 3091 3737 mihi
3129 3655 3445 3740 solveretur:
3482 3701 3596 3756 pu—

258 3745 354 3799 Ast
377 3758 507 3799 cum
533 3743 739 3799 affectu
766 3742 900 3799 boni
931 3743 1196 3800 detentus
1220 3749 1387 3813 esset,

2005 3742 2140 3827 llum
2183 3773 2389 3827 anima:
2416 3771 2609 3827 dolor:
2666 3742 3079 3852 etupi'pcedeus
3129 3772 3200 3827 de
3240 3742 3589 3845 habitaculo,

255 3831 663 3889 consiliarium
702 3832 998 3887 inveniens
1023 3830 1171 3902 (ηοη
1200 3837 1388 3888 autem
1427 3832 1604 3933 Ῐιξώθο
1641 3836 1833 3933 dicere
1942 3860 2261 3930 pauxillum
2300 3874 2430 3916 cum
2463 3861 2615 3916 notis
2653 3830 2961 3915 comitatus
3001 3860 3061 3915 in
3092 3858 3301 3933 forum,
3336 3862 3500 3919 illinc
3520 3830 3589 3920 ad

294 4010 305 4021 .
697 4010 708 4022 _
791 4013 805 4023 Δ
974 4010 1008 4023 ῃ
1286 4011 1298 4022 ι
1465 3919 1703 4023 [(Ιιξθῐη)
1737 4014 1751 4023 _
1936 3919 2036 4002 hei
2074 3948 2348 4017 templum
2382 3947 2669 4018 profectus
2694 3963 2843 4019 sum,
2890 3943 3161 4005 oraturus
3183 3949 3240 4005 in
3264 3919 3589 4020 vacatione,

255 4010 374 4065 Sive
409 4024 544 4081 δι’εο
589 4010 901 4081 sapientem
936 4010 1208 4112 aliqu‘fni:
1252 4011 1372 4112 5in
1402 4014 1830 4112 semeiiz‘ailda‘
1935 4036 2074 4091 Cum
2100 4010 2287 4092 autem
2335 4010 2397 4093 et
2436 4037 2541 4092 hoc
2577 4010 2941 4109 consecuius,
2978 4038 3037 4092 in
3060 4010 3304 4095 obscuro
3328 4010 3588 4110 porticus

731 4189 766 4201 ,Δ
938 4188 950 4201 .
1039 4187 1074 4201 η
1106 4095 1259 4172 [cter
1291 4098 1440 4200 (Gz-2,
1474 4100 1699 4173 subito)
1934 4125 2233 4181 domorum
2264 4126 2315 4181 in

1998 4139 2233 4181 imorum
2264 4126 2601 4196 incederem,
2629 4126 2749 4181 vidi
2784 4126 2909 4181 illic
2943 4127 3224 4196 picturam
3258 4130 3582 4201 quamdam,

253 4189 484 4245 Tantum
506 4189 775 4260 apparuit
802 4187 1169 4259 passionibus
1200 4189 1482 4258 superior,

2015 4227 2100 4268 me
2125 4213 2181 4268 in
2202 4187 2758 4270 summitatem’visio
2780 4214 2919 4270 tulit
2943 4187 3168 4289 icepit]
3194 4233 3207 4270 :
3242 4187 3306 4271 ui
3322 4187 3587 4287 Euphra—I

254 4276 318 4331 Ut
337 4292 513 4333 unum
533 4279 819 4349 quoddam
842 4290 1045 4347 ponam
1069 4277 1480 4332 miraculorum
1507 4279 1631 4348 ejus

1998 4302 2095 4357 »τίς
2145 4307 2335 4358 autem
2382 4303 2604 4358 diceres
2652 4315 2775 4358 esse
2812 4276 3176 4375 diligentiam
3206 4276 3465 4375 artificii,
3498 4305 3582 4361 vel

251 4367 594 4423 Meretricem
624 4367 861 4423 advocat
897 4368 1130 4437 quidam
1166 4367 1530 4422 incontinens
1555 4368 1815 4437 juvenis:

251 4455 375 4485 num
404 4471 531 4485 ηεηιη
558 4457 712 4485 ςςενοη
748 4460 961 4485 “Antam
996 4456 1241 4485 ..Ληςι-ι-ηο
1300 4464 1358 4485 ιη
1393 4455 1554 4485 αξη-ιο

2000 4392 2212 4462 :jusque
2236 4392 2466 4448 illorum
2516 4396 2789 4461 veterum,
2824 4367 2957 4461 quiv
2980 4392 3371 4462 sculptibilem
3400 4367 3584 4451 Juno-

248 4455 375 4523 Qua:
403 4471 533 4512 cum
550 4457 717 4526 juxta
747 4460 964 4526 portam
996 4456 1264 4525 venisset,
1300 4464 1363 4511 ut
1391 4455 1575 4526 aiunt,

1993 4494 2055 4533 :m
2082 4480 2137 4534 in
2160 4480 2630 4552 magnitudinem,
2653 4494 2783 4535 cum
2814 4481 3037 4536 modica
3065 4486 3231 4548 esset,
3273 4482 3577 4554 erigentes,

249 4544 305 4599 In
328 4559 436 4614 qua
461 4551 587 4601 erat
608 4545 966 4615 prospiciens
994 4545 1257 4601 Polemon
1282 4546 1341 4600 in
1375 4545 1569 4601 icona:

1997 4568 2098 4622 iam
2127 4544 2350 4623 tabulas
2395 4544 2677 4623 animatas
2716 4568 3098 4638 operabantur
3132 4544 3282 4642 [Gr.,
3327 4544 3426 4640 qui
3482 4544 3581 4641 pi;

249 4634 389 4690 Hanc
407 4649 538 4691 cum
579 4635 821 4690 vidisset
852 4632 1090 4705 (etenim
1119 4639 1242 4690 erat
1261 4635 1529 4707 colenda)

1989 4657 2749 4729 uraaplurimumdignitatis
2766 4632 3183 4733 conciliaruni]
3205 4657 3253 4714 ι).
3272 4632 3406 4715 Veni
3421 4632 3573 4733 ergo,

421 4721 746 4824 θθξὶῖθείίωτ
775 4728 831 4778 et
854 4728 1086 4824 δῆβίῗοίιξ
1119 4728 1405 4824 δξηξθτθίδτ
1926 4746 1976 4802 si
2012 4721 2414 4813 velis(etenim
2457 4721 2609 4801 nunc
2644 4747 2866 4802 vacatio
2901 4721 3251 4803 narrationis
3288 4752 3374 4803 est
3401 4721 3578 4822 )edisi

249 4809 309 4865 Ut
334 4812 613 4867 viventem
643 4813 1019 4868 verecundam
1044 4812 1353 4882 depicmm-
1925 4850 2105 4893 seram
2164 4809 2272 4889 tibi
2317 4834 2681 4904 scripturam.
2715 4838 2907 4905 Neque
2962 4836 3115 4891 enim
3170 4838 3352 4910 magis
3401 4809 3575 4908 prava

246 4915 483 4974 Basilius
502 4917 908 4973 sanctissimus
945 4918 1250 4988 episcopus
1278 4917 1513 4990 Ancyrae
1533 4919 1714 4974 dixit:
1743 4922 1812 4976 Et
1922 4938 2089 4995 quam
2113 4924 2378 4993 pictores,
2412 4936 2516 4979 nos
2544 4923 2746 4993 utique
2777 4938 3068 4981 musarum
3099 4926 3261 4996 pueri
3292 4926 3571 4984 habemus

185 5010 393 5061 sanctus
417 5006 735 5076 Gregorius
758 5006 1066 5077 deiloquus
1087 5008 1250 5062 Pater
1267 5008 1587 5063 mirabilem
1612 5008 1811 5064 retulit
1923 5012 2167 5067 remedia
2201 5008 2565 5084 [pharmace].
2607 5012 2815 5067 Mulier
2850 5014 3104 5083 quaedam
3137 5014 3301 5087 virgo
3322 5029 3482 5071 sacra
3514 5022 3570 5072 et

188 5087 381 5147 iconam
405 5093 746 5149 Polemonis.
1920 5102 2267 5171 incorrupta,
2292 5102 2403 5155 Deo
2436 5100 2774 5170 pudicitiam
2797 5115 3020 5173 vovens,
3051 5104 3426 5174 Euphemiam
3457 5119 3563 5161 vo-

240 5178 639 5238 Sanctissimus
672 5183 996 5252 patriarcha
1015 5185 1199 5241 dixit:
1229 5188 1450 5245 Etenim
1473 5194 1711 5250 castitas
1738 5210 1806 5251 ex
1915 5195 2046 5246 cant
2083 5203 2224 5244 eam.
2274 5190 2412 5244 Cum
2461 5195 2650 5245 autem
2694 5194 2974 5261 tyrannus
3004 5191 3320 5263 aliquando
3352 5193 3443 5261 pie
3473 5193 3569 5247 vi—

188 5262 266 5321 illa
286 5274 497 5337 patrata
523 5276 644 5325 est:
687 5271 802 5326 nisi
842 5272 996 5328 enim
1027 5274 1267 5330 vidisset
1304 5284 1555 5335 scortum
1582 5282 1802 5339 iconam
1913 5285 2104 5335 ventes
2145 5285 2595 5350 persequeretur,
2640 5280 2816 5335 nimis
2843 5262 3123 5336 alacriter
3145 5280 3349 5337 mortis
3392 5280 3564 5349 elegit

188 5350 493 5428 Polemonis,
530 5373 891 5430 nequaquam
929 5374 961 5416 a
993 5367 1192 5432 stupro
1221 5374 1514 5422 cessasset.
1915 5369 2251 5439 periculum.
2294 5369 2365 5423 At
2404 5382 2536 5423 vero
2564 5369 2718 5424 cives
2765 5373 2822 5424 et
2866 5370 3379 5427 communieatores
3417 5367 3561 5421 reli—

233 5480 704 5567 zi‘lngms._Joy_ano
724 5483 911 5567 versio
958 5484 1015 5539 in
1042 5500 1178 5543 suos
1211 5504 1437 5560 quoque
1463 5505 1659 5549 versus
1703 5495 1804 5550 di-
1981 5493 2011 5534 ι)
2052 5494 2418 5567 ᾼῃηετίιεξιιεΔ
2444 5493 2661 5547 videtur
2710 5494 2899 5561 legisse
2961 5487 3136 5567 Ἦραν
3178 5508 3280 5563 pro
3321 5481 3452 5561 ἦραν
3496 5487 3551 5538 Ῑη

186 5550 363 5607 stincta
388 5558 491 5621 est,
525 5550 591 5608 ut
618 5553 785 5609 modo
809 5555 1052 5611 edimus.
1229 5550 1245 5558 “
1344 5550 1360 5560 ’
1914 5580 2015 5621 ms.
2044 5564 2275 5634 Jolyano
2314 5564 2525 5635 legitur
2552 5550 2901 5633 εονίρῑὶὄίιειηι
2927 5550 3209 5625 Iunonem,
