4012 6162
422 274 531 334 279

426 403 638 474 gionis,
688 417 788 474 pro
831 417 942 474 qua
999 403 1167 475 obiit,
1225 409 1420 475 utpote
1466 403 1690 459 virilem
1743 407 1800 457 et
1854 397 2155 457 sacramA

422 490 705 566 virginem
743 492 1110 562 admirantes,
1165 493 1329 562 juxta
1378 491 1693 547 sacrarium
1740 490 1899 544 theca
1929 502 2074 543 con-

427 584 664 649 structa,
697 585 752 635 et
781 580 964 650 posito
991 580 1198 652 loculo,
1225 581 1468 637 honores
1487 581 1539 636 ei
1571 578 1986 646 concelebrant,
2019 579 2074 631 et

427 681 674 724 annuam
698 667 1061 724 festivitatem
1089 665 1475 742 [communem
1509 673 1566 723 et
1597 666 1880 738 publicam
1921 665 2077 720 cele—

428 753 755 830 britatem],
805 769 1012 813 novum
1042 763 1098 812 et
1141 756 1436 827 publicum
1481 755 1752 813 facientes
1791 767 2078 810 commer—

431 844 608 901 cium.
666 847 814 918 Ergo
865 845 967 901 alii
1018 846 1250 916 quidem
1311 846 1411 901 Dei
1471 845 1872 916 mysteriorum
1924 842 2073 898 sacri

430 933 818 1003 disputatores
844 934 1232 1004 hierophantzc
1273 935 1444 990 verbo
1491 948 1719 1006 quoque
1745 931 2074 988 memoriam

431 1035 652 1092 semper
676 1021 976 1094 honorant,
1008 1028 1064 1078 et
1091 1022 1338 1094 qualiter
1375 1021 1856 1079 consummaverit
1896 1019 2079 1076 suffe-

431 1111 630 1166 rentia:
659 1114 961 1180 certamen,
1010 1111 1320 1182 diligenter
1357 1125 1454 1167 eos
1501 1111 1600 1181 qui
1629 1109 1804 1165 simul
1844 1109 2074 1177 adsunt,

428 1197 682 1255 edocent.
737 1199 928 1255 Pictor
955 1204 1142 1254 autem
1175 1199 1266 1269 pie
1303 1213 1496 1271 agens,
1527 1205 1582 1254 et
1608 1199 1730 1268 ipse
1775 1211 1872 1266 per
1899 1201 2077 1252 artem

431 1301 534 1357 pro
561 1287 787 1344 viribus
812 1291 984 1343 totam
1014 1287 1315 1343 historiam
1355 1289 1480 1358 ejus
1517 1288 1828 1357 designans
1867 1286 1925 1341 in
1949 1285 2081 1341 sin—

429 1375 596 1446 done,
637 1376 802 1444 juxta
835 1375 1051 1430 thecam
1083 1389 1300 1432 sacram
1335 1377 1530 1446 posuit
1571 1376 1870 1431 visionem.
1905 1373 2081 1428 Habet

431 1468 619 1520 autem
669 1464 749 1519 ita
807 1478 867 1519 se
910 1463 1054 1520 illud
1113 1464 1360 1520 amabile
1405 1464 1740 1520 artiﬁcium.
1807 1461 2079 1519 Excelsus

430 1565 603 1622 super
627 1552 896 1609 thronum
924 1552 1152 1608 stabilis
1188 1557 1275 1608 est
1299 1553 1496 1622 judex,
1527 1567 1718 1608 amare
1742 1566 1808 1607 ac
1833 1551 2081 1622 maligne

429 1640 717 1710 aspiciens
743 1641 802 1695 in
842 1640 1142 1712 virginem.
1188 1641 1464 1696 Irascitur
1503 1641 1654 1696 enim
1700 1641 1928 1712 quando
1957 1639 2080 1694 vult

428 1741 525 1784 ars
551 1729 722 1785 etiam
747 1729 809 1784 in
833 1729 1168 1785 inanimatis
1197 1730 1474 1785 materiis.
1509 1729 1734 1785 Adsunt
1760 1732 1948 1784 autem
1981 1741 2080 1782 sa—

430 1817 644 1872 tellites
691 1816 1070 1888 principatus,
1119 1823 1176 1872 et
1199 1817 1416 1873 milites
1445 1817 1651 1872 multi:
1700 1829 1942 1886 quorum
1973 1814 2096 1870 alii

433 1905 662 1976 quidem
717 1909 1211 1961 monumentorum
1255 1905 1638 1975 descriptores
1681 1904 1862 1960 libros
1888 1902 2081 1958 ferunt

431 1999 488 2050 et
515 1993 852 2049 codicillos:
892 2007 1133 2064 quorum
1181 1994 1327 2050 alter
1361 2008 1394 2049 a
1442 2008 1570 2050 cera
1602 2007 1772 2049 manu
1805 2004 2076 2061 suspensa

434 2078 549 2154 [G12
578 2082 709 2135 add.
739 2079 1047 2156 iracunde]
1072 2083 1281 2152 aspicit
1309 2083 1376 2137 ad
1405 2096 1526 2136 eam
1546 2097 1671 2152 qua:
1687 2081 2075 2152 judicabatur,

433 2175 608 2226 totam
629 2169 916 2224 inclinans
933 2167 1156 2235 faciem,
1174 2170 1351 2225 veluti
1365 2169 1574 2239 jubens
1592 2170 1773 2241 magis
1792 2165 2074 2242 [clarius]

433 2257 804 2329 loquendum,
854 2270 924 2312 ne
965 2256 1230 2313 laborans
1275 2259 1428 2313 circa
1477 2259 1765 2320 auditum,
1814 2259 2079 2314 mendosa

433 2347 648 2406 scribat
673 2360 738 2402 ac
776 2345 1271 2416 reprehensibilia.
1307 2347 1501 2402 Stabat
1551 2352 1738 2404 autem
1800 2347 1960 2418 virgo
2019 2347 2078 2402 in

435 2436 634 2508 aquilo
660 2436 995 2491 indumento
1023 2448 1088 2490 ac
1109 2441 1261 2491 veste
1289 2437 1712 2506 philosophiam
1733 2437 2076 2508 designans;

434 2531 490 2583 et
512 2529 575 2582 ut
594 2525 780 2580 visum
811 2528 897 2578 est
919 2523 1145 2596 pictori,
1182 2525 1353 2580 etiam
1384 2525 1547 2580 vultu
1575 2525 1829 2582 urbano:
1861 2531 1925 2581 ut
1948 2540 2080 2582 vero

439 2615 585 2672 mihi
635 2614 882 2674 videtur,
923 2613 1113 2669 anima
1143 2613 1460 2670 virtutibus
1509 2615 1798 2670 decorata.
1852 2617 2082 2671 Ducunt

440 2707 630 2760 autem
646 2703 714 2758 ad
741 2701 1056 2772 principem
1079 2701 1195 2758 duo
1221 2701 1456 2773 milites,
1495 2717 1646 2759 unus
1669 2703 1897 2773 quidem
1922 2703 2080 2758 illam

438 2797 570 2848 ante
591 2791 842 2859 trahens,
868 2790 1014 2844 alter
1041 2797 1227 2846 autem
1272 2797 1400 2860 post
1425 2795 1644 2862 tergum
1681 2805 1890 2861 urgens
1915 2791 2088 2862 virgi-

441 2881 535 2936 nis
582 2883 956 2950 temperatum
1009 2878 1224 2948 pudore
1261 2885 1431 2949 atque
1478 2880 1799 2934 constantia
1850 2893 2079 2935 morem.

438 2968 661 3025 Etenim
712 2967 905 3024 innuit
946 2967 1175 3038 quidem
1221 2967 1278 3022 in
1318 2973 1550 3038 terram,
1585 2973 1648 3022 ut
1695 2967 2086 3025 erubescensa

440 3057 700 3116 vultibus
718 3057 982 3112 marium.
1005 3056 1199 3112 Stabat
1215 3061 1402 3112 autem
1423 3071 1780 3127 nequaquam
1803 3059 2082 3127 perculsa,
2111 3039 2162 3101 Ο

441 3147 708 3218 nihilque
735 3159 897 3215 passa
917 3158 1085 3215 penes
1105 3159 1338 3216 agonem
1376 3145 1692 3201 timendum
1715 3142 2081 3224 [timidum].

440 3237 695 3306 Cumque
710 3248 813 3306 ego
828 3233 976 3289 alios
994 3232 1224 3289 interim
1249 3233 1538 3288 laudarem
1568 3235 1834 3306 pictores,
1859 3237 2086 3306 quando

444 3325 698 3383 intuitus
731 3337 857 3378 sum
905 3322 1072 3378 illius
1101 3321 1366 3378 mulieris
1415 3322 1708 3378 Colchidis
1751 3338 1930 3394 opus:
1963 3340 2087 3396 quae

444 3413 588 3471 ﬁliis
606 3425 734 3468 cum
757 3415 904 3466 esset
925 3409 1178 3482 gladium
1203 3409 1456 3480 illatura,
1495 3410 1890 3468 misericordia
1919 3416 1975 3468 et
2005 3410 2090 3468 fu-

446 3515 574 3559 rore
597 3499 810 3556 dividit
829 3497 1050 3554 faciem.
1089 3500 1157 3554 Et
1183 3513 1334 3555 unus
1383 3499 1612 3569 quidem
1658 3500 1954 3556 oculorum
1989 3501 2090 3555 in—

445 3591 642 3647 sinuat
683 3589 846 3658 iram,
878 3587 1023 3642 alter
1063 3600 1195 3641 vero
1236 3591 1468 3641 matrem
1519 3586 1737 3642 indicat
1769 3592 2085 3656 parcentem

445 3684 503 3734 et
527 3681 878 3734 trementem.
909 3676 1072 3728 Nunc
1100 3677 1287 3727 autem
1322 3673 1664 3728 miraculum
1691 3673 1760 3728 ab
1801 3674 1900 3729 illa
1924 3675 2089 3745 cogi-

448 3767 664 3823 ratione
709 3763 778 3818 ad
828 3762 974 3816 hanc
1021 3760 1362 3816 commutavi
1396 3759 1778 3830 scripturam:
1830 3766 1886 3816 et
1913 3762 2090 3816 vehe-

449 3857 667 3911 menter
703 3849 958 3905 admiror
985 3847 1284 3917 artiﬁcem,
1331 3847 1602 3917 quoniam
1644 3849 1825 3920 magis
1857 3849 2091 3905 miscuit

451 3942 706 3998 colorum
731 3951 962 4004 morem,
985 3940 1042 3990 et
1070 3935 1438 3990 reverentiam
1471 3935 1644 3990 simul
1667 3940 1722 3991 et
1757 3937 2089 3993 virilitatem

453 4035 792 4098 temperans,
851 4024 1177 4080 affectiones
1231 4037 1329 4094 per
1372 4030 1629 4080 naturam
1688 4032 2086 4098 repugnantes.

451 4117 794 4174 Procedente
821 4128 954 4170 vero
977 4113 1236 4168 anterius
1267 4113 1607 4181 imitatione,
1645 4115 1944 4170 carniﬁces
1971 4117 2094 4186 qui-

453 4209 585 4264 dam
616 4207 676 4262 in
703 4204 920 4261 tunicis
951 4203 1141 4274 parvis
1171 4202 1312 4258 nudi
1339 4203 1453 4272 jam
1490 4203 1791 4259 veniebant
1820 4205 1890 4259 ab
1924 4220 2092 4275 opere

458 4295 604 4372 [jam
626 4292 1104 4368 aggrediebantur
1134 4289 1340 4366 opus].
1375 4293 1442 4347 Et
1471 4292 1704 4362 quidam
1739 4295 2093 4364 apprehenso

1659 271 2013 329 ANASTASII
2055 269 2596 330 BIBLIOTHECARII

3681 277 3772 336 280

2183 401 2310 454 Mox
2338 413 2472 472 ergo
2515 405 2572 454 et
2617 403 2744 469 post
2794 399 3105 468 modicum,
3151 397 3336 468 ignem
3381 396 3514 453 alibi
3558 397 3777 456 validum

2186 488 2371 557 pictor
2390 489 2706 557 succendit,
2739 487 2916 544 rubeo
2949 486 3137 542 colore
3161 485 3294 540 hinc
3331 490 3385 541 et
3407 486 3529 540 inde
3550 487 3778 544 rutilanti

2183 590 2508 646 corpoream
2557 576 2770 632 faciens
2809 577 3122 632 ﬂammam:
3184 574 3492 644 statuitque
3541 574 3596 628 in
3625 577 3784 632 medio

2187 665 2369 735 illam,
2405 680 2604 721 manus
2656 665 2887 736 quidem
2918 665 2987 719 ad
3019 663 3193 720 cmlos
3237 663 3645 733 expandentem,
3676 677 3786 719 mo—

2185 754 2406 809 lestiam
2444 767 2574 809 vero
2619 753 2834 809 nullam
2877 753 2936 808 in
2965 751 3110 807 facie
3151 751 3634 818 demonstrantem,
3662 752 3790 807 sede

2127 877 2134 884 -
2184 843 2474 899 contrario
2520 843 2877 915 gaudentem,
2925 841 3195 912 quoniam
3226 840 3294 896 ad
3329 839 3698 908 incorpoream
3743 846 3791 896 et

2187 931 2404 987 beatam
2443 933 2616 987 vitam
2669 931 2882 987 abibat.
2933 931 3123 1000 Usque
3163 929 3275 984 huc
3313 932 3369 983 et
3406 927 3582 996 pictor
3613 929 3794 983 statuit

2189 1034 2440 1093 manum,
2467 1025 2523 1077 et
2558 1035 2660 1092 ego
2705 1033 3038 1076 sermonem.
3080 1020 3324 1088 Tempus
3365 1020 3550 1072 autem
3594 1017 3692 1072 tibi
3723 1023 3796 1073 est

2185 1117 2242 1165 et
2259 1125 2401 1181 eam,
2433 1111 2482 1166 si
2510 1111 2782 1176 volueris,
2812 1110 3092 1180 picturam
3123 1107 3404 1178 perﬁcere,
3430 1110 3492 1161 ut
3514 1105 3798 1175 perspicias

2188 1199 2500 1271 subtiliter,
2525 1199 2639 1254 nisi
2689 1195 2776 1273 [si
2811 1195 2963 1272 non]
3011 1196 3255 1252 multum
3289 1199 3414 1264 post
3442 1194 3797 1249 narrationem

2189 1288 2469 1343 venimus.

2258 1376 2678 1433 Gloriosissimi
2702 1377 2929 1447 judices
2949 1375 3254 1432 dixerunt:
3282 1373 3382 1427 Pia
3415 1371 3591 1443 igitur
3618 1375 3698 1425 est
3720 1383 3802 1426 ars

2190 1465 2494 1536 pictorum,
2522 1472 2577 1522 et
2616 1481 2726 1521 non
2751 1471 2814 1521 ut
2838 1478 2959 1520 eam
2991 1464 3226 1534 quidam
3283 1461 3619 1530 insipienter
3661 1459 3804 1514 vitu-

2191 1559 2432 1624 perant:
2484 1555 2605 1625 ipse
2674 1555 2887 1624 quippe
2935 1554 3101 1608 Pater
3171 1552 3446 1622 pictorem
3513 1548 3602 1619 pie
3656 1560 3801 1619 agere

2189 1643 2458 1698 asseruit.

2109 1710 2164 1772 Β
2262 1731 2671 1787 Constantinus
2717 1729 3118 1786 sanctissimus
3164 1728 3470 1798 episcopus
3495 1723 3811 1781 Constantia:

2190 1820 2359 1890 Cypri
2411 1821 2606 1876 dixit:
2659 1820 2762 1875 Sed
2813 1823 2868 1874 et
2927 1831 3150 1874 sacrum
3210 1817 3357 1872 illud
3411 1817 3810 1870 monumentum

2189 1908 2458 1978 appellat.
2502 1910 2571 1964 Et
2618 1907 2916 1980 theologus
2972 1905 3354 1962 venerabilem
3400 1901 3717 1973 imaginem,
3761 1905 3809 1953 et

2188 1996 2624 2065 Chrysostomus
2667 2001 2920 2051 sanctam
2963 1993 3247 2063 appellat;
3283 1994 3346 2046 at
3373 2004 3504 2046 vero
3545 1990 3700 2042 Pater
3725 1985 3812 2055 qui

2190 2077 2374 2139 lectus
2391 2089 2496 2152 est,
2548 2099 2784 2140 sacram.
2833 2086 2902 2140 Et
2933 2083 3071 2154 quid
3113 2081 3362 2138 ulterius
3407 2079 3478 2135 ad
3511 2078 3624 2134 haac
3655 2079 3818 2146 potest

2189 2173 2409 2242 aliquis
2428 2173 2820 2229 contradicere
2836 2173 2864 2226 ‘I

2260 2262 2588 2318 Theodorus
2657 2263 3059 2318 sanctissimus
3119 2259 3430 2332 episcopus
3497 2253 3819 2327 Myrensium

2188 2350 2373 2406 dixit:
2424 2351 2736 2407 Audientes
2775 2351 3028 2406 universi
3075 2354 3300 2420 patrum
3356 2353 3676 2404 nostrorum
3713 2355 3825 2397 ma-

2191 2441 2447 2512 gisteria,
2502 2440 2828 2510 compuncti
2881 2453 3080 2495 sumus
3134 2439 3358 2509 anima,
3419 2441 3477 2492 et
3535 2432 3828 2506 praeteritos

2189 2544 2369 2586 annos
2417 2530 2706 2585 deﬂemus.
2768 2529 2871 2584 Sed
2905 2529 3120 2599 gratias
3148 2527 3388 2598 agimus
3413 2527 3547 2596 Deo,
3582 2523 3712 2595 quia
3748 2533 3832 2590 per

2189 2619 2482 2675 doctrinas
2504 2622 2725 2688 patrum
2751 2622 3076 2676 nostrorum
3098 2617 3376 2672 venimus
3405 2615 3473 2670 ad
3497 2611 3824 2686 agnitionem

2192 2707 2470 2762 veritatis.

2261 2795 2615 2850 Theodosius
2643 2795 3046 2850 sanctissimus
3067 2793 3391 2863 episcopus
3420 2791 3639 2848 Amorii
3662 2789 3830 2845 dixit:

2192 2882 2586 2940 Sacratissime
2613 2887 2670 2936 et
2698 2883 2812 2937 Deo
2833 2880 3193 2937 honorabilis
3212 2880 3484 2951 domine,
3520 2893 3623 2935 nos
3657 2884 3710 2934 et
3738 2880 3837 2933 tota

2194 2977 2387 3028 sancta
2410 2971 2661 3041 synodus
2683 2970 2981 3025 audientes
3007 2974 3351 3024 sanctorum
3376 2973 3602 3039 patrum
3627 2971 3840 3022 nostro—

2195 3076 2321 3117 rum
2363 3059 2691 3131 magisteria
2720 3059 2790 3114 de
2821 3058 3003 3113 sacris
3033 3056 3429 3129 imaginibus,
3461 3056 3763 3112 credimus.
3796 3056 3844 3108 et

2194 3148 2548 3216 conﬁtemur,
2595 3152 2652 3203 et
2699 3159 2888 3202 sacras
2925 3151 2982 3201 et
3009 3151 3234 3202 sanctas
3279 3159 3394 3202 eas
3447 3159 3744 3201 vocamus:
3795 3145 3843 3196 et

2196 3237 2295 3307 qui
2331 3236 2411 3291 ita
2443 3249 2555 3291 non
2581 3235 2817 3301 dixerit,
2852 3233 2932 3289 sit
2960 3233 3278 3289 anathema.

2264 3327 2466 3380 Sancta
2493 3325 2746 3395 synodus
2771 3324 2967 3380 dixit:
3010 3323 3098 3378 Sit
3125 3323 3482 3380 anathemal

2265 3414 2620 3484 Nicephorus
2631 3411 3363 3481 sanctissimusepiscopus
3373 3409 3683 3482 Dyrrachii
3695 3407 3850 3465 dixit:

2195 3505 2423 3570 Semper
2451 3501 2635 3556 bonus
2658 3500 2841 3569 pictor
2862 3513 2960 3568 per
2995 3504 3174 3554 artem
3224 3512 3330 3554 res
3375 3499 3634 3566 exhibet,
3661 3509 3848 3569 quem—

2195 3589 2499 3646 admodum
2528 3593 2584 3642 et
2615 3589 2666 3643 is
2703 3588 2801 3658 qui
2856 3587 3126 3657 martyris
3171 3586 3527 3656 Euphemia:
3558 3585 3846 3658 imaginem

2196 3677 2550 3750 designavit:
2610 3681 2840 3747 propter
2879 3677 3028 3747 quod
3061 3680 3119 3730 et
3148 3676 3206 3731 in
3256 3675 3366 3732 his
3395 3677 3607 3732 doctor
3639 3676 3856 3746 pictura:

2198 3771 2375 3822 artem
2393 3765 2700 3821 collaudat.

2267 3853 2676 3909 Constantinus
2721 3853 3120 3910 sanctissimus
3160 3853 3489 3925 episcopus
3527 3851 3860 3910 Constantia:

2197 3942 2364 4012 Cypri
2409 3942 2592 3997 dixit:
2645 3942 2853 4012 Utique
2899 3941 3171 3997 dicendo:
3237 3942 3577 3998 Landabam
3638 3941 3856 4012 quidem

2199 4044 2302 4102 ego
2333 4029 2605 4100 primitus
2645 4044 2770 4100 quae
2799 4033 2964 4085 erant
2988 4028 3306 4100 Colchidis,
3343 4045 3543 4102 usque
3573 4033 3712 4088 dum
3744 4027 3860 4084 veni

2199 4121 2268 4174 ad
2303 4119 2606 4192 imaginem
2631 4119 2917 4188 martyris.

2271 4208 2472 4263 Sancta
2503 4207 2754 4278 synodus
2790 4207 2973 4262 dixit:
3026 4207 3096 4262 Et
3142 4207 3262 4262 hazc
3305 4211 3790 4282 comtemplatus,
3818 4211 3869 4262 et
3957 4273 3964 4277 υ

2206 4297 2520 4367 perculsus.
3219 4317 3230 4328 -

457 4386 686 4458 quidem
735 4383 940 4452 capite,
987 4381 1275 4436 inclinans
1330 4385 1455 4450 post
1513 4387 1752 4452 tergum,
1813 4379 2176 4452 praebebatD
2275 4385 2524 4440 Basilius
2544 4384 2945 4439 sanctissimus
2973 4383 3278 4454 episcopus
3306 4385 3566 4458 Ancyra:
3590 4387 3776 4444 dixit:
3807 4385 3870 4440 Et

453 4473 620 4530 alteri
655 4475 992 4543 paeparatam
1019 4470 1086 4524 ad
1133 4469 1485 4539 supplicium
1515 4469 1761 4540 virginis
1797 4485 2092 4540 personam

459 4559 779 4638 [faciem]:
825 4561 1058 4630 quidam
1117 4572 1248 4612 vero
1291 4563 1486 4612 astans
1536 4558 1825 4614 incidebat
1861 4561 2088 4617 dentes:

457 4652 698 4707 malleus
717 4655 905 4705 autem
926 4653 981 4702 et
1005 4647 1223 4702 terebra
1258 4645 1534 4716 supplicii
1557 4660 1769 4718 organa
1799 4656 2088 4718 apparent.

454 4743 728 4796 Praeterea
775 4739 1055 4808 lacrymor
1085 4736 1238 4804 hinc,
1273 4739 1328 4790 et
1381 4735 1521 4790 mihi
1558 4737 1748 4805 passio
1802 4737 2097 4796 intercidit

456 4841 767 4884 sermonem
795 4843 809 4882 :
843 4824 1144 4896 sanguinis
1177 4823 1328 4878 enim
1355 4829 1546 4895 guttas
1565 4823 1650 4880 sic
1671 4825 1960 4882 evidenter
1989 4843 2097 4883 su—

457 4915 832 4988 percoloravit
878 4914 1080 4984 pictor,
1119 4919 1182 4970 ut
1218 4913 1440 4968 diceres
1472 4914 1572 4968 has
1618 4915 1770 4970 labia
1822 4917 2096 4972 veraciter

453 5005 789 5075 distillasse,
835 5007 890 5058 et
938 5003 1280 5058 lamentatus
1327 5001 1534 5058 abires.
1569 5003 1650 5059 Ad
1696 5005 1924 5060 vincula
1970 5010 2098 5075 post

455 5097 593 5164 haec,
621 5098 676 5149 et
708 5093 914 5148 iterum
950 5091 1110 5162 virgo
1149 5091 1492 5146 venerabilis
1523 5091 1582 5145 in
1611 5090 1788 5147 fulvis
1818 5093 2093 5166 vestibus,

453 5184 547 5241 sed
569 5187 626 5238 et
645 5181 768 5238 sola
799 5181 1106 5236 extendens
1151 5194 1352 5236 manus
1385 5179 1444 5234 in
1475 5179 1703 5249 coelum,
1732 5186 1786 5234 et
1827 5181 2097 5238 invocans

449 5274 626 5329 Deum
673 5275 1094 5340 procuratorem
1124 5269 1275 5323 inter
1311 5268 1550 5323 atrocia.
1583 5268 1686 5322 Cui
1716 5269 1901 5323 oranti
1931 5284 2100 5339 appa-

450 5365 538 5416 ret
557 5373 728 5429 super
751 5363 921 5428 caput
943 5358 1192 5427 signum,
1227 5357 1374 5426 quod
1412 5370 1561 5410 nunc
1595 5356 1680 5410 lex
1706 5363 1791 5411 est
1824 5357 2099 5414 Christia-

451 5450 544 5506 nis
573 5449 809 5505 adorare
851 5453 1020 5517 atque
1058 5443 1464 5514 prmscribere:
1501 5445 1767 5515 quodque
1813 5445 2093 5502 indicium

451 5543 686 5596 autumo
731 5534 912 5592 fuisse
961 5533 1264 5604 passionis,
1321 5547 1447 5602 qum
1493 5532 1651 5588 illam
1710 5535 2089 5604 exspectabat.

2202 4478 2366 4530 Pater
2387 4473 2484 4542 qui
2508 4473 2690 4528 lectus
2707 4477 2814 4542 est,
2845 4485 2908 4526 ea
2933 4485 3132 4541 passus
3157 4477 3263 4543 est,
3293 4489 3434 4544 quae
3461 4476 3870 4532 sanctissimus

2201 4561 2512 4633 Gregorius
2535 4557 2887 4634 [Nyssenus]
2911 4577 2922 4614 :
2949 4561 3112 4616 ambo
3128 4561 3281 4616 enim
3325 4563 3390 4618 in
3419 4564 3793 4636 imaginibus
3806 4561 3878 4618 la-

2202 4651 2436 4722 crymati
2463 4654 2614 4706 sunt.

2273 4739 2542 4794 Tarasius
2569 4738 2972 4796 sanctissimus
3002 4739 3325 4810 patriarcha
3361 4741 3578 4799 dixit:
3613 4740 3883 4812 Praecipit

2202 4830 2384 4898 Pater,
2417 4832 2472 4881 et
2503 4827 2792 4881 licentiam
2821 4827 2919 4882 dat
2961 4827 3021 4882 in
3054 4828 3163 4883 ﬁne
3191 4832 3497 4887 sermonis
3528 4831 3752 4888 volenti
3783 4831 3886 4885 de-

2206 4917 2438 4987 pingere
2491 4920 2840 4970 certatorum
2902 4920 3212 4986 martyrum
3285 4921 3747 4987 narrationem;
3808 4917 3888 4974 ait

2205 5005 2390 5060 enim:
2432 5005 2676 5074 Tempus
2703 5010 2892 5060 autem
2951 5004 3057 5060 tibi
3108 5009 3215 5075 est,
3262 5010 3321 5060 et
3347 5021 3487 5063 eam
3545 5010 3599 5065 si
3637 5006 3888 5066 volueris

2208 5093 2488 5162 picturam
2543 5092 2838 5162 perﬁcere:
2885 5097 2948 5149 ut
2996 5093 3312 5164 perspicias
3366 5096 3722 5170 subtiliter,
3777 5093 3889 5152 nisi

2208 5181 2447 5236 multum
2479 5187 2605 5252 post
2634 5182 3015 5238 narrationem
3039 5183 3324 5239 venimus.

2274 5271 2516 5326 Joannes
2543 5272 2656 5325 Deo
2671 5270 2939 5326 amabilis
2959 5272 3266 5343 presbyter,
3295 5276 3360 5326 et
3389 5273 3604 5332 locum
3637 5276 3896 5334 netinens

2205 5358 2646 5430 apostolicarum
2680 5360 2900 5416 sedium
2930 5361 3204 5429 Orientis,
3231 5359 3398 5415 dixit
3428 5380 3443 5416 :
3471 5366 3692 5436 Itaque
3720 5365 3900 5432 major

2205 5451 2292 5503 est
2323 5447 2506 5518 imago
2538 5460 2824 5503 sermone:
2857 5453 2913 5503 et
2945 5449 3049 5504 hoc
3091 5449 3191 5504 Dei
3238 5449 3645 5518 providentia
3681 5451 3897 5508 factum

2204 5541 2288 5591 est
2314 5543 2543 5606 propter
2573 5535 2785 5592 idiotas
2817 5537 3096 5593 homines.
3825 5534 3838 5544 ’
