4012 6162
212 224 294 283 281
899 218 1444 277 ῙΝΤΕΒΡΒΕΤᾹΤΙΟ
1481 219 1730 277 SYNODI
1772 218 1798 273 ν

1908 216 2296 277 ΞΕΝΕΠΑῙᾸΒ.
2332 252 2406 263 -
2441 223 2643 280 ACTIO
2683 225 2777 279 IV.

271 350 643 407 Constantinus
691 351 1093 407 sanctissimus
1129 352 1434 422 episcopus
1456 351 1803 408 Constantiee
1826 346 1881 408 A
1919 364 2131 419 pauca:
2163 350 2264 406 Eia
2304 364 2455 406 nunc
2500 355 2557 406 et
2601 364 2663 407 ea
2696 366 2821 421 quae
2867 350 3016 421 apud
3046 349 3343 405 Caesariam
3374 348 3559 404 Palm—

218 440 353 510 Cypri
376 438 541 494 dixit:
564 438 621 493 Si
669 440 888 494 sanctis
929 440 1076 495 viris
1104 440 1271 495 talem
1305 440 1804 511 compunctionem

217 529 431 585 fecerunt
458 539 619 581 sacrae
650 527 929 599 imagines
952 570 967 599 ,
997 533 1210 598 quanto
1241 530 1424 601 magis
1453 528 1620 584 nobis
1639 528 1668 581 ἱ)

269 615 558 670 Theodorus
612 616 1017 672 sanctissimus
1084 617 1388 687 episcopus
1452 616 1801 688 Myrensium

205 705 359 761 dixit:
386 703 640 759 Patribus
668 705 885 760 nostris
924 704 1063 761 talia
1091 705 1439 768 dicentibus,
1480 719 1591 762 non
1623 703 1804 759 babe-

214 796 314 847 m’us
339 792 473 862 quod
498 791 780 848 dicamus.

261 882 473 936 Joannes
494 882 609 938 Deo
637 881 907 937 amabilis
930 882 1224 953 presbyter
1248 888 1304 939 et
1334 883 1521 939 locum
1553 883 1808 939 retinens

198 969 592 1039 apostolicarum
644 970 866 1026 sedium
917 971 1196 1043 Orientis,
1222 973 1409 1028 dixit:
1443 975 1565 1027 Non
1596 973 1806 1028 adver-

198 1064 359 1114 santur
386 1059 630 1128 pictores
657 1059 997 1132 Scripturis,
1049 1061 1142 1116 sed
1177 1060 1461 1132 quidquid
1502 1061 1804 1131 Scriptura

196 1147 327 1217 dicit,
358 1146 407 1201 id
437 1147 866 1203 demonstrant:
905 1148 983 1204 ita
1025 1154 1090 1205 ut
1116 1154 1430 1211 assertores
1455 1151 1575 1207 sint
1602 1164 1801 1206 eorum

196 1249 292 1305 qua:
318 1234 514 1304 scripta
548 1240 706 1290 sunt.

244 1322 567 1378 Theodosius
598 1324 1002 1381 sanctissimus
1038 1326 1344 1396 episcopus
1371 1326 1592 1383 Amorii
1614 1327 1796 1382 dixit:

192 1410 388 1465 Divinus
408 1409 721 1478 Apostolus
753 1414 951 1468 edocet
973 1414 1203 1469 dicens:
1230 1416 1570 1484 Quacunque
1598 1418 1802 1485 scripta

190 1505 304 1561 sunt,
331 1499 398 1552 ad
423 1505 669 1554 nostram
712 1501 1013 1555 doctrinam
1060 1504 1263 1572 scripta
1304 1509 1431 1558 sunt
1463 1502 1640 1573 (Rom.
1673 1518 1743 1558 xv
1761 1504 1795 1577 ).

190 1588 297 1655 Ipsa:
338 1586 523 1657 itaque
572 1593 784 1644 sanctae
814 1594 984 1659 atque
1015 1589 1265 1647 colenda:
1318 1591 1595 1663 imagines
1620 1598 1676 1647 et
1702 1592 1800 1662 pi—

1917 438 2083 494 stinae
2107 452 2139 493 a
2165 444 2361 495 sancto
2404 437 2550 495 facta
2577 444 2732 508 sunt,
2760 439 3070 494 secundum
3099 438 3247 507 quod
3282 436 3557 505 possibile

1916 525 2111 596 fuerit,
2169 541 2516 584 enarremus.
2575 528 2711 583 Cum
2776 527 3291 596 appropinquasset
3349 530 3555 578 sancta:

1917 615 2139 670 civitati
2165 616 2378 672 almum
2404 617 2659 685 cadaver,
2691 620 2885 671 notum
2914 613 3124 669 factum
3158 613 3437 669 universa:
3462 611 3556 665 ci—

1914 703 2105 777 vitati,
2126 708 2182 758 et
2206 703 2408 759 latitia
2437 718 2635 776 magna
2674 703 2873 773 repleti
2900 707 3037 758 sunt
3065 715 3278 757 omnes.
3320 701 3389 755 Et
3418 713 3556 755 sur-

1917 797 2131 863 gentes,
2156 806 2427 864 sacraque
2446 794 2601 865 ligna
2624 793 3005 863 percutientes
3025 801 3047 828 ι
3071 791 3559 861 congregaverant

1916 881 2249 950 semetipsos
2268 881 2325 936 in
2344 882 2837 937 venerabilissimo
2854 880 3063 950 templo
3091 879 3191 934 Dei
3216 878 3551 947 Genitricis,

1915 971 2065 1040 quod
2105 970 2325 1026 dicitur
2346 973 2531 1027 Novae.
2561 972 2627 1026 Et
2666 970 2873 1025 deinde
2897 983 3024 1025 cum
3056 967 3328 1024 crucibus
3353 970 3410 1022 et
3433 966 3557 1021 lita-

1915 1058 2009 1114 nia
2035 1058 2255 1114 obviam
2283 1063 2560 1115 venerunt
2591 1064 2784 1115 sancto
2829 1058 3071 1128 lipsano,
3115 1071 3244 1112 cum
3270 1054 3555 1126 gloriﬁca-

1914 1148 2069 1202 tione
2095 1148 2403 1219 gaudentes
2426 1152 2483 1203 et
2505 1148 2857 1203 exsultantes
2886 1165 2899 1201 :
2929 1151 2986 1202 et
3010 1147 3175 1217 quasi
3204 1146 3551 1215 reﬁorentes,

1914 1237 2029 1291 imo
2052 1236 2287 1291 recreati
2317 1237 2373 1291 in
2407 1237 2705 1305 praesentia
2735 1236 3002 1306 martyris
3031 1249 3062 1291 a
3113 1234 3396 1305 paucitate
3423 1232 3552 1288 ﬁdei

1912 1339 2037 1395 qum
2068 1331 2189 1379 erat
2220 1325 2277 1378 in
2312 1324 2452 1393 illis,
2481 1330 2537 1379 et
2560 1325 2806 1380 aliarum
2838 1324 3227 1394 nequitiarum
3256 1321 3556 1377 mortiﬁca-

1912 1415 2085 1484 tione,
2118 1428 2372 1485 magnam
2391 1420 2730 1484 acceperunt
2749 1414 3215 1471 consolationem.
3243 1410 3555 1467 Orantibus

1911 1506 2097 1559 autem
2135 1503 2275 1574 illis,
2303 1508 2359 1558 et
2382 1504 2868 1568 deosculantibus,
2900 1508 2955 1558 et
3000 1517 3060 1557 se
3088 1503 3241 1557 circa
3268 1499 3553 1556 tumulum

1912 1592 2326 1662 volutantibus,
2356 1598 2527 1662 atque
2542 1593 2799 1648 debitum
2820 1592 3112 1661 praemium
3134 1601 3557 1658 recompensan-

189 1680 343 1747 cturaz,
375 1681 484 1730 tam
511 1691 644 1746 quae
687 1677 747 1732 in
779 1678 1041 1750 musivis,
1067 1693 1237 1749 quam
1265 1694 1390 1750 qua:
1424 1680 1481 1734 in
1511 1681 1793 1737 materiali
1822 1666 1875 1727 Β
1917 1679 2075 1734 tibus
2099 1680 2323 1749 lipsano
2342 1694 2408 1735 ac
2435 1680 2719 1736 memoriae
2743 1680 2925 1735 sancti
2956 1679 3148 1749 hujus,
3178 1677 3387 1733 mulier
3411 1690 3557 1747 quae-

190 1763 453 1832 scriptione
475 1763 648 1833 ﬁunt,
671 1765 739 1820 ad
765 1771 1014 1821 nostram
1038 1763 1185 1840 [Gr.,
1205 1773 1261 1823 et
1282 1769 1604 1824 materiales
1624 1767 1801 1825 effor-

189 1852 442 1920 mationes,
466 1856 648 1923 atque
685 1854 925 1919 musiva,
966 1856 1037 1911 ad
1071 1853 1364 1929 nostram]
1392 1856 1713 1912 doctrinam
1744 1862 1801 1913 et

187 1940 559 1996 aemulationem
589 1946 645 1996 et
676 1940 913 1997 formam
938 1948 1093 2015 sunt,
1115 1949 1172 1999 et
1190 1945 1419 2014 scriptae
1443 1945 1797 2015 consistunt;

186 2033 301 2084 utet
343 2043 438 2085 nos
487 2031 748 2086 eamdem
800 2030 1038 2087 formam
1069 2038 1125 2089 et
1152 2048 1387 2105 agonem
1432 2035 1802 2090 ostendamus

184 2118 303 2173 circa
358 2120 531 2174 Deum
574 2136 593 2173 :
667 2124 951 2190 quatenus
1003 2127 1060 2176 et
1128 2136 1232 2178 nos
1297 2137 1524 2193 quoque
1594 2123 1802 2194 dignos

184 2194 478 2262 statione'ac
514 2207 788 2277 portione
838 2208 1114 2280 ipsorum,
1165 2216 1222 2266 et
1275 2211 1596 2266 cohaercdes
1626 2210 1801 2266 faciat

186 2295 313 2365 regni
343 2295 448 2350 sui.

231 2383 535 2441 Theodorus
570 2386 978 2443 sanctissimus
1011 2388 1316 2458 episcopus
1355 2388 1578 2443 Catame
1606 2388 1795 2445 dixit:

179 2470 342 2527 Beatus
360 2478 413 2528 et
435 2473 631 2530 deifer
656 2475 858 2531 doctor
889 2476 1168 2547 Asterius,
1202 2478 1355 2533 sicut
1384 2477 1549 2532 stella
1585 2477 1795 2532 claris-

181 2560 308 2630 sima,
331 2563 593 2619 omnium
626 2570 882 2621 nostrum
904 2567 1075 2621 corda
1095 2566 1428 2622 illustravit.
1465 2568 1658 2636 Itaque
1686 2580 1795 2621 non

179 2656 301 2705 extra
320 2653 789 2724 consequentiam
822 2655 1102 2711 catholica
1122 2655 1377 2711 Ecclesia
1411 2655 1666 2724 suscepit
1699 2669 1800 2710 sa-

180 2750 276 2793 cras
300 2744 350 2794 et
390 2741 753 2798 venerabiles
776 2743 987 2813 iconas,
1031 2745 1126 2799 sed
1159 2749 1287 2813 apte
1312 2748 1636 2800 sanctorum
1691 2758 1798 2813 pa-

178 2832 295 2882 trum
320 2834 649 2886 nostrorum
676 2831 972 2887 doctrinas
997 2836 1207 2888 secuta.

229 2915 516 2987 Gregorius
574 2921 689 2975 Deo
715 2919 984 2976 amabilis
1011 2921 1293 2977 diaconus
1321 2925 1530 2977 sancta:
1578 2935 1794 2993 magna:

177 3000 400 3060 Ecclesia:
420 3005 814 3062 laudabilium
835 3008 1236 3078 Apostolorum
1259 3009 1399 3080 legit
1420 3027 1432 3063 :

175 3125 233 3177 De
254 3131 498 3197 martyrio
527 3133 716 3184 sancti
764 3130 1055 3185 Anastasii
1079 3134 1339 3200 martyris
1383 3134 1579 3195 Persa,
1637 3132 1795 3201 cujus

766 3203 985 3257 initium
1026 3208 1105 3258 est
1125 3222 1142 3257 :

227 3321 553 3395 Unigenitus
600 3325 787 3381 Filius
816 3330 872 3381 et
900 3326 1149 3383 Verbum
1178 3328 1302 3398 Dei,
1344 3341 1444 3398 per
1474 3342 1638 3403 quem
1667 3342 1798 3383 om—

178 3410 255 3466 nia
278 3411 411 3470 facta
445 3419 610 3471 sunt.
643 3416 713 3470 Et
735 3421 861 3484 post
886 3415 1033 3471 alia:
1061 3417 1199 3471 Cum
1222 3420 1410 3472 autem
1450 3416 1799 3472 abundasset

174 3497 219 3551 in
242 3512 298 3555 eo
317 3502 695 3573 desiderium,
720 3508 785 3559 ut
815 3504 1264 3574 illuminaretur,
1291 3505 1526 3577 rogabat
1551 3505 1795 3561 multum

173 3590 464 3653 praedictum
491 3593 712 3663 virum,
747 3593 1037 3665 utdignus
1056 3592 1373 3650 efﬁceretur
1390 3594 1573 3664 gratia
1599 3594 1782 3649 sancti

169 3671 505 3743 baptismatis.
550 3681 627 3735 At
651 3680 762 3735 ille
787 3682 1083 3750 trepidans
1114 3685 1344 3752 propter
1367 3683 1664 3738 Persarum
1693 3696 1803 3738 me-

170 3768 286 3837 tum,
312 3781 377 3823 ne
406 3768 866 3839 periclitaretur,
893 3768 1192 3826 diﬁ'erebat
1227 3784 1374 3826 eum.
1400 3772 1797 3827 Verumtamen

172 3865 273 3909 cum
312 3857 408 3913 illo
450 3859 579 3913 ibat
625 3859 695 3913 ad
741 3858 1030 3930 ecclesias,
1081 3864 1137 3915 et
1182 3860 1399 3920 orabat.
1452 3864 1507 3915 et
1539 3861 1797 3930 picturas

171 3949 457 4001 sanctorum
484 3950 808 4016 martyrum
830 3948 1165 4017 aspiciebat,
1213 3955 1268 4003 et
1293 3949 1698 4006 sciscitabatur
1726 3950 1796 4005 ab

172 4043 240 4101 eo,
281 4047 531 4102 quaenam
570 4034 688 4090 haec
717 4041 923 4091 essent.
973 4036 1039 4090 Et
1080 4036 1322 4092 audiens
1358 4037 1429 4092 ab
1457 4051 1523 4093 eo
1563 4043 1800 4094 sancto-

173 4132 271 4175 rum
299 4123 600 4194 miracula,
623 4128 680 4179 et
703 4124 847 4180 dura
880 4130 1157 4179 tormenta
1185 4140 1310 4195 qua:
1334 4126 1457 4181 illis
1482 4140 1514 4181 a
1536 4127 1797 4196 tyrannis

175 4206 305 4264 illata
323 4210 576 4283 fuerant,
598 4218 655 4268 et
684 4226 859 4282 super
890 4213 1178 4268 hominem
1201 4214 1586 4284 tolerantiam,
1614 4216 1797 4271 mira—

171 4292 312 4353 batur
352 4307 409 4355 et
462 4302 823 4371 stupeﬁebat.
861 4304 1092 4357 Manens
1142 4316 1275 4375 ergo
1307 4307 1560 4372 tempore
1615 4318 1793 4374 pauco

170 4387 291 4451 apud
321 4390 657 4456 praedictum
688 4390 917 4445 Christo
946 4390 1219 4445 dilectum
1260 4391 1469 4461 virum,
1511 4393 1790 4462 optimum

172 4474 321 4528 sumit
344 4476 398 4531 in
440 4478 638 4533 anima
667 4478 1041 4548 desiderium,
1086 4484 1151 4534 ut
1174 4480 1619 4551 Hierosolymam
1660 4495 1796 4551 per-

170 4562 373 4633 veniret,
405 4572 461 4621 et
489 4566 574 4621 ibi
604 4566 762 4622 ﬁeret
791 4573 986 4623 sancto
1012 4567 1350 4637 baptismate
1379 4569 1608 4640 dignus.

225 4649 545 4710 Theodorus
602 4655 1008 4711 sanctissimus
1078 4657 1382 4727 episcopus
1446 4659 1793 4728 Myrensium

170 4733 325 4793 dixit:
350 4742 620 4813 Apparet,
652 4745 788 4815 quia
826 4745 1238 4801 venerabilium
1271 4746 1585 4817 imaginum
1621 4749 1797 4803 tradi-

172 4829 241 4883 tio
262 4830 533 4887 solemnis
563 4829 892 4908 [legitima]
922 4839 1024 4889 est.

231 4921 839 4991 Euthymiusreverend
852 4922 1376 4978 issimusdiaconus
1392 4928 1447 4979 et
1460 4924 1793 4995 monachus,

175 5021 256 5074 pro
281 5011 386 5065 Deo
413 5009 654 5065 amabili
682 5010 953 5079 episcopo
981 5009 1205 5066 Gothia:
1230 5008 1384 5084 [Gr.,
1423 5013 1685 5068 notarius
1718 5027 1798 5069 re-

175 5110 263 5151 ver.
294 5098 549 5169 episcopi
578 5095 851 5173 Gothiae],
882 5099 1059 5171 legit:

175 5218 241 5272 Er
261 5224 538 5277 miraculis
572 5225 751 5277 sancti
791 5224 1082 5277 Anastasii
1117 5227 1398 5294 martyris,
1426 5241 1655 5294 quorum
1678 5227 1797 5279 ini-

787 5296 922 5347 tium
953 5301 1029 5348 est
1056 5314 1072 5349 :

229 5399 624 5457 Miraculorum
656 5402 991 5458 relationem
1034 5416 1346 5472 proponere
1394 5403 1540 5459 volo.
1561 5378 1639 5460 Ἐι
1674 5414 1799 5475 post

1911 1768 2041 1823 dam
2073 1783 2198 1838 qua:
2227 1769 2391 1839 quasi
2418 1783 2487 1824 ex
2513 1769 2688 1824 claris
2734 1772 2857 1824 erat
2896 1767 3329 1824 Caesariensium
3356 1762 3440 1836 (si
3474 1764 3555 1820 ita

1910 1862 2167 1925 oporteat
2183 1857 2324 1926 dici,
2347 1861 2404 1911 et
2425 1871 2534 1911 non
2564 1857 2744 1929 magis
2767 1857 2938 1912 aliter
2958 1855 3431 1927 quemadmodum
3467 1866 3556 1908 res

1912 1943 2048 2013 ipsae
2099 1944 2567 2018 manifestarunt)
2596 1945 2823 2000 nomine
2853 1945 3085 2015 quidem
3138 1943 3324 2015 Arete,
3360 1943 3415 1998 id
3469 1946 3555 1997 est

1907 2035 2105 2105 virtus,
2157 2034 2250 2087 sed
2285 2033 2542 2089 moribus
2587 2034 2791 2089 virtuti
2840 2033 3075 2089 omnino
3128 2032 3436 2087 contraria.
3490 2031 3547 2086 in

1907 2120 2280 2176 difﬁdentiam
2312 2134 2470 2176 versa
2503 2120 2730 2177 dicebat
2754 2139 2767 2175 :
2794 2122 2907 2191 Ego
2951 2121 3236 2190 lipsanum
3267 2132 3298 2174 a
3325 2118 3554 2174 Perside

1908 2209 2143 2264 veniens
2174 2223 2286 2265 non
2339 2210 2534 2265 adoro.
2586 2210 2631 2264 Ο
2673 2210 2936 2265 miseram
2988 2213 3044 2263 et
3090 2208 3214 2263 sine
3258 2207 3553 2262 intellectu

1907 2298 2179 2369 animam,
2224 2312 2349 2368 qua:
2395 2312 2506 2353 non
2553 2298 2779 2354 audivit
2832 2296 3035 2352 infelix
3091 2295 3552 2351 sacratissimum

1909 2386 2259 2455 psalmistam
2290 2388 2462 2443 David
2502 2388 2885 2456 increpantem
2914 2385 3333 2457 ﬁagitiosorum
3360 2384 3549 2439 auda—

1906 2475 2073 2544 ciam,
2119 2489 2181 2530 ac
2224 2475 2535 2530 dicentem:
2567 2475 2758 2529 Cohibe
2801 2475 3047 2541 linguam
3088 2478 3239 2527 tuam
3299 2490 3334 2525 a
3386 2473 3548 2535 malo,

1906 2568 1954 2617 ct
1994 2563 2142 2616 labia
2198 2568 2293 2617 tua
2336 2579 2401 2617 ne
2460 2565 2756 2633 loquantur
2800 2564 3025 2616 dolum!
3072 2560 3250 2633 (Psal.
3305 2560 3549 2633 XXXIII.)

1903 2653 2051 2722 Quid
2075 2667 2207 2725 ergo
2232 2655 2400 2724 Deus,
2436 2654 2535 2724 qui
2566 2652 2851 2725 gloriﬁcat
2885 2652 3270 2723 gloriﬁcantes
3300 2665 3381 2719 se,
3412 2649 3552 2706 facit

1906 2743 1965 2797 in
1997 2756 2082 2811 ea,
2130 2748 2542 2812 consequenter
2578 2756 2680 2813 ego
2711 2741 2919 2796 dicam.
2954 2743 3212 2812 Ingresso
3258 2740 3552 2795 civitatem

1905 2836 2100 2886 sancto
2128 2830 2370 2902 lipsano,
2394 2830 2783 2900 communiter
2808 2829 3101 2885 consiliati
3123 2829 3275 2884 cives
3295 2828 3548 2898 ejusdem

1904 2919 2068 2974 urbis
2101 2923 2396 2989 cmperunt
2433 2924 2766 2975 construere
2817 2918 3135 2974 oratorium
3166 2920 3360 2973 sancto
3383 2917 3548 2985 juxta

1823 3024 1873 3087 ρ
1901 3007 2284 3077 Tetrapylum,
2322 3008 2471 3077 quod
2516 3012 2637 3063 erat
2670 3008 2727 3062 in
2762 3007 2948 3062 medio
2989 3006 3264 3061 civitatis.
3321 3006 3553 3060 Statue—

1904 3101 2039 3152 runt
2087 3101 2276 3150 autem
2324 3101 2381 3150 et
2422 3095 2725 3166 imaginem
2764 3095 2890 3164 ejus
2940 3094 3168 3149 ibidem.
3197 3094 3334 3149 Cum
3362 3097 3549 3148 autem

1902 3184 2089 3241 adhuc
2129 3183 2529 3255 aediﬁcaretur,
2574 3188 2769 3239 astans
2813 3188 3026 3252 martyr
3074 3180 3294 3236 infelici
3341 3181 3429 3236 illi
3488 3182 3547 3236 in

1905 3271 2122 3328 somnis
2154 3272 2212 3326 in
2252 3271 2453 3325 habitu
2508 3271 2792 3341 monachi,
2824 3270 2976 3326 dixit
3000 3269 3092 3324 ei:
3147 3268 3393 3325 Lumbos
3421 3273 3551 3323 tuos

1904 3358 2106 3415 doles?
2136 3359 2237 3413 Illa
2279 3372 2410 3413 vero
2455 3358 2523 3412 ad
2551 3372 2680 3413 eum
2707 3376 2721 3411 :
2751 3360 2896 3427 Non,
2939 3357 3170 3412 domine
3196 3375 3211 3426 ;
3235 3356 3384 3410 nihil
3412 3355 3548 3410 mali

1908 3448 2104 3518 habeo,
2152 3460 2286 3502 sana
2339 3460 2500 3502 sum:
2549 3451 2606 3500 et
2658 3458 2770 3501 una
2808 3459 2938 3500 cum
2978 3457 3234 3499 sermone
3274 3456 3551 3513 experge—

1907 3535 2074 3606 facta,
2106 3542 2163 3591 et
2195 3535 2448 3590 sentiens
2490 3534 2550 3589 in
2581 3548 2640 3589 se
2688 3532 2939 3588 validum
2969 3530 3245 3599 cecidisse
3272 3530 3546 3598 dolorem,

1908 3624 2081 3694 coepit
2104 3624 2367 3695 clamare,
2400 3636 2639 3695 gemere,
2688 3636 2753 3677 ac
2786 3622 3171 3677 indesinenter
3216 3618 3424 3690 afﬂigi;
3470 3619 3549 3673 ita

1910 3718 1972 3769 ut
2000 3726 2109 3768 non
2144 3718 2333 3782 posset
2383 3712 2617 3767 omnino
2666 3711 2965 3781 respirare,
3012 3708 3403 3779 importabilia
3444 3721 3550 3778 pa-

1909 3802 2079 3871 tiens,
2109 3808 2174 3857 ut
2196 3801 2547 3857 vacationem
2594 3814 2766 3871 agens
2815 3802 3102 3869 reputaret
3126 3811 3336 3866 secum,
3368 3800 3424 3851 et
3454 3810 3551 3851 re—

1907 3892 2182 3961 quireret,
2210 3891 2442 3961 quinam
2470 3895 2638 3960 esset,
2663 3894 2719 3944 et
2747 3903 2815 3945 ex
2836 3901 2947 3959 qua
2981 3900 3151 3943 causa
3186 3890 3299 3941 tam
3321 3884 3552 3941 subita—

1908 3994 2048 4035 neus
2076 3980 2260 4049 dolor,
2285 3979 2383 4050 qui
2407 3979 2519 4034 sibi
2552 3977 2697 4033 foret
2721 3977 2934 4033 illatus.
2959 3976 3062 4032 Sed
3093 3976 3153 4031 in
3180 3975 3273 4030 his
3293 3987 3553 4029 consum.

1908 4068 2082 4123 mavit
2122 4068 2248 4122 dies
2301 4073 2564 4138 quatuor.
2617 4066 2829 4136 Quinta
2875 4079 3006 4121 vero
3049 4064 3144 4120 die
3185 4064 3551 4119 illucescente

1906 4157 2056 4212 vidit
2088 4162 2364 4213 astantem
2396 4156 2509 4211 sibi
2556 4161 2836 4224 sanctum,
2868 4159 3040 4225 atque
3082 4154 3403 4208 dicentem:
3435 4153 3551 4206 De-

1906 4248 2108 4303 scende
2132 4247 2200 4301 ad
2223 4246 2604 4315 Tetrapylum,
2633 4250 2689 4300 et
2710 4257 2843 4315 roga
2870 4248 3130 4299 sanctum
3157 4241 3544 4310 Anastlsium,

1820 4342 1874 4403 D
1905 4341 1961 4392 et
1980 4334 2291 4391 sanaberis.
2316 4335 2387 4390 At
2411 4334 2510 4389 illa
2528 4347 2787 4404 surgens,
2807 4338 2863 4387 et
2882 4333 2939 4387 in
2968 4331 3297 4387 memoriam
3316 4330 3550 4385 veniens

1908 4424 2295 4494 improborum
2322 4437 2645 4479 sermonum
2672 4435 2907 4478 suorum
2935 4435 3078 4491 quos
3118 4419 3306 4475 locuta
3331 4424 3418 4474 est
3440 4418 3551 4472 ad-

1904 4529 2101 4569 versus
2130 4518 2301 4582 caput
2326 4526 2514 4570 suum.
2560 4511 2849 4566 advocatis
2898 4509 3093 4580 pueris
3123 4508 3265 4578 suis,
3293 4508 3377 4563 ait
3418 4505 3542 4560 eis:

1902 4602 2109 4659 Tollite
2136 4615 2240 4669 me,
2265 4601 2450 4656 tollite
2479 4614 2583 4671 me,
2614 4605 2678 4655 ut
2696 4613 2892 4655 eamus
2924 4599 2993 4653 ad
3016 4599 3376 4668 Tetrapylum
3409 4609 3549 4651 san-

1902 4692 1981 4747 cti
2034 4690 2356 4759 Anastasii;
2391 4691 2520 4746 novi
2569 4690 2722 4745 enim
2770 4695 2826 4744 et
2868 4702 3018 4744 nunc
3058 4688 3276 4758 edocta,
3318 4689 3489 4744 etiam
3517 4702 3549 4744 a

1904 4783 2132 4838 Perside
2175 4781 2407 4837 veniens
2436 4781 2726 4851 lipsanum
2766 4780 3005 4835 adorare
3044 4784 3101 4833 et
3146 4779 3445 4848 honorare,
3494 4783 3550 4833 et

1905 4885 2029 4943 qua:
2058 4872 2206 4925 Deus
2234 4869 2546 4935 mundavit,
2571 4883 2681 4924 non
2708 4867 3152 4937 communicare,
3182 4867 3239 4922 id
3263 4872 3368 4936 est,
3387 4878 3552 4923 com-

1906 4972 2074 5015 mune
2127 4958 2317 5012 dicere
2374 4952 2499 5030 [seu
2534 4959 2741 5026 potius,
2791 4954 3051 5030 ducere].
3104 4958 3370 5011 Levantes
3415 4970 3549 5027 ergo

1903 5062 2024 5104 eam
2054 5047 2214 5117 pueri
2246 5047 2372 5116 ejus
2403 5046 2459 5100 in
2508 5045 2732 5115 phorio,
2768 5045 2821 5099 id
2854 5050 2940 5101 est
2980 5045 3312 5116 portatorio,
3348 5057 3552 5115 perge—

1905 5137 2058 5192 bant.
2095 5136 2350 5206 Cumque
2392 5134 2919 5205 appropinquarent
2963 5134 3106 5202 loco,
3160 5134 3261 5190 illa
3291 5135 3359 5188 de
3377 5132 3551 5202 longe

1904 5226 2172 5282 attollens
2201 5224 2452 5291 oculum,
2476 5228 2535 5278 et
2560 5223 2759 5279 videns
2796 5223 2978 5279 sancti
3025 5222 3349 5294 imaginem,
3378 5220 3548 5289 coepit

1908 5328 2109 5386 magna
2151 5327 2284 5368 voce
2339 5326 2468 5367 cum
2519 5312 2796 5368 effusione
2845 5311 3222 5383 lacrymarum
3270 5310 3542 5364 clamare:

1906 5407 2017 5459 Iste
2037 5408 2124 5458 est
2153 5402 2212 5457 in
2239 5401 2498 5471 veritate,
2524 5415 2685 5473 quem
2718 5400 2837 5456 vidi
2885 5400 2942 5455 in
2987 5400 3206 5455 somnis
3251 5397 3549 5468 praedicen-

231 5496 552 5556 ‘Anastasii
588 5500 791 5555 verba:
840 5500 1139 5555 Orientales
1190 5502 1341 5568 ligna
1379 5517 1484 5571 pro
1514 5506 1794 5572 campanis
1811 5504 2143 5575 percutiunt.

3453 215 3561 274 282
3648 204 3653 211 .
