4018 6166
458 246 564 304 Q83

1687 243 2045 302 ANASTASII
2091 240 2630 299 BIBLIOTHECARII
3713 250 3799 311 28;

456 375 566 424 tem
595 367 741 422 mihi
772 367 843 423 de
873 367 1042 424 malis
1071 383 1198 440 qua
1224 383 1311 425 me
1339 367 1618 430 obtinent.
1645 370 1868 425 Etcum
1895 381 1954 422 se
1984 379 2108 436 pro-
2131 366 2187 425 A
2215 363 2328 419 hat.
2362 367 2476 421 Hoc
2503 370 2692 422 autem
2712 367 2941 423 Domini
2969 368 3153 424 nostri
3171 369 3300 425 Jesu
3326 369 3531 426 Christi
3562 375 3720 445 gratia
3736 377 3804 432 di-

447 455 682 524 jecisset
726 470 896 526 supra
947 457 1350 529 pavimentum,
1415 463 1471 514 et
1515 459 1792 528 plorasset
1837 456 2100 524 multum,

455 543 676 614 placato
710 550 906 600 sancto
934 551 1120 601 erecta
1149 552 1236 601 est
1260 560 1416 602 sana.
1444 548 1514 602 Et
1529 561 1656 618 qua
1689 546 1858 616 paulo
1883 551 2014 600 ante
2033 545 2104 600 ab

453 631 590 688 aliis
611 631 966 704 portabatur,
985 633 1114 688 etin
1139 635 1410 689 extremis
1433 635 1618 704 posita
1645 633 2100 706 periclitabatur,

456 721 708 790 propriis
731 721 973 790 pedibus
995 721 1297 778 ambulans
1313 723 1459 778 abiit
1487 723 1718 779 domum
1747 737 1928 790 suam,
1961 735 2108 778 con-

453 809 705 864 corditer
734 823 864 866 cum
894 811 1116 866 cateris
1143 811 1384 867 laudans
1404 817 1461 867 et
1481 811 1812 884 gloriﬁcans
1824 813 2023 883 Deum,
2049 816 2106 866 et

451 898 827 970 magniﬁcans
849 904 1173 970 martyrem.

523 988 723 1043 Petrus
741 992 798 1043 et
818 990 1035 1058 Petrus,
1057 991 1172 1045 Deo
1192 989 1470 1045 amabiles
1491 988 1803 1060 presbyteri
1829 992 1886 1044 et
1899 988 2104 1045 vicarii

451 1075 691 1132 Adriani
721 1089 877 1146 papa
907 1077 1155 1133 senioris
1180 1078 1389 1150 Roma,
1421 1078 1728 1134 dixerunt:
1766 1080 1892 1133 Hac
1920 1077 2106 1149 imago

451 1165 635 1222 sancti
699 1163 990 1221 Anastasii
1049 1180 1233 1236 usque
1287 1167 1348 1222 in
1408 1167 1750 1224 hodiernum
1813 1168 1967 1223 diem
2019 1170 2107 1222 est

451 1255 640 1311 Roma
687 1254 745 1309 in
777 1255 1123 1311 monasterio
1155 1255 1343 1326 ipsius
1371 1270 1500 1312 cum
1543 1256 1792 1326 pretioso
1837 1257 1962 1326 ejus
2003 1268 2108 1311 ca—

454 1344 593 1414 pite.

519 1433 762 1488 Joannes
774 1433 1492 1504 sanctissimusepiscopus
1505 1433 2064 1490 Tauromeniadixit
2085 1453 2099 1488 :

449 1521 656 1576 Verum
677 1521 875 1577 dixere
897 1522 1392 1580 honorabilissimi
1414 1523 1642 1596 vicarii,
1670 1525 1942 1594 quoniam
1963 1527 2018 1579 et
2042 1524 2101 1580 in

448 1609 650 1665 Sicilia
681 1608 794 1666 fuit
843 1611 1052 1666 mulier
1107 1611 1452 1668 damonium
1507 1613 1762 1684 patiens:
1815 1618 1870 1668 et
1912 1613 2102 1670 Roma

2215 455 2520 524 spensavit,
2556 460 2621 512 ut
2649 457 2834 528 credo,
2878 457 2977 527 qui
3008 457 3134 514 vult
3163 471 3354 514 omnes
3383 458 3625 516 homines
3651 463 3804 520 salvos

2217 541 2358 613 ﬁeri,
2389 548 2446 599 et
2473 545 2542 600 ad
2587 545 2938 617 agnitionem
2986 547 3248 602 veritatis
3275 547 3462 603 venire
3489 546 3540 619 (Ι
3568 551 3686 605 Tim.
3720 554 3805 627 n);

2214 633 2518 690 ostendens
2541 635 2818 691 miracula
2851 649 2954 691 sua
2979 649 3040 690 se
3059 635 3395 713 colentibus,
3423 643 3476 692 et
3505 639 3744 698 omnibus
3760 642 3804 696 in

2217 733 2276 775 se
2305 721 2695 794 credentibus,
2721 724 2780 778 in
2812 725 3268 796 redargutionem
3293 725 3608 798 impiorum,
3637 734 3686 783 et
3709 735 3812 785 sta-

2216 807 2501 866 bilitatem
2522 811 2801 868 ﬁdelium.
2826 813 3103 882 Quasivit
3131 827 3263 884 ergo
3281 813 3648 884 Christianus,
3677 818 3812 872 utdi-

2215 899 2298 969 xi,
2332 901 2600 968 majorem
2632 901 2887 974 domum,
2918 906 2975 956 et
3003 901 3224 957 invenit
3251 901 3310 956 in
3341 903 3574 972 quodam
3605 901 3716 959 loco
3737 905 3812 960 ci-

2215 985 2434 1052 vitatis,
2465 991 2522 1043 et
2555 989 2856 1046 transtulit
2884 1003 2944 1046 se
2975 989 3116 1046 illuc
3144 1003 3175 1044 a
3204 990 3370 1046 domo
3399 1003 3520 1060 qua
3547 994 3658 1046 erat
3678 991 3810 1060 juxta

2216 1089 2557 1148 synagogam
2603 1079 2964 1136 Judaorum:
3014 1083 3072 1135 et
3101 1078 3348 1136 sublatis
3399 1079 3654 1136 omnibus
3693 1081 3810 1150 suis,

2219 1177 2316 1233 per
2343 1164 2688 1223 oblivionem
2710 1165 3167 1240 (dispensatione
3186 1171 3374 1228 tamen
3401 1168 3498 1223 Dei
3515 1167 3532 1240 )
3552 1167 3814 1240 imaginem

2214 1254 2444 1311 Domini
2467 1255 2696 1311 dimisit
2711 1256 3010 1327 oblivioni,
3033 1261 3098 1313 ut
3118 1256 3386 1327 prafatus
3404 1271 3544 1326 sum,
3563 1256 3812 1311 traditam.

2213 1345 2457 1414 Quidam
2489 1358 2620 1401 vero
2643 1345 2876 1402 Judaus
2905 1346 3128 1416 accepit
3153 1346 3384 1402 domum
3414 1345 3564 1401 illam
3593 1345 3655 1400 ad
3699 1357 3817 1414 pen—

2214 1435 2456 1497 sionem.
2489 1434 2548 1490 in
2581 1447 2692 1504 qua
2733 1435 2920 1506 imago
2975 1434 3204 1492 Domini
3255 1434 3456 1490 stabat.
3509 1431 3816 1488 Intromissis

2215 1528 2402 1578 autem
2433 1525 2703 1581 omnibus
2743 1525 2868 1580 suis
2911 1524 3276 1596 permanebat
3319 1525 3376 1579 in
3407 1523 3586 1594 domo,
3618 1523 3818 1577 minime

2214 1613 2650 1682 comtemplatus
2680 1613 2901 1669 iconam
2929 1613 3180 1685 Domini,
3217 1613 3365 1684 quod
3393 1616 3564 1668 staret
3587 1610 3715 1666 illic.
3739 1611 3818 1664 Ne-

451 1699 659 1769 posita,
685 1713 784 1770 per
807 1699 1134 1770 pradictam
1163 1701 1610 1758 sacratissimam
1631 1702 1936 1774 imaginem
1963 1716 2101 1758 sana
2133 1689 2186 1750 B
2216 1715 2326 1770 que
2355 1702 2508 1757 enim
2551 1703 2938 1759 consideravit
2968 1703 3155 1760 locum
3209 1701 3396 1773 illum,
3441 1701 3534 1756 sed
3565 1699 3820 1770 ingressus

451 1787 646 1844 eﬁ'ecta
677 1793 780 1844 est.

520 1878 763 1934 Joannes
790 1880 904 1934 Deo
928 1879 1196 1935 amabilis
1223 1878 1532 1950 presbyter,
1572 1879 1884 1936 monachus
1912 1884 1968 1936 et
2005 1879 2102 1936 vi—

449 1966 645 2023 carius
667 1967 1048 2024 Orientalium
1084 1967 1416 2038 pontiﬁcum
1441 1969 1594 2024 dixit
1618 1987 1630 2023 :
1656 1969 1738 2024 Ad
1761 1981 1825 2024 ea
1846 1983 1974 2040 qua
2001 1969 2105 2024 di-

450 2061 541 2112 cta
571 2059 707 2112 sunt
735 2061 1026 2114 ostensum
1061 2061 1149 2113 est
1176 2071 1244 2113 ex
1276 2058 1368 2113 his
1388 2071 1514 2128 qua
1542 2058 1685 2113 lecta
1711 2062 1866 2130 sunt,
1891 2057 2028 2128 quia
2047 2062 2104 2113 et

453 2145 734 2218 imagines
753 2151 1018 2220 sanlctorn
1031 2161 1082 2202 m
1099 2147 1379 2203 miracula
1404 2152 1735 2218 operantur,
1754 2151 1811 2202 et
1827 2147 2103 2203 sanitates

452 2234 777 2304 perﬁciunt.

523 2323 725 2379 Petrus
754 2323 1159 2380 sanctissimus
1201 2325 1506 2393 episcopus
1537 2324 1880 2380 Nicomedia
1907 2325 2095 2380 dixit:

455 2409 688 2466 Librum
736 2409 930 2467 defero
977 2411 1159 2468 sancti
1205 2411 1531 2484 Athanasii,
1562 2417 1618 2467 et
1647 2416 1856 2468 sancta
1886 2413 2103 2484 synodo

453 2496 626 2553 oﬁ’ero
654 2498 723 2553 ad
749 2499 1067 2570 legendum.

522 2585 726 2641 Sancta
751 2587 1002 2656 synodus
1032 2587 1217 2644 dixit:
1253 2591 1512 2660 Legatur.
1879 2611 1913 2640 ί

522 2674 592 2728 Et
620 2673 910 2744 accipiens
937 2675 1258 2746 Stephanus
1304 2677 1585 2734 diaconus
1621 2681 1678 2734 et
1719 2677 1983 2736 notarius
2013 2679 2104 2736 le-

453 2761 570 2834 git:

454 2868 638 2924 Sermo
679 2874 880 2925 sancta
923 2873 1190 2926 memoria
1244 2875 1426 2928 Patris
1477 2875 1653 2928 nostri
1697 2873 1994 2928 Athanasii
2037 2875 2105 2929 de

522 2943 759 3008 imagine
793 2944 1010 2996 Domini
1036 2946 1212 2997 nostri
1245 2947 1374 2998 Jesu
1411 2943 1612 2999 Christi
1645 2947 1762 3000 veri
1789 2947 1888 3000 Dei
1907 2949 2100 3010 nostri,

521 3013 668 3080 facto
690 3014 953 3067 miraculo
976 3017 1038 3068 in
1055 3016 1270 3070 civitate
1287 3017 1500 3084 Beryto.

521 3117 820 3174 Sustollite
848 3120 1046 3177 oculos
1083 3122 1291 3178 mentis
1318 3127 1537 3191 vestra,
1582 3126 1639 3178 et
1681 3123 1868 3180 videte
1897 3137 2102 3180 novum

452 3205 795 3264 miraculum
827 3208 933 3264 hoc
959 3210 1110 3280 quod
1137 3208 1350 3268 factum
1381 3215 1467 3268 est
1509 3225 1680 3268 nunc.
1712 3215 1774 3268 In
1816 3211 2100 3268 inﬁnitam

450 3294 889 3352 admirationem
916 3298 1016 3354 Dei
1046 3298 1310 3370 aspicite,
1343 3304 1399 3355 et
1422 3301 1551 3356 date
1585 3301 1638 3356 ei
1670 3300 1932 3373 gloriam.
1965 3302 2104 3358 Con-

451 3381 808 3452 templamini
841 3384 1184 3442 ineﬁ‘abilem
1217 3387 1671 3445 misericordiam
1714 3389 1859 3459 ejus.
1890 3394 1946 3445 et
1976 3403 2105 3445 ma-

449 3471 812 3542 gnitudinem
857 3474 1312 3545 dispensationis
1341 3478 1510 3548 ejus;
1568 3481 1740 3548 atque
1792 3479 2102 3534 lamentum

449 3572 579 3614 cum
609 3559 813 3617 latitia
831 3565 1059 3619 sumite.
1095 3566 1156 3620 In
1181 3567 1292 3621 Deo
1319 3566 1551 3635 quidem
1575 3565 1724 3620 nihil
1746 3571 2095 3620 extraneum.

449 3649 598 3704 Deus
622 3650 774 3706 enim
807 3665 937 3706 cum
965 3653 1062 3723 sit,
1096 3654 1286 3708 omnia
1318 3658 1519 3722 potest.
1559 3653 1704 3723 Quia
1735 3667 1865 3709 vero
1897 3653 1958 3708 in
1985 3653 2102 3709 die-

450 3735 560 3792 bus
589 3737 804 3793 nostris
827 3743 885 3794 et
913 3740 972 3794 in
1005 3739 1172 3796 nobis
1202 3739 1414 3796 factum
1450 3747 1556 3809 est,
1583 3746 1912 3811 expavescet
1937 3755 2101 3798 omne

450 3837 548 3880 cor
575 3827 956 3882 audientium.
986 3829 1126 3883 Vere
1153 3829 1382 3898 expavit
1409 3830 1614 3886 calum
1642 3830 1703 3884 in
1729 3843 1796 3884 eo
1826 3830 1974 3899 quod
2007 3835 2102 3886 te—

451 3925 602 3967 mere
627 3911 840 3968 factum
865 3919 968 3968 est.
1001 3915 1364 3972 Conturbata
1389 3923 1526 3973 sunt
1549 3917 1762 3989 abyssi,
1783 3923 1839 3972 et
1877 3917 1962 3974 sol
1989 3919 2102 3974 ob—

451 3999 779 4056 tenebratus
801 4007 908 4072 est,
934 4006 991 4058 et
1019 4003 1174 4073 luna,
1213 4010 1269 4061 et
1304 4007 1482 4062 stella
1503 4007 1777 4063 similiter
1798 4021 1972 4078 super
1993 4009 2100 4065 hoc

449 4090 600 4160 quod
635 4094 918 4160 patratum
948 4097 1051 4148 est.
1103 4093 1207 4150 Sed
1269 4095 1477 4151 iterum
1527 4095 1728 4152 latata
1759 4101 1896 4152 sunt
1943 4097 2002 4152 in
2034 4111 2102 4154 eo

451 4179 598 4248 quod
628 4193 660 4234 a
707 4180 948 4237 Domino
999 4182 1392 4254 dispensatum
1421 4188 1527 4254 est,
1583 4198 1778 4241 omnes
1823 4185 2096 4241 calorum

449 4267 710 4324 virtutes.
743 4268 971 4342 Audite,
1003 4277 1060 4328 et
1091 4273 1459 4329 admiramini
1492 4273 1642 4345 quod
1675 4273 1887 4330 factum
1917 4279 2004 4330 est
2036 4275 2096 4330 in

2216 1790 2494 1848 manebat.
2529 1792 2782 1862 Quadam
2814 1805 2945 1847 vero
2973 1791 3070 1848 die
3127 1791 3396 1847 invitavit
3422 1789 3640 1846 Judaus
3669 1799 3816 1843 unum

2212 1895 2280 1937 ex
2309 1880 2738 1937 contribulibus
2768 1881 2893 1936 suis
2921 1881 2990 1936 ad
3029 1879 3336 1950 prandium
3369 1883 3424 1936 et
3451 1892 3575 1934 cum
3607 1874 3820 1946 prande-

2214 1975 2358 2042 rent,
2405 1969 2638 2026 elevatis
2680 1969 2867 2026 oculis
2915 1970 3146 2025 Judaus
3189 1969 3290 2039 qui
3317 1968 3609 2024 invitatus
3645 1963 3816 2030 fuerat,

2211 2059 2360 2114 vidit
2390 2058 2612 2114 iconam
2643 2057 2870 2113 Domini
2899 2056 3080 2112 nostri
3119 2058 3252 2113 Jesu
3279 2055 3528 2124 Christi;
3553 2058 3606 2110 et
3626 2051 3754 2108 dicit
3777 2049 3818 2105 ei

2213 2147 2314 2217 qui
2371 2160 2432 2202 se
2475 2146 2846 2202 invitaverat:
2900 2147 2986 2201 Tu
3026 2158 3156 2200 cum
3187 2145 3272 2200 sis
3300 2144 3546 2214 Judaus,
3579 2138 3820 2208 quomodo

2215 2235 2521 2307 imaginem
2537 2234 2884 2305 thujusmodi
2911 2233 3082 2290 habes
3097 2233 3126 2288 εἰ
3151 2233 3424 2288 Convicia
3447 2231 3680 2301 plurima
3697 2240 3822 2297 quo-

2213 2337 2324 2394 que
2352 2328 2409 2378 et
2451 2322 2692 2378 nefanda
2721 2323 2990 2378 emittens
3031 2321 3308 2377 adversus
3358 2319 3672 2388 Dominum,
3721 2327 3822 2385 qua

2215 2425 2328 2467 non
2347 2413 2528 2468 audeo
2557 2409 2838 2482 scribere(
2855 2410 3046 2484 absit)
3076 2425 3202 2482 qua
3222 2409 3383 2466 dixit
3402 2410 3592 2465 contra
3617 2404 3827 2460 Salvato-

2213 2513 2331 2555 rem
2359 2499 2410 2554 is
2439 2500 2538 2572 qui
2577 2498 2762 2555 fuerat
2794 2499 3090 2556 invitatus.
3114 2499 3350 2554 Tuncis
3375 2496 3473 2568 qui
3511 2493 3824 2554 invitaverat,

2212 2587 2413 2644 videns
2433 2587 2740 2660 imaginem
2758 2587 3009 2658 Domini,
3031 2587 3311 2644 rationem
3347 2583 3594 2642 reddidit
3622 2580 3826 2637 invitato

2209 2677 2423 2747 Judao,
2446 2676 2645 2732 dicens
2666 2694 2679 2730 :
2700 2676 2846 2746 Quia
2863 2689 3047 2748 usque
3070 2675 3128 2730 in
3159 2689 3415 2746 prasens
3437 2687 3548 2730 non
3571 2670 3682 2726 vidi
3709 2669 3827 2724 hanc

2214 2765 2552 2836 imaginem:
2588 2769 2646 2820 et
2673 2765 2842 2820 siluit
2875 2765 3170 2821 invitatus.
3203 2763 3376 2820 Abiit
3405 2768 3587 2820 autem
3615 2759 3677 2814 ad
3705 2769 3830 2812 sum'

2213 2867 2336 2909 mos
2367 2854 2688 2910 sacerdotes
2716 2867 2871 2924 suos,
2903 2857 2960 2908 et
2982 2857 3215 2909 accusat
3247 2853 3512 2909 Judaum
3543 2849 3637 2921 qui
3674 2847 3726 2902 in
3751 2843 3829 2899 do-

2214 2955 2306 2997 mo
2327 2941 2664 2998 manebatin
2697 2955 2808 3012 qua
2831 2941 3016 3013 imago
3041 2941 3268 2997 Domini
3304 2944 3456 3010 erat,
3477 2939 3682 3006 dicens,
3715 2932 3827 3003 quia

2133 3029 2182 3092 C
2216 3029 2315 3085 ille
2345 3029 2650 3101 imaginem
2685 3029 2853 3085 habet
2879 3029 3152 3085 Nazareni
3180 3029 3531 3085 videlicetin
3553 3028 3707 3082 domo
3725 3034 3824 3078 sua.

2212 3118 2324 3188 Qui
2352 3117 2653 3174 audientes
2689 3118 2996 3174 dixerunt:
3029 3117 3088 3173 Si
3127 3123 3286 3188 potes
3315 3117 3432 3174 hoc
3461 3114 3752 3173 ostendere.
3774 3107 3831 3163 At

2215 3207 2314 3262 ille
2342 3205 2645 3278 aﬁ‘rmavit,
2682 3206 2820 3278 quia
2850 3219 2952 3277 ego
2981 3207 3272 3262 ostendam
3305 3206 3424 3262 hoc
3454 3205 3512 3260 in
3532 3203 3688 3260 domo
3709 3199 3825 3268 ejus.

2213 3295 2304 3350 Illi
2354 3309 2484 3350 vero
2534 3295 2734 3364 repleti
2777 3292 2972 3350 furore
3017 3307 3246 3364 vespere
3277 3293 3518 3364 quidem
3561 3287 3828 3346 siluerunt.

2211 3387 2372 3440 Mane
2397 3397 2528 3439 vero
2545 3381 2712 3454 facto,
2742 3383 2951 3438 summi
2984 3383 3305 3438 sacerdotes
3329 3395 3530 3439 eorum
3551 3383 3710 3449 atque
3723 3385 3830 3445 pre-

2212 3472 2446 3542 sbyteri,
2481 3474 2774 3540 assumpto
2799 3485 2864 3526 eo
2895 3471 2996 3542 qui
3025 3472 3218 3528 Judao
3247 3472 3596 3539 detraxerat,
3622 3472 3674 3523 et
3696 3461 3832 3519 turba

2213 3559 2392 3616 multa
2413 3559 2602 3629 gentis
2621 3573 2758 3629 sua,
2793 3563 3039 3630 pergunt
3063 3559 3133 3614 ad
3163 3559 3408 3616 domum
3435 3557 3634 3628 Judai,
3661 3555 3715 3610 in
3742 3559 3831 3620 qua

2215 3647 2400 3718 imago
2430 3647 2658 3702 Domini
2687 3647 2890 3703 stabat.
2925 3648 3541 3712 Pervenientes,autem
3570 3644 3635 3701 ad
3675 3642 3831 3698 locum

2212 3736 2421 3792 summi
2466 3737 2786 3792 sacerdotes
2829 3736 3202 3809 insiluerunt,
3235 3741 3292 3792 et
3331 3738 3609 3804 seniores,
3639 3742 3756 3788 cum
3779 3737 3832 3780 eo

2211 3823 2312 3894 qui
2337 3823 2706 3894 indicaverat,
2728 3827 2784 3880 et
2802 3825 2998 3880 vident
3021 3825 3325 3896 imaginem
3350 3823 3581 3882 Domini
3601 3821 3829 3878 stantem.

2209 3914 2366 3969 Tunc
2395 3913 2754 3969 vehementer
2785 3913 2941 3985 irati,
2971 3915 3228 3970 Judaeum
3251 3915 3492 3984 quidem
3513 3927 3613 3984 qui
3635 3907 3836 3965 habita—

2211 4001 2308 4058 bat
2337 4002 2398 4057 in
2421 4002 2590 4058 domo
2622 4002 2743 4073 illa,
2791 4007 2951 4058 extra
2982 4015 3321 4075 synagogam
3375 4001 3666 4067 facientes,
3694 4005 3839 4062 expu-

2212 4090 2436 4161 lerunt;
2489 4091 2794 4163 imaginem
2824 4105 2956 4147 vero
2994 4091 3224 4148 Domini
3256 4093 3448 4148 nostri
3477 4093 3608 4146 Jesu
3650 4077 3836 4142 Christi

2208 4179 2574 4250 deponentes,
2606 4180 2912 4236 dixerunt:
2943 4179 3089 4248 Quia
3119 4179 3275 4236 sicut
3303 4187 3500 4250 patres
3526 4173 3700 4234 nostri
3731 4167 3842 4226 illu-

2211 4273 2409 4323 serunt
2432 4267 2486 4323 ei
2515 4268 2850 4339 aliquando,
2883 4269 2966 4324 ita
2995 4273 3052 4324 et
3082 4281 3186 4324 nos
3219 4268 3543 4324 illudamus
3569 4265 3674 4320 illi.
3706 4262 3839 4316 Tunc

449 4350 653 4415 diebus
677 4359 891 4415 nostris
917 4360 1304 4434 intelligentes
1330 4363 1658 4435 intelligite,
1686 4367 1744 4418 et
1771 4375 1966 4418 aurem
1991 4378 2096 4420 ve-
2124 4363 2178 4424 D
2208 4361 2504 4428 coeperunt
2531 4371 2843 4427 conspuere
2884 4357 2942 4412 in
2973 4356 3174 4413 faciem
3206 4364 3422 4414 sancta
3453 4353 3718 4428 imaginis
3740 4351 3841 4404 DO-

451 4452 623 4504 stram
651 4448 946 4520 inclinate,
976 4448 1130 4507 foras
1161 4453 1308 4522 quod
1351 4452 1546 4508 cordis
1583 4448 1672 4526 [et
1701 4453 1930 4524 quidem
1963 4459 2095 4510 ante

449 4538 785 4594 exteriorem
811 4552 1027 4611 aurem,
1061 4554 1186 4610 qua
1206 4537 1435 4615 cordis]
1473 4544 1560 4597 est
1585 4542 1880 4614 porrigite,
1914 4547 1970 4598 et
1997 4555 2096 4598 au-

447 4626 586 4682 dite.
617 4627 832 4683 Civitas
860 4632 947 4684 est
997 4629 1231 4699 Berytus
1261 4633 1475 4698 vocata,
1524 4629 1583 4686 in
1624 4630 1838 4686 ﬁnibus
1876 4631 2007 4702 Tyri
2039 4634 2096 4686 et

448 4713 680 4770 Sidonis
705 4715 836 4786 sita,
859 4716 1180 4772 Antiochia
1197 4717 1447 4774 subdita.
1470 4720 1530 4773 In
1558 4719 1661 4774 hac
1676 4719 1911 4781 civitate
1935 4721 2098 4790 Bery-

451 4805 509 4858 to
535 4803 940 4860 multitudines
957 4810 1120 4860 erant
1137 4805 1383 4876 copiosa
1404 4807 1747 4864 Judaorum.
1780 4809 1953 4864 Porro
1968 4809 2098 4878 jux-

451 4893 506 4946 ta
537 4905 876 4964 synagogam
910 4893 1184 4965 ipsorum,
1217 4908 1343 4966 qua
1371 4895 1532 4951 valde
1571 4909 1694 4952 esse
1721 4909 1921 4968 magna
1946 4897 2100 4954 vide-

449 4978 638 5050 batur,
657 4979 1023 5036 Christianus
1042 4981 1276 5052 quidam
1301 4983 1520 5053 accepit
1537 4984 1606 5039 ad
1633 4984 1960 5054 pensionem
1982 4985 2096 5040 cel-

450 5067 625 5124 lulam
648 5081 678 5123 a
702 5068 964 5141 quodam,
1001 5069 1058 5125 in
1090 5086 1201 5141 qua
1229 5071 1514 5140 habitans,
1539 5077 1738 5128 contra
1763 5073 2094 5130 accubitum

449 5170 618 5212 suum
638 5156 765 5212 ﬁxit
781 5155 1087 5230 imaginem
1103 5159 1334 5214 Domini
1353 5159 1536 5215 nostri
1553 5161 1686 5216 Jesu
1703 5161 1920 5216 Christi
1949 5158 2096 5234 [θνα

451 5245 511 5299 in
543 5243 770 5320 tabula]
797 5246 1028 5301 honeste
1046 5247 1352 5318 depictam,
1375 5253 1433 5302 et
1462 5248 1697 5320 integra
1729 5253 1964 5305 statura
1992 5251 2102 5306 ha—

449 5329 672 5390 bentem
693 5334 997 5390 Dominum
1031 5340 1289 5391 nostrum
1317 5337 1506 5392 Jesum
1536 5337 1850 5392 Christum.
1884 5338 2104 5396 Trans-

449 5427 576 5479 acto
599 5428 788 5479 antem
815 5423 1039 5479 modico
1070 5427 1338 5494 tempore,
1371 5425 1718 5496 perquisivit
1749 5427 2100 5485 mansionem

453 5513 721 5582 majorem
752 5512 853 5568 ille
873 5512 1263 5584 Christianus,
1296 5515 1772 5584 quemadmodum
1799 5519 1857 5571 et
1889 5515 2102 5590 indige-

2209 4447 2376 4515 mini,
2407 4452 2464 4502 et
2517 4446 2653 4502 dare
2707 4446 2900 4516 alapas
2930 4460 3120 4501 coram
3153 4446 3247 4502 his
3303 4448 3408 4518 qui
3470 4439 3838 4503 convenerant.

2209 4535 2346 4590 hinc
2373 4539 2430 4590 et
2455 4534 2588 4590 inde
2619 4534 2924 4606 imaginem
2951 4535 3179 4590 Domini
3208 4535 3268 4591 in
3305 4533 3514 4592 faciem
3539 4527 3842 4604 percutien—

2207 4630 2317 4696 tes,
2341 4628 2514 4694 atque
2537 4623 2828 4680 dicentes:
2870 4622 3234 4696 Quacunque
3273 4622 3540 4681 fecerunt
3582 4622 3634 4677 ei
3677 4621 3843 4689 patres

2213 4714 2419 4783 nostri,
2453 4713 2645 4770 omnia
2677 4709 2956 4768 faciamus
2980 4718 3037 4768 et
3081 4727 3183 4768 nos
3213 4713 3458 4785 imagini
3493 4713 3634 4782 ejus.
3669 4709 3734 4762 Et
3755 4701 3842 4758 di—

2211 4806 2352 4858 cunt
2373 4817 2388 4855 :
2410 4801 2754 4858 Audivimus
2771 4801 2907 4872 quia
2927 4800 3236 4858 illuserunt
3254 4801 3306 4856 ei
3325 4806 3414 4869 :et
3429 4801 3540 4858 hoc
3555 4799 3734 4870 ipsum
3757 4803 3844 4847 nos

2213 4891 2510 4946 faciamus.
2543 4889 2796 4946 Inﬁnitis
2822 4904 2955 4962 ergo
2992 4889 3268 4946 ludibriis
3299 4889 3616 4965 illuserunt
3645 4887 3840 4941 iconam

2211 4979 2463 5049 Domini,
2497 4993 2623 5050 qua
2653 4993 2757 5034 nos
2786 4991 2968 5049 neque
2995 4978 3186 5034 dicere
3205 4979 3506 5035 audemus.
3543 4973 3750 5032 Deinde
3774 4966 3846 5024 di-

2211 5073 2352 5124 cunt
2374 5087 2386 5122 :
2409 5067 2772 5138 Audivimus,
2798 5067 2936 5136 quia
2965 5066 3144 5122 clavis
3166 5067 3487 5122 inﬁxerunt
3525 5077 3725 5120 manus
3737 5058 3844 5127 ejus

2210 5163 2267 5213 et
2292 5156 2496 5226 pedes:
2533 5155 2638 5210 hoc
2668 5159 2726 5209 et
2750 5169 2852 5210 nos
2879 5155 3052 5210 etiam
3092 5154 3371 5212 faciamus
3393 5155 3447 5210 ei
3472 5174 3488 5224 ς
3515 5159 3652 5210 tunc
3675 5151 3731 5206 in
3753 5158 3847 5203 ma-

2213 5262 2322 5304 nus
2349 5250 2406 5301 et
2431 5245 2598 5314 pedes
2627 5243 2902 5316 imaginis
2920 5244 3150 5300 Domini
3175 5244 3494 5300 inﬁxerunt
3511 5243 3718 5298 clavos.
3745 5239 3847 5291 Ite-

2213 5351 2338 5394 rum
2370 5335 2662 5391 savientes
2709 5333 3014 5390 dixerunt:
3055 5333 3418 5402 Audivimus,
3455 5331 3594 5403 quia
3624 5331 3774 5384 aceto
3799 5325 3846 5376 et

2211 5425 2343 5482 felle
2375 5427 2709 5495 potaverunt
2739 5437 2868 5478 eum
2897 5437 3026 5478 cum
3072 5421 3345 5494 spongia:
3380 5419 3668 5476 faciamus
3706 5415 3755 5470 ei
3775 5415 3847 5507 et

2213 5529 2318 5572 nos
2339 5532 2356 5584 ς
2377 5518 2435 5570 et
2462 5510 2720 5569 fecerunt
2741 5517 3088 5583 apponentes
3117 5511 3188 5566 ad
3213 5525 3279 5568 os
3327 5508 3612 5581 imaginis
3636 5501 3845 5561 Domini
