4012 6162
177 294 265 354 285

921 294 1467 352 INTERPRETATIO
1505 295 1753 351 SYNODI
1789 294 1886 352 VII
1920 295 2322 352 GENERALIS.
2352 328 2425 338 —
2462 297 2660 355 ACTIO
2704 302 2789 354 IV.

3470 302 3581 360 286

175 425 439 497 spongiam
467 428 633 480 aceto
664 422 908 494 plenam.
944 423 1166 478 Rursus
1198 422 1435 478 dicunt:
1462 422 1809 493 Didicimus,
1843 420 1903 481 A
1934 421 2205 491 seniores,
2260 427 2315 477 et
2368 424 2616 492 populus
2663 425 3008 496 Iudaeorum,
3050 425 3325 498 virorum,
3369 442 3585 498 puero—

178 515 286 587 quia
306 513 525 570 calamo
567 517 975 583 percusserunt
998 515 1171 581 caput
1196 511 1324 579 ejus
1368 515 1555 579 patres
1584 512 1767 565 nostri
1792 528 1804 564 :

180 605 221 659 id
249 604 424 673 ipsum
451 608 513 658 et
536 616 644 658 nos
675 601 996 670 faciamus;
1042 604 1098 655 et
1129 599 1479 668 accipientes
1503 599 1807 671 calamum,

178 691 544 764 percutiebant
568 696 742 761 caput
768 689 1019 746 Domini.
1049 689 1325 745 Caaterum
1376 688 1686 743 novissime
1708 688 1814 743 di—

175 786 313 837 cnnt:
346 782 416 836 Ut
451 780 744 851 liquidius
768 779 1091 846 edocemur,
1117 778 1254 849 quia
1280 776 1472 832 lancea
1506 777 1659 832 latus
1685 777 1812 846 ejus

174 874 523 941 aperuerunt,
556 870 707 925 nihil
738 868 1266 939 praetermittamus,
1318 867 1413 921 sed
1454 866 1732 921 addamus
1758 869 1814 923 et

176 962 285 1029 hoc;
313 964 370 1014 et
391 957 673 1014 facientes
700 956 911 1012 deferri
949 956 1224 1024 lanceam,
1259 960 1649 1024 praaceperunt
1678 955 1816 1010 cui—

171 1050 277 1105 dam
307 1062 551 1103 suorum
583 1046 785 1101 tollere
811 1045 1083 1105 lanceam,
1109 1048 1166 1098 et
1192 1046 1485 1113 percutere
1513 1046 1711 1098 contra
1738 1042 1815 1098 la-

172 1143 249 1194 tus
276 1136 556 1207 imaginis
584 1134 834 1189 Domini.
868 1134 994 1189 Mox
1024 1146 1157 1203 ergo
1187 1132 1473 1187 emanavit
1498 1131 1813 1187 multitudo

172 1225 458 1298 sanguinis
474 1228 535 1279 et
557 1236 720 1294 aquae
745 1222 815 1277 ab
839 1235 921 1277 ea.
941 1220 1188 1286 Christe,
1217 1219 1402 1291 gloria
1423 1219 1568 1275 tibi:
1605 1220 1817 1275 incom-

173 1312 590 1386 prehensibilis,
637 1311 821 1383 gloria
887 1310 1030 1366 tibi:
1084 1310 1218 1380 quis
1268 1309 1424 1364 sicut
1474 1312 1559 1380 tu,
1618 1308 1818 1365 Deus?

171 1404 283 1475 quis
322 1407 534 1472 praeter
562 1406 637 1471 te,
673 1402 842 1471 Deus,
877 1398 1095 1455 faciens
1120 1397 1410 1454 terribilia
1440 1404 1496 1453 et
1536 1397 1819 1467 obstupe—

171 1492 406 1549 sccnda?
430 1492 478 1547 Ο
509 1490 853 1547 miraculum
884 1488 1195 1544 Salvatoris
1233 1480 1419 1543 nostri
1467 1476 1812 1557 majestatisl

172 1584 517 1637 Horruerunt
570 1579 850 1635 veraciter
890 1583 945 1633 et
987 1577 1103 1646 jam
1166 1590 1339 1647 super
1391 1576 1500 1632 hoc
1557 1590 1818 1646 supernze

172 1671 396 1727 virtutes
444 1675 580 1725 tum.
624 1668 671 1724 Ο
714 1671 967 1739 quantus
993 1681 1074 1739 es,
1131 1666 1391 1735 Domine,
1441 1666 1509 1721 ad
1566 1665 1819 1722 humili-

1931 523 2076 581 rum,
2110 516 2167 565 et
2196 511 2505 567 mulierum
2540 512 2909 568 crediderunt
2945 514 3001 569 in
3041 515 3346 571 Dominum
3392 518 3581 572 Jesum

1925 599 2239 668 Christum,
2293 601 2629 657 clamantes:
2682 603 2880 659 Gloria
2938 604 3066 675 tibi,
3122 604 3367 675 Christe,
3417 619 3582 675 quem

1927 693 2115 758 patres
2144 690 2332 744 nostri
2359 690 2791 762 cruciﬁxerunt,
2826 692 2925 762 qui
2957 698 3013 748 et
3035 706 3067 748 a
3099 692 3266 749 nobis
3288 707 3440 749 nunc
3461 708 3585 751 cru-

1924 778 2132 834 ciﬁxus
2172 792 2232 833 es
2272 779 2331 833 in
2360 779 2609 851 imagine
2648 785 2764 836 tua.
2793 780 2991 837 Gloria
3024 782 3151 852 tibi,
3186 782 3294 837 Fili
3323 782 3444 846 Dei,
3484 783 3584 854 qui

1924 871 2079 923 tanta
2111 866 2297 923 fecisti
2326 869 2639 925 miracula:
2667 870 2773 925 tibi
2805 871 3130 927 credimus:
3165 872 3451 941 propitius
3493 885 3590 927 no-

1922 954 2013 1010 bis
2059 960 2199 1024 esto,
2250 961 2306 1012 et
2348 958 2575 1027 suscipe
2621 972 2740 1014 nos.
2788 960 2913 1015 Ilmc
2957 960 3284 1016 clamabant
3328 961 3588 1032 lugentes

1925 1057 2141 1114 omnes,
2174 1051 2230 1100 et
2262 1059 2426 1100 voces
2455 1046 2883 1114 emittebantur,
2914 1052 2968 1103 et
2995 1048 3273 1103 miracula
3317 1048 3584 1118 perﬁcie-

1931 1130 2163 1203 bantur,
2191 1134 2433 1189 summis
2456 1134 2851 1191 sacerdotibus
2877 1136 3245 1208 ungentibus,
3278 1141 3335 1191 et
3358 1137 3588 1193 cunctis

1927 1222 2147 1279 curatis
2172 1228 2229 1277 et
2266 1223 2593 1278 viviﬁcatis.
2633 1224 2936 1295 Postquam
2967 1231 3155 1281 autem
3182 1240 3379 1282 omnes
3400 1226 3587 1282 sanati

1931 1317 2085 1380 sunt,
2128 1310 2427 1367 confestim
2466 1313 2533 1367 ad
2571 1314 2903 1383 episcopum
2944 1315 3325 1370 sanctissimze
3363 1315 3591 1371 consti—

1932 1404 2069 1456 tuta:
2101 1400 2225 1455 illic
2246 1401 2519 1470 ecclesiae,
2549 1403 2649 1473 qui
2673 1404 2789 1472 jam
2833 1417 2959 1475 quze
2997 1403 3227 1460 fuerant
3252 1402 3397 1459 facta
3423 1404 3591 1459 didi-

1928 1495 2102 1561 cerat,
2171 1489 2576 1546 multitudines
2650 1492 2957 1547 currebant
3010 1493 3347 1549 clamantes:
3427 1493 3586 1548 Unus

1930 1581 2079 1635 Deus
2111 1581 2292 1648 Pater,
2338 1594 2488 1635 unus
2525 1582 2691 1635 Deus‘
2712 1580 2918 1651 Filius,
2956 1585 3011 1637 et
3055 1582 3176 1651 ipse
3208 1581 3579 1652 unigenitus:

1930 1683 2082 1724 unus
2123 1668 2408 1739 Christus,
2465 1683 2630 1739 quem
2679 1674 2866 1739 patres
2918 1670 3098 1726 nostri
3146 1671 3577 1727 cruciﬁxerunt.

175 1766 322 1815 tatem
376 1755 538 1832 [θη.
604 1738 1096 1831 humanitatem]!
1141 1769 1175 1813 o
1240 1760 1491 1826 quantus
1548 1756 1617 1811 ad
1683 1754 1816 1811 lon-
1846 1738 1902 1800 Β
1935 1758 2124 1825 Ipsum
2168 1758 2346 1812 Deum
2385 1738 2845 1821 novimus,rhuic
2884 1771 2989 1813 nos
3034 1758 3339 1819 credimus.
3383 1758 3583 1813 Multis

173 1847 604 1921 ganimitatem!
674 1861 709 1903 ο
777 1851 1024 1918 quantus
1095 1859 1156 1901 es
1224 1845 1283 1900 in
1355 1844 1816 1900 misericordia!

174 1938 323 1993 Prius
382 1937 542 1992 enim
604 1940 838 2007 pr0pter
884 1949 989 1990 nos
1039 1939 1096 1989 et
1136 1938 1364 2004 propter
1413 1933 1653 1988 salutem
1711 1946 1826 1988 no—

177 2030 353 2097 stram,
380 2039 516 2081 cum
545 2038 700 2081 esses
741 2024 865 2079 sine
901 2036 1089 2091 carne,
1119 2023 1451 2078 incarnatus
1495 2036 1562 2077 ex
1595 2020 1825 2092 Virgine

178 2116 355 2185 Maria,
406 2114 725 2170 cruciﬁxus
761 2127 822 2169 es
865 2113 924 2168 in
957 2112 1059 2168 illa
1101 2125 1289 2181 carne,
1332 2125 1462 2167 cum
1500 2124 1653 2166 esses
1704 2110 1826 2180 ipse

181 2203 549 2275 impassibilis
587 2203 821 2258 deitate.
873 2204 1035 2257 Nunc
1062 2215 1195 2256 vero
1228 2201 1437 2256 iterum
1468 2200 1527 2255 in
1575 2199 1826 2270 imagine

181 2291 478 2349 cruciﬁxus
515 2305 596 2357 es,
622 2291 882 2363 Domine,
920 2290 981 2346 in
1011 2290 1473 2361 redargutionem
1512 2288 1823 2357 impiorum

181 2387 227 2436 et
247 2381 501 2437 omnium
532 2380 980 2447 incredulorum,
1013 2383 1182 2449 atque
1207 2378 1582 2434 stabilitatem
1627 2390 1821 2433 eorum

185 2471 269 2540 qui
297 2469 583 2524 veraciter
610 2469 669 2523 in
702 2472 756 2523 te
778 2468 1035 2524 credunt.
1064 2467 1167 2522 Sed
1197 2466 1380 2537 gloria
1402 2465 1533 2536 tibi,
1563 2466 1821 2535 Domine,

186 2558 269 2628 qui
298 2557 462 2614 solus
505 2557 698 2613 omnia
733 2562 911 2628 potes,
944 2569 1056 2612 una
1081 2569 1210 2611 cum
1235 2555 1535 2610 benedicta
1558 2556 1671 2609 Deo
1715 2568 1828 2609 no—

186 2652 286 2702 stro
330 2651 392 2701 at
440 2648 623 2717 Patre,
688 2652 861 2716 atque
914 2659 1043 2701 cum
1086 2645 1309 2715 Spiritu
1358 2647 1572 2699 sancto.
1625 2644 1819 2714 Amen,

185 2735 278 2791 Vos
299 2740 515 2805 autem,
542 2749 576 2791 ο
620 2734 751 2805 ﬁlii,
797 2734 994 2790 audite
1039 2733 1281 2803 reliqua,
1330 2746 1455 2803 qua:
1491 2732 1824 2801 dispensata

188 2828 305 2880 sunt
341 2823 413 2878 ab
446 2824 643 2879 eodem
682 2823 959 2878 Domino:
1002 2823 1189 2892 ipsius
1225 2822 1378 2876 enim
1418 2826 1540 2877 erat
1576 2820 1828 2891 permis-

188 2913 275 2969 sio.
322 2913 586 2983 Denique
626 2915 924 2982 postquam
954 2924 1288 2981 percussum
1329 2914 1416 2965 est
1446 2910 1641 2965 lancea
1671 2910 1825 2965 latus

186 3002 419 3072 ejusdem
454 2969 730 3072 imaginis
775 2969 1025 3070 Domini,
1072 3004 1129 3054 et
1165 2999 1450 3055 emanavit
1488 2999 1725 3072 sanguis
1769 3004 1825 3056 et
1854 2969 1904 3036 Ο

184 3103 334 3162 aqua,
363 3095 429 3146 ut
459 3089 730 3159 superius
758 3089 978 3145 dictum
1017 3092 1121 3160 est,
1153 3087 1358 3143 dicunt
1388 3088 1597 3143 summi
1630 3101 1826 3143 sacer—

179 3178 326 3234 dotes
357 3191 559 3234 eorum
586 3181 641 3232 et
668 3178 953 3233 seniores:
984 3176 1265 3245 Quoniam
1297 3182 1603 3232 susurrant
1626 3177 1829 3233 colen—

182 3273 256 3322 tes
296 3281 451 3338 eum,
499 3268 650 3337 quod
698 3266 974 3322 sanitates
1018 3265 1229 3321 multas
1268 3263 1486 3335 fecerit,
1529 3278 1827 3321 sumamus

179 3371 301 3429 ergo
336 3357 678 3429 sanguinem
729 3356 883 3411 hunc
928 3359 984 3410 et
1027 3367 1255 3425 aquam,
1302 3359 1358 3410 et
1391 3353 1713 3410 deferamus
1755 3354 1825 3409 ad

180 3459 535 3518 synagogam,
579 3448 637 3500 et
671 3444 1015 3516 colligamus
1057 3456 1253 3499 omnes
1292 3443 1392 3513 qui
1426 3442 1571 3498 male
1620 3442 1828 3497 habent

181 3534 236 3589 in
282 3534 496 3604 populo
538 3538 596 3589 et
646 3546 930 3605 ungamus
962 3520 1066 3588 eos
1112 3545 1181 3587 ex
1242 3531 1365 3603 illo,
1420 3536 1477 3587 et
1528 3531 1827 3586 videamus

178 3622 224 3677 si
260 3636 390 3678 vera
419 3628 558 3678 sunt
596 3634 723 3692 qua:
767 3620 1060 3676 dicuntur.
1107 3621 1264 3676 Tunc
1314 3619 1613 3675 aﬁ‘erentes
1658 3619 1823 3674 lateri

180 3711 349 3768 icona:
372 3712 606 3767 Domini
632 3724 731 3766 vas
750 3711 1063 3766 secundum
1090 3710 1276 3766 locum
1296 3710 1569 3782 imaginis
1596 3723 1829 3779 percus-

179 3800 357 3856 sionis
396 3801 625 3870 lanceae,
654 3799 806 3855 unde
840 3798 1021 3855 exivit
1058 3799 1296 3870 sanguis
1319 3804 1375 3855 et
1411 3812 1580 3870 aqua,
1631 3799 1825 3868 reple-

180 3895 376 3945 verunt
403 3888 717 3959 ampullam
749 3887 818 3943 ad
854 3888 1040 3944 locum
1074 3887 1462 3959 jugulationis
1488 3888 1729 3943 lancem:
1772 3891 1830 3943 et

180 3975 503 4049 inferentes,
534 3976 889 4033 illudebaut:
925 3980 990 4031 ut
1030 3976 1269 4046 injuriis
1293 3981 1641 4047 appeterent,
1678 3976 1832 4032 sicut

179 4066 467 4137 putabant,
500 4079 691 4122 coram
739 4064 1011 4122 omnibus
1041 4065 1439 4137 universorum
1497 4066 1824 4121 Dominum.

177 4154 241 4209 Et
268 4156 527 4212 collectis
574 4155 848 4211 omnibus
887 4155 985 4225 qui
1020 4155 1166 4210 male
1193 4155 1495 4220 habebant,
1540 4160 1672 4210 ante
1702 4169 1833 4210 om—

178 4256 274 4298 nes
312 4244 714 4315 paralyticum,
744 4257 912 4315 quem
960 4257 993 4299 a
1024 4244 1323 4299 nativitate
1375 4248 1668 4315 noverant,
1724 4244 1836 4299 ad—

172 4330 443 4389 ducentes
466 4337 788 4389 unxerunt:
815 4336 873 4388 et
896 4332 1095 4387 statim
1126 4332 1305 4402 saliit,
1330 4336 1387 4387 et
1414 4333 1638 4389 exsiliit
1658 4347 1835 4390 sanus

1934 1844 2128 1914 itaque
2168 1844 2437 1900 laudibus
2479 1845 2865 1916 gloriﬁcantes
2905 1847 3104 1917 Deum,
3163 1847 3584 1918 imaginemque

1933 1933 2366 2003 archiepiscOpo
2407 1934 2881 2004 demonstrantes,
2933 1936 3418 1992 etannuntiantes
3455 1949 3581 2005 quae

1936 2019 2185 2077 fecerant
2216 2022 2453 2093 imagini
2476 2023 2725 2095 Domini,
2751 2025 3000 2094 qualiter
3020 2030 3075 2080 et
3094 2024 3332 2095 sanguis
3354 2029 3410 2078 et
3434 2035 3582 2093 aqua

1934 2110 2199 2166 exierunt
2231 2124 2299 2166 ex
2327 2110 2501 2166 latere
2542 2111 2832 2183 imaginis,
2868 2126 3082 2168 necnon
3122 2117 3177 2167 et
3208 2111 3435 2166 inﬁnita
3467 2110 3585 2165 mi—

1934 2199 2129 2254 ‘racula
2171 2214 2296 2269 quae
2322 2197 2469 2255 facta
2498 2204 2671 2266 sunt;
2712 2201 2789 2255 ita
2826 2214 3024 2256 omnes
3056 2199 3482 2269 multitudines,
3521 2201 3586 2253 ut

1935 2292 2131 2343 sancto
2156 2287 2497 2356 baptismate
2539 2288 2700 2360 digni
2732 2289 2952 2361 ﬁerent,
2982 2284 3403 2359 supplicabant.
3432 2287 3587 2357 Quos

1933 2377 2237 2447 episcopus
2281 2390 2391 2433 una
2421 2390 2551 2433 cum
2586 2377 2739 2433 clero
2775 2392 2881 2433 suo
2910 2382 3234 2446 assumptos
3273 2373 3398 2449 [Gr.
3447 2375 3580 2429 add.

1934 2470 1991 2521 et
2029 2463 2353 2541 initiatos],
2396 2480 2591 2521 omnes
2631 2465 2943 2536 baptizavit
2987 2480 3086 2535 per
3115 2465 3327 2520 multos
3355 2465 3500 2536 dies,
3532 2471 3588 2522 et

1934 2567 2275 2627 synagogam
2296 2568 2492 2611 eorum
2514 2555 2812 2610 ecclesiam
2839 2554 3117 2610 Salvatori
3143 2558 3337 2609 nostro
3356 2552 3587 2609 Christo

1932 2644 2166 2699 dicavit.
2200 2643 2325 2699 Illis
2343 2648 2533 2699 autem
2570 2643 2926 2716 rogantibus,
2960 2644 3130 2698 etiam
3153 2646 3385 2698 caeteras
3413 2656 3593 2714 syna-

1934 2747 2106 2804 gogas
2125 2747 2320 2788 eorum
2352 2734 2626 2803 martyria
2650 2733 2812 2789 fecit:
2845 2737 2901 2788 et
2922 2733 3007 2788 sic
3024 2732 3297 2805 gaudium
3323 2745 3588 2803 magnum

1936 2820 2145 2876 factum
2173 2825 2260 2876 est
2283 2822 2341 2876 in
2374 2822 2609 2877 civitate
2643 2822 2764 2891 illa,
2789 2836 2901 2877 non
2932 2822 3119 2877 solum
3144 2819 3484 2890 corporibus
3508 2834 3593 2875 sa-

1934 2910 2088 2964 natis
2128 2914 2185 2964 et
2225 2910 2555 2981 viviﬁcatis,
2604 2911 2697 2966 sed
2731 2914 2785 2965 et
2825 2914 2911 2966 tot
2948 2909 3251 2965 animabus
3278 2909 3339 2964 in
3364 2908 3591 2964 vitama

1936 2998 2180 3054 mortuis
2233 2999 2613 3055 redeuntibus
2656 3002 2944 3054 aeternam.
2981 2999 3106 3054 Haec
3146 3011 3457 3070 agnoscens
3485 3010 3588 3068 ego

1935 3086 2200 3142 festinavi
2226 3086 2482 3142 indicare
2502 3087 2683 3158 vobis,
2713 3086 2918 3143 fratres
2938 3087 3346 3156 amantissimi,
3371 3086 3439 3141 ad
3467 3086 3594 3141 uti—

1936 3175 2154 3230 litatem
2176 3176 2499 3231 animarum
2526 3181 2876 3232 vestrarum:
2913 3180 2978 3232 ut
3006 3179 3410 3247 cognoscentes
3443 3179 3499 3231 et
3530 3176 3591 3230 in

1937 3265 2043 3319 hoc
2074 3264 2174 3319 Dei
2200 3269 2257 3319 et
2292 3265 2603 3320 Salvatoris
2647 3266 2829 3321 nostri
2875 3266 3007 3321 Jesu
3035 3265 3252 3319 Christi
3293 3265 3587 3334 virtutem,

1939 3352 2069 3422 plus
2089 3353 2311 3425 aliquid
2351 3354 2411 3408 in
2434 3352 2543 3408 ﬁde
2575 3353 2761 3422 ipsius
2782 3353 3222 3422 conﬁrmemini,
3252 3357 3307 3409 et
3330 3353 3591 3410 exsulte—

1938 3442 2016 3496 tis
2042 3455 2215 3511 super
2239 3441 2603 3513 magnalibus
2631 3442 2775 3511 ejus,
2807 3456 2930 3511 qua:
2953 3455 3104 3496 nunc
3124 3441 3297 3496 etiam
3319 3447 3589 3511 operatus

1937 3537 2039 3587 est.
2083 3533 2220 3587 Date
2245 3545 2378 3602 ergo
2405 3530 2517 3600 ipsi
2541 3529 2780 3601 gloriam
2807 3544 2938 3585 cum
2966 3529 3169 3585 laetitia
3211 3530 3269 3584 in
3302 3543 3589 3599 compun-

1937 3621 2128 3676 ctione
2178 3624 2235 3675 et
2282 3620 2547 3689 lamento,
2604 3619 2914 3690 gaudentes
2963 3623 3019 3674 et
3065 3618 3279 3689 gratias
3338 3622 3587 3691 agentes,

1940 3710 2077 3781 quia
2109 3724 2212 3766 sua
2244 3724 2348 3765 nos
2373 3709 2502 3780 ﬁde,
2542 3713 2600 3763 et
2636 3722 2739 3764 sua
2775 3706 2912 3764 fecit
2934 3708 3229 3780 agnitione
3250 3707 3456 3780 dignos
3491 3703 3590 3781 [in

1937 3799 2168 3855 Christo
2213 3800 2345 3854 Jesu
2392 3798 2633 3854 Domino
2696 3794 2953 3871 nostro],
2996 3810 3127 3852 cum
3178 3810 3292 3867 quo
3336 3800 3392 3851 et
3436 3797 3591 3851 Patri

1939 3902 2053 3944 una
2100 3902 2229 3943 cum
2278 3888 2501 3958 Spiritu
2532 3891 2729 3943 sancto
2761 3886 2947 3959 gloria
2986 3900 3138 3942 nunc
3181 3890 3238 3941 et
3278 3898 3499 3955 semper
3539 3889 3596 3941 et

1950 3977 2008 4032 in
2036 3978 2242 4033 saecula
2287 3977 2647 4033 saeculorum.
2678 3977 2873 4031 Amen.

2015 4066 2425 4123 Constantinus
2463 4065 2867 4121 sanctissimus
2909 4065 3213 4135 episcopus
3250 4063 3597 4119 Constantia:

1940 4157 2109 4229 Cypri
2148 4156 2334 4211 dixit:
2380 4156 2461 4210 En
2503 4159 2560 4209 et
2590 4155 2642 4210 is
2672 4154 2771 4225 qui
2806 4154 2877 4209 ab
2911 4153 3341 4218 immortalitate
3379 4166 3601 4224 cogno—

1945 4247 2197 4302 minatus
2241 4249 2345 4313 est,
2398 4248 2571 4299 totam
2618 4247 2869 4299 sanctam
2928 4243 3205 4314 synodum
3256 4242 3401 4298 hanc
3463 4240 3599 4297 fecit

1949 4336 2253 4407 compungi
2290 4339 2346 4390 et
2386 4333 2718 4405 lacrymari:
2756 4333 3026 4403 quoniam
3069 4346 3182 4388 non
3208 4331 3395 4387 solum
3424 4344 3599 4386 vene—

176 4419 340 4477 homo
368 4422 618 4492 penitus.
646 4422 864 4477 Deinde
892 4435 1072 4477 caecos
1095 4422 1482 4492 adduxerunt,
1508 4424 1607 4493 qui
1632 4427 1687 4478 et
1714 4425 1828 4496 ipsi
1868 4424 1923 4487 D
1954 4425 2161 4481 randas
2180 4438 2300 4479 esse
2330 4423 2613 4496 cognovit,
2656 4436 2849 4478 verum
2878 4421 3052 4477 etiam
3093 4421 3370 4476 maximas
3408 4433 3601 4492 gerere

172 4509 359 4565 visum
408 4516 767 4581 receperunt.
816 4511 1171 4567 Dzemonium
1203 4525 1333 4567 vero
1384 4511 1667 4581 patientes
1703 4511 1839 4588 [Gro

172 4597 305 4651 add.
342 4596 678 4674 innumeri]
712 4614 842 4656 mox
862 4600 1157 4656 emundati
1200 4605 1353 4657 sunt.
1383 4600 1658 4657 Turbatio
1686 4619 1839 4673 quo—

174 4700 284 4754 que
333 4702 534 4761 magna
572 4694 630 4744 et
656 4688 883 4744 inﬁnita
923 4703 1023 4759 per
1070 4694 1246 4745 totam
1303 4689 1593 4745 civitatem
1642 4690 1839 4749 eﬁ'ecta

172 4779 278 4843 est,
310 4777 538 4833 cunctis
562 4776 990 4833 conﬂuentibus
1017 4782 1249 4847 propter
1272 4778 1500 4834 inﬁnita
1534 4779 1831 4837 miracula.

172 4861 478 4921 Commota:
514 4870 705 4922 autem
750 4870 888 4922 sunt
930 4880 1125 4923 omnes
1160 4867 1566 4923 multitudines
1608 4869 1842 4926 Iudaeo-

178 4965 343 5022 rum;
380 4955 574 5024 plures
612 4955 766 5011 enim
804 4956 1095 5011 civitatem
1129 4956 1480 5013 habitabant.
1517 4957 1837 5015 Currebam

178 5052 311 5112 ergo
355 5042 602 5100 ferentes
641 5058 741 5100 eos
781 5058 926 5114 quos
953 5044 1012 5099 in
1058 5044 1326 5100 domibus
1362 5045 1488 5101 suis
1532 5046 1831 5116 habebant,

181 5136 463 5202 quotquot
482 5132 766 5188 habebant
805 5133 1158 5205 languentes,
1192 5138 1293 5189 aut
1324 5134 1668 5204 paralyticos
1705 5132 1827 5209 [Gr.

182 5217 308 5272 add.
358 5225 460 5276 aut
504 5218 806 5295 claudos],
847 5226 948 5278 aut
975 5221 1212 5291 debiles,
1247 5227 1348 5278 aut
1377 5222 1591 5294 aridos,
1623 5228 1723 5279 aut
1750 5225 1841 5280 le—

189 5317 400 5377 prosos,
447 5323 644 5365 omnes
680 5315 1096 5366 cucurrerunt:
1129 5311 1207 5366 ita
1244 5315 1308 5366 ut
1330 5324 1511 5381 neque
1555 5326 1839 5386 synagoga

188 5404 399 5469 eorum,
448 5397 583 5454 licet
650 5412 853 5470 magna
915 5397 1110 5469 fuerit,
1157 5404 1385 5469 caperet
1448 5399 1599 5470 illos,
1658 5416 1841 5473 neque

192 5479 346 5541 locus
389 5487 769 5544 multitudine
814 5488 1031 5543 inﬁniti
1074 5488 1270 5558 populi
1305 5491 1534 5558 propter
1560 5489 1839 5547 miracula

193 5580 575 5633 concurrente.
603 5577 816 5633 Omnes
843 5581 1032 5633 autem
1072 5577 1364 5647 principes
1387 5579 1744 5635 sacerdotum
1775 5594 1843 5636 ac

1952 4514 2244 4570 sanitates.

2020 4603 2289 4658 Tarasius
2326 4602 2729 4659 sanctissimus
2774 4600 3099 4672 patriarcha
3143 4598 3331 4654 dixit:
3376 4597 3482 4652 Sed
3530 4610 3601 4652 ne

1949 4693 2083 4765 quis
2131 4692 2287 4747 dicat
2333 4706 2438 4748 cur
2491 4691 2607 4746 illa:
2657 4691 2854 4760 iconze,
2901 4703 3026 4760 qua:
3072 4688 3222 4757 apud
3279 4700 3382 4742 nos
3442 4689 3601 4757 sunt,

1949 4780 2226 4837 miracula
2263 4780 2498 4836 minime
2524 4779 2794 4836 faciunt?
2835 4778 2917 4834 Ad
2961 4790 3127 4849 quem
3168 4776 3598 4846 respondemus.

1945 4871 2111 4942 Quia,
2153 4870 2306 4925 sicut
2343 4868 2650 4939 Apostolus
2684 4868 2768 4924 ait
2803 4866 2863 4939 (Ι
2890 4868 3009 4923 Cor.
3053 4865 3213 4940 xw),
3246 4866 3413 4937 signa
3463 4862 3607 4918 inﬁ—

1945 4960 2192 5028 delibus,
2224 4973 2334 5015 non
2364 4958 2631 5014 ﬁdelibus
2656 4959 2787 5013 data
2824 4962 2980 5013 sunt.
3014 4958 3154 5011 Nam
3178 4955 3278 5026 qui
3307 4954 3375 5010 ad
3406 4952 3607 5025 imagi-

1949 5063 2073 5104 nem
2099 5047 2459 5119 accedebant,
2509 5046 2767 5102 inﬁdeles
2803 5050 3002 5101 erant:
3045 5050 3343 5115 propterea
3372 5041 3605 5113 signum

1950 5137 2085 5193 fecit
2122 5139 2271 5193 Deus
2311 5151 2410 5207 per
2455 5135 2780 5207 imaginem,
2832 5140 2896 5191 ut
2941 5134 3075 5191 illos
3119 5136 3371 5192 traheret
3412 5138 3482 5193 ad
3530 5128 3608 5189 ﬁ-

1950 5227 2076 5282 dem
2109 5232 2357 5282 nostram
2379 5226 2858 5282 Christianorum.
2886 5225 3171 5280 Gcneratio
3204 5225 3356 5281 enim
3382 5226 3529 5279 mala
3559 5230 3610 5279 ct

1956 5316 2207 5371 adultera
2248 5318 2463 5384 signum
2519 5317 2733 5385 qumrit,
2777 5319 2826 5369 et
2875 5316 3089 5382 signum
3133 5330 3242 5368 non
3286 5313 3510 5367 dabitur
3560 5315 3611 5367 ei

1950 5402 2174 5476 (Matth.
2206 5419 2287 5459 xu
2306 5405 2343 5479 ).

2017 5494 2347 5551 Theodorus
2406 5495 2518 5551 Deo
2568 5494 2837 5550 amabilis
2882 5493 3164 5548 diaconus
3222 5494 3279 5545 et
3338 5488 3600 5544 notarius

1949 5582 2094 5653 legit
2111 5600 2123 5612 ·
2178 5596 2185 5602 '
