4018 6166
429 234 538 297 287

489 363 578 415 Ea:
595 362 822 432 epistola
850 363 993 417 beati
1010 364 1128 420 Nili
1152 365 1228 419 ad
1244 366 1594 421 Heliodorum
1613 367 1866 420 sileatiar
1889 381 1998 419 um.

491 556 598 611 Per
621 569 684 611 ea
727 571 852 626 qua:
903 570 1002 626 per
1031 558 1261 630 singula
1301 559 1425 615 loca
1445 563 1501 614 et
1546 559 1604 615 in
1639 559 1886 615 diversis
1927 563 2080 614 tem-

420 644 661 715 poribus
696 645 958 715 quotidie
988 645 1132 702 ﬁunt
1159 647 1456 720 miracula,
1487 649 1765 704 Dominus
1805 649 1908 704 hos
1937 648 2081 718 qui—

417 733 544 788 dem
589 733 690 802 qui
733 734 968 789 modicae
1001 738 1138 790 sunt
1168 734 1320 801 ﬁdei,
1365 749 1582 792 necnon
1625 741 1681 791 et
1713 736 1972 792 inﬁdeles
2004 736 2075 792 ad

419 821 790 877 stabilitatem
837 822 967 877 ﬁdei
1003 823 1239 878 invitat:
1286 823 1544 881 ﬁdelium
1571 839 1702 881 vero
1729 825 1916 896 ﬁdem,
1961 825 2076 880 imo

416 913 473 964 et
515 923 670 978 spem
722 924 974 966 crescere
1032 909 1190 983 facit,
1238 916 1296 968 et
1345 926 1567 985 gravem
1614 918 1672 968 et
1719 913 2072 970 immobilem

416 997 769 1054 demonstrat
794 1000 1153 1068 prudentiam
1179 997 1450 1075 [sensum
1468 999 1510 1076 ].
1539 1003 1608 1057 Et
1645 1001 1772 1058 volo
1797 1001 1906 1058 tibi
1934 1001 2074 1073 quid

419 1099 596 1142 unum
621 1099 690 1141 ex
712 1087 878 1142 denis
917 1088 1181 1144 millibus
1218 1091 1474 1146 Platonis
1505 1091 1684 1146 nostri
1727 1096 1937 1160 tropaea
1973 1105 2074 1147 re-

418 1175 701 1244 portantis
730 1181 786 1231 et
809 1178 1074 1247 martyris
1111 1179 1278 1234 modo
1303 1193 1570 1235 narrare:
1597 1181 1698 1250 qui
1739 1194 1850 1236 non
1885 1179 2070 1235 solum

417 1263 477 1319 in
520 1264 704 1333 patria
750 1268 962 1334 nostra,
1009 1267 1104 1322 sed
1153 1267 1214 1322 in
1258 1269 1413 1324 omni
1458 1269 1690 1324 civitate
1731 1283 1798 1325 ac
1841 1268 2072 1340 regione

416 1353 779 1422 paratissime
834 1354 1073 1424 gratiam
1134 1356 1328 1426 donat,
1379 1361 1435 1411 et
1499 1357 1754 1413 ostendit
1812 1357 1904 1412 his
1966 1357 2066 1427 qui

413 1441 590 1495 Deum
637 1455 736 1510 per
785 1455 915 1497 eum
957 1443 1268 1514 postulant,
1313 1445 1708 1500 admirabilem
1759 1443 2072 1501 fortitudi—

415 1542 562 1584 nem.
606 1531 666 1584 In
693 1534 881 1586 monte
919 1532 1133 1602 quippe
1177 1533 1276 1602 qui
1318 1538 1554 1590 vocatur
1575 1534 1731 1604 Sina,
1776 1533 1874 1589 ubi
1903 1537 2069 1604 Moy-

413 1632 504 1674 ses
549 1631 581 1673 a
625 1619 740 1674 Deo
793 1619 970 1692 legem
1024 1621 1262 1691 accepit,
1313 1623 1608 1678 monachis
1671 1622 2070 1679 habitantibus

415 1706 708 1779 indigenis
767 1713 823 1763 et
891 1709 1229 1780 peregrinis,
1293 1724 1446 1766 unus
1513 1711 1744 1781 quidam
1813 1711 2066 1766 virorum

414 1808 618 1866 genere
669 1796 868 1852 Galata
924 1811 1036 1852 una
1080 1811 1210 1854 cum
1265 1799 1499 1868 proprio
1556 1799 1678 1855 ﬁlio
1717 1799 2066 1870 singularem

423 1880 873 1958 [monasticam]
935 1885 1232 1955 amplexus
1311 1887 1484 1942 vitam
1551 1887 1808 1959 degebat,
1873 1888 2072 1943 conti-

418 1973 628 2028 nentiae
691 1973 1003 2029 certamina
1054 1975 1379 2047 transigens
1437 1976 1616 2032 multo
1690 1981 1942 2047 tempore
2009 1977 2069 2032 in

412 2061 656 2118 deserto.
706 2053 787 2116 Et'
815 2075 943 2118 ecce
990 2064 1231 2134 quadam
1284 2065 1380 2120 die
1441 2070 1668 2134 repente
1729 2065 1961 2135 quidam
2010 2065 2072 2122 in

415 2150 689 2220 praedicto
729 2156 917 2207 monte
963 2152 1240 2224 religione
1270 2153 1498 2209 barbari
1535 2149 1692 2225 [Gr.,
1745 2151 1982 2228 pagani]
2016 2159 2072 2208 et

409 2238 779 2294 detestabiles
821 2241 1106 2297 irruentes
1147 2242 1639 2312 comprehendunt
1685 2256 1802 2314 eos,
1859 2242 1958 2312 qui
2011 2243 2072 2298 in

415 2333 680 2398 promptu
700 2342 768 2382 ex
801 2329 893 2384 his
918 2333 974 2384 et
997 2330 1516 2398 imprmseutiarum
1547 2331 1761 2385 inventi
1790 2336 1924 2386 sunt
1946 2345 2077 2386 mo—

413 2416 582 2471 nachi
612 2429 728 2472 una
758 2431 886 2472 cum
919 2417 1040 2472 ﬁlio
1067 2417 1222 2472 senis
1249 2417 1482 2489 Galatae,
1517 2421 1573 2472 e’t
1598 2419 1658 2473 in
1683 2419 2072 2488 captivitatem

411 2504 651 2558 ducunt.
683 2504 837 2573 Quos
861 2510 917 2560 et
945 2505 1186 2576 Iigantes
1214 2512 1340 2575 post
1373 2511 1616 2577 tergum,
1653 2507 1863 2562 multas
1895 2514 2078 2562 trans—

411 2595 550 2647 eunt
569 2592 897 2649 mansiones
924 2594 1198 2664 desertas,
1221 2595 1452 2664 jejunos
1481 2599 1537 2650 et
1573 2595 1758 2650 nudos
1792 2595 2074 2652 minantes

411 2692 527 2750 eos,
575 2694 676 2736 nec
717 2680 991 2737 calciatos
1035 2682 1267 2751 penitus
1290 2682 1488 2752 aliquo
1531 2683 1926 2754 calciamento,
1978 2697 2077 2754 per

415 2769 515 2825 illa
559 2769 839 2840 inaquosa
877 2775 934 2825 et
955 2771 1292 2840 asperrima,
1322 2775 1378 2826 et
1408 2771 1630 2827 nullius
1655 2772 2072 2829 consolationis

412 2857 555 2928 loca,
581 2857 636 2912 vi
667 2863 724 2913 et
763 2859 1102 2914 necessitate
1130 2860 1572 2932 circumeuntes,
1605 2865 1660 2916 et
1709 2860 1938 2917 inﬁnito
1967 2875 2075 2931 pa-

412 2959 544 3002 vore
579 2947 862 3003 detentos.
889 2947 1058 3004 Solus
1081 2956 1270 3004 autem
1296 2948 1355 3004 in
1397 2951 1642 3019 quodam
1673 2949 1872 3006 abdito
1897 2964 2069 3020 specu

1672 238 2030 295 ANASTASII
2066 237 2606 301 BIBLIOTHECARII

3717 241 3814 300 288

2101 357 2162 418 A
2256 368 2458 426 Sancta
2525 371 2776 441 synodus
2821 370 3012 427 dixit:
3043 370 3345 428 Ostensum
3393 374 3499 442 est,
3549 371 3680 440 quia
3728 385 3818 441 per

2189 458 2492 529 imaginem
2537 460 2826 530 martyris,
2869 474 2996 530 qua:
3043 459 3156 516 sibi
3186 463 3317 514 ante
3365 457 3552 514 fuerat
3579 459 3813 531 cognita,

2187 547 2420 618 agnovit
2447 562 2576 603 eum
2596 553 2894 620 astantem,
2916 563 3046 604 cum
3077 548 3296 604 salvare
3319 547 3484 603 illum
3514 547 3682 603 venit.

2257 636 2589 693 Theodorus
2609 638 3012 693 sanctissimus
3030 637 3336 707 episcopus
3353 639 3634 708 Myrorum
3649 637 3815 693 dixit:

2187 725 2335 794 Quia
2355 731 2411 781 et
2429 740 2532 797 ego
2561 731 2915 796 praeostensae
2938 726 3197 782 historia:
3218 727 3435 782 similia
3455 740 3654 796 passus
3679 741 3818 782 sum.

2185 816 2326 869 Nam
2355 829 2485 870 cum
2519 815 2792 884 injuriam
2825 820 3046 885 paterer
3073 828 3106 870 a
3136 813 3482 885 quihusdam
3505 814 3825 884 principali-

2185 899 2294 958 bus
2314 902 2600 970 manibus,
2627 903 2780 958 dixit
2809 903 2952 958 mihi
2974 903 3417 960 archidiaconus
3439 916 3616 974 meus,
3639 902 3726 958 vir
3753 917 3828 959 re-

2185 989 2430 1062 ligiosus
2459 1005 2524 1047 ac
2553 991 2763 1048 timens
2788 993 2997 1048 Deum:
3031 992 3178 1062 Quia
3206 991 3326 1047 vidi
3359 991 3736 1060 patriarcham
3771 991 3826 1048 in

2184 1079 2406 1136 visione
2433 1080 2737 1148 dicentem,
2761 1081 2900 1152 quia
2920 1080 3188 1136 ascendat
3216 1081 3285 1136 ad
3319 1093 3423 1135 nos
3449 1079 3824 1150 metrOpolita,

2182 1172 2240 1222 et
2267 1181 2462 1223 omnes
2485 1182 2576 1223 res
2602 1169 2726 1238 ejus
2745 1169 3254 1239 dispensabuntur,
3289 1173 3354 1224 ut
3372 1167 3600 1237 expedit
3628 1168 3702 1224 ei.
3738 1169 3831 1222 Iu—

2182 1257 2467 1328 terrogavi
2515 1270 2648 1328 ergo
2691 1271 2794 1328 ego
2839 1257 3330 1326 archidiaconum,
3379 1255 3612 1312 dicens:
3663 1254 3824 1321 Quali

2183 1343 2366 1400 forma
2387 1345 2657 1414 apparuit
2686 1345 2794 1402 tibi
2828 1345 3154 1415 patriarcha
3173 1343 3200 1398 ?
3241 1351 3299 1400 et
3329 1346 3626 1416 respondit
3656 1346 3822 1401 mihi:

2181 1433 2327 1501 Quia
2377 1433 2734 1490 rubicundus
2765 1432 2929 1502 facie,
2961 1439 3018 1490 et
3039 1434 3208 1489 senili
3245 1447 3422 1490 coma.
3457 1433 3564 1490 Aio
3611 1447 3716 1506 ego
3743 1434 3826 1488 ei:

2180 1521 2327 1590 Quia
2355 1523 2680 1592 patriarcha
2713 1537 2823 1578 non
2851 1529 2936 1578 est
2966 1523 3102 1578 talis
3130 1523 3380 1578 visionis
3412 1519 3644 1596 [forrme
3663 1519 3708 1596 ],
3741 1523 3830 1579 sed

2181 1611 2358 1666 vestis
2389 1611 2558 1667 habet
2585 1611 2767 1667 sancti
2797 1611 3019 1666 Nicolai
3053 1611 3390 1682 imaginem:
3421 1615 3477 1666 et
3506 1611 3650 1666 bene
3679 1625 3836 1666 asse—

2101 1680 2154 1742 B
2184 1699 2285 1754 ris.
2311 1702 2450 1754 Nam
2483 1699 2814 1770 hujusmodi
2836 1699 3032 1755 formae
3059 1680 3356 1769 esu—quem
3387 1699 3609 1754 vidisti.
3639 1699 3714 1754 At
3743 1699 3836 1754 ille

2182 1787 2479 1858 respondit
2519 1788 2683 1857 mihi,
2727 1788 2862 1858 quia
2891 1788 3067 1843 etiam
3093 1788 3228 1843 talis
3256 1801 3446 1844 revera
3496 1786 3698 1843 formae
3720 1788 3833 1843 vidi

2180 1875 2368 1932 virum
2415 1877 2513 1948 qui
2565 1876 2683 1931 haec
2713 1877 2857 1932 mihi
2904 1876 3131 1931 locutus
3159 1880 3263 1930 est.
3297 1877 3379 1931 Ex
3409 1875 3515 1931 hoc
3545 1889 3686 1947 ergo
3737 1889 3834 1932 co—

2181 1965 2370 2034 gnovi,
2396 1965 2546 2034 quod
2572 1969 2804 2020 sanctus
2832 1963 3104 2020 Nicolaus
3139 1963 3191 2019 ei
3226 1964 3578 2036 apparuerit,
3610 1978 3716 2034 per
3746 1964 3834 2020 si-

2185 2051 2594 2114 militudinem.
2627 2067 2752 2124 qua:
2803 2052 2862 2107 in
2910 2053 3072 2108 icona
3102 2056 3242 2108 erat.
3276 2053 3404 2107 Mox
3433 2065 3566 2122 ergo
3602 2052 3839 2108 credens

2183 2139 2372 2211 verbo,
2404 2141 2634 2197 ascendi
2658 2141 2725 2196 ad
2748 2142 2862 2196 Deo
2883 2141 3323 2197 conservandam
3356 2141 3569 2212 regiam
3601 2141 3834 2196 urbem:

2183 2234 2240 2284 et
2268 2229 2459 2286 omnia
2487 2229 2712 2301 negotia
2748 2242 2890 2298 mea,
2921 2243 3048 2298 qua:
3078 2242 3202 2284 meo
3233 2228 3594 2298 pertinebant
3624 2229 3842 2300 episco-

2188 2317 2304 2386 pio,
2330 2315 2478 2373 facta
2495 2321 2636 2373 sunt
2663 2322 2813 2387 apta.

2252 2405 2496 2462 Thomas
2525 2405 3036 2462 reverendissimus
3067 2404 3358 2476 presbyter
3385 2409 3444 2462 et
3471 2405 3664 2461 locum
3702 2405 3843 2461 reti-

2184 2507 2324 2548 nens
2351 2493 2731 2549 Orientalium
2775 2494 3108 2564 pontiﬁcum
3134 2494 3320 2549 dixit:
3353 2495 3674 2550 Susurrant
3705 2493 3844 2566 qui-

2181 2582 2309 2636 dam
2341 2583 2411 2638 de
2431 2587 2626 2638 sancto
2647 2583 2797 2646 Nilo,
2826 2583 2963 2653 quia
2982 2587 3180 2639 contra
3206 2582 3401 2638 iconas
3431 2581 3767 2654 scripserit;
3788 2587 3843 2636 et

2185 2669 2311 2726 ideo
2354 2685 2466 2740 pra:
2497 2670 2762 2727 manibus
2795 2671 2972 2726 habeo
2999 2671 3212 2727 librum
3244 2671 3498 2741 ejusdem
3530 2671 3752 2727 Patris:
3786 2675 3841 2724 et

2183 2759 2231 2815 si
2261 2759 2482 2829 jubetis
2513 2759 2758 2832 legatur.

2252 2849 2454 2903 Sancta
2475 2849 2729 2918 synodus
2755 2849 2944 2905 dixit:
2980 2851 3238 2920 Legatur.

2252 2937 2485 2992 Cosmus
2539 2939 2656 2994 Deo
2707 2937 2978 2994 amabilis
3031 2938 3312 2994 diaconus
3351 2941 3409 2993 et
3464 2937 3838 2994 cubuclesius

411 3035 737 3090 occultatus
756 3037 952 3091 senior
981 3036 1142 3092 luctu
1167 2997 1486 3106 taheﬁebat,
1518 3051 1628 3094 non
1656 3037 1842 3095 ferens
1871 2997 2070 3108 priva-
2099 2997 2151 3063 α
2185 3023 2354 3097 legit:

412 3123 624 3178 tionem
644 3125 758 3179 Deo
811 3123 1082 3180 amabilis
1125 3124 1266 3180 ﬁlii:
1317 3131 1374 3180 et
1417 3127 1722 3182 Dominum
1769 3127 2064 3198 ﬂagitabat

407 3211 702 3269 Christum
739 3226 841 3282 per
869 3212 1158 3268 Platonem
1184 3215 1618 3284 compatriotam
1642 3219 1966 3286 martyrem,
2001 3221 2070 3272 ut

411 3301 809 3358 incurvaretur
827 3302 897 3358 ad
931 3303 1348 3358 miserationes.
1395 3303 1454 3358 1d
1488 3303 1676 3374 ipsum
1705 3309 1894 3360 autem
1915 3310 1971 3360 et
1996 3305 2076 3360 ﬁo

409 3385 528 3444 lius
568 3402 670 3459 per
711 3390 971 3446 eumdem
1016 3390 1447 3448 sanctissimum
1493 3396 1795 3463 martyrem
1835 3393 2071 3465 rogabat

407 3477 585 3531 Deum
615 3477 675 3532 in
705 3478 1037 3548 captivitate
1057 3479 1309 3546 vinctus,
1342 3483 1406 3535 ut
1431 3479 1521 3536 sui
1551 3481 1831 3551 misereri,
1863 3487 1921 3536 et
1947 3482 2068 3536 mi—

409 3564 666 3622 raculum
691 3564 876 3622 facere
893 3567 1252 3637 dignaretur.
1279 3567 1531 3636 Utroque
1555 3573 1742 3622 autem
1767 3569 2061 3637 exaudito,

407 3658 567 3724 patre
588 3653 814 3708 scilicet
840 3653 899 3708 in
925 3653 1196 3722 spelunca
1225 3653 1454 3724 montis,
1483 3658 1538 3708 et
1570 3653 1692 3708 ﬁlio
1734 3655 1792 3708 in
1815 3655 2070 3724 captivi—

296 3780 305 3789 .
407 3745 542 3812 tate,
591 3754 720 3796 ecce
761 3740 956 3796 subito
1011 3747 1223 3810 martyr
1257 3741 1414 3796 Plato
1462 3746 1657 3796 noster
1705 3747 1856 3796 astat
1897 3757 2072 3813 super

407 3841 621 3898 equum
676 3841 979 3898 apparens,
1025 3827 1373 3898 trahensque
1414 3828 1661 3884 alterum
1700 3843 1910 3900 equum
1961 3847 2072 3902 op-

409 3920 717 3984 portunum
738 3911 1071 3988 [vacuum],
1087 3913 1489 3971 manifestatur
1511 3930 1684 3986 puero
1701 3917 1991 3989 vigilanti,
2011 3913 2070 3976 et

403 4001 558 4056 hunc
597 4003 929 4073 agnoscenti
967 4015 1034 4057 ex
1091 4016 1176 4073 eo,
1225 4003 1375 4073 quod
1423 4017 1570 4074 saepe
1615 4005 1836 4061 videret
1878 4009 2062 4064 sancti

402 4089 786 4145 characterem
821 4090 879 4146 in
919 4091 1299 4163 imaginibus:
1327 4097 1383 4146 et
1423 4093 1619 4148 statim
1647 4093 1812 4163 jubet
1839 4108 1967 4150 eum
1990 4099 2061 4150 de

404 4179 590 4233 medio
625 4183 962 4234 cunctorum
993 4194 1320 4252 exsurgere,
1347 4185 1403 4236 et
1431 4181 1692 4251 accipere
1729 4196 1960 4253 equum,
2004 4189 2060 4239 et

405 4265 672 4322 insidere.
698 4268 766 4322 Et
781 4265 1079 4323 confestim
1106 4283 1257 4324 more
1277 4283 1496 4324 araneae
1516 4270 1746 4325 vincula
1767 4271 2057 4328 dissoluta

2180 3165 2441 3235 Ejusdem
2492 3168 2670 3222 sancti
2708 3169 2888 3222 Patris
2928 3169 3048 3224 Nili
3086 3167 3161 3222 ad
3199 3167 3644 3237 Olympiodorum
3687 3184 3840 3238 prm-

2895 3258 3114 3325 fectum.

2251 3379 2472 3436 Scribis
2489 3381 2656 3452 mihi,
2677 3381 2726 3436 si
2751 3385 2938 3452 putas,
2960 3381 3230 3438 decorum
3247 3381 3326 3438 sit
3345 3381 3454 3438 tibi
3473 3384 3841 3438 exstructum

2181 3469 2458 3538 templum
2522 3471 2833 3525 maximum
2891 3471 2960 3526 ad
3010 3469 3281 3526 h‘onorem
3327 3475 3439 3526 tam
3504 3475 3838 3526 sanctorum

2183 3564 2516 3629 martyrum,
2550 3573 2718 3630 quam
2758 3559 2999 3630 Christi,
3035 3575 3202 3632 quem
3234 3561 3345 3632 ipsi
3380 3575 3479 3632 per
3523 3561 3843 3616 certamina

2181 3651 2238 3701 et
2263 3647 2492 3704 dolores
2521 3660 2586 3702 ac
2616 3649 2854 3704 sudores
2899 3649 3188 3705 testiﬁcati
3238 3655 3394 3721 sunt,
3434 3649 3520 3704 vel
3555 3649 3844 3721 imagines

2179 3735 2351 3791 etiam
2371 3749 2577 3805 ponere
2598 3736 2658 3792 in
2684 3737 2958 3807 sacrario,
2987 3742 3045 3793 et
3071 3737 3251 3794 variis
3270 3737 3610 3794 animalium
3633 3737 3843 3794 bestiis

2183 3820 2651 3899 [venationibus]
2685 3825 2930 3895 parietes
2960 3825 3194 3896 implere
3218 3839 3252 3882 a
3275 3825 3496 3882 dextris
3523 3830 3582 3881 et
3612 3839 3649 3881 a
3687 3826 3846 3884 sini—

2181 3913 2350 3968 stris:
2387 3912 2466 3968 ita
2487 3917 2554 3968 ut
2575 3914 2879 3970 videantur
2909 3915 2970 3970 in
2999 3919 3151 3970 terra
3176 3914 3408 3985 quidem
3429 3919 3667 3970 extensa
3702 3914 3841 3983 lina,

2175 4006 2232 4057 et
2281 4001 2518 4073 lepores,
2571 4006 2628 4058 et
2665 4016 2869 4072 caprae,
2919 4008 2977 4058 et
3021 4009 3222 4058 caetera
3269 4002 3542 4058 animalia
3597 4001 3838 4075 fugere:

2176 4103 2342 4158 porro
2393 4089 2480 4146 illi
2512 4103 2712 4159 capere
2750 4089 3084 4147 festinantes
3124 4105 3254 4146 cum
3302 4089 3526 4146 catellis
3565 4090 3844 4147 alacriter

2175 4177 2439 4249 insequi:
2477 4179 2536 4234 in
2569 4179 2710 4234 mari
2755 4193 2886 4236 vero
2926 4179 3106 4236 laxari
3140 4180 3303 4249 retia,
3336 4185 3392 4236 et
3435 4193 3600 4237 omne
3655 4194 3841 4252 genus

2173 4265 2419 4335 piscium
2437 4268 2585 4339 capi,
2609 4273 2666 4324 et
2684 4269 2752 4324 ad
2771 4269 2992 4325 aridam
3011 4269 3343 4339 piscatoriis
3363 4268 3631 4324 manibus
3648 4267 3796 4325 ferri
3821 4286 3836 4322 :

403 4360 565 4424 sunt;
597 4359 654 4410 et
681 4355 840 4411 solus
861 4355 982 4427 ipse
1008 4356 1289 4413 liberatus
1317 4372 1415 4426 per
1437 4359 1879 4428 invocationem,
1910 4365 2056 4417 nutu
2087 4337 2144 4398 D
2173 4354 2408 4424 insuper
2435 4337 2704 4428 etigypso
2735 4357 2871 4428 ﬁngi
2916 4337 3112 4414 omnes
3140 4358 3468 4428 species,'et
3497 4357 3731 4412 ostendi
3762 4356 3830 4412 ad

401 4442 501 4498 Dei
532 4458 791 4515 surgens,
827 4445 1040 4500 insedit
1076 4459 1242 4516 equo,
1279 4452 1334 4500 et
1372 4446 1638 4516 sequitur
1665 4447 1963 4503 ducentem
1999 4463 2060 4506 se

401 4537 659 4589 sanctum
701 4539 1000 4604 martyrem
1043 4539 1312 4590 constans
1349 4540 1404 4590 ct
1464 4535 1734 4606 gaudens.
1775 4536 2060 4606 Compen—

400 4621 562 4677 diose
585 4627 774 4678 autem
795 4627 850 4678 et
868 4627 1034 4678 acute
1063 4618 1396 4696 [celeriter]
1425 4622 1611 4692 ambo,
1648 4629 1880 4680 sanctus
1901 4625 2060 4681 scili-

401 4714 489 4764 cet
538 4710 717 4774 Plato,
768 4714 826 4766 et
874 4711 1130 4766 novitius
1191 4711 1523 4776 monachus,
1576 4713 2054 4782 quemadmodum

403 4799 631 4868 pennati
685 4799 1025 4868 perveniunt
1065 4799 1136 4854 ad
1197 4799 1589 4856 habitaculum
1640 4802 1795 4857 senis
1835 4803 2056 4858 orantis

400 4891 571 4956 atque
589 4886 866 4959 lugentis:
893 4891 950 4942 et
965 4888 1276 4944 restituens
1293 4888 1513 4944 salvum
1537 4889 2054 4946 victoriosissimus

401 4980 615 5046 martyr
635 4975 803 5030 corde
827 4975 1046 5033 dolenti
1075 4977 1222 5046 patri
1245 4976 1688 5033 desiderabilem
1722 4979 1926 5049 ﬁlium,
1954 4979 2055 5034 di-

399 5068 606 5134 sparet.
657 5065 852 5134 Itaque
877 5065 936 5119 in
963 5065 1119 5120 omni
1146 5065 1270 5120 loco
1299 5065 1390 5120 his
1413 5065 1514 5136 qui
1546 5080 1643 5134 per
1666 5079 1762 5121 eos
1788 5067 2055 5122 invocant

397 5153 596 5220 Deum,
661 5166 856 5208 omnes
904 5166 994 5208 res
1055 5153 1346 5209 mirandas
1387 5159 1445 5208 et
1487 5153 1768 5226 gloriosas
1821 5155 2050 5210 Domini

397 5242 614 5297 Christi
649 5241 1044 5297 memorabiles
1068 5247 1124 5297 et
1168 5241 1369 5313 inclyti
1397 5243 1626 5298 athleta:
1656 5243 1921 5313 perﬁcere
1947 5257 2056 5299 va—

401 5329 536 5386 lent.
563 5332 740 5387 Porro
762 5330 878 5384 hmc
904 5329 1011 5384 tibi
1036 5330 1266 5402 scripsi,
1298 5336 1361 5386 ut
1383 5332 1570 5387 amico
1598 5338 1907 5402 martyrum
1938 5333 2058 5388 exi-

400 5419 594 5490 stenti,
622 5423 678 5472 et
714 5431 1005 5488 nunquam
1055 5418 1369 5489 aliquando
1401 5420 1722 5476 satietatem
1768 5423 2054 5477 memoria:

400 5506 692 5564 beatorum
734 5513 1045 5578 martyrum
1067 5508 1394 5578 accipienti.

2167 4443 2521 4502 desiderium
2554 4446 2852 4502 oculorum
2889 4447 2949 4502 in
2973 4445 3143 4502 domo
3177 4446 3276 4501 Dei
3303 4465 3316 4500 :
3353 4446 3447 4501 sed
3479 4450 3536 4501 et
3567 4444 3628 4499 in
3666 4459 3840 4502 com-

2171 4533 2329 4588 muni
2360 4533 2529 4590 domo
2563 4535 2720 4590 mille
2738 4549 2938 4591 cruces
2967 4534 3153 4607 inﬁgi,
3175 4539 3232 4590 et
3254 4535 3510 4604 picturas
3529 4533 3836 4591 volucrum

2166 4637 2232 4678 ac
2257 4623 2670 4692 jumentorum,
2694 4629 2751 4678 et
2772 4624 3110 4693 repentium,
3135 4638 3200 4679 ac
3227 4623 3586 4680 diversorum
3617 4623 3833 4694 germi-

2170 4726 2304 4767 num
2339 4711 2481 4768 ﬁeri.
2545 4713 2659 4783 Ego
2710 4712 2778 4766 ad
2824 4725 2888 4767 ea
2929 4726 3054 4782 quae
3095 4712 3321 4782 scripta
3341 4694 3832 4778 suntfdixerim;

2166 4801 2302 4872 quia
2335 4801 2610 4856 nimirum
2647 4799 2956 4856 infantium
2991 4805 3096 4871 est,
3129 4805 3186 4856 et
3225 4800 3494 4870 parvulos
3512 4800 3678 4855 decet
3710 4799 3830 4870 his,

2165 4905 2289 4960 qua:
2313 4889 2584 4959 prtedicta
2613 4894 2766 4960 sunt,
2788 4889 3056 4946 seducere
3079 4889 3332 4944 ﬁdelium
3363 4888 3596 4944 oculum
3621 4905 3632 4941 :
3673 4887 3832 4942 ﬁrmi

2163 4991 2292 5033 vero
2306 4985 2362 5032 et
2375 4978 2567 5033 virilis
2581 4992 2784 5034 sensus
2803 4979 3098 5048 proprium
3115 4983 3219 5047 est,
3243 4977 3302 5032 in
3319 4976 3573 5033 sacrario
3589 4976 3834 5047 quidem

2163 5067 2231 5122 ad
2255 5067 2530 5122 orientem
2555 5067 2741 5122 divini
2765 5066 2962 5135 templi
2987 5079 3155 5122 unam
3185 5071 3242 5122 et
3262 5066 3440 5122 solam
3462 5079 3690 5122 crucem
3718 5063 3838 5120 for-

2165 5168 2334 5210 mare.
2368 5157 2470 5209 Per
2501 5167 2670 5210 unam
2701 5155 2853 5210 enim
2883 5161 2938 5209 et
2979 5155 3288 5212 salutarem
3318 5168 3544 5210 crucem
3567 5153 3834 5210 salvatur

2167 5243 2499 5313 hujusmodi
2533 5257 2734 5315 genus.
2761 5247 2817 5298 et
2844 5243 3163 5314 desperatis
3183 5243 3414 5314 quidem
3447 5255 3576 5312 spes
3605 5241 3834 5312 ubique

2167 5335 2540 5402 praedicatur:
2578 5331 2843 5388 historiis
2871 5338 3058 5388 autem
3099 5331 3317 5387 Veteris
3359 5337 3417 5386 et
3445 5331 3584 5386 Novi
3619 5331 3835 5384 Testa-

2165 5419 2338 5476 menti
2367 5421 2581 5490 replere
2604 5421 2737 5476 hinc
2757 5427 2813 5477 et
2845 5421 2976 5476 inde
2997 5433 3167 5476 manu
3192 5419 3396 5489 optimi
3421 5418 3660 5490 pictoris
3684 5421 3838 5472 tem-

2168 5510 2324 5580 plum
2354 5515 2700 5582 sanctorum,
2725 5516 3006 5580 quatenus
3031 5509 3131 5580 qui
3165 5509 3431 5565 nesciunt
3459 5507 3704 5576 litteras,
3731 5519 3834 5562 ne-
