  <div class='ocr_page' id='page_1' title='image "/cluster/home/n/w/nwhite01/storage/ocr_20150623/129/hvd.32044054759907/150.png"; bbox 0 0 4012 6162; ppageno 0'>
   <div class='ocr_carea' id='block_1_1' title="bbox 189 268 279 325">
    <p class='ocr_par' dir='ltr' id='par_1_1' title="bbox 189 268 279 325">
     <span class='ocr_line' id='line_1_1' title="bbox 189 268 279 325; baseline -0.011 0"><span class='ocrx_word' id='word_1_1' title='bbox 189 268 279 325; x_wconf 68' lang='grc'><strong>289</strong></span> 
     </span>
    </p>
   </div>
   <div class='ocr_carea' id='block_1_2' title="bbox 954 270 2827 336">
    <p class='ocr_par' dir='ltr' id='par_1_2' title="bbox 954 270 2827 336">
     <span class='ocr_line' id='line_1_2' title="bbox 954 270 2827 336; baseline 0.006 -11"><span class='ocrx_word' id='word_1_2' title='bbox 954 270 1499 327; x_wconf 79' lang='lat' dir='ltr'><strong>INTERPRBTATIO</strong></span> <span class='ocrx_word' id='word_1_3' title='bbox 1534 272 1782 327; x_wconf 86' lang='lat' dir='ltr'><strong>SYNODI</strong></span> <span class='ocrx_word' id='word_1_4' title='bbox 1820 270 1914 326; x_wconf 84' lang='lat' dir='ltr'><strong>VII</strong></span> <span class='ocrx_word' id='word_1_5' title='bbox 1947 271 2352 332; x_wconf 80' lang='lat' dir='ltr'><strong>GENERALIS.</strong></span> <span class='ocrx_word' id='word_1_6' title='bbox 2375 308 2448 318; x_wconf 92' lang='lat'><strong>—</strong></span> <span class='ocrx_word' id='word_1_7' title='bbox 2483 280 2684 336; x_wconf 82' lang='lat' dir='ltr'><strong>ACTIO</strong></span> <span class='ocrx_word' id='word_1_8' title='bbox 2740 284 2827 336; x_wconf 81' lang='grc' dir='ltr'><strong>ιν.</strong></span> 
     </span>
    </p>
   </div>
   <div class='ocr_carea' id='block_1_3' title="bbox 3491 285 3599 345">
    <p class='ocr_par' dir='ltr' id='par_1_3' title="bbox 3491 285 3599 345">
     <span class='ocr_line' id='line_1_3' title="bbox 3491 285 3599 345; baseline 0 0"><span class='ocrx_word' id='word_1_9' title='bbox 3491 285 3599 345; x_wconf 76' lang='grc'><strong>290</strong></span> 
     </span>
    </p>
   </div>
   <div class='ocr_carea' id='block_1_4' title="bbox 190 390 3597 475">
    <p class='ocr_par' dir='ltr' id='par_1_4' title="bbox 190 390 3597 475">
     <span class='ocr_line' id='line_1_4' title="bbox 190 390 3597 475; baseline 0.008 -27"><span class='ocrx_word' id='word_1_10' title='bbox 190 407 280 463; x_wconf 89' lang='lat' dir='ltr'><strong>que</strong></span> <span class='ocrx_word' id='word_1_11' title='bbox 314 396 561 462; x_wconf 87' lang='lat' dir='ltr'><strong>possunt</strong></span> <span class='ocrx_word' id='word_1_12' title='bbox 592 392 780 464; x_wconf 82' lang='lat' dir='ltr'><strong>legere</strong></span> <span class='ocrx_word' id='word_1_13' title='bbox 807 393 1037 450; x_wconf 81' lang='lat' dir='ltr'><strong>divinas</strong></span> <span class='ocrx_word' id='word_1_14' title='bbox 1063 394 1409 465; x_wconf 88' lang='lat' dir='ltr'><strong>Seripturas,</strong></span> <span class='ocrx_word' id='word_1_15' title='bbox 1454 393 1831 463; x_wconf 84' lang='lat' dir='ltr'><strong>comtempla—</strong></span> <span class='ocrx_word' id='word_1_16' title='bbox 1854 390 1914 449; x_wconf 89' lang='lat' dir='ltr'><strong>A</strong></span> <span class='ocrx_word' id='word_1_17' title='bbox 1947 403 2129 453; x_wconf 92' lang='lat' dir='ltr'><strong>ratum</strong></span> <span class='ocrx_word' id='word_1_18' title='bbox 2171 405 2255 456; x_wconf 92' lang='lat' dir='ltr'><strong>est</strong></span> <span class='ocrx_word' id='word_1_19' title='bbox 2302 403 2586 474; x_wconf 81' lang='lat' dir='ltr'><strong>insipiens</strong></span> <span class='ocrx_word' id='word_1_20' title='bbox 2623 422 2722 462; x_wconf 92' lang='lat' dir='ltr'><strong>cor</strong></span> <span class='ocrx_word' id='word_1_21' title='bbox 2765 415 3057 466; x_wconf 91' lang='lat' dir='ltr'><strong>nostrum:</strong></span> <span class='ocrx_word' id='word_1_22' title='bbox 3092 417 3149 467; x_wconf 90' lang='lat' dir='ltr'><strong>et</strong></span> <span class='ocrx_word' id='word_1_23' title='bbox 3189 415 3446 472; x_wconf 78' lang='lat' dir='ltr'><strong>dicentes</strong></span> <span class='ocrx_word' id='word_1_24' title='bbox 3492 432 3597 475; x_wconf 92' lang='lat' dir='ltr'><strong>nos</strong></span> 
     </span>
    </p>
   </div>
   <div class='ocr_carea' id='block_1_5' title="bbox 189 481 1830 567">
    <p class='ocr_par' dir='ltr' id='par_1_5' title="bbox 189 481 1830 567">
     <span class='ocr_line' id='line_1_5' title="bbox 189 481 1830 567; baseline 0 -30"><span class='ocrx_word' id='word_1_25' title='bbox 189 482 320 537; x_wconf 82' lang='lat' dir='ltr'><strong>tione</strong></span> <span class='ocrx_word' id='word_1_26' title='bbox 352 481 597 550; x_wconf 69' lang='lat' dir='ltr'><strong>pictura:</strong></span> <span class='ocrx_word' id='word_1_27' title='bbox 632 482 961 537; x_wconf 84' lang='lat' dir='ltr'><strong>memoriam</strong></span> <span class='ocrx_word' id='word_1_28' title='bbox 993 489 1229 539; x_wconf 88' lang='lat' dir='ltr'><strong>sumunt</strong></span> <span class='ocrx_word' id='word_1_29' title='bbox 1259 483 1430 540; x_wconf 82' lang='lat' dir='ltr'><strong>fortis</strong></span> <span class='ocrx_word' id='word_1_30' title='bbox 1460 483 1593 538; x_wconf 89' lang='lat' dir='ltr'><strong>facti</strong></span> <span class='ocrx_word' id='word_1_31' title='bbox 1633 496 1830 567; x_wconf 76' lang='lat' dir='ltr'><strong>eorum</strong></span> 
     </span>
    </p>
   </div>
   <div class='ocr_carea' id='block_1_6' title="bbox 187 569 1829 639">
    <p class='ocr_par' dir='ltr' id='par_1_6' title="bbox 187 569 1829 639">
     <span class='ocr_line' id='line_1_6' title="bbox 187 569 1829 639; baseline 0.002 -17"><span class='ocrx_word' id='word_1_32' title='bbox 187 569 268 639; x_wconf 88' lang='lat' dir='ltr'><strong>qui</strong></span> <span class='ocrx_word' id='word_1_33' title='bbox 294 583 425 624; x_wconf 83' lang='lat' dir='ltr'><strong>vero</strong></span> <span class='ocrx_word' id='word_1_34' title='bbox 458 571 573 624; x_wconf 91' lang='lat' dir='ltr'><strong>Deo</strong></span> <span class='ocrx_word' id='word_1_35' title='bbox 607 570 839 639; x_wconf 75' lang='lat' dir='ltr'><strong>proprie</strong></span> <span class='ocrx_word' id='word_1_36' title='bbox 862 571 1204 639; x_wconf 87' lang='lat' dir='ltr'><strong>servierunt,</strong></span> <span class='ocrx_word' id='word_1_37' title='bbox 1237 577 1293 626; x_wconf 91' lang='lat' dir='ltr'><strong>et</strong></span> <span class='ocrx_word' id='word_1_38' title='bbox 1312 572 1380 626; x_wconf 91' lang='lat' dir='ltr'><strong>ad</strong></span> <span class='ocrx_word' id='word_1_39' title='bbox 1408 571 1829 627; x_wconf 67' lang='lat' dir='ltr'><strong>aemulationem</strong></span> 
     </span>
    </p>
   </div>
   <div class='ocr_carea' id='block_1_7' title="bbox 186 657 1826 728">
    <p class='ocr_par' dir='ltr' id='par_1_7' title="bbox 186 657 1826 728">
     <span class='ocr_line' id='line_1_7' title="bbox 186 657 1826 728; baseline 0.001 -17"><span class='ocrx_word' id='word_1_40' title='bbox 186 657 465 727; x_wconf 72' lang='lat' dir='ltr'><strong>erigantur</strong></span> <span class='ocrx_word' id='word_1_41' title='bbox 490 658 877 728; x_wconf 82' lang='lat' dir='ltr'><strong>gloriosaer</strong></span> <span class='ocrx_word' id='word_1_42' title='bbox 911 666 967 714; x_wconf 92' lang='lat' dir='ltr'><strong>et</strong></span> <span class='ocrx_word' id='word_1_43' title='bbox 1013 660 1472 715; x_wconf 88' lang='lat' dir='ltr'><strong>memorabilium</strong></span> <span class='ocrx_word' id='word_1_44' title='bbox 1510 660 1826 728; x_wconf 80' lang='lat' dir='ltr'><strong>actionum,</strong></span> 
     </span>
    </p>
   </div>
   <div class='ocr_carea' id='block_1_8' title="bbox 187 747 1829 818">
    <p class='ocr_par' dir='ltr' id='par_1_8' title="bbox 187 747 1829 818">
     <span class='ocr_line' id='line_1_8' title="bbox 187 747 1829 818; baseline 0.001 -17"><span class='ocrx_word' id='word_1_45' title='bbox 187 760 268 816; x_wconf 90' lang='lat' dir='ltr'><strong>pro</strong></span> <span class='ocrx_word' id='word_1_46' title='bbox 293 760 360 802; x_wconf 91' lang='lat' dir='ltr'><strong>eo</strong></span> <span class='ocrx_word' id='word_1_47' title='bbox 392 747 549 816; x_wconf 88' lang='lat' dir='ltr'><strong>quod</strong></span> <span class='ocrx_word' id='word_1_48' title='bbox 588 752 799 803; x_wconf 88' lang='lat' dir='ltr'><strong>terram</strong></span> <span class='ocrx_word' id='word_1_49' title='bbox 833 762 933 817; x_wconf 86' lang='lat' dir='ltr'><strong>pro</strong></span> <span class='ocrx_word' id='word_1_50' title='bbox 970 748 1115 804; x_wconf 55' lang='lat' dir='ltr'><strong>caele</strong></span> <span class='ocrx_word' id='word_1_51' title='bbox 1161 748 1659 818; x_wconf 87' lang='lat' dir='ltr'><strong>commutaverint,</strong></span> <span class='ocrx_word' id='word_1_52' title='bbox 1706 763 1829 818; x_wconf 69' lang='lat' dir='ltr'><strong>qua:</strong></span> 
     </span>
    </p>
   </div>
   <div class='ocr_carea' id='block_1_9' title="bbox 186 835 1830 906">
    <p class='ocr_par' dir='ltr' id='par_1_9' title="bbox 186 835 1830 906">
     <span class='ocr_line' id='line_1_9' title="bbox 186 835 1830 906; baseline 0 -15"><span class='ocrx_word' id='word_1_53' title='bbox 186 849 277 891; x_wconf 89' lang='lat' dir='ltr'><strong>non</strong></span> <span class='ocrx_word' id='word_1_54' title='bbox 321 835 598 890; x_wconf 84' lang='lat' dir='ltr'><strong>videntur</strong></span> <span class='ocrx_word' id='word_1_55' title='bbox 657 836 995 892; x_wconf 90' lang='lat' dir='ltr'><strong>visibilibus</strong></span> <span class='ocrx_word' id='word_1_56' title='bbox 1054 843 1463 906; x_wconf 66' lang='lat' dir='ltr'><strong>praeponentes.</strong></span> <span class='ocrx_word' id='word_1_57' title='bbox 1530 838 1703 892; x_wconf 91' lang='lat' dir='ltr'><strong>Porro</strong></span> <span class='ocrx_word' id='word_1_58' title='bbox 1769 836 1830 891; x_wconf 89' lang='lat' dir='ltr'><strong>in</strong></span> 
     </span>
    </p>
   </div>
   <div class='ocr_carea' id='block_1_10' title="bbox 184 924 1834 981">
    <p class='ocr_par' dir='ltr' id='par_1_10' title="bbox 184 924 1834 981">
     <span class='ocr_line' id='line_1_10' title="bbox 184 924 1834 981; baseline 0 -2"><span class='ocrx_word' id='word_1_59' title='bbox 184 924 452 979; x_wconf 86' lang='lat' dir='ltr'><strong>communi</strong></span> <span class='ocrx_word' id='word_1_60' title='bbox 480 924 655 980; x_wconf 90' lang='lat' dir='ltr'><strong>domo</strong></span> <span class='ocrx_word' id='word_1_61' title='bbox 688 925 890 979; x_wconf 88' lang='lat' dir='ltr'><strong>multis</strong></span> <span class='ocrx_word' id='word_1_62' title='bbox 917 939 981 980; x_wconf 89' lang='lat' dir='ltr'><strong>ac</strong></span> <span class='ocrx_word' id='word_1_63' title='bbox 1011 925 1262 980; x_wconf 86' lang='lat' dir='ltr'><strong>diversis</strong></span> <span class='ocrx_word' id='word_1_64' title='bbox 1292 925 1664 981; x_wconf 90' lang='lat' dir='ltr'><strong>domunculis</strong></span> <span class='ocrx_word' id='word_1_65' title='bbox 1694 924 1834 980; x_wconf 90' lang='lat' dir='ltr'><strong>insi-</strong></span> 
     </span>
    </p>
   </div>
   <div class='ocr_carea' id='block_1_11' title="bbox 184 1011 1835 1083">
    <p class='ocr_par' dir='ltr' id='par_1_11' title="bbox 184 1011 1835 1083">
     <span class='ocr_line' id='line_1_11' title="bbox 184 1011 1835 1083; baseline 0.001 -17"><span class='ocrx_word' id='word_1_66' title='bbox 184 1013 339 1081; x_wconf 76' lang='lat' dir='ltr'><strong>gnita,</strong></span> <span class='ocrx_word' id='word_1_67' title='bbox 371 1011 638 1067; x_wconf 88' lang='lat' dir='ltr'><strong>sufﬁcere</strong></span> <span class='ocrx_word' id='word_1_68' title='bbox 661 1013 981 1083; x_wconf 89' lang='lat' dir='ltr'><strong>unicuique</strong></span> <span class='ocrx_word' id='word_1_69' title='bbox 1009 1013 1425 1069; x_wconf 72' lang='lat' dir='ltr'><strong>mansiunculze</strong></span> <span class='ocrx_word' id='word_1_70' title='bbox 1456 1013 1688 1068; x_wconf 83' lang='lat' dir='ltr'><strong>inﬁxam</strong></span> <span class='ocrx_word' id='word_1_71' title='bbox 1714 1026 1835 1082; x_wconf 71' lang='grc' dir='ltr'><strong>ιπε-</strong></span> 
     </span>
    </p>
   </div>
   <div class='ocr_carea' id='block_1_12' title="bbox 189 1101 1829 1171">
    <p class='ocr_par' dir='ltr' id='par_1_12' title="bbox 189 1101 1829 1171">
     <span class='ocr_line' id='line_1_12' title="bbox 189 1101 1829 1171; baseline 0.001 -16"><span class='ocrx_word' id='word_1_72' title='bbox 189 1101 373 1155; x_wconf 86' lang='lat' dir='ltr'><strong>tiosam</strong></span> <span class='ocrx_word' id='word_1_73' title='bbox 434 1115 689 1170; x_wconf 89' lang='lat' dir='ltr'><strong>crucem,</strong></span> <span class='ocrx_word' id='word_1_74' title='bbox 746 1107 802 1157; x_wconf 92' lang='lat' dir='ltr'><strong>et</strong></span> <span class='ocrx_word' id='word_1_75' title='bbox 848 1103 1136 1171; x_wconf 88' lang='lat' dir='ltr'><strong>superﬂua</strong></span> <span class='ocrx_word' id='word_1_76' title='bbox 1178 1102 1398 1157; x_wconf 88' lang='lat' dir='ltr'><strong>dimitti</strong></span> <span class='ocrx_word' id='word_1_77' title='bbox 1446 1101 1829 1157; x_wconf 89' lang='lat' dir='ltr'><strong>necessarium</strong></span> 
     </span>
    </p>
   </div>
   <div class='ocr_carea' id='block_1_13' title="bbox 182 1189 1832 1260">
    <p class='ocr_par' dir='ltr' id='par_1_13' title="bbox 182 1189 1832 1260">
     <span class='ocr_line' id='line_1_13' title="bbox 182 1189 1832 1260; baseline 0.001 -17"><span class='ocrx_word' id='word_1_78' title='bbox 182 1190 401 1245; x_wconf 78' lang='lat' dir='ltr'><strong>:estimo.</strong></span> <span class='ocrx_word' id='word_1_79' title='bbox 431 1190 521 1244; x_wconf 86' lang='lat' dir='ltr'><strong>Sit</strong></span> <span class='ocrx_word' id='word_1_80' title='bbox 559 1196 752 1245; x_wconf 89' lang='lat' dir='ltr'><strong>autem</strong></span> <span class='ocrx_word' id='word_1_81' title='bbox 777 1195 1040 1246; x_wconf 87' lang='lat' dir='ltr'><strong>contenta</strong></span> <span class='ocrx_word' id='word_1_82' title='bbox 1073 1190 1319 1259; x_wconf 83' lang='lat' dir='ltr'><strong>prolixis</strong></span> <span class='ocrx_word' id='word_1_83' title='bbox 1343 1189 1741 1260; x_wconf 85' lang='lat' dir='ltr'><strong>orationibus;</strong></span> <span class='ocrx_word' id='word_1_84' title='bbox 1775 1193 1832 1245; x_wconf 92' lang='lat' dir='ltr'><strong>et</strong></span> 
     </span>
    </p>
   </div>
   <div class='ocr_carea' id='block_1_14' title="bbox 186 1277 1831 1350">
    <p class='ocr_par' dir='ltr' id='par_1_14' title="bbox 186 1277 1831 1350">
     <span class='ocr_line' id='line_1_14' title="bbox 186 1277 1831 1350; baseline 0.001 -18"><span class='ocrx_word' id='word_1_85' title='bbox 186 1277 548 1333; x_wconf 87' lang='lat' dir='ltr'><strong>indubitabili</strong></span> <span class='ocrx_word' id='word_1_86' title='bbox 592 1278 703 1334; x_wconf 88' lang='lat' dir='ltr'><strong>ﬁde</strong></span> <span class='ocrx_word' id='word_1_87' title='bbox 732 1292 797 1333; x_wconf 88' lang='lat' dir='ltr'><strong>ac</strong></span> <span class='ocrx_word' id='word_1_88' title='bbox 818 1278 1212 1350; x_wconf 87' lang='lat' dir='ltr'><strong>eleemosynis,</strong></span> <span class='ocrx_word' id='word_1_89' title='bbox 1245 1278 1755 1335; x_wconf 88' lang='lat' dir='ltr'><strong>humiliationibus</strong></span> <span class='ocrx_word' id='word_1_90' title='bbox 1774 1284 1831 1333; x_wconf 92' lang='lat' dir='ltr'><strong>et</strong></span> 
     </span>
    </p>
   </div>
   <div class='ocr_carea' id='block_1_15' title="bbox 182 1366 1830 1436">
    <p class='ocr_par' dir='ltr' id='par_1_15' title="bbox 182 1366 1830 1436">
     <span class='ocr_line' id='line_1_15' title="bbox 182 1366 1830 1436; baseline 0.001 -17"><span class='ocrx_word' id='word_1_91' title='bbox 182 1380 265 1435; x_wconf 89' lang='lat' dir='ltr'><strong>spe</strong></span> <span class='ocrx_word' id='word_1_92' title='bbox 284 1366 349 1419; x_wconf 89' lang='lat' dir='ltr'><strong>ad</strong></span> <span class='ocrx_word' id='word_1_93' title='bbox 382 1367 565 1421; x_wconf 90' lang='lat' dir='ltr'><strong>Deum</strong></span> <span class='ocrx_word' id='word_1_94' title='bbox 599 1366 857 1436; x_wconf 81' lang='lat' dir='ltr'><strong>perenni,</strong></span> <span class='ocrx_word' id='word_1_95' title='bbox 889 1371 946 1421; x_wconf 91' lang='lat' dir='ltr'><strong>et</strong></span> <span class='ocrx_word' id='word_1_96' title='bbox 967 1366 1301 1423; x_wconf 89' lang='lat' dir='ltr'><strong>divinorum</strong></span> <span class='ocrx_word' id='word_1_97' title='bbox 1330 1367 1629 1423; x_wconf 86' lang='lat' dir='ltr'><strong>verborum</strong></span> <span class='ocrx_word' id='word_1_98' title='bbox 1657 1367 1830 1422; x_wconf 91' lang='lat' dir='ltr'><strong>medi-</strong></span> 
     </span>
    </p>
   </div>
   <div class='ocr_carea' id='block_1_16' title="bbox 182 1454 1831 1524">
    <p class='ocr_par' dir='ltr' id='par_1_16' title="bbox 182 1454 1831 1524">
     <span class='ocr_line' id='line_1_16' title="bbox 182 1454 1831 1524; baseline 0 -15"><span class='ocrx_word' id='word_1_99' title='bbox 182 1454 506 1523; x_wconf 86' lang='lat' dir='ltr'><strong>tationibus,</strong></span> <span class='ocrx_word' id='word_1_100' title='bbox 540 1460 597 1510; x_wconf 92' lang='lat' dir='ltr'><strong>et</strong></span> <span class='ocrx_word' id='word_1_101' title='bbox 626 1455 1020 1524; x_wconf 90' lang='lat' dir='ltr'><strong>compassione</strong></span> <span class='ocrx_word' id='word_1_102' title='bbox 1053 1455 1504 1523; x_wconf 90' lang='lat' dir='ltr'><strong>contribulibus,</strong></span> <span class='ocrx_word' id='word_1_103' title='bbox 1525 1461 1581 1511; x_wconf 90' lang='lat' dir='ltr'><strong>et</strong></span> <span class='ocrx_word' id='word_1_104' title='bbox 1617 1455 1831 1510; x_wconf 75' lang='lat' dir='ltr'><strong>huma-</strong></span> 
     </span>
    </p>
   </div>
   <div class='ocr_carea' id='block_1_17' title="bbox 183 1541 1829 1614">
    <p class='ocr_par' dir='ltr' id='par_1_17' title="bbox 183 1541 1829 1614">
     <span class='ocr_line' id='line_1_17' title="bbox 183 1541 1829 1614; baseline 0.001 -18"><span class='ocrx_word' id='word_1_105' title='bbox 183 1544 341 1597; x_wconf 79' lang='lat' dir='ltr'><strong>nitate</strong></span> <span class='ocrx_word' id='word_1_106' title='bbox 367 1541 610 1597; x_wconf 82' lang='lat' dir='ltr'><strong>famulis</strong></span> <span class='ocrx_word' id='word_1_107' title='bbox 639 1543 940 1610; x_wconf 87' lang='lat' dir='ltr'><strong>attributa,</strong></span> <span class='ocrx_word' id='word_1_108' title='bbox 973 1542 1357 1614; x_wconf 91' lang='lat' dir='ltr'><strong>omnibusque</strong></span> <span class='ocrx_word' id='word_1_109' title='bbox 1387 1544 1673 1599; x_wconf 80' lang='lat' dir='ltr'><strong>mandatis</strong></span> <span class='ocrx_word' id='word_1_110' title='bbox 1710 1545 1829 1597; x_wconf 92' lang='lat' dir='ltr'><strong>Do—</strong></span> 
     </span>
    </p>
   </div>
   <div class='ocr_carea' id='block_1_18' title="bbox 182 1631 1825 1703">
    <p class='ocr_par' dir='ltr' id='par_1_18' title="bbox 182 1631 1825 1703">
     <span class='ocr_line' id='line_1_18' title="bbox 182 1631 1825 1703; baseline 0 -18"><span class='ocrx_word' id='word_1_111' title='bbox 182 1631 307 1685; x_wconf 87' lang='lat' dir='ltr'><strong>mini</strong></span> <span class='ocrx_word' id='word_1_112' title='bbox 336 1631 526 1685; x_wconf 87' lang='lat' dir='ltr'><strong>nostri</strong></span> <span class='ocrx_word' id='word_1_113' title='bbox 557 1632 690 1687; x_wconf 87' lang='lat' dir='ltr'><strong>Jesu</strong></span> <span class='ocrx_word' id='word_1_114' title='bbox 719 1631 934 1687; x_wconf 89' lang='lat' dir='ltr'><strong>Christi</strong></span> <span class='ocrx_word' id='word_1_115' title='bbox 956 1632 1394 1687; x_wconf 84' lang='lat' dir='ltr'><strong>circumvallare</strong></span> <span class='ocrx_word' id='word_1_116' title='bbox 1424 1646 1504 1703; x_wconf 92' lang='lat' dir='ltr'><strong>se,</strong></span> <span class='ocrx_word' id='word_1_117' title='bbox 1530 1638 1587 1687; x_wconf 92' lang='lat' dir='ltr'><strong>et</strong></span> <span class='ocrx_word' id='word_1_118' title='bbox 1615 1632 1825 1701; x_wconf 92' lang='lat' dir='ltr'><strong>conju—</strong></span> 
     </span>
    </p>
   </div>
   <div class='ocr_carea' id='block_1_19' title="bbox 1941 490 3301 575">
    <p class='ocr_par' dir='ltr' id='par_1_19' title="bbox 1941 490 3301 575">
     <span class='ocr_line' id='line_1_19' title="bbox 1941 490 3301 575; baseline 0.012 -36"><span class='ocrx_word' id='word_1_119' title='bbox 1941 499 2063 540; x_wconf 89' lang='lat' dir='ltr'><strong>esse</strong></span> <span class='ocrx_word' id='word_1_120' title='bbox 2091 490 2398 563; x_wconf 86' lang='lat' dir='ltr'><strong>sapientes,</strong></span> <span class='ocrx_word' id='word_1_121' title='bbox 2434 496 2598 549; x_wconf 90' lang='lat' dir='ltr'><strong>stulti</strong></span> <span class='ocrx_word' id='word_1_122' title='bbox 2630 494 2764 551; x_wconf 90' lang='lat' dir='ltr'><strong>facti</strong></span> <span class='ocrx_word' id='word_1_123' title='bbox 2808 512 3010 555; x_wconf 87' lang='lat' dir='ltr'><strong>sumus</strong></span> <span class='ocrx_word' id='word_1_124' title='bbox 3045 498 3213 572; x_wconf 85' lang='lat' dir='ltr'><strong>(Rom.</strong></span> <span class='ocrx_word' id='word_1_125' title='bbox 3242 502 3301 575; x_wconf 82' lang='grc' dir='ltr'><strong>ι).</strong></span> 
     </span>
    </p>
   </div>
   <div class='ocr_carea' id='block_1_20' title="bbox 2010 575 3593 661">
    <p class='ocr_par' dir='ltr' id='par_1_20' title="bbox 2010 575 3593 661">
     <span class='ocr_line' id='line_1_20' title="bbox 2010 575 3593 661; baseline 0.013 -32"><span class='ocrx_word' id='word_1_126' title='bbox 2010 575 2340 634; x_wconf 89' lang='lat' dir='ltr'><strong>Theodorus</strong></span> <span class='ocrx_word' id='word_1_127' title='bbox 2399 583 2802 641; x_wconf 89' lang='lat' dir='ltr'><strong>sanctissimus</strong></span> <span class='ocrx_word' id='word_1_128' title='bbox 2875 588 3182 658; x_wconf 86' lang='lat' dir='ltr'><strong>episcopus</strong></span> <span class='ocrx_word' id='word_1_129' title='bbox 3249 594 3593 661; x_wconf 84' lang='lat' dir='ltr'><strong>Myrensium</strong></span> 
     </span>
    </p>
   </div>
   <div class='ocr_carea' id='block_1_21' title="bbox 1939 663 3625 749">
    <p class='ocr_par' dir='ltr' id='par_1_21' title="bbox 1939 663 3625 749">
     <span class='ocr_line' id='line_1_21' title="bbox 1939 663 3625 749; baseline 0.012 -32"><span class='ocrx_word' id='word_1_130' title='bbox 1939 663 2120 718; x_wconf 83' lang='lat' dir='ltr'><strong>dixit:</strong></span> <span class='ocrx_word' id='word_1_131' title='bbox 2156 668 2324 723; x_wconf 87' lang='lat' dir='ltr'><strong>Plane</strong></span> <span class='ocrx_word' id='word_1_132' title='bbox 2362 674 2419 724; x_wconf 92' lang='lat' dir='ltr'><strong>et</strong></span> <span class='ocrx_word' id='word_1_133' title='bbox 2466 685 2569 726; x_wconf 93' lang='lat' dir='ltr'><strong>nos</strong></span> <span class='ocrx_word' id='word_1_134' title='bbox 2610 672 2766 741; x_wconf 90' lang='lat' dir='ltr'><strong>ipsos</strong></span> <span class='ocrx_word' id='word_1_135' title='bbox 2797 674 2896 729; x_wconf 90' lang='lat' dir='ltr'><strong>illa</strong></span> <span class='ocrx_word' id='word_1_136' title='bbox 2930 676 3163 744; x_wconf 87' lang='lat' dir='ltr'><strong>pittacia</strong></span> <span class='ocrx_word' id='word_1_137' title='bbox 3199 680 3625 749; x_wconf 78' lang='lat' dir='ltr'><strong>perdiderunt,.</strong></span> 
     </span>
    </p>
   </div>
   <div class='ocr_carea' id='block_1_22' title="bbox 1944 758 3597 836">
    <p class='ocr_par' dir='ltr' id='par_1_22' title="bbox 1944 758 3597 836">
     <span class='ocr_line' id='line_1_22' title="bbox 1944 758 3597 836; baseline 0.01 -28"><span class='ocrx_word' id='word_1_138' title='bbox 1944 768 2070 823; x_wconf 70' lang='lat' dir='ltr'><strong>quae</strong></span> <span class='ocrx_word' id='word_1_139' title='bbox 2091 769 2191 810; x_wconf 91' lang='lat' dir='ltr'><strong>vos</strong></span> <span class='ocrx_word' id='word_1_140' title='bbox 2216 758 2507 813; x_wconf 87' lang='lat' dir='ltr'><strong>attulistis</strong></span> <span class='ocrx_word' id='word_1_141' title='bbox 2538 761 2706 815; x_wconf 85' lang='lat' dir='ltr'><strong>Novit</strong></span> <span class='ocrx_word' id='word_1_142' title='bbox 2725 763 2877 817; x_wconf 92' lang='lat' dir='ltr'><strong>enim</strong></span> <span class='ocrx_word' id='word_1_143' title='bbox 2936 766 3105 833; x_wconf 86' lang='lat' dir='ltr'><strong>Deus,</strong></span> <span class='ocrx_word' id='word_1_144' title='bbox 3136 766 3272 836; x_wconf 85' lang='lat' dir='ltr'><strong>quia</strong></span> <span class='ocrx_word' id='word_1_145' title='bbox 3302 767 3408 824; x_wconf 91' lang='lat' dir='ltr'><strong>hoc</strong></span> <span class='ocrx_word' id='word_1_146' title='bbox 3439 770 3597 825; x_wconf 90' lang='lat' dir='ltr'><strong>testi-</strong></span> 
     </span>
    </p>
   </div>
   <div class='ocr_carea' id='block_1_23' title="bbox 1942 842 3597 934">
    <p class='ocr_par' dir='ltr' id='par_1_23' title="bbox 1942 842 3597 934">
     <span class='ocr_line' id='line_1_23' title="bbox 1942 842 3597 934; baseline 0.011 -40"><span class='ocrx_word' id='word_1_147' title='bbox 1942 842 2195 934; x_wconf 83' lang='lat' dir='ltr'><strong>monium</strong></span> <span class='ocrx_word' id='word_1_148' title='bbox 2224 846 2405 900; x_wconf 90' lang='lat' dir='ltr'><strong>sancti</strong></span> <span class='ocrx_word' id='word_1_149' title='bbox 2439 847 2555 902; x_wconf 88' lang='lat' dir='ltr'><strong>Nili</strong></span> <span class='ocrx_word' id='word_1_150' title='bbox 2591 862 2702 904; x_wconf 93' lang='lat' dir='ltr'><strong>non</strong></span> <span class='ocrx_word' id='word_1_151' title='bbox 2736 851 3005 921; x_wconf 89' lang='lat' dir='ltr'><strong>positum,</strong></span> <span class='ocrx_word' id='word_1_152' title='bbox 3049 859 3111 909; x_wconf 91' lang='lat' dir='ltr'><strong>ut</strong></span> <span class='ocrx_word' id='word_1_153' title='bbox 3138 852 3323 910; x_wconf 87' lang='lat' dir='ltr'><strong>fuerat</strong></span> <span class='ocrx_word' id='word_1_154' title='bbox 3354 856 3597 934; x_wconf 68' lang='lat' dir='ltr'><strong>editum,</strong></span> 
     </span>
    </p>
   </div>
   <div class='ocr_carea' id='block_1_24' title="bbox 1941 928 3601 1009">
    <p class='ocr_par' dir='ltr' id='par_1_24' title="bbox 1941 928 3601 1009">
     <span class='ocr_line' id='line_1_24' title="bbox 1941 928 3601 1009; baseline 0.011 -26"><span class='ocrx_word' id='word_1_155' title='bbox 1941 928 2244 987; x_wconf 70' lang='lat' dir='ltr'><strong>obczecavit</strong></span> <span class='ocrx_word' id='word_1_156' title='bbox 2283 947 2402 1004; x_wconf 91' lang='lat' dir='ltr'><strong>nos,</strong></span> <span class='ocrx_word' id='word_1_157' title='bbox 2452 937 2738 1006; x_wconf 67' lang='lat' dir='ltr'><strong>praecipue</strong></span> <span class='ocrx_word' id='word_1_158' title='bbox 2764 940 2869 993; x_wconf 89' lang='lat' dir='ltr'><strong>mei</strong></span> <span class='ocrx_word' id='word_1_159' title='bbox 2881 954 3075 1009; x_wconf 91' lang='lat' dir='ltr'><strong>psum:</strong></span> <span class='ocrx_word' id='word_1_160' title='bbox 3112 943 3207 997; x_wconf 90' lang='lat' dir='ltr'><strong>sed</strong></span> <span class='ocrx_word' id='word_1_161' title='bbox 3254 957 3407 999; x_wconf 89' lang='lat' dir='ltr'><strong>nunc</strong></span> <span class='ocrx_word' id='word_1_162' title='bbox 3442 928 3601 1000; x_wconf 42' lang='lat' dir='ltr'><strong>inte;</strong></span> 
     </span>
    </p>
   </div>
   <div class='ocr_carea' id='block_1_25' title="bbox 1940 1019 3599 1101">
    <p class='ocr_par' dir='ltr' id='par_1_25' title="bbox 1940 1019 3599 1101">
     <span class='ocr_line' id='line_1_25' title="bbox 1940 1019 3599 1101; baseline 0.011 -30"><span class='ocrx_word' id='word_1_163' title='bbox 1940 1031 2105 1087; x_wconf 90' lang='lat' dir='ltr'><strong>grum</strong></span> <span class='ocrx_word' id='word_1_164' title='bbox 2157 1019 2366 1077; x_wconf 90' lang='lat' dir='ltr'><strong>lectum</strong></span> <span class='ocrx_word' id='word_1_165' title='bbox 2422 1025 2703 1080; x_wconf 88' lang='lat' dir='ltr'><strong>convertit</strong></span> <span class='ocrx_word' id='word_1_166' title='bbox 2744 1033 2800 1081; x_wconf 92' lang='lat' dir='ltr'><strong>et</strong></span> <span class='ocrx_word' id='word_1_167' title='bbox 2851 1029 3192 1101; x_wconf 89' lang='lat' dir='ltr'><strong>emendavit,</strong></span> <span class='ocrx_word' id='word_1_168' title='bbox 3238 1036 3295 1086; x_wconf 91' lang='lat' dir='ltr'><strong>et</strong></span> <span class='ocrx_word' id='word_1_169' title='bbox 3356 1032 3599 1089; x_wconf 90' lang='lat' dir='ltr'><strong>salvavit</strong></span> 
     </span>
    </p>
   </div>
   <div class='ocr_carea' id='block_1_26' title="bbox 1942 1117 2063 1160">
    <p class='ocr_par' dir='ltr' id='par_1_26' title="bbox 1942 1117 2063 1160">
     <span class='ocr_line' id='line_1_26' title="bbox 1942 1117 2063 1160; baseline 0 -1"><span class='ocrx_word' id='word_1_170' title='bbox 1942 1117 2063 1160; x_wconf 91' lang='lat' dir='ltr'><strong>nos.</strong></span> 
     </span>
    </p>
   </div>
   <div class='ocr_carea' id='block_1_27' title="bbox 2008 1194 3597 1275">
    <p class='ocr_par' dir='ltr' id='par_1_27' title="bbox 2008 1194 3597 1275">
     <span class='ocr_line' id='line_1_27' title="bbox 2008 1194 3597 1275; baseline 0.012 -28"><span class='ocrx_word' id='word_1_171' title='bbox 2008 1194 2418 1253; x_wconf 88' lang='lat' dir='ltr'><strong>Constantinus</strong></span> <span class='ocrx_word' id='word_1_172' title='bbox 2460 1201 2863 1259; x_wconf 89' lang='lat' dir='ltr'><strong>sanctissimus</strong></span> <span class='ocrx_word' id='word_1_173' title='bbox 2899 1204 3203 1275; x_wconf 88' lang='lat' dir='ltr'><strong>episcopus</strong></span> <span class='ocrx_word' id='word_1_174' title='bbox 3248 1207 3597 1266; x_wconf 69' lang='lat' dir='ltr'><strong>Constantia:</strong></span> 
     </span>
    </p>
   </div>
   <div class='ocr_carea' id='block_1_28' title="bbox 1936 1280 3596 1368">
    <p class='ocr_par' dir='ltr' id='par_1_28' title="bbox 1936 1280 3596 1368">
     <span class='ocr_line' id='line_1_28' title="bbox 1936 1280 3596 1368; baseline 0.012 -33"><span class='ocrx_word' id='word_1_175' title='bbox 1936 1280 2105 1368; x_wconf 84' lang='lat' dir='ltr'><strong>Cypri</strong></span> <span class='ocrx_word' id='word_1_176' title='bbox 2147 1284 2333 1340; x_wconf 91' lang='lat' dir='ltr'><strong>dixit:</strong></span> <span class='ocrx_word' id='word_1_177' title='bbox 2393 1288 2673 1356; x_wconf 90' lang='lat' dir='ltr'><strong>Quoniam</strong></span> <span class='ocrx_word' id='word_1_178' title='bbox 2728 1291 2889 1347; x_wconf 87' lang='lat' dir='ltr'><strong>adest</strong></span> <span class='ocrx_word' id='word_1_179' title='bbox 2929 1293 3085 1350; x_wconf 91' lang='lat' dir='ltr'><strong>alius</strong></span> <span class='ocrx_word' id='word_1_180' title='bbox 3146 1295 3296 1351; x_wconf 89' lang='lat' dir='ltr'><strong>liber</strong></span> <span class='ocrx_word' id='word_1_181' title='bbox 3354 1298 3596 1368; x_wconf 70' lang='lat' dir='ltr'><strong>mqualis</strong></span> 
     </span>
    </p>
   </div>
   <div class='ocr_carea' id='block_1_29' title="bbox 1940 1365 2416 1444">
    <p class='ocr_par' dir='ltr' id='par_1_29' title="bbox 1940 1365 2416 1444">
     <span class='ocr_line' id='line_1_29' title="bbox 1940 1365 2416 1444; baseline 0.011 -22"><span class='ocrx_word' id='word_1_182' title='bbox 1940 1365 2151 1441; x_wconf 67' lang='lat' dir='ltr'><strong>forma},</strong></span> <span class='ocrx_word' id='word_1_183' title='bbox 2176 1371 2416 1444; x_wconf 83' lang='lat' dir='ltr'><strong>legatur.</strong></span> 
     </span>
    </p>
   </div>
   <div class='ocr_carea' id='block_1_30' title="bbox 2004 1458 3592 1532">
    <p class='ocr_par' dir='ltr' id='par_1_30' title="bbox 2004 1458 3592 1532">
     <span class='ocr_line' id='line_1_30' title="bbox 2004 1458 3592 1532; baseline 0.013 -21"><span class='ocrx_word' id='word_1_184' title='bbox 2004 1458 2073 1513; x_wconf 85' lang='lat' dir='ltr'><strong>Et</strong></span> <span class='ocrx_word' id='word_1_185' title='bbox 2120 1474 2351 1517; x_wconf 90' lang='lat' dir='ltr'><strong>sumens</strong></span> <span class='ocrx_word' id='word_1_186' title='bbox 2408 1465 2820 1524; x_wconf 89' lang='lat' dir='ltr'><strong>Constantinus</strong></span> <span class='ocrx_word' id='word_1_187' title='bbox 2878 1470 3157 1527; x_wconf 87' lang='lat' dir='ltr'><strong>diaconus</strong></span> <span class='ocrx_word' id='word_1_188' title='bbox 3213 1477 3270 1528; x_wconf 90' lang='lat' dir='ltr'><strong>et</strong></span> <span class='ocrx_word' id='word_1_189' title='bbox 3331 1477 3592 1532; x_wconf 84' lang='lat' dir='ltr'><strong>notarius</strong></span> 
     </span>
    </p>
   </div>
   <div class='ocr_carea' id='block_1_31' title="bbox 1934 1547 3596 1628">
    <p class='ocr_par' dir='ltr' id='par_1_31' title="bbox 1934 1547 3596 1628">
     <span class='ocr_line' id='line_1_31' title="bbox 1934 1547 3596 1628; baseline 0.013 -29"><span class='ocrx_word' id='word_1_190' title='bbox 1934 1547 2278 1605; x_wconf 89' lang='lat' dir='ltr'><strong>venerabilis</strong></span> <span class='ocrx_word' id='word_1_191' title='bbox 2308 1553 2668 1625; x_wconf 84' lang='lat' dir='ltr'><strong>patriarehii,</strong></span> <span class='ocrx_word' id='word_1_192' title='bbox 2706 1556 2845 1628; x_wconf 80' lang='lat' dir='ltr'><strong>legit</strong></span> <span class='ocrx_word' id='word_1_193' title='bbox 2869 1558 3113 1615; x_wconf 90' lang='lat' dir='ltr'><strong>alterum</strong></span> <span class='ocrx_word' id='word_1_194' title='bbox 3145 1560 3361 1618; x_wconf 88' lang='lat' dir='ltr'><strong>librum</strong></span> <span class='ocrx_word' id='word_1_195' title='bbox 3390 1564 3596 1620; x_wconf 89' lang='lat' dir='ltr'><strong>haben-</strong></span> 
     </span>
    </p>
   </div>
   <div class='ocr_carea' id='block_1_32' title="bbox 1934 1638 3229 1715">
    <p class='ocr_par' dir='ltr' id='par_1_32' title="bbox 1934 1638 3229 1715">
     <span class='ocr_line' id='line_1_32' title="bbox 1934 1638 3229 1715; baseline 0.013 -28"><span class='ocrx_word' id='word_1_196' title='bbox 1934 1638 2043 1687; x_wconf 90' lang='lat' dir='ltr'><strong>tem</strong></span> <span class='ocrx_word' id='word_1_197' title='bbox 2074 1639 2460 1709; x_wconf 79' lang='lat' dir='ltr'><strong>praescriptam</strong></span> <span class='ocrx_word' id='word_1_198' title='bbox 2486 1643 2786 1711; x_wconf 90' lang='lat' dir='ltr'><strong>epistolam</strong></span> <span class='ocrx_word' id='word_1_199' title='bbox 2813 1647 3066 1715; x_wconf 87' lang='lat' dir='ltr'><strong>ejusdem</strong></span> <span class='ocrx_word' id='word_1_200' title='bbox 3090 1649 3229 1704; x_wconf 90' lang='lat' dir='ltr'><strong>Nili.</strong></span> 
     </span>
    </p>
   </div>
   <div class='ocr_carea' id='block_1_33' title="bbox 184 1704 3595 1808">
    <p class='ocr_par' dir='ltr' id='par_1_33' title="bbox 184 1704 3595 1808">
     <span class='ocr_line' id='line_1_33' title="bbox 184 1704 3595 1808; baseline 0.007 -35"><span class='ocrx_word' id='word_1_201' title='bbox 184 1732 286 1789; x_wconf 82' lang='lat' dir='ltr'><strong>gem</strong></span> <span class='ocrx_word' id='word_1_202' title='bbox 315 1732 502 1781; x_wconf 84' lang='lat' dir='ltr'><strong>suam,</strong></span> <span class='ocrx_word' id='word_1_203' title='bbox 532 1733 597 1774; x_wconf 89' lang='lat' dir='ltr'><strong>ac</strong></span> <span class='ocrx_word' id='word_1_204' title='bbox 620 1720 793 1788; x_wconf 84' lang='lat' dir='ltr'><strong>filios,</strong></span> <span class='ocrx_word' id='word_1_205' title='bbox 820 1726 877 1775; x_wconf 91' lang='lat' dir='ltr'><strong>et</strong></span> <span class='ocrx_word' id='word_1_206' title='bbox 900 1726 1072 1776; x_wconf 88' lang='lat' dir='ltr'><strong>totam</strong></span> <span class='ocrx_word' id='word_1_207' title='bbox 1095 1719 1476 1776; x_wconf 90' lang='lat' dir='ltr'><strong>substantiam</strong></span> <span class='ocrx_word' id='word_1_208' title='bbox 1507 1721 1824 1776; x_wconf 91' lang='lat' dir='ltr'><strong>circumte—</strong></span> <span class='ocrx_word' id='word_1_209' title='bbox 1856 1704 1911 1767; x_wconf 87' lang='grc' dir='ltr'>Β</span> <span class='ocrx_word' id='word_1_210' title='bbox 2000 1704 2409 1799; x_wconf 80' lang='lat' dir='ltr'><strong>Constantinus</strong></span> <span class='ocrx_word' id='word_1_211' title='bbox 2451 1704 2860 1790; x_wconf 75' lang='lat' dir='ltr'><strong>sanctissimus</strong></span> <span class='ocrx_word' id='word_1_212' title='bbox 2898 1736 3204 1808; x_wconf 87' lang='lat' dir='ltr'><strong>episcoqus</strong></span> <span class='ocrx_word' id='word_1_213' title='bbox 3243 1740 3595 1798; x_wconf 69' lang='lat' dir='ltr'><strong>Constantia:</strong></span> 
     </span>
    </p>
   </div>
   <div class='ocr_carea' id='block_1_34' title="bbox 183 1809 1673 1880">
    <p class='ocr_par' dir='ltr' id='par_1_34' title="bbox 183 1809 1673 1880">
     <span class='ocr_line' id='line_1_34' title="bbox 183 1809 1673 1880; baseline 0.001 -18"><span class='ocrx_word' id='word_1_214' title='bbox 183 1820 294 1878; x_wconf 84' lang='lat' dir='ltr'><strong>gere</strong></span> <span class='ocrx_word' id='word_1_215' title='bbox 319 1814 377 1863; x_wconf 91' lang='lat' dir='ltr'><strong>et</strong></span> <span class='ocrx_word' id='word_1_216' title='bbox 406 1822 616 1863; x_wconf 91' lang='lat' dir='ltr'><strong>ornare</strong></span> <span class='ocrx_word' id='word_1_217' title='bbox 644 1813 817 1879; x_wconf 90' lang='lat' dir='ltr'><strong>atque</strong></span> <span class='ocrx_word' id='word_1_218' title='bbox 849 1809 1095 1879; x_wconf 87' lang='lat' dir='ltr'><strong>munire,</strong></span> <span class='ocrx_word' id='word_1_219' title='bbox 1127 1809 1405 1865; x_wconf 90' lang='lat' dir='ltr'><strong>admoneo</strong></span> <span class='ocrx_word' id='word_1_220' title='bbox 1432 1814 1489 1864; x_wconf 93' lang='lat' dir='ltr'><strong>et</strong></span> <span class='ocrx_word' id='word_1_221' title='bbox 1520 1823 1673 1880; x_wconf 85' lang='lat' dir='ltr'><strong>rego.</strong></span> 
     </span>
    </p>
   </div>
   <div class='ocr_carea' id='block_1_35' title="bbox 240 1895 1823 1967">
    <p class='ocr_par' dir='ltr' id='par_1_35' title="bbox 240 1895 1823 1967">
     <span class='ocr_line' id='line_1_35' title="bbox 240 1895 1823 1967; baseline 0.003 -18"><span class='ocrx_word' id='word_1_222' title='bbox 240 1895 568 1952; x_wconf 89' lang='lat' dir='ltr'><strong>Theodorus</strong></span> <span class='ocrx_word' id='word_1_223' title='bbox 590 1896 992 1953; x_wconf 90' lang='lat' dir='ltr'><strong>sanctissimus</strong></span> <span class='ocrx_word' id='word_1_224' title='bbox 1021 1896 1328 1967; x_wconf 88' lang='lat' dir='ltr'><strong>episcopus</strong></span> <span class='ocrx_word' id='word_1_225' title='bbox 1357 1899 1707 1967; x_wconf 86' lang='lat' dir='ltr'><strong>Myrensium</strong></span> <span class='ocrx_word' id='word_1_226' title='bbox 1736 1898 1823 1953; x_wconf 91' lang='lat' dir='ltr'><strong>di-</strong></span> 
     </span>
    </p>
   </div>
   <div class='ocr_carea' id='block_1_36' title="bbox 184 1985 1823 2057">
    <p class='ocr_par' dir='ltr' id='par_1_36' title="bbox 184 1985 1823 2057">
     <span class='ocr_line' id='line_1_36' title="bbox 184 1985 1823 2057; baseline 0.001 -18"><span class='ocrx_word' id='word_1_227' title='bbox 184 1985 287 2040; x_wconf 84' lang='lat' dir='ltr'><strong>xit:</strong></span> <span class='ocrx_word' id='word_1_228' title='bbox 320 1986 580 2055; x_wconf 88' lang='lat' dir='ltr'><strong>Epistola</strong></span> <span class='ocrx_word' id='word_1_229' title='bbox 624 1986 743 2041; x_wconf 68' lang='lat' dir='ltr'><strong>haac</strong></span> <span class='ocrx_word' id='word_1_230' title='bbox 771 1985 1042 2055; x_wconf 89' lang='lat' dir='ltr'><strong>primitus</strong></span> <span class='ocrx_word' id='word_1_231' title='bbox 1074 1986 1217 2042; x_wconf 89' lang='lat' dir='ltr'><strong>lecta</strong></span> <span class='ocrx_word' id='word_1_232' title='bbox 1247 1992 1352 2057; x_wconf 92' lang='lat' dir='ltr'><strong>est,</strong></span> <span class='ocrx_word' id='word_1_233' title='bbox 1386 2000 1516 2042; x_wconf 91' lang='lat' dir='ltr'><strong>cum</strong></span> <span class='ocrx_word' id='word_1_234' title='bbox 1538 1992 1688 2043; x_wconf 90' lang='lat' dir='ltr'><strong>esset</strong></span> <span class='ocrx_word' id='word_1_235' title='bbox 1714 1988 1823 2043; x_wconf 91' lang='lat' dir='ltr'><strong>de-</strong></span> 
     </span>
    </p>
   </div>
   <div class='ocr_carea' id='block_1_37' title="bbox 180 2069 1843 2147">
    <p class='ocr_par' dir='ltr' id='par_1_37' title="bbox 180 2069 1843 2147">
     <span class='ocr_line' id='line_1_37' title="bbox 180 2069 1843 2147; baseline 0.002 -19"><span class='ocrx_word' id='word_1_236' title='bbox 180 2079 413 2145; x_wconf 81' lang='lat' dir='ltr'><strong>pravata,</strong></span> <span class='ocrx_word' id='word_1_237' title='bbox 448 2074 704 2144; x_wconf 89' lang='lat' dir='ltr'><strong>perdidit</strong></span> <span class='ocrx_word' id='word_1_238' title='bbox 737 2069 894 2147; x_wconf 64' lang='grc' dir='ltr'><strong>[ἂν.⁷</strong></span> <span class='ocrx_word' id='word_1_239' title='bbox 936 2075 1192 2144; x_wconf 87' lang='lat' dir='ltr'><strong>Epistola</strong></span> <span class='ocrx_word' id='word_1_240' title='bbox 1226 2074 1344 2131; x_wconf 69' lang='lat' dir='ltr'><strong>haec</strong></span> <span class='ocrx_word' id='word_1_241' title='bbox 1369 2090 1495 2145; x_wconf 67' lang='lat' dir='ltr'><strong>quae</strong></span> <span class='ocrx_word' id='word_1_242' title='bbox 1539 2076 1682 2131; x_wconf 90' lang='lat' dir='ltr'><strong>lecta</strong></span> <span class='ocrx_word' id='word_1_243' title='bbox 1713 2078 1843 2142; x_wconf 84' lang='lat' dir='ltr'><strong>est,‘</strong></span> 
     </span>
    </p>
   </div>
   <div class='ocr_carea' id='block_1_38' title="bbox 178 2161 1818 2237">
    <p class='ocr_par' dir='ltr' id='par_1_38' title="bbox 178 2161 1818 2237">
     <span class='ocr_line' id='line_1_38' title="bbox 178 2161 1818 2237; baseline -0.001 -19"><span class='ocrx_word' id='word_1_244' title='bbox 178 2163 465 2233; x_wconf 87' lang='lat' dir='ltr'><strong>depravata</strong></span> <span class='ocrx_word' id='word_1_245' title='bbox 518 2163 741 2232; x_wconf 87' lang='lat' dir='ltr'><strong>pridem</strong></span> <span class='ocrx_word' id='word_1_246' title='bbox 789 2164 1060 2235; x_wconf 90' lang='lat' dir='ltr'><strong>perdidit,</strong></span> <span class='ocrx_word' id='word_1_247' title='bbox 1101 2161 1250 2237; x_wconf 87' lang='lat' dir='ltr'><strong>etc.]</strong></span> <span class='ocrx_word' id='word_1_248' title='bbox 1293 2169 1349 2219; x_wconf 89' lang='lat' dir='ltr'><strong>et</strong></span> <span class='ocrx_word' id='word_1_249' title='bbox 1392 2165 1621 2219; x_wconf 84' lang='lat' dir='ltr'><strong>seduxit</strong></span> <span class='ocrx_word' id='word_1_250' title='bbox 1679 2179 1818 2220; x_wconf 93' lang='lat' dir='ltr'><strong>nos:</strong></span> 
     </span>
    </p>
   </div>
   <div class='ocr_carea' id='block_1_39' title="bbox 178 2251 1829 2323">
    <p class='ocr_par' dir='ltr' id='par_1_39' title="bbox 178 2251 1829 2323">
     <span class='ocr_line' id='line_1_39' title="bbox 178 2251 1829 2323; baseline 0 -16"><span class='ocrx_word' id='word_1_251' title='bbox 178 2252 509 2321; x_wconf 87' lang='lat' dir='ltr'><strong>putabamus</strong></span> <span class='ocrx_word' id='word_1_252' title='bbox 534 2252 686 2307; x_wconf 87' lang='lat' dir='ltr'><strong>enim</strong></span> <span class='ocrx_word' id='word_1_253' title='bbox 715 2251 1035 2323; x_wconf 89' lang='lat' dir='ltr'><strong>simplicem</strong></span> <span class='ocrx_word' id='word_1_254' title='bbox 1065 2266 1188 2308; x_wconf 90' lang='lat' dir='ltr'><strong>esse</strong></span> <span class='ocrx_word' id='word_1_255' title='bbox 1209 2252 1367 2308; x_wconf 91' lang='lat' dir='ltr'><strong>illam</strong></span> <span class='ocrx_word' id='word_1_256' title='bbox 1393 2258 1451 2308; x_wconf 91' lang='lat' dir='ltr'><strong>et</strong></span> <span class='ocrx_word' id='word_1_257' title='bbox 1480 2252 1695 2323; x_wconf 89' lang='lat' dir='ltr'><strong>absque</strong></span> <span class='ocrx_word' id='word_1_258' title='bbox 1728 2254 1829 2307; x_wconf 80' lang='lat' dir='ltr'><strong>in—</strong></span> 
     </span>
    </p>
   </div>
   <div class='ocr_carea' id='block_1_40' title="bbox 181 2341 359 2397">
    <p class='ocr_par' dir='ltr' id='par_1_40' title="bbox 181 2341 359 2397">
     <span class='ocr_line' id='line_1_40' title="bbox 181 2341 359 2397; baseline 0 -2"><span class='ocrx_word' id='word_1_259' title='bbox 181 2341 359 2397; x_wconf 88' lang='lat' dir='ltr'><strong>sidiis.</strong></span> 
     </span>
    </p>
   </div>
   <div class='ocr_carea' id='block_1_41' title="bbox 234 2430 1826 2500">
    <p class='ocr_par' dir='ltr' id='par_1_41' title="bbox 234 2430 1826 2500">
     <span class='ocr_line' id='line_1_41' title="bbox 234 2430 1826 2500; baseline 0.002 -15"><span class='ocrx_word' id='word_1_260' title='bbox 234 2431 597 2486; x_wconf 86' lang='lat' dir='ltr'><strong>Sanctissimi</strong></span> <span class='ocrx_word' id='word_1_261' title='bbox 628 2430 884 2500; x_wconf 80' lang='lat' dir='ltr'><strong>episcOpi</strong></span> <span class='ocrx_word' id='word_1_262' title='bbox 910 2431 1219 2487; x_wconf 89' lang='lat' dir='ltr'><strong>dixerunt:</strong></span> <span class='ocrx_word' id='word_1_263' title='bbox 1246 2433 1360 2487; x_wconf 87' lang='lat' dir='ltr'><strong>Nos</strong></span> <span class='ocrx_word' id='word_1_264' title='bbox 1383 2431 1434 2486; x_wconf 92' lang='lat' dir='ltr'><strong>si</strong></span> <span class='ocrx_word' id='word_1_265' title='bbox 1460 2431 1826 2489; x_wconf 90' lang='lat' dir='ltr'><strong>audissemus</strong></span> 
     </span>
    </p>
   </div>
   <div class='ocr_carea' id='block_1_42' title="bbox 175 2518 1828 2592">
    <p class='ocr_par' dir='ltr' id='par_1_42' title="bbox 175 2518 1828 2592">
     <span class='ocr_line' id='line_1_42' title="bbox 175 2518 1828 2592; baseline 0.002 -19"><span class='ocrx_word' id='word_1_266' title='bbox 175 2524 301 2574; x_wconf 87' lang='lat' dir='ltr'><strong>tunc</strong></span> <span class='ocrx_word' id='word_1_267' title='bbox 342 2519 495 2588; x_wconf 91' lang='lat' dir='ltr'><strong>quod</strong></span> <span class='ocrx_word' id='word_1_268' title='bbox 526 2518 675 2573; x_wconf 86' lang='lat' dir='ltr'><strong>dicit</strong></span> <span class='ocrx_word' id='word_1_269' title='bbox 712 2520 894 2588; x_wconf 89' lang='lat' dir='ltr'><strong>Pater,</strong></span> <span class='ocrx_word' id='word_1_270' title='bbox 935 2518 1071 2589; x_wconf 87' lang='lat' dir='ltr'><strong>quia</strong></span> <span class='ocrx_word' id='word_1_271' title='bbox 1105 2518 1240 2574; x_wconf 90' lang='lat' dir='ltr'><strong>hinc</strong></span> <span class='ocrx_word' id='word_1_272' title='bbox 1269 2524 1325 2574; x_wconf 92' lang='lat' dir='ltr'><strong>et</strong></span> <span class='ocrx_word' id='word_1_273' title='bbox 1352 2519 1484 2574; x_wconf 88' lang='lat' dir='ltr'><strong>inde</strong></span> <span class='ocrx_word' id='word_1_274' title='bbox 1516 2520 1685 2592; x_wconf 85' lang='lat' dir='ltr'><strong>pinge</strong></span> <span class='ocrx_word' id='word_1_275' title='bbox 1714 2522 1828 2577; x_wconf 85' lang='lat' dir='ltr'><strong>do-</strong></span> 
     </span>
    </p>
   </div>
   <div class='ocr_carea' id='block_1_43' title="bbox 175 2606 1830 2677">
    <p class='ocr_par' dir='ltr' id='par_1_43' title="bbox 175 2606 1830 2677">
     <span class='ocr_line' id='line_1_43' title="bbox 175 2606 1830 2677; baseline 0.002 -16"><span class='ocrx_word' id='word_1_276' title='bbox 175 2620 317 2661; x_wconf 90' lang='lat' dir='ltr'><strong>mum</strong></span> <span class='ocrx_word' id='word_1_277' title='bbox 346 2606 641 2662; x_wconf 89' lang='lat' dir='ltr'><strong>veteribus</strong></span> <span class='ocrx_word' id='word_1_278' title='bbox 659 2611 715 2663; x_wconf 92' lang='lat' dir='ltr'><strong>et</strong></span> <span class='ocrx_word' id='word_1_279' title='bbox 744 2607 910 2662; x_wconf 91' lang='lat' dir='ltr'><strong>novis</strong></span> <span class='ocrx_word' id='word_1_280' title='bbox 929 2606 1384 2677; x_wconf 89' lang='lat' dir='ltr'><strong>narrationibus,</strong></span> <span class='ocrx_word' id='word_1_281' title='bbox 1420 2620 1531 2662; x_wconf 88' lang='lat' dir='ltr'><strong>non</strong></span> <span class='ocrx_word' id='word_1_282' title='bbox 1567 2608 1625 2662; x_wconf 89' lang='lat' dir='ltr'><strong>in</strong></span> <span class='ocrx_word' id='word_1_283' title='bbox 1657 2610 1830 2664; x_wconf 89' lang='lat' dir='ltr'><strong>vani-</strong></span> 
     </span>
    </p>
   </div>
   <div class='ocr_carea' id='block_1_44' title="bbox 174 2696 1822 2767">
    <p class='ocr_par' dir='ltr' id='par_1_44' title="bbox 174 2696 1822 2767">
     <span class='ocr_line' id='line_1_44' title="bbox 174 2696 1822 2767; baseline 0.003 -18"><span class='ocrx_word' id='word_1_284' title='bbox 174 2700 335 2751; x_wconf 85' lang='lat' dir='ltr'><strong>tatem</strong></span> <span class='ocrx_word' id='word_1_285' title='bbox 381 2697 533 2751; x_wconf 86' lang='lat' dir='ltr'><strong>versi</strong></span> <span class='ocrx_word' id='word_1_286' title='bbox 578 2696 1042 2752; x_wconf 88' lang='lat' dir='ltr'><strong>credidissemus.</strong></span> <span class='ocrx_word' id='word_1_287' title='bbox 1102 2696 1214 2765; x_wconf 88' lang='lat' dir='ltr'><strong>Ipsi</strong></span> <span class='ocrx_word' id='word_1_288' title='bbox 1247 2696 1399 2751; x_wconf 89' lang='lat' dir='ltr'><strong>enim</strong></span> <span class='ocrx_word' id='word_1_289' title='bbox 1447 2711 1548 2766; x_wconf 93' lang='lat' dir='ltr'><strong>pro</strong></span> <span class='ocrx_word' id='word_1_290' title='bbox 1576 2710 1642 2752; x_wconf 92' lang='lat' dir='ltr'><strong>eo</strong></span> <span class='ocrx_word' id='word_1_291' title='bbox 1674 2699 1822 2767; x_wconf 91' lang='lat' dir='ltr'><strong>quod</strong></span> 
     </span>
    </p>
   </div>
   <div class='ocr_carea' id='block_1_45' title="bbox 169 2783 1827 2857">
    <p class='ocr_par' dir='ltr' id='par_1_45' title="bbox 169 2783 1827 2857">
     <span class='ocr_line' id='line_1_45' title="bbox 169 2783 1827 2857; baseline 0.003 -19"><span class='ocrx_word' id='word_1_292' title='bbox 169 2783 347 2839; x_wconf 89' lang='lat' dir='ltr'><strong>dixit:</strong></span> <span class='ocrx_word' id='word_1_293' title='bbox 384 2784 525 2840; x_wconf 89' lang='lat' dir='ltr'><strong>hinc</strong></span> <span class='ocrx_word' id='word_1_294' title='bbox 552 2790 609 2839; x_wconf 90' lang='lat' dir='ltr'><strong>et</strong></span> <span class='ocrx_word' id='word_1_295' title='bbox 640 2785 772 2840; x_wconf 91' lang='lat' dir='ltr'><strong>inde</strong></span> <span class='ocrx_word' id='word_1_296' title='bbox 803 2785 992 2856; x_wconf 82' lang='lat' dir='ltr'><strong>pinge,</strong></span> <span class='ocrx_word' id='word_1_297' title='bbox 1037 2784 1239 2841; x_wconf 88' lang='lat' dir='ltr'><strong>dealba</strong></span> <span class='ocrx_word' id='word_1_298' title='bbox 1282 2792 1629 2854; x_wconf 89' lang='lat' dir='ltr'><strong>posuerunt:</strong></span> <span class='ocrx_word' id='word_1_299' title='bbox 1672 2786 1827 2857; x_wconf 89' lang='lat' dir='ltr'><strong>quod</strong></span> 
     </span>
    </p>
   </div>
   <div class='ocr_carea' id='block_1_46' title="bbox 174 2874 900 2946">
    <p class='ocr_par' dir='ltr' id='par_1_46' title="bbox 174 2874 900 2946">
     <span class='ocr_line' id='line_1_46' title="bbox 174 2874 900 2946; baseline 0 -17"><span class='ocrx_word' id='word_1_300' title='bbox 174 2888 273 2930; x_wconf 89' lang='lat' dir='ltr'><strong>nos</strong></span> <span class='ocrx_word' id='word_1_301' title='bbox 304 2874 535 2931; x_wconf 82' lang='lat' dir='ltr'><strong>fortiter</strong></span> <span class='ocrx_word' id='word_1_302' title='bbox 560 2875 900 2946; x_wconf 84' lang='lat' dir='ltr'><strong>decipiebat.</strong></span> 
     </span>
    </p>
   </div>
   <div class='ocr_carea' id='block_1_47' title="bbox 238 2966 1827 3038">
    <p class='ocr_par' dir='ltr' id='par_1_47' title="bbox 238 2966 1827 3038">
     <span class='ocr_line' id='line_1_47' title="bbox 238 2966 1827 3038; baseline 0.002 -18"><span class='ocrx_word' id='word_1_303' title='bbox 238 2967 460 3038; x_wconf 86' lang='lat' dir='ltr'><strong>Petrus,</strong></span> <span class='ocrx_word' id='word_1_304' title='bbox 488 2971 546 3022; x_wconf 92' lang='lat' dir='ltr'><strong>et</strong></span> <span class='ocrx_word' id='word_1_305' title='bbox 575 2968 777 3023; x_wconf 88' lang='lat' dir='ltr'><strong>Petrus</strong></span> <span class='ocrx_word' id='word_1_306' title='bbox 804 2968 918 3024; x_wconf 92' lang='lat' dir='ltr'><strong>Deo</strong></span> <span class='ocrx_word' id='word_1_307' title='bbox 941 2967 1219 3023; x_wconf 89' lang='lat' dir='ltr'><strong>amabiles</strong></span> <span class='ocrx_word' id='word_1_308' title='bbox 1249 2966 1563 3038; x_wconf 84' lang='lat' dir='ltr'><strong>presbyteri</strong></span> <span class='ocrx_word' id='word_1_309' title='bbox 1596 2972 1653 3022; x_wconf 91' lang='lat' dir='ltr'><strong>et</strong></span> <span class='ocrx_word' id='word_1_310' title='bbox 1682 2968 1827 3024; x_wconf 83' lang='lat' dir='ltr'><strong>vica-</strong></span> 
     </span>
    </p>
   </div>
   <div class='ocr_carea' id='block_1_48' title="bbox 168 3028 1903 3126">
    <p class='ocr_par' dir='ltr' id='par_1_48' title="bbox 168 3028 1903 3126">
     <span class='ocr_line' id='line_1_48' title="bbox 168 3028 1903 3126; baseline 0.001 -17"><span class='ocrx_word' id='word_1_311' title='bbox 168 3055 238 3109; x_wconf 86' lang='lat' dir='ltr'><strong>rii</strong></span> <span class='ocrx_word' id='word_1_312' title='bbox 283 3028 525 3112; x_wconf 78' lang='lat' dir='ltr'><strong>Adriani</strong></span> <span class='ocrx_word' id='word_1_313' title='bbox 580 3069 735 3126; x_wconf 62' lang='lat' dir='ltr'><strong>papa:</strong></span> <span class='ocrx_word' id='word_1_314' title='bbox 769 3055 1018 3112; x_wconf 90' lang='lat' dir='ltr'><strong>senioris</strong></span> <span class='ocrx_word' id='word_1_315' title='bbox 1069 3028 1277 3126; x_wconf 54' lang='lat' dir='ltr'><strong>Romae,</strong></span> <span class='ocrx_word' id='word_1_316' title='bbox 1315 3028 1627 3111; x_wconf 73' lang='lat' dir='ltr'><strong>dixerunt:</strong></span> <span class='ocrx_word' id='word_1_317' title='bbox 1692 3056 1823 3111; x_wconf 91' lang='lat' dir='ltr'><strong>Tale</strong></span> <span class='ocrx_word' id='word_1_318' title='bbox 1853 3028 1903 3092; x_wconf 67' lang='grc' dir='ltr'>Ο</span> 
     </span>
    </p>
   </div>
   <div class='ocr_carea' id='block_1_49' title="bbox 162 3143 1824 3215">
    <p class='ocr_par' dir='ltr' id='par_1_49' title="bbox 162 3143 1824 3215">
     <span class='ocr_line' id='line_1_49' title="bbox 162 3143 1824 3215; baseline 0.001 -17"><span class='ocrx_word' id='word_1_319' title='bbox 162 3144 304 3212; x_wconf 86' lang='lat' dir='ltr'><strong>quid</strong></span> <span class='ocrx_word' id='word_1_320' title='bbox 328 3151 385 3200; x_wconf 90' lang='lat' dir='ltr'><strong>et</strong></span> <span class='ocrx_word' id='word_1_321' title='bbox 412 3145 561 3200; x_wconf 71' lang='lat' dir='ltr'><strong>diva:</strong></span> <span class='ocrx_word' id='word_1_322' title='bbox 598 3145 887 3200; x_wconf 70' lang='lat' dir='ltr'><strong>memoriae</strong></span> <span class='ocrx_word' id='word_1_323' title='bbox 923 3143 1338 3200; x_wconf 88' lang='lat' dir='ltr'><strong>Constantinus</strong></span> <span class='ocrx_word' id='word_1_324' title='bbox 1366 3147 1605 3215; x_wconf 86' lang='lat' dir='ltr'><strong>Magnus</strong></span> <span class='ocrx_word' id='word_1_325' title='bbox 1634 3144 1824 3213; x_wconf 88' lang='lat' dir='ltr'><strong>impe—</strong></span> 
     </span>
    </p>
   </div>
   <div class='ocr_carea' id='block_1_50' title="bbox 162 3232 1820 3303">
    <p class='ocr_par' dir='ltr' id='par_1_50' title="bbox 162 3232 1820 3303">
     <span class='ocr_line' id='line_1_50' title="bbox 162 3232 1820 3303; baseline 0.002 -18"><span class='ocrx_word' id='word_1_326' title='bbox 162 3237 321 3288; x_wconf 87' lang='lat' dir='ltr'><strong>rator</strong></span> <span class='ocrx_word' id='word_1_327' title='bbox 364 3233 505 3289; x_wconf 90' lang='lat' dir='ltr'><strong>olim</strong></span> <span class='ocrx_word' id='word_1_328' title='bbox 538 3232 711 3289; x_wconf 90' lang='lat' dir='ltr'><strong>fecit:</strong></span> <span class='ocrx_word' id='word_1_329' title='bbox 747 3233 1029 3289; x_wconf 53' lang='lat' dir='ltr'><strong>aediﬁcato</strong></span> <span class='ocrx_word' id='word_1_330' title='bbox 1067 3234 1222 3289; x_wconf 90' lang='lat' dir='ltr'><strong>enim</strong></span> <span class='ocrx_word' id='word_1_331' title='bbox 1253 3233 1463 3303; x_wconf 88' lang='lat' dir='ltr'><strong>templo</strong></span> <span class='ocrx_word' id='word_1_332' title='bbox 1509 3233 1820 3289; x_wconf 86' lang='lat' dir='ltr'><strong>Salvatoris</strong></span> 
     </span>
    </p>
   </div>
   <div class='ocr_carea' id='block_1_51' title="bbox 159 3318 1822 3391">
    <p class='ocr_par' dir='ltr' id='par_1_51' title="bbox 159 3318 1822 3391">
     <span class='ocr_line' id='line_1_51' title="bbox 159 3318 1822 3391; baseline 0.002 -17"><span class='ocrx_word' id='word_1_333' title='bbox 159 3318 371 3389; x_wconf 64' lang='lat' dir='ltr'><strong>Romaa,</strong></span> <span class='ocrx_word' id='word_1_334' title='bbox 401 3322 463 3377; x_wconf 90' lang='lat' dir='ltr'><strong>in</strong></span> <span class='ocrx_word' id='word_1_335' title='bbox 482 3322 713 3378; x_wconf 89' lang='lat' dir='ltr'><strong>duobus</strong></span> <span class='ocrx_word' id='word_1_336' title='bbox 739 3321 1055 3391; x_wconf 89' lang='lat' dir='ltr'><strong>parietibus</strong></span> <span class='ocrx_word' id='word_1_337' title='bbox 1081 3321 1276 3390; x_wconf 88' lang='lat' dir='ltr'><strong>templi</strong></span> <span class='ocrx_word' id='word_1_338' title='bbox 1306 3321 1581 3376; x_wconf 89' lang='lat' dir='ltr'><strong>historias</strong></span> <span class='ocrx_word' id='word_1_339' title='bbox 1607 3327 1822 3377; x_wconf 88' lang='lat' dir='ltr'><strong>veteres</strong></span> 
     </span>
    </p>
   </div>
   <div class='ocr_carea' id='block_1_52' title="bbox 158 3409 1822 3483">
    <p class='ocr_par' dir='ltr' id='par_1_52' title="bbox 158 3409 1822 3483">
     <span class='ocr_line' id='line_1_52' title="bbox 158 3409 1822 3483; baseline 0.002 -22"><span class='ocrx_word' id='word_1_340' title='bbox 158 3414 212 3462; x_wconf 90' lang='lat' dir='ltr'><strong>et</strong></span> <span class='ocrx_word' id='word_1_341' title='bbox 241 3423 424 3467; x_wconf 88' lang='lat' dir='ltr'><strong>novas</strong></span> <span class='ocrx_word' id='word_1_342' title='bbox 447 3410 793 3483; x_wconf 88' lang='lat' dir='ltr'><strong>designavit,</strong></span> <span class='ocrx_word' id='word_1_343' title='bbox 838 3410 972 3466; x_wconf 92' lang='lat' dir='ltr'><strong>hinc</strong></span> <span class='ocrx_word' id='word_1_344' title='bbox 996 3409 1174 3465; x_wconf 79' lang='lat' dir='ltr'><strong>Adam</strong></span> <span class='ocrx_word' id='word_1_345' title='bbox 1204 3411 1273 3465; x_wconf 92' lang='lat' dir='ltr'><strong>de</strong></span> <span class='ocrx_word' id='word_1_346' title='bbox 1306 3410 1570 3480; x_wconf 85' lang='lat' dir='ltr'><strong>paradiso</strong></span> <span class='ocrx_word' id='word_1_347' title='bbox 1599 3423 1822 3465; x_wconf 91' lang='lat' dir='ltr'><strong>exeun—</strong></span> 
     </span>
    </p>
   </div>
   <div class='ocr_carea' id='block_1_53' title="bbox 160 3498 1823 3569">
    <p class='ocr_par' dir='ltr' id='par_1_53' title="bbox 160 3498 1823 3569">
     <span class='ocr_line' id='line_1_53' title="bbox 160 3498 1823 3569; baseline 0.001 -18"><span class='ocrx_word' id='word_1_348' title='bbox 160 3503 297 3568; x_wconf 84' lang='lat' dir='ltr'><strong>tem,</strong></span> <span class='ocrx_word' id='word_1_349' title='bbox 323 3504 380 3554; x_wconf 87' lang='lat' dir='ltr'><strong>et</strong></span> <span class='ocrx_word' id='word_1_350' title='bbox 408 3499 544 3555; x_wconf 91' lang='lat' dir='ltr'><strong>inde</strong></span> <span class='ocrx_word' id='word_1_351' title='bbox 571 3499 849 3555; x_wconf 89' lang='lat' dir='ltr'><strong>latronem</strong></span> <span class='ocrx_word' id='word_1_352' title='bbox 886 3499 944 3554; x_wconf 93' lang='lat' dir='ltr'><strong>in</strong></span> <span class='ocrx_word' id='word_1_353' title='bbox 972 3498 1302 3569; x_wconf 86' lang='lat' dir='ltr'><strong>paradisum</strong></span> <span class='ocrx_word' id='word_1_354' title='bbox 1338 3498 1648 3553; x_wconf 89' lang='lat' dir='ltr'><strong>intrantem</strong></span> <span class='ocrx_word' id='word_1_355' title='bbox 1682 3498 1823 3569; x_wconf 86' lang='lat' dir='ltr'><strong>ﬁgu-</strong></span> 
     </span>
    </p>
   </div>
   <div class='ocr_carea' id='block_1_54' title="bbox 162 3587 688 3659">
    <p class='ocr_par' dir='ltr' id='par_1_54' title="bbox 162 3587 688 3659">
     <span class='ocr_line' id='line_1_54' title="bbox 162 3587 688 3659; baseline 0.006 -20"><span class='ocrx_word' id='word_1_356' title='bbox 162 3600 328 3641; x_wconf 86' lang='lat' dir='ltr'><strong>rans:</strong></span> <span class='ocrx_word' id='word_1_357' title='bbox 352 3594 411 3642; x_wconf 90' lang='lat' dir='ltr'><strong>et</strong></span> <span class='ocrx_word' id='word_1_358' title='bbox 442 3587 688 3659; x_wconf 90' lang='lat' dir='ltr'><strong>reliqua.</strong></span> 
     </span>
    </p>
   </div>
   <div class='ocr_carea' id='block_1_55' title="bbox 230 3674 1824 3746">
    <p class='ocr_par' dir='ltr' id='par_1_55' title="bbox 230 3674 1824 3746">
     <span class='ocr_line' id='line_1_55' title="bbox 230 3674 1824 3746; baseline 0.004 -19"><span class='ocrx_word' id='word_1_359' title='bbox 230 3675 504 3733; x_wconf 87' lang='lat' dir='ltr'><strong>Tarasius</strong></span> <span class='ocrx_word' id='word_1_360' title='bbox 546 3677 950 3733; x_wconf 83' lang='lat' dir='ltr'><strong>sanctissimus</strong></span> <span class='ocrx_word' id='word_1_361' title='bbox 992 3676 1317 3746; x_wconf 87' lang='lat' dir='ltr'><strong>patriarcha</strong></span> <span class='ocrx_word' id='word_1_362' title='bbox 1345 3676 1531 3731; x_wconf 89' lang='lat' dir='ltr'><strong>dixit:</strong></span> <span class='ocrx_word' id='word_1_363' title='bbox 1562 3674 1621 3730; x_wconf 91' lang='lat' dir='ltr'><strong>Si</strong></span> <span class='ocrx_word' id='word_1_364' title='bbox 1672 3689 1824 3733; x_wconf 86' lang='lat' dir='ltr'><strong>vera-</strong></span> 
     </span>
    </p>
   </div>
   <div class='ocr_carea' id='block_1_56' title="bbox 165 3763 1824 3835">
    <p class='ocr_par' dir='ltr' id='par_1_56' title="bbox 165 3763 1824 3835">
     <span class='ocr_line' id='line_1_56' title="bbox 165 3763 1824 3835; baseline 0.001 -17"><span class='ocrx_word' id='word_1_365' title='bbox 165 3776 259 3818; x_wconf 85' lang='lat' dir='ltr'><strong>ces</strong></span> <span class='ocrx_word' id='word_1_366' title='bbox 287 3772 448 3820; x_wconf 86' lang='lat' dir='ltr'><strong>erant</strong></span> <span class='ocrx_word' id='word_1_367' title='bbox 489 3766 667 3835; x_wconf 90' lang='lat' dir='ltr'><strong>prisci</strong></span> <span class='ocrx_word' id='word_1_368' title='bbox 695 3765 1056 3821; x_wconf 89' lang='lat' dir='ltr'><strong>Christianos</strong></span> <span class='ocrx_word' id='word_1_369' title='bbox 1095 3763 1575 3819; x_wconf 91' lang='lat' dir='ltr'><strong>calumniantium</strong></span> <span class='ocrx_word' id='word_1_370' title='bbox 1605 3777 1824 3833; x_wconf 90' lang='lat' dir='ltr'><strong>propu—</strong></span> 
     </span>
    </p>
   </div>
   <div class='ocr_carea' id='block_1_57' title="bbox 168 3852 1825 3923">
    <p class='ocr_par' dir='ltr' id='par_1_57' title="bbox 168 3852 1825 3923">
     <span class='ocr_line' id='line_1_57' title="bbox 168 3852 1825 3923; baseline 0.001 -18"><span class='ocrx_word' id='word_1_371' title='bbox 168 3858 449 3923; x_wconf 77' lang='lat' dir='ltr'><strong>gnatores,</strong></span> <span class='ocrx_word' id='word_1_372' title='bbox 476 3869 583 3909; x_wconf 91' lang='lat' dir='ltr'><strong>cur</strong></span> <span class='ocrx_word' id='word_1_373' title='bbox 605 3855 796 3923; x_wconf 89' lang='lat' dir='ltr'><strong>ipsum</strong></span> <span class='ocrx_word' id='word_1_374' title='bbox 822 3852 1032 3908; x_wconf 90' lang='lat' dir='ltr'><strong>librum</strong></span> <span class='ocrx_word' id='word_1_375' title='bbox 1060 3853 1243 3908; x_wconf 89' lang='lat' dir='ltr'><strong>sancti</strong></span> <span class='ocrx_word' id='word_1_376' title='bbox 1272 3852 1391 3907; x_wconf 89' lang='lat' dir='ltr'><strong>Nili</strong></span> <span class='ocrx_word' id='word_1_377' title='bbox 1415 3866 1527 3907; x_wconf 93' lang='lat' dir='ltr'><strong>non</strong></span> <span class='ocrx_word' id='word_1_378' title='bbox 1552 3852 1825 3909; x_wconf 89' lang='lat' dir='ltr'><strong>ostende—</strong></span> 
     </span>
    </p>
   </div>
   <div class='ocr_carea' id='block_1_58' title="bbox 172 3940 1824 4013">
    <p class='ocr_par' dir='ltr' id='par_1_58' title="bbox 172 3940 1824 4013">
     <span class='ocr_line' id='line_1_58' title="bbox 172 3940 1824 4013; baseline 0.001 -21"><span class='ocrx_word' id='word_1_379' title='bbox 172 3946 305 3994; x_wconf 90' lang='lat' dir='ltr'><strong>runt</strong></span> <span class='ocrx_word' id='word_1_380' title='bbox 345 3941 404 3996; x_wconf 89' lang='lat' dir='ltr'><strong>in</strong></span> <span class='ocrx_word' id='word_1_381' title='bbox 454 3943 699 4013; x_wconf 84' lang='lat' dir='ltr'><strong>collegio</strong></span> <span class='ocrx_word' id='word_1_382' title='bbox 745 3956 852 3998; x_wconf 91' lang='lat' dir='ltr'><strong>suo</strong></span> <span class='ocrx_word' id='word_1_383' title='bbox 891 3941 960 3996; x_wconf 89' lang='lat' dir='ltr'><strong>ad</strong></span> <span class='ocrx_word' id='word_1_384' title='bbox 1011 3940 1460 3997; x_wconf 88' lang='lat' dir='ltr'><strong>satisfactionem</strong></span> <span class='ocrx_word' id='word_1_385' title='bbox 1521 3940 1824 3996; x_wconf 82' lang='lat' dir='ltr'><strong>omnium?</strong></span> 
     </span>
    </p>
   </div>
   <div class='ocr_carea' id='block_1_59' title="bbox 173 4029 1825 4103">
    <p class='ocr_par' dir='ltr' id='par_1_59' title="bbox 173 4029 1825 4103">
     <span class='ocr_line' id='line_1_59' title="bbox 173 4029 1825 4103; baseline 0.003 -22"><span class='ocrx_word' id='word_1_386' title='bbox 173 4029 370 4086; x_wconf 87' lang='lat' dir='ltr'><strong>Dicant</strong></span> <span class='ocrx_word' id='word_1_387' title='bbox 392 4045 527 4103; x_wconf 86' lang='lat' dir='ltr'><strong>ergo</strong></span> <span class='ocrx_word' id='word_1_388' title='bbox 558 4031 1024 4087; x_wconf 90' lang='lat' dir='ltr'><strong>reverendissimi</strong></span> <span class='ocrx_word' id='word_1_389' title='bbox 1060 4030 1315 4101; x_wconf 88' lang='lat' dir='ltr'><strong>episcopi</strong></span> <span class='ocrx_word' id='word_1_390' title='bbox 1347 4032 1447 4099; x_wconf 89' lang='lat' dir='ltr'><strong>qni</strong></span> <span class='ocrx_word' id='word_1_391' title='bbox 1481 4030 1825 4100; x_wconf 86' lang='lat' dir='ltr'><strong>pseudosyl—</strong></span> 
     </span>
    </p>
   </div>
   <div class='ocr_carea' id='block_1_60' title="bbox 179 4114 1828 4191">
    <p class='ocr_par' dir='ltr' id='par_1_60' title="bbox 179 4114 1828 4191">
     <span class='ocr_line' id='line_1_60' title="bbox 179 4114 1828 4191; baseline 0.002 -20"><span class='ocrx_word' id='word_1_392' title='bbox 179 4114 302 4188; x_wconf 82' lang='lat' dir='ltr'><strong>logo</strong></span> <span class='ocrx_word' id='word_1_393' title='bbox 340 4119 742 4188; x_wconf 85' lang='lat' dir='ltr'><strong>interfuerunt,</strong></span> <span class='ocrx_word' id='word_1_394' title='bbox 775 4120 1090 4191; x_wconf 89' lang='lat' dir='ltr'><strong>Gregorius</strong></span> <span class='ocrx_word' id='word_1_395' title='bbox 1126 4118 1511 4187; x_wconf 67' lang='lat' dir='ltr'><strong>Neocaesariae,</strong></span> <span class='ocrx_word' id='word_1_396' title='bbox 1544 4122 1601 4173; x_wconf 92' lang='lat' dir='ltr'><strong>et</strong></span> <span class='ocrx_word' id='word_1_397' title='bbox 1636 4118 1828 4174; x_wconf 88' lang='lat' dir='ltr'><strong>Theo—</strong></span> 
     </span>
    </p>
   </div>
   <div class='ocr_carea' id='block_1_61' title="bbox 180 4203 1825 4280">
    <p class='ocr_par' dir='ltr' id='par_1_61' title="bbox 180 4203 1825 4280">
     <span class='ocr_line' id='line_1_61' title="bbox 180 4203 1825 4280; baseline 0.003 -21"><span class='ocrx_word' id='word_1_398' title='bbox 180 4203 345 4263; x_wconf 87' lang='lat' dir='ltr'><strong>dorus</strong></span> <span class='ocrx_word' id='word_1_399' title='bbox 384 4210 628 4280; x_wconf 82' lang='lat' dir='ltr'><strong>Amorii,</strong></span> <span class='ocrx_word' id='word_1_400' title='bbox 669 4209 721 4265; x_wconf 92' lang='lat' dir='ltr'><strong>si</strong></span> <span class='ocrx_word' id='word_1_401' title='bbox 763 4207 1132 4278; x_wconf 89' lang='lat' dir='ltr'><strong>protulerunt</strong></span> <span class='ocrx_word' id='word_1_402' title='bbox 1164 4207 1346 4263; x_wconf 91' lang='lat' dir='ltr'><strong>libros</strong></span> <span class='ocrx_word' id='word_1_403' title='bbox 1388 4212 1525 4261; x_wconf 92' lang='lat' dir='ltr'><strong>tunc</strong></span> <span class='ocrx_word' id='word_1_404' title='bbox 1577 4206 1636 4262; x_wconf 93' lang='lat' dir='ltr'><strong>in</strong></span> <span class='ocrx_word' id='word_1_405' title='bbox 1680 4221 1825 4264; x_wconf 90' lang='lat' dir='ltr'><strong>con-</strong></span> 
     </span>
    </p>
   </div>
   <div class='ocr_carea' id='block_1_62' title="bbox 185 4296 334 4353">
    <p class='ocr_par' dir='ltr' id='par_1_62' title="bbox 185 4296 334 4353">
     <span class='ocr_line' id='line_1_62' title="bbox 185 4296 334 4353; baseline 0.027 -4"><span class='ocrx_word' id='word_1_406' title='bbox 185 4296 334 4353; x_wconf 86' lang='lat' dir='ltr'><strong>cilio.</strong></span> 
     </span>
    </p>
   </div>
   <div class='ocr_carea' id='block_1_63' title="bbox 1929 1811 3595 1899">
    <p class='ocr_par' dir='ltr' id='par_1_63' title="bbox 1929 1811 3595 1899">
     <span class='ocr_line' id='line_1_63' title="bbox 1929 1811 3595 1899; baseline 0.013 -34"><span class='ocrx_word' id='word_1_407' title='bbox 1929 1811 2097 1899; x_wconf 84' lang='lat' dir='ltr'><strong>Cypri</strong></span> <span class='ocrx_word' id='word_1_408' title='bbox 2127 1814 2321 1870; x_wconf 90' lang='lat' dir='ltr'><strong>dixit:</strong></span> <span class='ocrx_word' id='word_1_409' title='bbox 2366 1819 2505 1899; x_wconf 88' lang='lat' dir='ltr'><strong>Ecce</strong></span> <span class='ocrx_word' id='word_1_410' title='bbox 2545 1826 2834 1877; x_wconf 91' lang='lat' dir='ltr'><strong>ostensum</strong></span> <span class='ocrx_word' id='word_1_411' title='bbox 2866 1830 2952 1879; x_wconf 90' lang='lat' dir='ltr'><strong>est</strong></span> <span class='ocrx_word' id='word_1_412' title='bbox 2997 1824 3242 1899; x_wconf 90' lang='lat' dir='ltr'><strong>liquido,</strong></span> <span class='ocrx_word' id='word_1_413' title='bbox 3288 1829 3425 1898; x_wconf 93' lang='lat' dir='ltr'><strong>quia</strong></span> <span class='ocrx_word' id='word_1_414' title='bbox 3472 1830 3595 1899; x_wconf 89' lang='lat' dir='ltr'><strong>ipse</strong></span> 
     </span>
    </p>
   </div>
   <div class='ocr_carea' id='block_1_64' title="bbox 1933 1898 3589 1967">
    <p class='ocr_par' dir='ltr' id='par_1_64' title="bbox 1933 1898 3589 1967">
     <span class='ocr_line' id='line_1_64' title="bbox 1933 1898 3589 1967; baseline 0.012 -22"><span class='ocrx_word' id='word_1_415' title='bbox 1933 1898 2165 1948; x_wconf 87' lang='lat' dir='ltr'><strong>sanctus</strong></span> <span class='ocrx_word' id='word_1_416' title='bbox 2204 1901 2260 1949; x_wconf 92' lang='lat' dir='ltr'><strong>et</strong></span> <span class='ocrx_word' id='word_1_417' title='bbox 2288 1898 2552 1967; x_wconf 84' lang='lat' dir='ltr'><strong>egregius</strong></span> <span class='ocrx_word' id='word_1_418' title='bbox 2592 1901 2756 1956; x_wconf 90' lang='lat' dir='ltr'><strong>Pater</strong></span> <span class='ocrx_word' id='word_1_419' title='bbox 2792 1904 2960 1959; x_wconf 90' lang='lat' dir='ltr'><strong>Nilus</strong></span> <span class='ocrx_word' id='word_1_420' title='bbox 3004 1910 3231 1962; x_wconf 88' lang='lat' dir='ltr'><strong>sanctas</strong></span> <span class='ocrx_word' id='word_1_421' title='bbox 3258 1907 3454 1963; x_wconf 91' lang='lat' dir='ltr'><strong>iconas</strong></span> <span class='ocrx_word' id='word_1_422' title='bbox 3479 1898 3589 1965; x_wconf 81' lang='lat' dir='ltr'><strong>su-</strong></span> 
     </span>
    </p>
   </div>
   <div class='ocr_carea' id='block_1_65' title="bbox 1933 1980 3588 2068">
    <p class='ocr_par' dir='ltr' id='par_1_65' title="bbox 1933 1980 3588 2068">
     <span class='ocr_line' id='line_1_65' title="bbox 1933 1980 3588 2068; baseline 0.012 -35"><span class='ocrx_word' id='word_1_423' title='bbox 1933 1980 2229 2049; x_wconf 88' lang='lat' dir='ltr'><strong>scipiebat.</strong></span> <span class='ocrx_word' id='word_1_424' title='bbox 2258 1984 2573 2043; x_wconf 83' lang='lat' dir='ltr'><strong>Accusatus</strong></span> <span class='ocrx_word' id='word_1_425' title='bbox 2596 1993 2682 2043; x_wconf 90' lang='lat' dir='ltr'><strong>est</strong></span> <span class='ocrx_word' id='word_1_426' title='bbox 2709 1995 2898 2045; x_wconf 88' lang='lat' dir='ltr'><strong>autem</strong></span> <span class='ocrx_word' id='word_1_427' title='bbox 2932 2005 2965 2046; x_wconf 93' lang='lat' dir='ltr'><strong>a</strong></span> <span class='ocrx_word' id='word_1_428' title='bbox 2994 1994 3430 2068; x_wconf 87' lang='lat' dir='ltr'><strong>pseudosyllogo</strong></span> <span class='ocrx_word' id='word_1_429' title='bbox 3464 1997 3588 2067; x_wconf 91' lang='lat' dir='ltr'><strong>illo,</strong></span> 
     </span>
    </p>
   </div>
   <div class='ocr_carea' id='block_1_66' title="bbox 1932 2070 3592 2142">
    <p class='ocr_par' dir='ltr' id='par_1_66' title="bbox 1932 2070 3592 2142">
     <span class='ocr_line' id='line_1_66' title="bbox 1932 2070 3592 2142; baseline 0.011 -19"><span class='ocrx_word' id='word_1_430' title='bbox 1932 2070 2081 2139; x_wconf 91' lang='lat' dir='ltr'><strong>quod</strong></span> <span class='ocrx_word' id='word_1_431' title='bbox 2112 2077 2310 2127; x_wconf 89' lang='lat' dir='ltr'><strong>contra</strong></span> <span class='ocrx_word' id='word_1_432' title='bbox 2339 2074 2533 2130; x_wconf 89' lang='lat' dir='ltr'><strong>iconas</strong></span> <span class='ocrx_word' id='word_1_433' title='bbox 2563 2075 2791 2133; x_wconf 91' lang='lat' dir='ltr'><strong>locutus</strong></span> <span class='ocrx_word' id='word_1_434' title='bbox 2830 2078 3025 2134; x_wconf 86' lang='lat' dir='ltr'><strong>fuerit.</strong></span> <span class='ocrx_word' id='word_1_435' title='bbox 3063 2081 3219 2138; x_wconf 90' lang='lat' dir='ltr'><strong>Unde</strong></span> <span class='ocrx_word' id='word_1_436' title='bbox 3246 2083 3442 2139; x_wconf 90' lang='lat' dir='ltr'><strong>miseri</strong></span> <span class='ocrx_word' id='word_1_437' title='bbox 3478 2098 3592 2142; x_wconf 91' lang='lat' dir='ltr'><strong>non</strong></span> 
     </span>
    </p>
   </div>
   <div class='ocr_carea' id='block_1_67' title="bbox 1932 2158 3592 2237">
    <p class='ocr_par' dir='ltr' id='par_1_67' title="bbox 1932 2158 3592 2237">
     <span class='ocr_line' id='line_1_67' title="bbox 1932 2158 3592 2237; baseline 0.01 -25"><span class='ocrx_word' id='word_1_438' title='bbox 1932 2158 2117 2213; x_wconf 90' lang='lat' dir='ltr'><strong>solum</strong></span> <span class='ocrx_word' id='word_1_439' title='bbox 2146 2160 2604 2219; x_wconf 88' lang='lat' dir='ltr'><strong>Christianorum</strong></span> <span class='ocrx_word' id='word_1_440' title='bbox 2650 2165 3117 2237; x_wconf 90' lang='lat' dir='ltr'><strong>calumniatores,</strong></span> <span class='ocrx_word' id='word_1_441' title='bbox 3153 2171 3248 2226; x_wconf 90' lang='lat' dir='ltr'><strong>sed</strong></span> <span class='ocrx_word' id='word_1_442' title='bbox 3293 2177 3350 2226; x_wconf 92' lang='lat' dir='ltr'><strong>et</strong></span> <span class='ocrx_word' id='word_1_443' title='bbox 3374 2176 3592 2227; x_wconf 90' lang='lat' dir='ltr'><strong>sancto-</strong></span> 
     </span>
    </p>
   </div>
   <div class='ocr_carea' id='block_1_68' title="bbox 1933 2247 3587 2329">
    <p class='ocr_par' dir='ltr' id='par_1_68' title="bbox 1933 2247 3587 2329">
     <span class='ocr_line' id='line_1_68' title="bbox 1933 2247 3587 2329; baseline 0.01 -29"><span class='ocrx_word' id='word_1_444' title='bbox 1933 2260 2060 2302; x_wconf 92' lang='lat' dir='ltr'><strong>rum</strong></span> <span class='ocrx_word' id='word_1_445' title='bbox 2091 2247 2534 2306; x_wconf 88' lang='lat' dir='ltr'><strong>calumniatores</strong></span> <span class='ocrx_word' id='word_1_446' title='bbox 2555 2252 2832 2325; x_wconf 88' lang='lat' dir='ltr'><strong>existunt,</strong></span> <span class='ocrx_word' id='word_1_447' title='bbox 2864 2262 2920 2310; x_wconf 91' lang='lat' dir='ltr'><strong>et</strong></span> <span class='ocrx_word' id='word_1_448' title='bbox 2951 2256 3276 2329; x_wconf 85' lang='lat' dir='ltr'><strong>parricidae,</strong></span> <span class='ocrx_word' id='word_1_449' title='bbox 3299 2272 3587 2316; x_wconf 89' lang='lat' dir='ltr'><strong>accusan—</strong></span> 
     </span>
    </p>
   </div>
   <div class='ocr_carea' id='block_1_69' title="bbox 1933 2332 2886 2399">
    <p class='ocr_par' dir='ltr' id='par_1_69' title="bbox 1933 2332 2886 2399">
     <span class='ocr_line' id='line_1_69' title="bbox 1933 2332 2886 2399; baseline 0.008 -11"><span class='ocrx_word' id='word_1_450' title='bbox 1933 2338 2020 2390; x_wconf 91' lang='lat' dir='ltr'><strong>tes</strong></span> <span class='ocrx_word' id='word_1_451' title='bbox 2048 2332 2192 2391; x_wconf 77' lang='lat' dir='ltr'><strong>falso</strong></span> <span class='ocrx_word' id='word_1_452' title='bbox 2222 2338 2644 2395; x_wconf 89' lang='lat' dir='ltr'><strong>sacratissimos</strong></span> <span class='ocrx_word' id='word_1_453' title='bbox 2673 2342 2886 2399; x_wconf 90' lang='lat' dir='ltr'><strong>Patres.</strong></span> 
     </span>
    </p>
   </div>
   <div class='ocr_carea' id='block_1_70' title="bbox 2004 2422 3582 2502">
    <p class='ocr_par' dir='ltr' id='par_1_70' title="bbox 2004 2422 3582 2502">
     <span class='ocr_line' id='line_1_70' title="bbox 2004 2422 3582 2502; baseline 0.01 -26"><span class='ocrx_word' id='word_1_454' title='bbox 2004 2422 2347 2494; x_wconf 84' lang='lat' dir='ltr'><strong>Euthymius</strong></span> <span class='ocrx_word' id='word_1_455' title='bbox 2383 2428 2785 2485; x_wconf 91' lang='lat' dir='ltr'><strong>sanctissimus</strong></span> <span class='ocrx_word' id='word_1_456' title='bbox 2826 2432 3130 2502; x_wconf 88' lang='lat' dir='ltr'><strong>episcopus</strong></span> <span class='ocrx_word' id='word_1_457' title='bbox 3159 2434 3357 2491; x_wconf 89' lang='lat' dir='ltr'><strong>Sardis</strong></span> <span class='ocrx_word' id='word_1_458' title='bbox 3394 2435 3582 2492; x_wconf 82' lang='lat' dir='ltr'><strong>dixit:</strong></span> 
     </span>
    </p>
   </div>
   <div class='ocr_carea' id='block_1_71' title="bbox 1935 2510 3587 2593">
    <p class='ocr_par' dir='ltr' id='par_1_71' title="bbox 1935 2510 3587 2593">
     <span class='ocr_line' id='line_1_71' title="bbox 1935 2510 3587 2593; baseline 0.01 -29"><span class='ocrx_word' id='word_1_459' title='bbox 1935 2510 2168 2567; x_wconf 89' lang='lat' dir='ltr'><strong>Librum</strong></span> <span class='ocrx_word' id='word_1_460' title='bbox 2193 2515 2375 2569; x_wconf 91' lang='lat' dir='ltr'><strong>sancti</strong></span> <span class='ocrx_word' id='word_1_461' title='bbox 2402 2515 2746 2575; x_wconf 89' lang='lat' dir='ltr'><strong>confessoris</strong></span> <span class='ocrx_word' id='word_1_462' title='bbox 2774 2520 3007 2575; x_wconf 85' lang='lat' dir='ltr'><strong>Maximi</strong></span> <span class='ocrx_word' id='word_1_463' title='bbox 3050 2521 3227 2578; x_wconf 87' lang='lat' dir='ltr'><strong>habeo</strong></span> <span class='ocrx_word' id='word_1_464' title='bbox 3259 2537 3373 2593; x_wconf 64' lang='lat' dir='ltr'><strong>prae</strong></span> <span class='ocrx_word' id='word_1_465' title='bbox 3406 2525 3587 2580; x_wconf 90' lang='lat' dir='ltr'><strong>mani-</strong></span> 
     </span>
    </p>
   </div>
   <div class='ocr_carea' id='block_1_72' title="bbox 1935 2598 2969 2678">
    <p class='ocr_par' dir='ltr' id='par_1_72' title="bbox 1935 2598 2969 2678">
     <span class='ocr_line' id='line_1_72' title="bbox 1935 2598 2969 2678; baseline 0.01 -25"><span class='ocrx_word' id='word_1_466' title='bbox 1935 2598 2064 2669; x_wconf 92' lang='lat' dir='ltr'><strong>bus,</strong></span> <span class='ocrx_word' id='word_1_467' title='bbox 2104 2608 2160 2655; x_wconf 91' lang='lat' dir='ltr'><strong>et</strong></span> <span class='ocrx_word' id='word_1_468' title='bbox 2189 2601 2362 2658; x_wconf 74' lang='lat' dir='ltr'><strong>otfero</strong></span> <span class='ocrx_word' id='word_1_469' title='bbox 2392 2617 2520 2660; x_wconf 90' lang='lat' dir='ltr'><strong>eum</strong></span> <span class='ocrx_word' id='word_1_470' title='bbox 2547 2607 2615 2662; x_wconf 87' lang='lat' dir='ltr'><strong>ad</strong></span> <span class='ocrx_word' id='word_1_471' title='bbox 2650 2607 2969 2678; x_wconf 89' lang='lat' dir='ltr'><strong>legendum.</strong></span> 
     </span>
    </p>
   </div>
   <div class='ocr_carea' id='block_1_73' title="bbox 2006 2690 3594 2760">
    <p class='ocr_par' dir='ltr' id='par_1_73' title="bbox 2006 2690 3594 2760">
     <span class='ocr_line' id='line_1_73' title="bbox 2006 2690 3594 2760; baseline 0.009 -17"><span class='ocrx_word' id='word_1_472' title='bbox 2006 2690 2074 2743; x_wconf 88' lang='lat' dir='ltr'><strong>Et</strong></span> <span class='ocrx_word' id='word_1_473' title='bbox 2103 2691 2392 2760; x_wconf 90' lang='lat' dir='ltr'><strong>accipiens</strong></span> <span class='ocrx_word' id='word_1_474' title='bbox 2441 2693 2852 2752; x_wconf 89' lang='lat' dir='ltr'><strong>Constantinus</strong></span> <span class='ocrx_word' id='word_1_475' title='bbox 2892 2697 3178 2755; x_wconf 89' lang='lat' dir='ltr'><strong>diaconus</strong></span> <span class='ocrx_word' id='word_1_476' title='bbox 3219 2704 3276 2756; x_wconf 90' lang='lat' dir='ltr'><strong>et</strong></span> <span class='ocrx_word' id='word_1_477' title='bbox 3329 2702 3594 2758; x_wconf 89' lang='lat' dir='ltr'><strong>notarius</strong></span> 
     </span>
    </p>
   </div>
   <div class='ocr_carea' id='block_1_74' title="bbox 1936 2778 2874 2857">
    <p class='ocr_par' dir='ltr' id='par_1_74' title="bbox 1936 2778 2874 2857">
     <span class='ocr_line' id='line_1_74' title="bbox 1936 2778 2874 2857; baseline 0.011 -26"><span class='ocrx_word' id='word_1_478' title='bbox 1936 2778 2281 2835; x_wconf 88' lang='lat' dir='ltr'><strong>venerabilis</strong></span> <span class='ocrx_word' id='word_1_479' title='bbox 2312 2782 2671 2856; x_wconf 89' lang='lat' dir='ltr'><strong>patriarchii,</strong></span> <span class='ocrx_word' id='word_1_480' title='bbox 2702 2783 2874 2857; x_wconf 84' lang='lat' dir='ltr'><strong>legit:</strong></span> 
     </span>
    </p>
   </div>
   <div class='ocr_carea' id='block_1_75' title="bbox 1932 2902 3593 2975">
    <p class='ocr_par' dir='ltr' id='par_1_75' title="bbox 1932 2902 3593 2975">
     <span class='ocr_line' id='line_1_75' title="bbox 1932 2902 3593 2975; baseline 0.01 -22"><span class='ocrx_word' id='word_1_481' title='bbox 1932 2902 2021 2954; x_wconf 79' lang='lat' dir='ltr'><strong>Ea:</strong></span> <span class='ocrx_word' id='word_1_482' title='bbox 2056 2902 2139 2955; x_wconf 82' lang='lat' dir='ltr'><strong>his</strong></span> <span class='ocrx_word' id='word_1_483' title='bbox 2179 2903 2539 2971; x_wconf 78' lang='lat' dir='ltr'><strong>dogmatibus,</strong></span> <span class='ocrx_word' id='word_1_484' title='bbox 2569 2924 2690 2975; x_wconf 74' lang='lat' dir='ltr'><strong>quae</strong></span> <span class='ocrx_word' id='word_1_485' title='bbox 2720 2914 2862 2962; x_wconf 81' lang='lat' dir='ltr'><strong>mota</strong></span> <span class='ocrx_word' id='word_1_486' title='bbox 2892 2915 3021 2965; x_wconf 82' lang='lat' dir='ltr'><strong>sunt</strong></span> <span class='ocrx_word' id='word_1_487' title='bbox 3060 2913 3204 2965; x_wconf 80' lang='lat' dir='ltr'><strong>inter</strong></span> <span class='ocrx_word' id='word_1_488' title='bbox 3234 2919 3438 2968; x_wconf 72' lang='lat' dir='ltr'><strong>sancta:</strong></span> <span class='ocrx_word' id='word_1_489' title='bbox 3471 2930 3593 2968; x_wconf 85' lang='lat' dir='ltr'><strong>me-</strong></span> 
     </span>
    </p>
   </div>
   <div class='ocr_carea' id='block_1_76' title="bbox 2002 2975 3589 3054">
    <p class='ocr_par' dir='ltr' id='par_1_76' title="bbox 2002 2975 3589 3054">
     <span class='ocr_line' id='line_1_76' title="bbox 2002 2975 3589 3054; baseline 0.009 -29"><span class='ocrx_word' id='word_1_490' title='bbox 2002 2975 2542 3054; x_wconf 55' lang='lat' dir='ltr'><strong>moﬁ§__l_lla:eimum,</strong></span> <span class='ocrx_word' id='word_1_491' title='bbox 2575 2985 2625 3032; x_wconf 82' lang='lat' dir='ltr'><strong>et</strong></span> <span class='ocrx_word' id='word_1_492' title='bbox 2670 2981 3023 3054; x_wconf 59' lang='lat' dir='ltr'><strong>Theodosium</strong></span> <span class='ocrx_word' id='word_1_493' title='bbox 3060 2985 3374 3054; x_wconf 77' lang='lat' dir='ltr'><strong>episcopum</strong></span> <span class='ocrx_word' id='word_1_494' title='bbox 3404 2984 3589 3040; x_wconf 64' lang='lat' dir='ltr'><strong>Caesa-</strong></span> 
     </span>
    </p>
   </div>
   <div class='ocr_carea' id='block_1_77' title="bbox 2002 3046 3592 3127">
    <p class='ocr_par' dir='ltr' id='par_1_77' title="bbox 2002 3046 3592 3127">
     <span class='ocr_line' id='line_1_77' title="bbox 2002 3046 3592 3127; baseline 0.01 -31"><span class='ocrx_word' id='word_1_495' title='bbox 2002 3046 2100 3123; x_wconf 63' lang='lat' dir='ltr'><strong>ria:</strong></span> <span class='ocrx_word' id='word_1_496' title='bbox 2124 3046 2430 3127; x_wconf 39' lang='lat' dir='ltr'><strong>&#39;Billiyniae,_</strong></span> <span class='ocrx_word' id='word_1_497' title='bbox 2452 3054 2503 3103; x_wconf 84' lang='lat' dir='ltr'><strong>et</strong></span> <span class='ocrx_word' id='word_1_498' title='bbox 2529 3051 2794 3105; x_wconf 73' lang='lat' dir='ltr'><strong>consultos</strong></span> <span class='ocrx_word' id='word_1_499' title='bbox 2828 3055 2925 3121; x_wconf 82' lang='lat' dir='ltr'><strong>qui</strong></span> <span class='ocrx_word' id='word_1_500' title='bbox 2962 3046 3220 3124; x_wconf 50' lang='lat' dir='ltr'><strong>eum&#39;ipso</strong></span> <span class='ocrx_word' id='word_1_501' title='bbox 3236 3046 3456 3123; x_wconf 44' lang='lat' dir='ltr'><strong>-erant;</strong></span> <span class='ocrx_word' id='word_1_502' title='bbox 3488 3073 3592 3111; x_wconf 84' lang='lat' dir='ltr'><strong>eu—</strong></span> 
     </span>
    </p>
   </div>
   <div class='ocr_carea' id='block_1_78' title="bbox 1991 3122 2449 3181">
    <p class='ocr_par' dir='ltr' id='par_1_78' title="bbox 1991 3122 2449 3181">
     <span class='ocr_line' id='line_1_78' title="bbox 1991 3122 2449 3181; baseline 0.015 -15"><span class='ocrx_word' id='word_1_503' title='bbox 1991 3122 2091 3181; x_wconf 77' lang='lat' dir='ltr'><strong>Jus</strong></span> <span class='ocrx_word' id='word_1_504' title='bbox 2112 3122 2331 3171; x_wconf 78' lang='lat' dir='ltr'><strong>initium</strong></span> <span class='ocrx_word' id='word_1_505' title='bbox 2354 3124 2449 3172; x_wconf 80' lang='lat' dir='ltr'><strong>est.</strong></span> 
     </span>
    </p>
   </div>
   <div class='ocr_carea' id='block_1_79' title="bbox 1999 3219 3594 3289">
    <p class='ocr_par' dir='ltr' id='par_1_79' title="bbox 1999 3219 3594 3289">
     <span class='ocr_line' id='line_1_79' title="bbox 1999 3219 3594 3289; baseline 0.009 -14"><span class='ocrx_word' id='word_1_506' title='bbox 1999 3219 2133 3288; x_wconf 56' lang='lat' dir='ltr'><strong>Quae</strong></span> <span class='ocrx_word' id='word_1_507' title='bbox 2177 3229 2323 3279; x_wconf 84' lang='lat' dir='ltr'><strong>mota</strong></span> <span class='ocrx_word' id='word_1_508' title='bbox 2356 3230 2491 3281; x_wconf 89' lang='lat' dir='ltr'><strong>sunt</strong></span> <span class='ocrx_word' id='word_1_509' title='bbox 2518 3227 2587 3282; x_wconf 91' lang='lat' dir='ltr'><strong>de</strong></span> <span class='ocrx_word' id='word_1_510' title='bbox 2630 3228 2994 3286; x_wconf 89' lang='lat' dir='ltr'><strong>immaculata</strong></span> <span class='ocrx_word' id='word_1_511' title='bbox 3026 3231 3133 3287; x_wconf 84' lang='lat' dir='ltr'><strong>fide</strong></span> <span class='ocrx_word' id='word_1_512' title='bbox 3177 3238 3371 3289; x_wconf 90' lang='lat' dir='ltr'><strong>nostra</strong></span> <span class='ocrx_word' id='word_1_513' title='bbox 3416 3234 3594 3289; x_wconf 89' lang='lat' dir='ltr'><strong>Chri-</strong></span> 
     </span>
    </p>
   </div>
   <div class='ocr_carea' id='block_1_80' title="bbox 1931 3308 3593 3392">
    <p class='ocr_par' dir='ltr' id='par_1_80' title="bbox 1931 3308 3593 3392">
     <span class='ocr_line' id='line_1_80' title="bbox 1931 3308 3593 3392; baseline 0.009 -29"><span class='ocrx_word' id='word_1_514' title='bbox 1931 3308 2268 3366; x_wconf 88' lang='lat' dir='ltr'><strong>stianorum.</strong></span> <span class='ocrx_word' id='word_1_515' title='bbox 2302 3314 2368 3367; x_wconf 92' lang='lat' dir='ltr'><strong>Et</strong></span> <span class='ocrx_word' id='word_1_516' title='bbox 2391 3320 2518 3382; x_wconf 90' lang='lat' dir='ltr'><strong>post</strong></span> <span class='ocrx_word' id='word_1_517' title='bbox 2541 3316 2689 3371; x_wconf 89' lang='lat' dir='ltr'><strong>alia:</strong></span> <span class='ocrx_word' id='word_1_518' title='bbox 2733 3319 2983 3390; x_wconf 92' lang='lat' dir='ltr'><strong>Domini,</strong></span> <span class='ocrx_word' id='word_1_519' title='bbox 3029 3327 3329 3391; x_wconf 91' lang='lat' dir='ltr'><strong>postquam</strong></span> <span class='ocrx_word' id='word_1_520' title='bbox 3374 3322 3593 3392; x_wconf 91' lang='lat' dir='ltr'><strong>placuit</strong></span> 
     </span>
    </p>
   </div>
   <div class='ocr_carea' id='block_1_81' title="bbox 1930 3399 3589 3484">
    <p class='ocr_par' dir='ltr' id='par_1_81' title="bbox 1930 3399 3589 3484">
     <span class='ocr_line' id='line_1_81' title="bbox 1930 3399 3589 3484; baseline 0.008 -31"><span class='ocrx_word' id='word_1_521' title='bbox 1930 3399 2037 3454; x_wconf 88' lang='lat' dir='ltr'><strong>hoc</strong></span> <span class='ocrx_word' id='word_1_522' title='bbox 2069 3399 2213 3479; x_wconf 83' lang='lat' dir='ltr'><strong>ﬁeri,</strong></span> <span class='ocrx_word' id='word_1_523' title='bbox 2256 3402 2448 3458; x_wconf 87' lang='lat' dir='ltr'><strong>exitus</strong></span> <span class='ocrx_word' id='word_1_524' title='bbox 2490 3402 2587 3458; x_wconf 82' lang='lat' dir='ltr'><strong>ﬁat</strong></span> <span class='ocrx_word' id='word_1_525' title='bbox 2615 3418 2813 3460; x_wconf 91' lang='lat' dir='ltr'><strong>eorum</strong></span> <span class='ocrx_word' id='word_1_526' title='bbox 2841 3421 2967 3475; x_wconf 68' lang='lat' dir='ltr'><strong>quae</strong></span> <span class='ocrx_word' id='word_1_527' title='bbox 2999 3409 3387 3476; x_wconf 67' lang='lat' dir='ltr'><strong>prmdicantur</strong></span> <span class='ocrx_word' id='word_1_528' title='bbox 3414 3406 3433 3484; x_wconf 94' lang='lat'>[</span> <span class='ocrx_word' id='word_1_529' title='bbox 3458 3411 3589 3480; x_wconf 88' lang='lat' dir='ltr'><strong>pla-</strong></span> 
     </span>
    </p>
   </div>
   <div class='ocr_carea' id='block_1_82' title="bbox 1930 3487 3589 3564">
    <p class='ocr_par' dir='ltr' id='par_1_82' title="bbox 1930 3487 3589 3564">
     <span class='ocr_line' id='line_1_82' title="bbox 1930 3487 3589 3564; baseline 0.007 -22"><span class='ocrx_word' id='word_1_530' title='bbox 1930 3487 2208 3562; x_wconf 90' lang='lat' dir='ltr'><strong>cuerunt]</strong></span> <span class='ocrx_word' id='word_1_531' title='bbox 2234 3505 2246 3542; x_wconf 88' lang='lat'><strong>:</strong></span> <span class='ocrx_word' id='word_1_532' title='bbox 2278 3495 2335 3545; x_wconf 91' lang='lat' dir='ltr'><strong>et</strong></span> <span class='ocrx_word' id='word_1_533' title='bbox 2364 3505 2477 3560; x_wconf 91' lang='lat' dir='ltr'><strong>quo</strong></span> <span class='ocrx_word' id='word_1_534' title='bbox 2506 3493 2702 3563; x_wconf 91' lang='lat' dir='ltr'><strong>vultis,</strong></span> <span class='ocrx_word' id='word_1_535' title='bbox 2742 3508 2951 3564; x_wconf 89' lang='lat' dir='ltr'><strong>sequor</strong></span> <span class='ocrx_word' id='word_1_536' title='bbox 2978 3509 3094 3551; x_wconf 91' lang='lat' dir='ltr'><strong>vos.</strong></span> <span class='ocrx_word' id='word_1_537' title='bbox 3132 3499 3199 3551; x_wconf 90' lang='lat' dir='ltr'><strong>Et</strong></span> <span class='ocrx_word' id='word_1_538' title='bbox 3231 3498 3288 3552; x_wconf 91' lang='lat' dir='ltr'><strong>in</strong></span> <span class='ocrx_word' id='word_1_539' title='bbox 3323 3498 3417 3553; x_wconf 91' lang='lat' dir='ltr'><strong>his</strong></span> <span class='ocrx_word' id='word_1_540' title='bbox 3448 3513 3589 3553; x_wconf 91' lang='lat' dir='ltr'><strong>sur-</strong></span> 
     </span>
    </p>
   </div>
   <div class='ocr_carea' id='block_1_83' title="bbox 1931 3582 3592 3659">
    <p class='ocr_par' dir='ltr' id='par_1_83' title="bbox 1931 3582 3592 3659">
     <span class='ocr_line' id='line_1_83' title="bbox 1931 3582 3592 3659; baseline 0.007 -28"><span class='ocrx_word' id='word_1_541' title='bbox 1931 3583 2199 3633; x_wconf 89' lang='lat' dir='ltr'><strong>rexerunt</strong></span> <span class='ocrx_word' id='word_1_542' title='bbox 2223 3592 2417 3635; x_wconf 90' lang='lat' dir='ltr'><strong>omnes</strong></span> <span class='ocrx_word' id='word_1_543' title='bbox 2453 3595 2582 3635; x_wconf 91' lang='lat' dir='ltr'><strong>cum</strong></span> <span class='ocrx_word' id='word_1_544' title='bbox 2609 3582 2818 3659; x_wconf 88' lang='lat' dir='ltr'><strong>gaudio</strong></span> <span class='ocrx_word' id='word_1_545' title='bbox 2840 3587 2896 3638; x_wconf 91' lang='lat' dir='ltr'><strong>et</strong></span> <span class='ocrx_word' id='word_1_546' title='bbox 2917 3584 3202 3656; x_wconf 82' lang='lat' dir='ltr'><strong>lacrymis,</strong></span> <span class='ocrx_word' id='word_1_547' title='bbox 3223 3590 3278 3640; x_wconf 91' lang='lat' dir='ltr'><strong>et</strong></span> <span class='ocrx_word' id='word_1_548' title='bbox 3306 3585 3592 3642; x_wconf 88' lang='lat' dir='ltr'><strong>miserunt</strong></span> 
     </span>
    </p>
   </div>
   <div class='ocr_carea' id='block_1_84' title="bbox 1932 3670 3588 3747">
    <p class='ocr_par' dir='ltr' id='par_1_84' title="bbox 1932 3670 3588 3747">
     <span class='ocr_line' id='line_1_84' title="bbox 1932 3670 3588 3747; baseline 0.007 -25"><span class='ocrx_word' id='word_1_549' title='bbox 1932 3675 2263 3724; x_wconf 86' lang='lat' dir='ltr'><strong>metanoeam</strong></span> <span class='ocrx_word' id='word_1_550' title='bbox 2292 3682 2333 3740; x_wconf 72' lang='grc'>³,</span> <span class='ocrx_word' id='word_1_551' title='bbox 2378 3676 2435 3726; x_wconf 91' lang='lat' dir='ltr'><strong>et</strong></span> <span class='ocrx_word' id='word_1_552' title='bbox 2457 3672 2642 3728; x_wconf 87' lang='lat' dir='ltr'><strong>oratio</strong></span> <span class='ocrx_word' id='word_1_553' title='bbox 2698 3670 2845 3729; x_wconf 88' lang='lat' dir='ltr'><strong>facta</strong></span> <span class='ocrx_word' id='word_1_554' title='bbox 2888 3679 3010 3729; x_wconf 91' lang='lat' dir='ltr'><strong>est:</strong></span> <span class='ocrx_word' id='word_1_555' title='bbox 3063 3680 3118 3729; x_wconf 91' lang='lat' dir='ltr'><strong>et</strong></span> <span class='ocrx_word' id='word_1_556' title='bbox 3182 3676 3588 3747; x_wconf 89' lang='lat' dir='ltr'><strong>unusquisque</strong></span> 
     </span>
    </p>
   </div>
   <div class='ocr_carea' id='block_1_85' title="bbox 1932 3760 3594 3833">
    <p class='ocr_par' dir='ltr' id='par_1_85' title="bbox 1932 3760 3594 3833">
     <span class='ocr_line' id='line_1_85' title="bbox 1932 3760 3594 3833; baseline 0.005 -21"><span class='ocrx_word' id='word_1_557' title='bbox 1932 3768 2188 3825; x_wconf 86' lang='lat' dir='ltr'><strong>ipsorum</strong></span> <span class='ocrx_word' id='word_1_558' title='bbox 2227 3764 2420 3814; x_wconf 89' lang='lat' dir='ltr'><strong>sancta</strong></span> <span class='ocrx_word' id='word_1_559' title='bbox 2456 3760 2780 3832; x_wconf 80' lang='lat' dir='ltr'><strong>Evangelia,</strong></span> <span class='ocrx_word' id='word_1_560' title='bbox 2808 3767 2865 3817; x_wconf 92' lang='lat' dir='ltr'><strong>et</strong></span> <span class='ocrx_word' id='word_1_561' title='bbox 2888 3763 3210 3832; x_wconf 83' lang='lat' dir='ltr'><strong>pretiosam</strong></span> <span class='ocrx_word' id='word_1_562' title='bbox 3261 3778 3509 3833; x_wconf 90' lang='lat' dir='ltr'><strong>crucem,</strong></span> <span class='ocrx_word' id='word_1_563' title='bbox 3539 3771 3594 3821; x_wconf 93' lang='lat' dir='ltr'><strong>et</strong></span> 
     </span>
    </p>
   </div>
   <div class='ocr_carea' id='block_1_86' title="bbox 1934 3846 3593 3924">
    <p class='ocr_par' dir='ltr' id='par_1_86' title="bbox 1934 3846 3593 3924">
     <span class='ocr_line' id='line_1_86' title="bbox 1934 3846 3593 3924; baseline 0.005 -23"><span class='ocrx_word' id='word_1_564' title='bbox 1934 3846 2156 3902; x_wconf 88' lang='lat' dir='ltr'><strong>iconam</strong></span> <span class='ocrx_word' id='word_1_565' title='bbox 2184 3847 2285 3903; x_wconf 90' lang='lat' dir='ltr'><strong>Dei</strong></span> <span class='ocrx_word' id='word_1_566' title='bbox 2317 3854 2372 3903; x_wconf 89' lang='lat' dir='ltr'><strong>et</strong></span> <span class='ocrx_word' id='word_1_567' title='bbox 2408 3849 2721 3906; x_wconf 89' lang='lat' dir='ltr'><strong>Salvatoris</strong></span> <span class='ocrx_word' id='word_1_568' title='bbox 2751 3852 2933 3907; x_wconf 89' lang='lat' dir='ltr'><strong>nostri</strong></span> <span class='ocrx_word' id='word_1_569' title='bbox 2964 3853 3096 3908; x_wconf 87' lang='lat' dir='ltr'><strong>Jesu</strong></span> <span class='ocrx_word' id='word_1_570' title='bbox 3119 3852 3358 3924; x_wconf 88' lang='lat' dir='ltr'><strong>Christi,</strong></span> <span class='ocrx_word' id='word_1_571' title='bbox 3392 3860 3449 3909; x_wconf 92' lang='lat' dir='ltr'><strong>et</strong></span> <span class='ocrx_word' id='word_1_572' title='bbox 3477 3853 3593 3910; x_wconf 86' lang='lat' dir='ltr'><strong>do—</strong></span> 
     </span>
    </p>
   </div>
   <div class='ocr_carea' id='block_1_87' title="bbox 1935 3935 3596 4011">
    <p class='ocr_par' dir='ltr' id='par_1_87' title="bbox 1935 3935 3596 4011">
     <span class='ocr_line' id='line_1_87' title="bbox 1935 3935 3596 4011; baseline 0.006 -22"><span class='ocrx_word' id='word_1_573' title='bbox 1935 3935 2103 3990; x_wconf 67' lang='lat' dir='ltr'><strong>mina:</strong></span> <span class='ocrx_word' id='word_1_574' title='bbox 2123 3942 2331 3992; x_wconf 65' lang='lat' dir='ltr'><strong>nostra:</strong></span> <span class='ocrx_word' id='word_1_575' title='bbox 2362 3952 2488 4006; x_wconf 68' lang='lat' dir='ltr'><strong>quae</strong></span> <span class='ocrx_word' id='word_1_576' title='bbox 2516 3953 2645 3994; x_wconf 91' lang='lat' dir='ltr'><strong>eum</strong></span> <span class='ocrx_word' id='word_1_577' title='bbox 2688 3941 2908 4011; x_wconf 89' lang='lat' dir='ltr'><strong>genuit,</strong></span> <span class='ocrx_word' id='word_1_578' title='bbox 2943 3942 3322 3998; x_wconf 70' lang='lat' dir='ltr'><strong>sanctissimae</strong></span> <span class='ocrx_word' id='word_1_579' title='bbox 3352 3942 3452 3998; x_wconf 91' lang='lat' dir='ltr'><strong>Dei</strong></span> <span class='ocrx_word' id='word_1_580' title='bbox 3475 3941 3596 3999; x_wconf 80' lang='lat' dir='ltr'><strong>Ge—</strong></span> 
     </span>
    </p>
   </div>
   <div class='ocr_carea' id='block_1_88' title="bbox 1933 4024 3594 4100">
    <p class='ocr_par' dir='ltr' id='par_1_88' title="bbox 1933 4024 3594 4100">
     <span class='ocr_line' id='line_1_88' title="bbox 1933 4024 3594 4100; baseline 0.005 -22"><span class='ocrx_word' id='word_1_581' title='bbox 1933 4024 2184 4091; x_wconf 83' lang='lat' dir='ltr'><strong>nitricis,</strong></span> <span class='ocrx_word' id='word_1_582' title='bbox 2228 4025 2640 4099; x_wconf 89' lang='lat' dir='ltr'><strong>salutaverunt,</strong></span> <span class='ocrx_word' id='word_1_583' title='bbox 2686 4036 2959 4098; x_wconf 89' lang='lat' dir='ltr'><strong>ponentes</strong></span> <span class='ocrx_word' id='word_1_584' title='bbox 3004 4036 3061 4085; x_wconf 92' lang='lat' dir='ltr'><strong>et</strong></span> <span class='ocrx_word' id='word_1_585' title='bbox 3095 4032 3358 4100; x_wconf 90' lang='lat' dir='ltr'><strong>proprias</strong></span> <span class='ocrx_word' id='word_1_586' title='bbox 3390 4044 3594 4087; x_wconf 89' lang='lat' dir='ltr'><strong>manus</strong></span> 
     </span>
    </p>
   </div>
   <div class='ocr_carea' id='block_1_89' title="bbox 1934 4113 3588 4188">
    <p class='ocr_par' dir='ltr' id='par_1_89' title="bbox 1934 4113 3588 4188">
     <span class='ocr_line' id='line_1_89' title="bbox 1934 4113 3588 4188; baseline 0.006 -21"><span class='ocrx_word' id='word_1_587' title='bbox 1934 4113 1994 4168; x_wconf 89' lang='lat' dir='ltr'><strong>in</strong></span> <span class='ocrx_word' id='word_1_588' title='bbox 2043 4115 2532 4172; x_wconf 76' lang='lat' dir='ltr'><strong>conﬁrmationem</strong></span> <span class='ocrx_word' id='word_1_589' title='bbox 2575 4131 2772 4173; x_wconf 90' lang='lat' dir='ltr'><strong>eorum</strong></span> <span class='ocrx_word' id='word_1_590' title='bbox 2820 4133 2946 4188; x_wconf 65' lang='lat' dir='ltr'><strong>quae</strong></span> <span class='ocrx_word' id='word_1_591' title='bbox 3001 4119 3155 4175; x_wconf 91' lang='lat' dir='ltr'><strong>dicta</strong></span> <span class='ocrx_word' id='word_1_592' title='bbox 3212 4119 3457 4176; x_wconf 87' lang='lat' dir='ltr'><strong>fuerant.</strong></span> <span class='ocrx_word' id='word_1_593' title='bbox 3518 4121 3588 4177; x_wconf 91' lang='lat' dir='ltr'><strong>Et</strong></span> 
     </span>
    </p>
   </div>
   <div class='ocr_carea' id='block_1_90' title="bbox 1935 4202 3596 4279">
    <p class='ocr_par' dir='ltr' id='par_1_90' title="bbox 1935 4202 3596 4279">
     <span class='ocr_line' id='line_1_90' title="bbox 1935 4202 3596 4279; baseline 0.005 -22"><span class='ocrx_word' id='word_1_594' title='bbox 1935 4202 2105 4271; x_wconf 88' lang='lat' dir='ltr'><strong>paulo</strong></span> <span class='ocrx_word' id='word_1_595' title='bbox 2163 4209 2334 4272; x_wconf 91' lang='lat' dir='ltr'><strong>post:</strong></span> <span class='ocrx_word' id='word_1_596' title='bbox 2389 4204 2706 4261; x_wconf 89' lang='lat' dir='ltr'><strong>Conversus</strong></span> <span class='ocrx_word' id='word_1_597' title='bbox 2747 4220 2881 4279; x_wconf 88' lang='lat' dir='ltr'><strong>ergo</strong></span> <span class='ocrx_word' id='word_1_598' title='bbox 2937 4207 3005 4262; x_wconf 91' lang='lat' dir='ltr'><strong>ad</strong></span> <span class='ocrx_word' id='word_1_599' title='bbox 3046 4209 3378 4278; x_wconf 91' lang='lat' dir='ltr'><strong>episcopum</strong></span> <span class='ocrx_word' id='word_1_600' title='bbox 3417 4208 3596 4265; x_wconf 90' lang='lat' dir='ltr'><strong>abbas</strong></span> 
     </span>
    </p>
   </div>
   <div class='ocr_carea' id='block_1_91' title="bbox 1934 4290 3588 4368">
    <p class='ocr_par' dir='ltr' id='par_1_91' title="bbox 1934 4290 3588 4368">
     <span class='ocr_line' id='line_1_91' title="bbox 1934 4290 3588 4368; baseline 0.005 -24"><span class='ocrx_word' id='word_1_601' title='bbox 1934 4290 2236 4358; x_wconf 86' lang='lat' dir='ltr'><strong>Maximus,</strong></span> <span class='ocrx_word' id='word_1_602' title='bbox 2276 4307 2406 4348; x_wconf 88' lang='lat' dir='ltr'><strong>cum</strong></span> <span class='ocrx_word' id='word_1_603' title='bbox 2439 4292 2709 4363; x_wconf 89' lang='lat' dir='ltr'><strong>lacrymis</strong></span> <span class='ocrx_word' id='word_1_604' title='bbox 2734 4294 2889 4350; x_wconf 88' lang='lat' dir='ltr'><strong>dixit</strong></span> <span class='ocrx_word' id='word_1_605' title='bbox 2935 4295 3020 4350; x_wconf 90' lang='lat' dir='ltr'><strong>ei:</strong></span> <span class='ocrx_word' id='word_1_606' title='bbox 3085 4297 3324 4352; x_wconf 91' lang='lat' dir='ltr'><strong>Domine</strong></span> <span class='ocrx_word' id='word_1_607' title='bbox 3368 4310 3588 4368; x_wconf 91' lang='lat' dir='ltr'><strong>magne,</strong></span> 
     </span>
    </p>
   </div>
   <div class='ocr_carea' id='block_1_92' title="bbox 242 4370 3591 4459">
    <p class='ocr_par' dir='ltr' id='par_1_92' title="bbox 242 4370 3591 4459">
     <span class='ocr_line' id='line_1_92' title="bbox 242 4370 3591 4459; baseline 0.003 -26"><span class='ocrx_word' id='word_1_608' title='bbox 242 4387 546 4459; x_wconf 68' lang='lat' dir='ltr'><strong>Gregorius</strong></span> <span class='ocrx_word' id='word_1_609' title='bbox 590 4392 649 4443; x_wconf 71' lang='lat' dir='ltr'><strong>ei</strong></span> <span class='ocrx_word' id='word_1_610' title='bbox 698 4386 1030 4443; x_wconf 72' lang='lat' dir='ltr'><strong>Theodorus</strong></span> <span class='ocrx_word' id='word_1_611' title='bbox 1064 4386 1179 4441; x_wconf 77' lang='lat' dir='ltr'><strong>Deo</strong></span> <span class='ocrx_word' id='word_1_612' title='bbox 1221 4385 1499 4441; x_wconf 79' lang='lat' dir='ltr'><strong>amabiles</strong></span> <span class='ocrx_word' id='word_1_613' title='bbox 1563 4386 1820 4456; x_wconf 79' lang='lat' dir='ltr'><strong>episcopi</strong></span> <span class='ocrx_word' id='word_1_614' title='bbox 1850 4370 1906 4432; x_wconf 94' lang='lat' dir='ltr'><strong>D</strong></span> <span class='ocrx_word' id='word_1_615' title='bbox 1934 4378 2085 4434; x_wconf 91' lang='lat' dir='ltr'><strong>diem</strong></span> <span class='ocrx_word' id='word_1_616' title='bbox 2111 4380 2324 4450; x_wconf 92' lang='lat' dir='ltr'><strong>judicii</strong></span> <span class='ocrx_word' id='word_1_617' title='bbox 2347 4387 2738 4451; x_wconf 89' lang='lat' dir='ltr'><strong>exspectamus</strong></span> <span class='ocrx_word' id='word_1_618' title='bbox 2767 4396 2991 4439; x_wconf 90' lang='lat' dir='ltr'><strong>omnes:</strong></span> <span class='ocrx_word' id='word_1_619' title='bbox 3029 4385 3181 4440; x_wconf 92' lang='lat' dir='ltr'><strong>nosti</strong></span> <span class='ocrx_word' id='word_1_620' title='bbox 3210 4399 3337 4454; x_wconf 71' lang='lat' dir='ltr'><strong>qua:</strong></span> <span class='ocrx_word' id='word_1_621' title='bbox 3361 4385 3591 4456; x_wconf 86' lang='lat' dir='ltr'><strong>signata</strong></span> 
     </span>
    </p>
   </div>
   <div class='ocr_carea' id='block_1_93' title="bbox 185 4470 1826 4547">
    <p class='ocr_par' dir='ltr' id='par_1_93' title="bbox 185 4470 1826 4547">
     <span class='ocr_line' id='line_1_93' title="bbox 185 4470 1826 4547; baseline 0.004 -23"><span class='ocrx_word' id='word_1_622' title='bbox 185 4470 465 4532; x_wconf 89' lang='lat' dir='ltr'><strong>dixerunt:</strong></span> <span class='ocrx_word' id='word_1_623' title='bbox 541 4479 936 4547; x_wconf 88' lang='lat' dir='ltr'><strong>Nequaquam,</strong></span> <span class='ocrx_word' id='word_1_624' title='bbox 1002 4474 1268 4543; x_wconf 84' lang='lat' dir='ltr'><strong>domine;</strong></span> <span class='ocrx_word' id='word_1_625' title='bbox 1330 4475 1425 4531; x_wconf 89' lang='lat' dir='ltr'><strong>sed</strong></span> <span class='ocrx_word' id='word_1_626' title='bbox 1488 4489 1589 4545; x_wconf 91' lang='lat' dir='ltr'><strong>pro</strong></span> <span class='ocrx_word' id='word_1_627' title='bbox 1653 4475 1826 4530; x_wconf 87' lang='lat' dir='ltr'><strong>libris</strong></span> 
     </span>
    </p>
   </div>
   <div class='ocr_carea' id='block_1_94' title="bbox 189 4561 1828 4634">
    <p class='ocr_par' dir='ltr' id='par_1_94' title="bbox 189 4561 1828 4634">
     <span class='ocr_line' id='line_1_94' title="bbox 189 4561 1828 4634; baseline 0.004 -19"><span class='ocrx_word' id='word_1_628' title='bbox 189 4561 405 4629; x_wconf 84' lang='lat' dir='ltr'><strong>pittacia</strong></span> <span class='ocrx_word' id='word_1_629' title='bbox 467 4565 638 4622; x_wconf 90' lang='lat' dir='ltr'><strong>nobis</strong></span> <span class='ocrx_word' id='word_1_630' title='bbox 685 4564 1059 4621; x_wconf 89' lang='lat' dir='ltr'><strong>ostenderunt</strong></span> <span class='ocrx_word' id='word_1_631' title='bbox 1106 4569 1163 4619; x_wconf 91' lang='lat' dir='ltr'><strong>et</strong></span> <span class='ocrx_word' id='word_1_632' title='bbox 1203 4577 1271 4619; x_wconf 91' lang='lat' dir='ltr'><strong>ex</strong></span> <span class='ocrx_word' id='word_1_633' title='bbox 1320 4563 1405 4619; x_wconf 89' lang='lat' dir='ltr'><strong>eis</strong></span> <span class='ocrx_word' id='word_1_634' title='bbox 1464 4563 1828 4634; x_wconf 89' lang='lat' dir='ltr'><strong>decipiebant</strong></span> 
     </span>
    </p>
   </div>
   <div class='ocr_carea' id='block_1_95' title="bbox 192 4662 298 4707">
    <p class='ocr_par' dir='ltr' id='par_1_95' title="bbox 192 4662 298 4707">
     <span class='ocr_line' id='line_1_95' title="bbox 192 4662 298 4707; baseline 0.038 -4"><span class='ocrx_word' id='word_1_635' title='bbox 192 4662 298 4707; x_wconf 92' lang='lat' dir='ltr'><strong>nos.</strong></span> 
     </span>
    </p>
   </div>
   <div class='ocr_carea' id='block_1_96' title="bbox 252 4741 1820 4813">
    <p class='ocr_par' dir='ltr' id='par_1_96' title="bbox 252 4741 1820 4813">
     <span class='ocr_line' id='line_1_96' title="bbox 252 4741 1820 4813; baseline 0.001 -19"><span class='ocrx_word' id='word_1_636' title='bbox 252 4741 579 4813; x_wconf 78' lang='lat' dir='ltr'><strong>Euthymius</strong></span> <span class='ocrx_word' id='word_1_637' title='bbox 608 4743 1013 4799; x_wconf 90' lang='lat' dir='ltr'><strong>sanctissimus</strong></span> <span class='ocrx_word' id='word_1_638' title='bbox 1058 4742 1363 4812; x_wconf 88' lang='lat' dir='ltr'><strong>episcopus</strong></span> <span class='ocrx_word' id='word_1_639' title='bbox 1407 4741 1605 4797; x_wconf 89' lang='lat' dir='ltr'><strong>Sardis</strong></span> <span class='ocrx_word' id='word_1_640' title='bbox 1633 4741 1820 4797; x_wconf 89' lang='lat' dir='ltr'><strong>dixit:</strong></span> 
     </span>
    </p>
   </div>
   <div class='ocr_carea' id='block_1_97' title="bbox 196 4826 1823 4901">
    <p class='ocr_par' dir='ltr' id='par_1_97' title="bbox 196 4826 1823 4901">
     <span class='ocr_line' id='line_1_97' title="bbox 196 4826 1823 4901; baseline 0.001 -19"><span class='ocrx_word' id='word_1_641' title='bbox 196 4826 249 4882; x_wconf 90' lang='lat' dir='ltr'><strong>Et</strong></span> <span class='ocrx_word' id='word_1_642' title='bbox 274 4834 545 4900; x_wconf 89' lang='lat' dir='ltr'><strong>quomodo</strong></span> <span class='ocrx_word' id='word_1_643' title='bbox 574 4847 675 4889; x_wconf 85' lang='lat' dir='ltr'><strong>vos</strong></span> <span class='ocrx_word' id='word_1_644' title='bbox 701 4846 831 4888; x_wconf 90' lang='lat' dir='ltr'><strong>cum</strong></span> <span class='ocrx_word' id='word_1_645' title='bbox 857 4831 1063 4887; x_wconf 89' lang='lat' dir='ltr'><strong>essetis</strong></span> <span class='ocrx_word' id='word_1_646' title='bbox 1090 4830 1299 4886; x_wconf 90' lang='lat' dir='ltr'><strong>summi</strong></span> <span class='ocrx_word' id='word_1_647' title='bbox 1333 4830 1675 4901; x_wconf 87' lang='lat' dir='ltr'><strong>sacerdotes,</strong></span> <span class='ocrx_word' id='word_1_648' title='bbox 1711 4843 1823 4886; x_wconf 91' lang='lat' dir='ltr'><strong>non</strong></span> 
     </span>
    </p>
   </div>
   <div class='ocr_carea' id='block_1_98' title="bbox 197 4918 1578 4994">
    <p class='ocr_par' dir='ltr' id='par_1_98' title="bbox 197 4918 1578 4994">
     <span class='ocr_line' id='line_1_98' title="bbox 197 4918 1578 4994; baseline 0.001 -23"><span class='ocrx_word' id='word_1_649' title='bbox 197 4921 497 4989; x_wconf 84' lang='lat' dir='ltr'><strong>requisistis</strong></span> <span class='ocrx_word' id='word_1_650' title='bbox 523 4922 745 4994; x_wconf 86' lang='lat' dir='ltr'><strong>integra</strong></span> <span class='ocrx_word' id='word_1_651' title='bbox 776 4920 1107 4976; x_wconf 85' lang='lat' dir='ltr'><strong>testimonia</strong></span> <span class='ocrx_word' id='word_1_652' title='bbox 1136 4933 1205 4975; x_wconf 88' lang='lat' dir='ltr'><strong>ex</strong></span> <span class='ocrx_word' id='word_1_653' title='bbox 1236 4918 1578 4976; x_wconf 86' lang='lat' dir='ltr'><strong>codicibus?</strong></span> 
     </span>
    </p>
   </div>
   <div class='ocr_carea' id='block_1_99' title="bbox 250 5008 1826 5084">
    <p class='ocr_par' dir='ltr' id='par_1_99' title="bbox 250 5008 1826 5084">
     <span class='ocr_line' id='line_1_99' title="bbox 250 5008 1826 5084; baseline 0.001 -20"><span class='ocrx_word' id='word_1_654' title='bbox 250 5009 547 5084; x_wconf 80' lang='lat' dir='ltr'><strong>Gregorius</strong></span> <span class='ocrx_word' id='word_1_655' title='bbox 612 5010 1023 5066; x_wconf 89' lang='lat' dir='ltr'><strong>sanctissimus</strong></span> <span class='ocrx_word' id='word_1_656' title='bbox 1086 5009 1394 5078; x_wconf 89' lang='lat' dir='ltr'><strong>episcopus</strong></span> <span class='ocrx_word' id='word_1_657' title='bbox 1456 5008 1826 5065; x_wconf 61' lang='lat' dir='ltr'><strong>Neocaesaria:</strong></span> 
     </span>
    </p>
   </div>
   <div class='ocr_carea' id='block_1_100' title="bbox 196 5095 1826 5170">
    <p class='ocr_par' dir='ltr' id='par_1_100' title="bbox 196 5095 1826 5170">
     <span class='ocr_line' id='line_1_100' title="bbox 196 5095 1826 5170; baseline 0.003 -22"><span class='ocrx_word' id='word_1_658' title='bbox 196 5095 355 5154; x_wconf 87' lang='lat' dir='ltr'><strong>dixit:</strong></span> <span class='ocrx_word' id='word_1_659' title='bbox 404 5101 600 5169; x_wconf 87' lang='lat' dir='ltr'><strong>Crede,</strong></span> <span class='ocrx_word' id='word_1_660' title='bbox 656 5098 855 5170; x_wconf 88' lang='lat' dir='ltr'><strong>frater,</strong></span> <span class='ocrx_word' id='word_1_661' title='bbox 909 5112 1018 5154; x_wconf 90' lang='lat' dir='ltr'><strong>non</strong></span> <span class='ocrx_word' id='word_1_662' title='bbox 1064 5097 1230 5153; x_wconf 87' lang='lat' dir='ltr'><strong>nobis</strong></span> <span class='ocrx_word' id='word_1_663' title='bbox 1272 5101 1395 5152; x_wconf 88' lang='lat' dir='ltr'><strong>erat</strong></span> <span class='ocrx_word' id='word_1_664' title='bbox 1424 5110 1599 5168; x_wconf 61' lang='lat' dir='ltr'><strong>cura},</strong></span> <span class='ocrx_word' id='word_1_665' title='bbox 1643 5110 1826 5167; x_wconf 87' lang='lat' dir='ltr'><strong>neque</strong></span> 
     </span>
    </p>
   </div>
   <div class='ocr_carea' id='block_1_101' title="bbox 198 5186 1826 5257">
    <p class='ocr_par' dir='ltr' id='par_1_101' title="bbox 198 5186 1826 5257">
     <span class='ocr_line' id='line_1_101' title="bbox 198 5186 1826 5257; baseline -0.001 -15"><span class='ocrx_word' id='word_1_666' title='bbox 198 5190 421 5247; x_wconf 87' lang='lat' dir='ltr'><strong>studium</strong></span> <span class='ocrx_word' id='word_1_667' title='bbox 454 5190 587 5245; x_wconf 91' lang='lat' dir='ltr'><strong>inde</strong></span> <span class='ocrx_word' id='word_1_668' title='bbox 611 5188 960 5257; x_wconf 90' lang='lat' dir='ltr'><strong>habuimus;</strong></span> <span class='ocrx_word' id='word_1_669' title='bbox 988 5186 1083 5243; x_wconf 90' lang='lat' dir='ltr'><strong>sed</strong></span> <span class='ocrx_word' id='word_1_670' title='bbox 1108 5191 1173 5243; x_wconf 92' lang='lat' dir='ltr'><strong>ut</strong></span> <span class='ocrx_word' id='word_1_671' title='bbox 1191 5186 1471 5256; x_wconf 90' lang='lat' dir='ltr'><strong>scriptum</strong></span> <span class='ocrx_word' id='word_1_672' title='bbox 1498 5192 1603 5257; x_wconf 89' lang='lat' dir='ltr'><strong>est,</strong></span> <span class='ocrx_word' id='word_1_673' title='bbox 1626 5186 1826 5242; x_wconf 85' lang='lat' dir='ltr'><strong>obscu-</strong></span> 
     </span>
    </p>
   </div>
   <div class='ocr_carea' id='block_1_102' title="bbox 248 5349 1823 5421">
    <p class='ocr_par' dir='ltr' id='par_1_102' title="bbox 248 5349 1823 5421">
     <span class='ocr_line' id='line_1_102' title="bbox 248 5349 1823 5421; baseline -0.002 -13"><span class='ocrx_word' id='word_1_674' title='bbox 248 5364 266 5390; x_wconf 78' lang='grc'>³</span> <span class='ocrx_word' id='word_1_675' title='bbox 290 5356 345 5409; x_wconf 87' lang='lat' dir='ltr'><strong>ln</strong></span> <span class='ocrx_word' id='word_1_676' title='bbox 388 5353 514 5410; x_wconf 89' lang='lat' dir='ltr'><strong>cod.</strong></span> <span class='ocrx_word' id='word_1_677' title='bbox 546 5351 785 5421; x_wconf 83' lang='lat' dir='ltr'><strong>Jolyano</strong></span> <span class='ocrx_word' id='word_1_678' title='bbox 816 5350 922 5405; x_wconf 92' lang='lat' dir='ltr'><strong>hoc</strong></span> <span class='ocrx_word' id='word_1_679' title='bbox 950 5350 1187 5405; x_wconf 89' lang='lat' dir='ltr'><strong>additur</strong></span> <span class='ocrx_word' id='word_1_680' title='bbox 1211 5349 1518 5421; x_wconf 87' lang='lat' dir='ltr'><strong>glossema:</strong></span> <span class='ocrx_word' id='word_1_681' title='bbox 1555 5351 1823 5405; x_wconf 80' lang='lat' dir='ltr'><strong>Metanoea</strong></span> 
     </span>
    </p>
   </div>
   <div class='ocr_carea' id='block_1_103' title="bbox 194 5420 1828 5492">
    <p class='ocr_par' dir='ltr' id='par_1_103' title="bbox 194 5420 1828 5492">
     <span class='ocr_line' id='line_1_103' title="bbox 194 5420 1828 5492; baseline -0.002 -13"><span class='ocrx_word' id='word_1_682' title='bbox 194 5428 478 5492; x_wconf 65' lang='lat' dir='ltr'><strong>[aruitth</strong></span> <span class='ocrx_word' id='word_1_683' title='bbox 501 5420 902 5492; x_wconf 73' lang='lat' dir='ltr'><strong>interpretatur</strong></span> <span class='ocrx_word' id='word_1_684' title='bbox 918 5440 937 5487; x_wconf 88' lang='lat'><strong>;</strong></span> <span class='ocrx_word' id='word_1_685' title='bbox 980 5422 1075 5474; x_wconf 83' lang='lat' dir='ltr'><strong>hoc</strong></span> <span class='ocrx_word' id='word_1_686' title='bbox 1104 5427 1284 5474; x_wconf 80' lang='lat' dir='ltr'><strong>tamen</strong></span> <span class='ocrx_word' id='word_1_687' title='bbox 1317 5422 1375 5472; x_wconf 80' lang='lat' dir='ltr'><strong>in</strong></span> <span class='ocrx_word' id='word_1_688' title='bbox 1397 5420 1506 5472; x_wconf 81' lang='lat' dir='ltr'><strong>loco</strong></span> <span class='ocrx_word' id='word_1_689' title='bbox 1519 5437 1623 5489; x_wconf 79' lang='lat' dir='ltr'><strong>pro</strong></span> <span class='ocrx_word' id='word_1_690' title='bbox 1647 5437 1828 5487; x_wconf 69' lang='lat' dir='ltr'><strong>genu-</strong></span> 
     </span>
    </p>
   </div>
   <div class='ocr_carea' id='block_1_104' title="bbox 194 5492 1829 5561">
    <p class='ocr_par' dir='ltr' id='par_1_104' title="bbox 194 5492 1829 5561">
     <span class='ocr_line' id='line_1_104' title="bbox 194 5492 1829 5561; baseline -0.004 -9"><span class='ocrx_word' id='word_1_691' title='bbox 194 5500 388 5561; x_wconf 66' lang='lat' dir='ltr'><strong>flexione</strong></span> <span class='ocrx_word' id='word_1_692' title='bbox 432 5498 681 5561; x_wconf 79' lang='lat' dir='ltr'><strong>ponitur.</strong></span> <span class='ocrx_word' id='word_1_693' title='bbox 749 5493 900 5547; x_wconf 80' lang='lat' dir='ltr'><strong>Unde</strong></span> <span class='ocrx_word' id='word_1_694' title='bbox 946 5508 1067 5545; x_wconf 87' lang='lat' dir='ltr'><strong>cum</strong></span> <span class='ocrx_word' id='word_1_695' title='bbox 1128 5492 1283 5552; x_wconf 82' lang='lat' dir='ltr'><strong>dicit,</strong></span> <span class='ocrx_word' id='word_1_696' title='bbox 1332 5492 1600 5544; x_wconf 75' lang='lat' dir='ltr'><strong>miserunt</strong></span> <span class='ocrx_word' id='word_1_697' title='bbox 1647 5498 1829 5546; x_wconf 84' lang='lat' dir='ltr'><strong>meta—</strong></span> 
     </span>
    </p>
   </div>
   <div class='ocr_carea' id='block_1_105' title="bbox 197 5563 1830 5634">
    <p class='ocr_par' dir='ltr' id='par_1_105' title="bbox 197 5563 1830 5634">
     <span class='ocr_line' id='line_1_105' title="bbox 197 5563 1830 5634; baseline -0.004 -9"><span class='ocrx_word' id='word_1_698' title='bbox 197 5583 362 5634; x_wconf 78' lang='lat' dir='ltr'><strong>mzam,</strong></span> <span class='ocrx_word' id='word_1_699' title='bbox 412 5563 554 5623; x_wconf 64' lang='lat' dir='ltr'><strong>nihil</strong></span> <span class='ocrx_word' id='word_1_700' title='bbox 591 5564 757 5620; x_wconf 84' lang='lat' dir='ltr'><strong>aliud</strong></span> <span class='ocrx_word' id='word_1_701' title='bbox 784 5563 1145 5631; x_wconf 74' lang='lat' dir='ltr'><strong>intelligatur,</strong></span> <span class='ocrx_word' id='word_1_702' title='bbox 1178 5563 1325 5617; x_wconf 84' lang='lat' dir='ltr'><strong>nisi:</strong></span> <span class='ocrx_word' id='word_1_703' title='bbox 1349 5566 1652 5632; x_wconf 77' lang='lat' dir='ltr'><strong>posuerunt</strong></span> <span class='ocrx_word' id='word_1_704' title='bbox 1672 5567 1830 5620; x_wconf 69' lang='lat' dir='ltr'><strong>terra:</strong></span> 
     </span>
    </p>
   </div>
   <div class='ocr_carea' id='block_1_106' title="bbox 1932 4469 3585 4544">
    <p class='ocr_par' dir='ltr' id='par_1_106' title="bbox 1932 4469 3585 4544">
     <span class='ocr_line' id='line_1_106' title="bbox 1932 4469 3585 4544; baseline 0.004 -21"><span class='ocrx_word' id='word_1_705' title='bbox 1932 4472 1991 4524; x_wconf 91' lang='lat' dir='ltr'><strong>et</strong></span> <span class='ocrx_word' id='word_1_706' title='bbox 2022 4469 2230 4539; x_wconf 89' lang='lat' dir='ltr'><strong>placita</strong></span> <span class='ocrx_word' id='word_1_707' title='bbox 2261 4476 2396 4525; x_wconf 91' lang='lat' dir='ltr'><strong>sunt</strong></span> <span class='ocrx_word' id='word_1_708' title='bbox 2432 4485 2603 4540; x_wconf 93' lang='lat' dir='ltr'><strong>super</strong></span> <span class='ocrx_word' id='word_1_709' title='bbox 2642 4472 2860 4527; x_wconf 91' lang='lat' dir='ltr'><strong>sanctis</strong></span> <span class='ocrx_word' id='word_1_710' title='bbox 2894 4473 3240 4544; x_wconf 81' lang='lat' dir='ltr'><strong>Evangeliis,</strong></span> <span class='ocrx_word' id='word_1_711' title='bbox 3273 4478 3330 4528; x_wconf 91' lang='lat' dir='ltr'><strong>et</strong></span> <span class='ocrx_word' id='word_1_712' title='bbox 3358 4473 3585 4530; x_wconf 88' lang='lat' dir='ltr'><strong>vivifica</strong></span> 
     </span>
    </p>
   </div>
   <div class='ocr_carea' id='block_1_107' title="bbox 1935 4558 3582 4632">
    <p class='ocr_par' dir='ltr' id='par_1_107' title="bbox 1935 4558 3582 4632">
     <span class='ocr_line' id='line_1_107' title="bbox 1935 4558 3582 4632; baseline 0.003 -20"><span class='ocrx_word' id='word_1_713' title='bbox 1935 4571 2124 4629; x_wconf 88' lang='lat' dir='ltr'><strong>cruce,</strong></span> <span class='ocrx_word' id='word_1_714' title='bbox 2163 4562 2219 4612; x_wconf 89' lang='lat' dir='ltr'><strong>et</strong></span> <span class='ocrx_word' id='word_1_715' title='bbox 2261 4558 2510 4629; x_wconf 87' lang='lat' dir='ltr'><strong>imagine</strong></span> <span class='ocrx_word' id='word_1_716' title='bbox 2550 4560 2651 4615; x_wconf 91' lang='lat' dir='ltr'><strong>Dei</strong></span> <span class='ocrx_word' id='word_1_717' title='bbox 2679 4565 2735 4615; x_wconf 92' lang='lat' dir='ltr'><strong>et</strong></span> <span class='ocrx_word' id='word_1_718' title='bbox 2768 4559 3081 4616; x_wconf 89' lang='lat' dir='ltr'><strong>Salvatoris</strong></span> <span class='ocrx_word' id='word_1_719' title='bbox 3110 4560 3315 4632; x_wconf 90' lang='lat' dir='ltr'><strong>nostri,</strong></span> <span class='ocrx_word' id='word_1_720' title='bbox 3346 4574 3411 4616; x_wconf 92' lang='lat' dir='ltr'><strong>ac</strong></span> <span class='ocrx_word' id='word_1_721' title='bbox 3441 4575 3582 4617; x_wconf 89' lang='lat' dir='ltr'><strong>san-</strong></span> 
     </span>
    </p>
   </div>
   <div class='ocr_carea' id='block_1_108' title="bbox 1935 4647 3593 4722">
    <p class='ocr_par' dir='ltr' id='par_1_108' title="bbox 1935 4647 3593 4722">
     <span class='ocr_line' id='line_1_108' title="bbox 1935 4647 3593 4722; baseline 0.003 -21"><span class='ocrx_word' id='word_1_722' title='bbox 1935 4647 2207 4702; x_wconf 64' lang='lat' dir='ltr'><strong>ctissimae</strong></span> <span class='ocrx_word' id='word_1_723' title='bbox 2231 4651 2288 4701; x_wconf 89' lang='lat' dir='ltr'><strong>et</strong></span> <span class='ocrx_word' id='word_1_724' title='bbox 2311 4660 2530 4716; x_wconf 89' lang='lat' dir='ltr'><strong>semper</strong></span> <span class='ocrx_word' id='word_1_725' title='bbox 2557 4649 2813 4720; x_wconf 84' lang='lat' dir='ltr'><strong>Virginis</strong></span> <span class='ocrx_word' id='word_1_726' title='bbox 2840 4650 3041 4704; x_wconf 89' lang='lat' dir='ltr'><strong>matris</strong></span> <span class='ocrx_word' id='word_1_727' title='bbox 3067 4649 3213 4721; x_wconf 90' lang='lat' dir='ltr'><strong>ejus,</strong></span> <span class='ocrx_word' id='word_1_728' title='bbox 3258 4664 3384 4721; x_wconf 77' lang='lat' dir='ltr'><strong>qua:</strong></span> <span class='ocrx_word' id='word_1_729' title='bbox 3416 4664 3593 4722; x_wconf 89' lang='lat' dir='ltr'><strong>pepe-</strong></span> 
     </span>
    </p>
   </div>
   <div class='ocr_carea' id='block_1_109' title="bbox 1936 4736 2186 4792">
    <p class='ocr_par' dir='ltr' id='par_1_109' title="bbox 1936 4736 2186 4792">
     <span class='ocr_line' id='line_1_109' title="bbox 1936 4736 2186 4792; baseline -0.016 0"><span class='ocrx_word' id='word_1_730' title='bbox 1936 4736 2013 4792; x_wconf 91' lang='lat' dir='ltr'><strong>rit</strong></span> <span class='ocrx_word' id='word_1_731' title='bbox 2037 4749 2186 4791; x_wconf 91' lang='lat' dir='ltr'><strong>eum.</strong></span> 
     </span>
    </p>
   </div>
   <div class='ocr_carea' id='block_1_110' title="bbox 2003 4825 3593 4898">
    <p class='ocr_par' dir='ltr' id='par_1_110' title="bbox 2003 4825 3593 4898">
     <span class='ocr_line' id='line_1_110' title="bbox 2003 4825 3593 4898; baseline 0.003 -19"><span class='ocrx_word' id='word_1_732' title='bbox 2003 4825 2415 4881; x_wconf 88' lang='lat' dir='ltr'><strong>Constantinus</strong></span> <span class='ocrx_word' id='word_1_733' title='bbox 2456 4827 2861 4883; x_wconf 88' lang='lat' dir='ltr'><strong>sanctissimus</strong></span> <span class='ocrx_word' id='word_1_734' title='bbox 2895 4828 3201 4898; x_wconf 88' lang='lat' dir='ltr'><strong>episcopus</strong></span> <span class='ocrx_word' id='word_1_735' title='bbox 3246 4827 3593 4884; x_wconf 70' lang='lat' dir='ltr'><strong>Constantia:</strong></span> 
     </span>
    </p>
   </div>
   <div class='ocr_carea' id='block_1_111' title="bbox 1934 4913 3593 4986">
    <p class='ocr_par' dir='ltr' id='par_1_111' title="bbox 1934 4913 3593 4986">
     <span class='ocr_line' id='line_1_111' title="bbox 1934 4913 3593 4986; baseline 0.003 -18"><span class='ocrx_word' id='word_1_736' title='bbox 1934 4913 2102 4985; x_wconf 89' lang='lat' dir='ltr'><strong>Cypri</strong></span> <span class='ocrx_word' id='word_1_737' title='bbox 2128 4914 2311 4969; x_wconf 88' lang='lat' dir='ltr'><strong>dixit:</strong></span> <span class='ocrx_word' id='word_1_738' title='bbox 2344 4914 2765 4986; x_wconf 87' lang='lat' dir='ltr'><strong>Salutaverunt,</strong></span> <span class='ocrx_word' id='word_1_739' title='bbox 2800 4916 2895 4971; x_wconf 92' lang='lat' dir='ltr'><strong>hic</strong></span> <span class='ocrx_word' id='word_1_740' title='bbox 2937 4931 3039 4986; x_wconf 92' lang='lat' dir='ltr'><strong>pro</strong></span> <span class='ocrx_word' id='word_1_741' title='bbox 3067 4917 3404 4973; x_wconf 89' lang='lat' dir='ltr'><strong>adoratione</strong></span> <span class='ocrx_word' id='word_1_742' title='bbox 3427 4919 3593 4973; x_wconf 87' lang='lat' dir='ltr'><strong>Pater</strong></span> 
     </span>
    </p>
   </div>
   <div class='ocr_carea' id='block_1_112' title="bbox 1935 5003 3593 5077">
    <p class='ocr_par' dir='ltr' id='par_1_112' title="bbox 1935 5003 3593 5077">
     <span class='ocr_line' id='line_1_112' title="bbox 1935 5003 3593 5077; baseline -0.001 -16"><span class='ocrx_word' id='word_1_743' title='bbox 1935 5004 2268 5073; x_wconf 90' lang='lat' dir='ltr'><strong>assumpsit,</strong></span> <span class='ocrx_word' id='word_1_744' title='bbox 2301 5003 2571 5075; x_wconf 91' lang='lat' dir='ltr'><strong>quoniam</strong></span> <span class='ocrx_word' id='word_1_745' title='bbox 2603 5012 2864 5060; x_wconf 87' lang='lat' dir='ltr'><strong>sanetum</strong></span> <span class='ocrx_word' id='word_1_746' title='bbox 2900 5006 3271 5077; x_wconf 84' lang='lat' dir='ltr'><strong>Evangellum</strong></span> <span class='ocrx_word' id='word_1_747' title='bbox 3310 5011 3366 5061; x_wconf 91' lang='lat' dir='ltr'><strong>et</strong></span> <span class='ocrx_word' id='word_1_748' title='bbox 3394 5006 3593 5062; x_wconf 80' lang='lat' dir='ltr'><strong>viviti-</strong></span> 
     </span>
    </p>
   </div>
   <div class='ocr_carea' id='block_1_113' title="bbox 1935 5091 3591 5162">
    <p class='ocr_par' dir='ltr' id='par_1_113' title="bbox 1935 5091 3591 5162">
     <span class='ocr_line' id='line_1_113' title="bbox 1935 5091 3591 5162; baseline 0 -12"><span class='ocrx_word' id='word_1_749' title='bbox 1935 5108 2058 5150; x_wconf 92' lang='lat' dir='ltr'><strong>cam</strong></span> <span class='ocrx_word' id='word_1_750' title='bbox 2096 5107 2320 5149; x_wconf 92' lang='lat' dir='ltr'><strong>crucem</strong></span> <span class='ocrx_word' id='word_1_751' title='bbox 2362 5091 2657 5162; x_wconf 86' lang='lat' dir='ltr'><strong>adoravit;</strong></span> <span class='ocrx_word' id='word_1_752' title='bbox 2701 5106 2831 5148; x_wconf 91' lang='lat' dir='ltr'><strong>cum</strong></span> <span class='ocrx_word' id='word_1_753' title='bbox 2858 5093 3072 5162; x_wconf 87' lang='lat' dir='ltr'><strong>quibus</strong></span> <span class='ocrx_word' id='word_1_754' title='bbox 3121 5095 3294 5150; x_wconf 91' lang='lat' dir='ltr'><strong>etiam</strong></span> <span class='ocrx_word' id='word_1_755' title='bbox 3325 5095 3591 5151; x_wconf 91' lang='lat' dir='ltr'><strong>colendas</strong></span> 
     </span>
    </p>
   </div>
   <div class='ocr_carea' id='block_1_114' title="bbox 1940 5182 3444 5257">
    <p class='ocr_par' dir='ltr' id='par_1_114' title="bbox 1940 5182 3444 5257">
     <span class='ocr_line' id='line_1_114' title="bbox 1940 5182 3444 5257; baseline -0.001 -18"><span class='ocrx_word' id='word_1_756' title='bbox 1940 5184 2220 5257; x_wconf 86' lang='lat' dir='ltr'><strong>imagines</strong></span> <span class='ocrx_word' id='word_1_757' title='bbox 2242 5182 2554 5238; x_wconf 86' lang='lat' dir='ltr'><strong>Salvatoris</strong></span> <span class='ocrx_word' id='word_1_758' title='bbox 2577 5188 2633 5237; x_wconf 92' lang='lat' dir='ltr'><strong>et</strong></span> <span class='ocrx_word' id='word_1_759' title='bbox 2660 5182 2786 5251; x_wconf 91' lang='lat' dir='ltr'><strong>ejus</strong></span> <span class='ocrx_word' id='word_1_760' title='bbox 2820 5182 3199 5239; x_wconf 76' lang='lat' dir='ltr'><strong>immaculata:</strong></span> <span class='ocrx_word' id='word_1_761' title='bbox 3224 5184 3444 5240; x_wconf 86' lang='lat' dir='ltr'><strong>Matris.</strong></span> 
     </span>
    </p>
   </div>
   <div class='ocr_carea' id='block_1_115' title="bbox 1936 5344 3591 5415">
    <p class='ocr_par' dir='ltr' id='par_1_115' title="bbox 1936 5344 3591 5415">
     <span class='ocr_line' id='line_1_115' title="bbox 1936 5344 3591 5415; baseline -0.004 -14"><span class='ocrx_word' id='word_1_762' title='bbox 1936 5364 2153 5415; x_wconf 83' lang='lat' dir='ltr'><strong>genua;</strong></span> <span class='ocrx_word' id='word_1_763' title='bbox 2201 5348 2330 5414; x_wconf 83' lang='lat' dir='ltr'><strong>quia</strong></span> <span class='ocrx_word' id='word_1_764' title='bbox 2362 5346 2503 5398; x_wconf 81' lang='lat' dir='ltr'><strong>enim</strong></span> <span class='ocrx_word' id='word_1_765' title='bbox 2536 5345 2914 5413; x_wconf 62' lang='lat' dir='ltr'><strong>paenitentiam</strong></span> <span class='ocrx_word' id='word_1_766' title='bbox 2950 5349 3028 5399; x_wconf 83' lang='lat' dir='ltr'><strong>est</strong></span> <span class='ocrx_word' id='word_1_767' title='bbox 3073 5345 3304 5398; x_wconf 69' lang='lat' dir='ltr'><strong>maxime</strong></span> <span class='ocrx_word' id='word_1_768' title='bbox 3344 5344 3591 5415; x_wconf 77' lang='lat' dir='ltr'><strong>genuﬂe—</strong></span> 
     </span>
    </p>
   </div>
   <div class='ocr_carea' id='block_1_116' title="bbox 1936 5413 3589 5486">
    <p class='ocr_par' dir='ltr' id='par_1_116' title="bbox 1936 5413 3589 5486">
     <span class='ocr_line' id='line_1_116' title="bbox 1936 5413 3589 5486; baseline -0.005 -14"><span class='ocrx_word' id='word_1_769' title='bbox 1936 5413 2092 5477; x_wconf 65' lang='grc' dir='ltr'><strong>ὀίω-ί»,</strong></span> <span class='ocrx_word' id='word_1_770' title='bbox 2137 5413 2270 5486; x_wconf 53' lang='lat' dir='ltr'><strong>sape</strong></span> <span class='ocrx_word' id='word_1_771' title='bbox 2324 5416 2496 5469; x_wconf 72' lang='lat' dir='ltr'><strong>Grin</strong></span> <span class='ocrx_word' id='word_1_772' title='bbox 2534 5418 2957 5485; x_wconf 58' lang='lat' dir='ltr'><strong>genu/lenonem</strong></span> <span class='ocrx_word' id='word_1_773' title='bbox 3006 5420 3344 5485; x_wconf 79' lang='lat' dir='ltr'><strong>mctanwum,</strong></span> <span class='ocrx_word' id='word_1_774' title='bbox 3411 5413 3472 5466; x_wconf 83' lang='lat' dir='ltr'><strong>id</strong></span> <span class='ocrx_word' id='word_1_775' title='bbox 3513 5414 3589 5464; x_wconf 80' lang='lat' dir='ltr'><strong>est</strong></span> 
     </span>
    </p>
   </div>
   <div class='ocr_carea' id='block_1_117' title="bbox 1927 5490 2541 5561">
    <p class='ocr_par' dir='ltr' id='par_1_117' title="bbox 1927 5490 2541 5561">
     <span class='ocr_line' id='line_1_117' title="bbox 1927 5490 2541 5561; baseline -0.007 -16"><span class='ocrx_word' id='word_1_776' title='bbox 1927 5490 2325 5561; x_wconf 80' lang='lat' dir='ltr'><strong>pomitentiam,</strong></span> <span class='ocrx_word' id='word_1_777' title='bbox 2346 5492 2541 5542; x_wconf 78' lang='lat' dir='ltr'><strong>vocant</strong></span> 
     </span>
    </p>
   </div>
  </div>
