4012 6162
441 217 538 280 294

1619 245 1630 252 α
1683 215 2040 272 ANASTASII
2081 214 2389 270 BIBLIOTH
2397 213 2619 271 ECARII
3717 215 3806 274 292

511 341 782 398 Tarasius
859 341 1262 397 sanctissimus
1337 340 1630 410 patriacha
1685 340 1867 396 dixit:
1936 337 2176 399 Con—A
2269 338 2539 394 Tarasius
2563 335 2964 393 sanctissimus
3002 333 3504 404 patriarchadixit:
3527 336 3660 406 Quia
3681 341 3808 410 prin-

446 435 822 486 numerantur
885 443 1015 486 cum
1071 429 1286 484 sanctis
1340 429 1491 485 vasis
1535 429 1900 486 honorabiles
1943 429 2096 484 ima-
2203 425 2411 496 cipalis
2455 427 2653 482 charta
2707 429 2812 496 est,
2870 424 2931 480 in
2989 436 3103 494 qua
3159 421 3610 494 subscripserunt
3655 429 3808 484 sancti

484 535 626 573 ιῐιθδ.

484 535 502 573 ι
615 559 626 571 .

444 535 480 590 g
509 533 716 662 [Sida
755 606 1006 676 synodus
1029 606 1216 662 dixit:
1251 603 1614 662 Manifestum
1646 611 1750 663 est.

2205 515 2416 570 Patres.

2277 604 2478 660 Petrus
2526 603 2930 664 sanctissimus
2959 601 3264 672 episcopus
3308 599 3634 656 Nicomedia
3656 603 3808 660 dixit:

512 695 874 750 Sanctissimi
905 695 1160 765 episcopi
1197 694 1414 750 Sicilia
1448 694 1654 750 insula
1694 695 1998 751 dixerunt:
2035 698 2101 751 ut
2207 691 2472 748 Etalium
2490 693 2744 750 codicem
2770 691 2969 762 habeo,
2994 689 3094 761 qui
3117 689 3371 746 continet
3395 689 3606 744 easdem
3626 691 3816 763 regulas

443 787 635 839 sancta
659 797 789 840 cum
813 783 1028 839 εθιιοιὶε
1056 787 1562 839 connumerantur.

514 874 716 929 Petrus
759 872 1161 929 sanctissimus
1187 872 1494 942 episcopus
1538 873 1884 929 Nicomedia
1912 872 2096 928 dixit:

444 959 727 1017 Habemus
755 966 811 1016 et
845 975 950 1017 nos
991 962 1250 1017 eumdem
1275 960 1490 1018 librum
1535 961 1719 1017 sancti
1743 961 1973 1016 Maximi
1999 980 2016 1028 ;
2047 964 2105 1016 et

445 1049 496 1105 si
522 1049 760 1120 jubetis,
795 1049 1120 1120 relegantur
1141 1065 1268 1120 qua
1299 1051 1568 1120 praedicta
1589 1055 1744 1106 sunt.

516 1139 748 1194 Cosmas
809 1138 1090 1194 diaconus
1136 1143 1193 1194 et
1235 1138 1605 1196 cubuclesius
1660 1152 1912 1210 sumens,
1964 1138 2104 1212 legit

447 1227 846 1298 prascriptum
877 1227 1060 1283 sancti
1087 1227 1320 1284 Maximi
1349 1227 1762 1284 testimonium.

515 1316 787 1372 Tarasius
817 1317 1218 1374 sanctissimus
1268 1317 1593 1387 patriarcha
1619 1317 1808 1374 dixit:
1854 1317 2110 1388 Conspi—

447 1405 688 1474 ciamus,
718 1403 1218 1477 fratresﬁqualiter
1240 1405 1474 1476 dixerit,
1499 1405 1637 1476 quia
1669 1407 2095 1462 salutaverunt:

451 1494 600 1564 quod
645 1499 700 1550 et
731 1507 836 1551 nos
878 1494 1116 1552 honoris
1157 1493 1361 1551 affectu
1402 1493 1586 1551 facere
1623 1495 1913 1552 debemus.
1961 1497 2100 1551 Nam

451 1581 620 1638 latria
648 1588 841 1638 nostra
868 1584 938 1639 ad
973 1597 1148 1639 unum
1179 1585 1356 1640 Deum
1388 1583 1652 1640 refertur.

2213 795 2392 842 sacra
2417 787 2592 837 sexta
2623 781 2846 852 synodi.

2279 874 2402 942 Quo
2430 875 2678 939 accepto,
2711 869 2909 924 Niceta
2957 866 3466 924 reverendissimus
3501 865 3752 922 diaconus
3774 873 3820 926 et

2213 961 2476 1020 notarius
2503 959 2644 1030 legit
2672 957 2933 1014 eumdem
2957 969 3248 1012 canonem.

2282 1049 2554 1106 Tarasius
2591 1046 2996 1104 sanctissimus
3037 1043 3360 1114 patriarcha
3387 1041 3570 1098 dixit:
3613 1042 3820 1110 Quidam

2214 1138 2575 1212 ignoratione
2604 1136 2939 1208 languentes
2965 1135 3024 1190 in
3057 1133 3162 1190 hos
3198 1146 3442 1190 canones
3468 1134 3823 1190 scandalizan-

2213 1234 2330 1300 tur,
2377 1229 2726 1282 asserentes:
2770 1225 2945 1281 Putas
2975 1227 3145 1280 sexta
3193 1223 3394 1293 synodi
3439 1219 3607 1278 sunt?
3631 1222 3825 1293 Cogno-

2213 1320 2376 1374 scant
2426 1321 2613 1372 autem
2658 1315 2760 1384 qui
2811 1313 3140 1384 hujusmodi
3189 1315 3344 1382 sunt,
3392 1311 3536 1381 quod
3585 1315 3756 1366 sancta
3779 1315 3825 1367 et

2215 1419 2416 1478 magna
2445 1409 2602 1461 sexta
2649 1403 2902 1474 synodus
2931 1402 3040 1459 sub
3080 1400 3453 1458 Constantino
3493 1397 3658 1456 fuerit
3697 1397 3825 1454 cele«

2213 1495 2376 1551 brata
2400 1500 2599 1550 contra
2640 1492 2791 1563 illos,
2822 1491 2922 1563 qui
2960 1504 3132 1548 unam
3179 1488 3446 1546 dicebant
3483 1487 3825 1558 Operationem

2214 1590 2270 1640 et
2297 1582 2648 1640 voluntatem
2680 1582 2739 1636 in
2777 1580 3038 1637 Christo:
3077 1580 3136 1635 in
3167 1591 3281 1649 qua
3313 1576 3594 1634 bareticis
3618 1574 3827 1630 anathe-

519 1671 762 1728 Joannes
834 1673 1346 1728 reverendissimus
1397 1673 1689 1744 presbyter
1742 1677 1798 1729 et
1847 1672 2104 1730 vicarius
2133 1655 2186 1718 Β
2220 1671 2524 1740 matizatis,
2566 1675 2622 1727 et
2666 1669 2982 1726 orthodoxa
3010 1668 3314 1739 explanata
3343 1667 3468 1736 ﬁde,
3513 1665 3725 1720 domum
3750 1676 3828 1718 re-

451 1759 832 1816 Orientalium
864 1761 1091 1817 sedium
1135 1761 1322 1817 dixit:
1371 1762 1497 1818 Nisi
1537 1768 1729 1818 essent
1770 1763 2104 1818 necessaria

452 1849 751 1920 imagines,
801 1863 1161 1920 nequaquam
1202 1851 1272 1906 ad
1321 1851 1601 1907 cautelam
1645 1864 1740 1907 eas
1790 1851 2107 1906 salutavis—

452 1942 611 1993 sent:
662 1938 742 1993 ita
781 1942 848 1993 ut
898 1952 1074 2009 aqua
1103 1939 1369 2008 potentia
1413 1939 1778 1996 honorabiles
1831 1939 2110 2012 imagines

452 2039 582 2082 cum
607 2025 913 2097 Evangelio
941 2031 998 2081 et
1037 2028 1285 2096 pretiosa
1309 2041 1479 2084 cruce
1503 2027 1640 2083 sint.

525 2115 729 2170 Petrus
759 2109 1163 2171 sanctissimus
1191 2116 1495 2186 episcopus
1534 2117 1880 2173 Nicomedia
1922 2117 2103 2172 dixit:

453 2203 524 2258 Et
554 2201 660 2258 hoc
709 2216 820 2258 non
866 2203 1287 2275 qualiscunque
1311 2205 1418 2276 vir,
1444 2206 1537 2261 sed
1565 2207 1849 2262 Maximus
1879 2205 1980 2262 ille
2000 2208 2111 2263 Deo

455 2291 707 2362 sapiens,
739 2296 796 2346 et
824 2296 1152 2348 sanctorum
1197 2294 1552 2364 consimilis;
1599 2295 1835 2366 insuper
1873 2299 1928 2352 et
1966 2310 2114 2352 con-

427 2378 658 2450 .fessor,
691 2384 748 2434 et
788 2380 1051 2436 veritatis
1077 2387 1500 2454 propugnator:
1542 2385 1644 2454 qui
1675 2392 1732 2440 et
1757 2385 1970 2442 sufﬁcit
2002 2400 2116 2442 no~

455 2468 548 2524 bis
575 2468 644 2526 ad
679 2467 1021 2526 imitandum
1054 2470 1113 2525 in
1140 2471 1442 2527 salutando
1473 2486 1662 2529 sacras
1705 2474 2001 2546 imagines.

526 2555 684 2610 Elias
712 2557 1223 2615 reverendissimus
1250 2559 1540 2630 presbyter
1589 2558 1846 2635 [primus
1874 2563 2116 2635 presby-

458 2642 583 2719 ter]
617 2650 826 2701 sancta
853 2645 1120 2702 Ecclesia
1149 2648 1395 2704 domina
1439 2654 1647 2706 nostra
1673 2652 1776 2706 Dei
1800 2651 2115 2707 Genitricis

459 2733 520 2789 in
559 2733 893 2790 Blachernis
913 2734 1060 2805 sita,
1094 2735 1234 2807 legit
1255 2750 1324 2792 ex
1351 2737 1548 2794 charta
1573 2739 1814 2796 habente
1833 2739 2120 2797 deﬁnitio.

464 2835 566 2879 nes
596 2827 804 2878 sancta
847 2836 912 2878 ac
960 2823 1305 2880 universalis
1330 2831 1502 2882 sexta
1528 2828 1750 2898 synodi.

461 2962 647 3018 Canon
687 2969 886 3020 sancta
921 2981 986 3020 ac
1029 2967 1355 3022 universalis
1393 2974 1558 3024 seata
1601 2981 1624 3008 ε
1659 2972 1858 3040 synodi
1903 2975 2118 3040 octoge-

1098 3040 1266 3092 simus
1295 3041 1581 3096 secundus.

531 3178 594 3234 In
627 3176 971 3248 quibusdam
1005 3179 1420 3238 venerabilium
1453 3181 1770 3255 imaginum
1810 3183 2120 3255 scripturis

460 3265 658 3338 Agnus
683 3265 868 3338 digito
901 3269 1274 3338 pracursoris
1324 3275 1590 3328 ostensus
1625 3273 1982 3346 designatur,
2017 3273 2114 3346 qui

464 3355 525 3410 in
551 3355 790 3427 ﬁguram
836 3356 1128 3414 admissus
1167 3363 1256 3415 est
1298 3361 1516 3432 gratia,
1574 3375 1770 3418 verum
1815 3361 1984 3421 nobis
2023 3377 2122 3433 per

462 3443 640 3516 legem
672 3446 1090 3514 praostendens
1113 3447 1338 3520 Agnum
1367 3451 1661 3508 Christum
1683 3452 1990 3509 Dominum
2024 3465 2120 3508 no-

462 3538 666 3590 strum.
699 3535 924 3590 Veteres
961 3549 1094 3608 ergo
1147 3535 1359 3595 formas
1387 3545 1443 3594 et
1474 3539 1724 3610 umbras,
1758 3544 1822 3595 ut
1862 3539 2122 3596 veritatis

463 3621 718 3693 symbola
741 3626 798 3676 et
822 3621 1312 3694 praﬁgurationes
1341 3626 1606 3682 Ecclesia
1637 3627 1880 3682 traditas
1897 3627 2123 3698 ample—

465 3715 698 3777 ctentes,
732 3709 973 3780 gratiam
1001 3709 1358 3778 praferimus
1385 3718 1440 3770 et
1464 3714 1780 3782 veritatem,
1829 3720 1892 3771 ut
1931 3715 2126 3786 pleni-

465 3797 724 3854 tudinem
781 3795 927 3868 legis
985 3797 1131 3854 hanc
1184 3801 1583 3870 suscipientes.
1643 3803 1936 3872 Quatenus
1987 3818 2120 3878 ergo

472 3883 742 3954 perfectio
785 3888 842 3938 et
877 3883 938 3939 in
967 3885 1224 3943 colorum
1255 3891 1690 3960 operationibus
1720 3892 2120 3950 universorum

471 3969 731 4028 vultibus
753 3971 1097 4046 ascribatur,
1119 3975 1265 4048 Agni
1291 3979 1507 4036 Christi
1527 3979 1628 4036 Dei
1657 3981 1863 4052 nostri,
1888 3983 1988 4052 qui
2015 3982 2118 4039 tol-

473 4060 544 4117 lit
575 4063 864 4129 pcccatum
900 4065 1122 4135 mundi,
1150 4067 1463 4124 secundum
1497 4067 1908 4126 humanitatem
1933 4070 2129 4126 chara-

473 4152 680 4206 cterem
715 4151 775 4202 et
805 4150 865 4208 in
919 4152 1272 4226 imaginibus
1317 4171 1386 4212 ex
1424 4171 1576 4214 nunc
1620 4172 1722 4228 pro
1761 4159 1936 4214 veteri
1980 4172 2127 4230 agno

2215 1760 2364 1816 versi
2387 1764 2522 1816 sunt
2538 1757 2966 1830 quartodecimo
3003 1771 3152 1813 anno
3170 1757 3290 1812 Con
3302 1753 3558 1812 stantini.
3577 1754 3710 1825 Ergo
3727 1755 3829 1821 post

2221 1854 2468 1920 quatuor
2508 1849 2628 1904 sive
2666 1847 2923 1918 quinque
2945 1860 3126 1902 annos
3160 1845 3338 1900 iidem
3369 1844 3480 1915 ipsi
3508 1845 3690 1898 Patres
3712 1853 3831 1896 con-

2221 1939 2509 1995 venientes
2540 1935 2646 1992 sub
2673 1935 3002 1992 Justiniano
3029 1934 3149 1991 ﬁlio
3168 1932 3554 2000 Constantini,
3577 1928 3832 2000 prasigna-

2222 2034 2312 2084 tos
2355 2040 2601 2083 canones
2631 2028 3054 2094 exposuerunt:
3090 2029 3146 2080 et
3176 2037 3347 2080 nemo
3369 2020 3588 2078 dubitet
3613 2019 3678 2074 de
3715 2015 3829 2072 illis.

2221 2116 2314 2173 Illi
2339 2115 2491 2171 enim
2519 2113 2619 2185 qui
2638 2113 3108 2182 subscripserunt
3130 2112 3238 2168 sub
3259 2109 3647 2177 Constantino,
3679 2103 3774 2174 ipsi
3791 2105 3834 2157 et

2221 2203 2668 2261 sebJustiniano
2709 2201 2974 2272 prasenti
3025 2200 3238 2257 charta
3275 2198 3743 2269 subscripserunt,
3773 2191 3835 2245 ita

2223 2299 2288 2350 ut
2310 2293 2416 2350 hoc
2435 2289 2802 2347 manifestum
2825 2290 2902 2346 sit
2930 2303 2999 2346 ex
3020 2302 3216 2346 eorum
3245 2288 3496 2360 propria
3525 2298 3710 2340 manus
3726 2277 3840 2336 scri-

2224 2386 2405 2453 ptura
2437 2379 2790 2436 immutabili
2823 2378 3229 2435 similitudine.
3267 2374 3578 2448 Oportebat
3603 2371 3738 2428 enim
3761 2379 3838 2422 eos

2223 2471 2325 2542 qui
2377 2470 2655 2541 synodum
2721 2467 3100 2524 universalem
3159 2469 3646 2538 prasentaverant,
3697 2459 3837 2516 etiam

2223 2573 2466 2616 canones
2508 2557 2928 2614 ecclesiasticos
2979 2570 3275 2627 exponere.
3333 2555 3405 2611 Ut
3440 2559 3618 2610 autem
3661 2550 3721 2606 ad
3763 2561 3841 2602 re—

2225 2649 2614 2706 cordationem
2655 2647 3110 2704 conversationis
3154 2647 3280 2716 ejus
3311 2646 3379 2702 in
3424 2655 3586 2700 carne
3613 2639 3770 2708 facta,
3796 2640 3840 2691 et

2227 2737 2502 2794 salutaris
2526 2736 2730 2792 mortis
2751 2749 2922 2792 manu
2948 2734 3376 2807 quodammodo
3395 2733 3678 2799 ducamur,
3701 2725 3842 2782 dixe-

2226 2831 2362 2883 runt
2402 2831 2458 2882 et
2480 2827 2551 2882 de
2579 2825 3007 2881 venerabilibus
3038 2824 3257 2880 iconis:
3293 2829 3358 2879 et
3383 2823 3432 2880 si
3467 2835 3561 2892 per
3587 2831 3673 2874 eas
3702 2825 3843 2870 manu

2145 2885 2195 2948 δ
2223 2915 2493 2972 ducimur
2517 2915 2577 2970 in
2606 2914 3090 2984 dispensationem
3126 2913 3354 2969 Christi
3384 2885 3484 2968 Dei
3509 2905 3696 2976 nostri,
3725 2913 3844 2974 qua-

2225 3005 2309 3062 les
2339 3004 2612 3060 habemus
2640 3003 2894 3060 atimare
2941 3002 3075 3060 illos
3112 3002 3214 3074 qui
3261 2999 3663 3059 subverterunt
3703 3001 3846 3049 vene-

2231 3094 2440 3150 randas
2472 3093 2666 3150 iconas
2685 3093 2713 3148 ?

2299 3183 2504 3240 Sancta
2551 3182 2801 3254 synodus
2837 3181 3027 3238 dixit:
3064 3181 3136 3236 Ut
3165 3181 3291 3238 sine
3342 3183 3476 3252 Deo,
3525 3183 3580 3234 et
3603 3171 3842 3244 HebraOS,

2229 3277 2286 3330 et
2315 3272 2579 3329 veritatis
2611 3271 2896 3328 inimicos.

2299 3361 2570 3418 Tarasius
2589 3361 2991 3418 sanctissimus
3007 3360 3341 3431 patriarcha
3361 3359 3544 3419 dixit:
3575 3357 3672 3415 Sed
3693 3356 3846 3413 bonus

2229 3455 2316 3508 est
2361 3451 2640 3506 Dominus
2681 3451 2830 3506 Deus
2879 3455 3043 3506 noter
3097 3450 3167 3506 ad
3211 3451 3641 3522 suscipiendum
3683 3455 3845 3503 omnes

2232 3553 2367 3596 nos:
2405 3553 2518 3595 non
2547 3538 2701 3594 enim
2745 3539 3034 3610 relinquet
3056 3539 3276 3612 virgam
3318 3545 3674 3612 peccatorum
3706 3543 3846 3602 super

2231 3632 2440 3684 sortem
2466 3627 2758 3696 justorum
2787 3625 2956 3699 (Psal.
2985 3629 3194 3703 cxxrv).

2301 3717 2409 3770 Leo
2460 3715 2864 3772 sanctissimus
2909 3716 3213 3787 episcopus
3262 3718 3455 3775 Rhodi
3503 3715 3679 3772 dixit:
3739 3709 3852 3764 Ecce

2229 3808 2520 3860 ostensum
2550 3808 2636 3860 est
2673 3819 2743 3862 ex
2789 3804 3010 3862 divinis
3059 3805 3407 3880 Scripturis,
3457 3805 3591 3878 quia
3640 3795 3852 3858 Ecclesia

2232 3897 2425 3949 nostra
2470 3897 2556 3950 tot
2596 3894 2766 3950 annis
2797 3893 3132 3968 impugnata
3177 3901 3266 3952 est
3295 3901 3360 3952 et
3405 3892 3732 3964 dispoliata;
3775 3881 3852 3941 sed

2233 3983 2448 4056 gratias
2480 3983 2708 4055 agimus
2734 3983 2965 4040 Christo
3002 3985 3118 4041 Deo
3157 3989 3377 4056 nostro,
3429 3983 3530 4055 qui
3573 3978 3742 4038 erexit
3775 3985 3855 4030 sa—

2232 4071 2622 4128 cratissimum
2647 4071 2953 4128 Dominum
2979 4077 3238 4129 nostrum
3267 4074 3340 4130 ad
3379 4071 3709 4131 creationem
3735 4064 3852 4134 ejuS-

2308 4161 2507 4216 Petrus
2550 4163 2606 4216 et
2647 4161 2848 4216 Petrus
2888 4163 3002 4217 Deo
3031 4161 3307 4218 amabiles
3340 4157 3672 4234 presbyteri,
3707 4157 3757 4210 et
3781 4150 3857 4204 lo—

473 4249 700 4306 titulari
725 4241 1022 4324 [depingi]
1042 4246 1370 4318 deﬁnimus,
1392 4261 1628 4317 pereum
1653 4247 2006 4304 humilitatis
2021 4249 2134 4304 cel-
2155 4249 2210 4310 D
2241 4263 2372 4306 cum
2403 4249 2715 4306 retinentes
2742 4249 2980 4306 Adriani
3010 4263 3166 4321 papa
3196 4251 3450 4308 senioris
3478 4251 3678 4317 Roma,
3714 4241 3857 4298 dixe—

475 4338 787 4395 situdinem
817 4334 917 4390 Dei
947 4333 1112 4390 Verbi
1135 4335 1584 4406 considerantes,
1617 4339 1674 4390 et
1698 4337 1768 4392 ad
1797 4336 2127 4393 memoriam

474 4425 925 4486 conversationis
950 4424 1010 4480 in
1031 4437 1200 4481 carne
1234 4423 1414 4496 facta,
1442 4429 1555 4480 tam
1595 4425 1821 4482 scilicet
1841 4426 2130 4496 passionis

475 4517 620 4586 ejus,
643 4529 812 4588 quam
843 4513 1117 4571 salutaris
1138 4513 1361 4584 mortis,
1403 4519 1460 4568 et
1489 4527 1558 4570 ex
1584 4514 1690 4570 hac
1715 4514 2127 4586 redemptionis

475 4604 704 4676 ell'ecta,
749 4605 1067 4660 redeuntes.
1099 4603 1169 4657 Et
1193 4607 1490 4672 postquam
1531 4603 1687 4676 legit,
1720 4617 2028 4661 conversus
2055 4605 2124 4661 ad

477 4699 728 4749 sanctam
749 4692 1028 4763 synodum
1053 4691 1239 4748 dixit:
1283 4691 1658 4748 Honorabiles
1687 4693 1880 4749 Patres
1906 4698 1966 4750 et
1989 4707 2133 4749 san-

477 4781 577 4852 cti,
603 4780 1053 4850 persecutionem
1074 4779 1340 4836 Ecclesia
1361 4779 1492 4851 plus
1513 4795 1600 4838 me
1616 4781 1815 4838 nullus
1835 4781 2008 4854 elegit
2025 4796 2126 4852 pro

479 4869 726 4942 peccatis
765 4869 944 4938 meis;
991 4869 1086 4924 sed
1133 4869 1368 4925 divinus
1424 4871 1626 4928 hamus
1673 4869 1822 4928 facta
1849 4877 1936 4928 est
1982 4871 2127 4927 mihi

481 4971 728 5030 praesens
755 4957 972 5028 charta,
1003 4957 1062 5013 in
1093 4971 1206 5028 qua
1232 4957 1699 5030 subscripserunt
1722 4961 1918 5016 Patres
1942 4960 2127 5016 sancti

479 5051 651 5104 sexta
681 5045 903 5117 synodi,
933 5051 990 5102 et
1017 5051 1314 5103 traxerunt
1345 5061 1430 5103 me
1453 5049 1523 5104 ad
1551 5048 1906 5104 orthodoxia
1939 5048 2122 5103 ﬁdem.

477 5139 601 5194 Non
633 5141 820 5192 autem
859 5135 1044 5191 solum
1076 5137 1201 5207 hoc,
1231 5137 1326 5192 sed
1351 5141 1408 5193 et
1445 5137 1846 5193 sanctissimus
1879 5137 2134 5206 patriar-

480 5226 606 5296 cha,
629 5225 724 5281 cui
748 5223 993 5294 prabeat
1019 5227 1169 5281 Deus
1200 5239 1302 5294 pro
1324 5239 1412 5281 me
1442 5225 1771 5281 mercedem.

551 5313 764 5370 Sabbas
806 5314 1317 5370 reverendissimus
1369 5315 1680 5370 monachus
1725 5314 1912 5371 dixit:
1955 5315 2132 5387 Cujus

484 5403 565 5462 rei
596 5401 778 5474 gratia
809 5402 869 5457 in
899 5402 1116 5458 charta.
1149 5408 1206 5457 et
1235 5416 1346 5458 non
1375 5402 1436 5458 in
1466 5402 1662 5458 codice
1691 5401 1872 5476 legit?

2240 4343 2414 4394 runt:
2464 4338 2699 4395 Librum
2732 4339 3007 4395 habemus
3039 4353 3153 4409 pra
3179 4339 3452 4397 manibus
3492 4337 3638 4394 beati
3667 4325 3855 4390 Leontii

2237 4426 2546 4496 Neapoleos
2573 4427 2764 4498 Cypri,
2799 4432 2856 4483 et
2877 4427 3234 4498 postulamus
3264 4429 3384 4501 legi
3415 4442 3564 4486 eum.

2306 4517 2375 4571 Et
2398 4515 2687 4586 accipiens
2716 4516 3036 4588 Stephanus
3065 4518 3580 4575 reverendissimus
3613 4514 3859 4571 diaconus

2235 4607 2292 4661 et
2333 4604 2614 4678 notarius,
2647 4605 2788 4678 legit
2809 4623 2822 4660 :

2235 4711 2448 4766 Leontii
2506 4713 2679 4782 episco
2731 4713 2742 4724 '
2791 4714 3087 4782 Neapoleos
3144 4712 3329 4783 Cypri,
3394 4729 3464 4768 ea:
3527 4711 3708 4782 quinto
3758 4717 3862 4758 scr-

2307 4798 2460 4837 mone
2504 4799 2602 4837 vro
2650 4729 3082 4837 cgitﬁstianomm
3136 4785 3390 4837 αυοιοηὶα
3433 4789 3618 4837 contra
3652 4776 3858 4835 Ιιιάίεοει

2307 4798 2460 4838 mone
2498 4776 2602 4853 pro
2650 4776 3082 4839 Christianorum
3136 4776 3390 4855 αρὀιοῃὶα
3433 4776 3618 4840 contra
3652 4776 3858 4835 Judwos.

2308 4870 2372 4908 ac
2402 4855 2468 4909 de
2503 4855 2834 4923 imaginibus
2870 4861 3198 4911 sanctorum.

2309 4959 2412 5015 Eia
2436 4973 2586 5016 nunc
2613 4960 2686 5016 de
2715 4965 2919 5018 catero
2967 4975 3142 5032 super
3169 4967 3506 5019 veneranter
3537 4957 3704 5031 pictis
3733 4954 3864 5010 ima-

2241 5047 2478 5120 ginibus
2519 5049 2840 5122 apologiam
2887 5048 3186 5123 faciamus,
3231 5066 3344 5123 quo
3382 5051 3752 5108 obstruantur
3781 5049 3864 5095 ora

2242 5137 2600 5208 loquentium
2635 5139 3002 5209 injustitiam.
3027 5139 3250 5212 Legalis
3280 5141 3434 5196 enim
3457 5145 3544 5197 est
3575 5139 3688 5194 hac
3717 5125 3868 5188 tradi-

2243 5227 2356 5284 tio:
2391 5230 2446 5282 et
2474 5227 2612 5283 audi
2645 5229 2819 5284 Deum
2867 5227 3147 5284 dicentem
3187 5229 3256 5286 ad
3291 5229 3574 5299 Moysem:
3623 5219 3864 5290 Imagines

2241 5317 2474 5370 duorum
2542 5317 2815 5372 cherubim
2866 5334 3154 5374 aureorum
3234 5319 3573 5388 sculptilium
3629 5314 3867 5370 construe,

2240 5405 2678 5461 obumbrantium
2717 5409 3161 5478 propitiatorium
3207 5404 3404 5478 (Exod.
3457 5405 3613 5479 xxv).
3652 5403 3720 5461 Et
3774 5397 3871 5453 ite“

551 5513 575 5541 ι
599 5503 682 5558 Ex
713 5513 866 5558 more
892 5500 1238 5572 Graecorum,
1291 5500 1390 5572 qui
1415 5499 1720 5557 Trullanos
1769 5514 2016 5559 canones
2042 5501 2309 5560 tribuunt
2351 5508 2522 5562 sexta
2570 5504 2803 5576 synodo.
