4012 6162
208 279 304 337 293

984 276 1528 335 IN'I'ERPRETATIO
1563 230 1810 332 SIYNODI
1852 274 1947 329 VII
1981 268 2384 334 GENERALIS.
2411 308 2485 318 —
2522 280 2722 337 ACTIO
2760 283 2847 336 ιν.

3513 278 3619 341 294

213 413 363 456 rum:
409 398 712 468 Templum
754 398 905 468 quod
934 399 1085 453 Deus
1131 398 1382 454 ostendit.
1406 395 1708 460 Ezechieli,
1741 396 1860 448 Fa—
1895 382 2244 467 Aecclesiis,
2291 404 2348 454 et
2374 400 2661 469 domibus,
2695 408 2751 457 et
2799 402 3019 473 plateis,
3051 408 3107 458 et
3139 404 3195 459 in
3243 405 3613 478 imaginibus,

212 493 298 543 cies
333 484 455 562 [al.,
489 484 770 559 habebat],
815 487 987 549 dixit,
1020 489 1333 556 palmarum
1364 492 1412 541 et
1439 488 1649 541 leonum
1678 490 1727 539 et
1752 485 1858 538 ho-

212 580 419 638 minum,
446 582 499 629 et
515 576 792 629 cherubim
813 593 846 629 a
863 578 1172 646 pavimento
1198 576 1316 644 ejus
1344 591 1511 645 usque
1534 576 1609 628 ad
1630 576 1857 643 laqucar

212 669 317 721 tecti
351 665 562 736 (Ezech.
599 664 732 736 xu).
774 666 913 720 Vere
944 664 1225 719 terribilis
1251 679 1457 735 sermo,
1486 664 1586 733 qui
1626 664 1857 718 mandat

212 755 388 811 lsraeli
441 768 556 810 non
601 753 787 809 facere
830 767 995 809 omne
1041 754 1329 824 sculptile,
1377 767 1558 823 neque
1607 753 1849 819 ieonam,

212 858 373 914 neque
389 843 845 898 similitudinem
859 857 1054 898 eorum
1072 856 1428 913 quaecunque
1449 846 1585 897 sunt
1604 842 1661 896 in
1684 841 1850 907 cmlo,

209 940 255 989 et
293 946 656 1003 quascunque
705 937 841 987 sunt
870 947 1041 1002 super
1070 938 1277 987 terram
1308 949 1320 985 :
1354 937 1409 986 et
1442 931 1563 1001 ipse
1596 929 1855 1000 praecipit

209 1022 365 1092 Moysi
400 1019 592 1076 facere
636 1021 936 1091 sculptilia
973 1021 1267 1091 animalia,
1314 1020 1608 1076 cherubim
1655 1018 1850 1088 (Exod.

209 1126 293 1181 xx,
322 1110 483 1181 xxv),
519 1112 621 1181 qui
648 1115 705 1165 et
728 1110 1008 1165 Ezechieli
1042 1110 1272 1180 plenum
1306 1108 1661 1182 imaginibus
1684 1112 1741 1164 et
1765 1108 1858 1163 si—

208 1200 638 1256 militudinibus
659 1198 1040 1269 sculptilium,
1076 1199 1324 1270 leonum,
1355 1198 1667 1268 palmarum
1687 1204 1743 1253 et
1761 1197 1856 1254 ho—

208 1290 412 1344 minum
459 1287 740 1358 templum
768 1287 1035 1344 ostendit.
1066 1288 1224 1343 Unde
1263 1293 1322 1343 et
1348 1288 1613 1344 Salomon
1641 1303 1708 1343 ex
1736 1288 1856 1359 lege

203 1384 416 1448 accepta
444 1378 654 1449 ﬁgura,
694 1377 928 1447 plenum
955 1376 1091 1433 fecit
1120 1377 1396 1447 templum
1423 1378 1597 1433 :eneis
1618 1385 1674 1434 et
1694 1377 1858 1433 scul-

206 1466 361 1537 ptilib
406 1482 437 1521 s
461 1473 521 1521 et
541 1465 822 1521 fusilibus
844 1466 1127 1534 leonibus,
1148 1473 1205 1521 et
1228 1466 1430 1536 bobus,
1463 1472 1521 1522 et
1548 1468 1773 1537 palmis,
1800 1473 1858 1524 et

205 1555 532 1613 hominibus
580 1554 687 1625 (ΙΙΙ
705 1558 836 1623 Reg.
867 1570 945 1611 v1.
976 1570 1076 1627 vn,
1106 1552 1160 1627 7)
1189 1574 1201 1610 :
1229 1561 1285 1611 et
1310 1561 1496 1611 tamen
1539 1571 1650 1612 non
1678 1563 1763 1613 est
1795 1558 1852 1613 in

204 1645 286 1700 his
325 1644 715 1714 reprehensus
757 1659 789 1700 a
817 1646 950 1701 Deo.
982 1645 1040 1700 Si
1093 1645 1273 1717 igitur
1323 1660 1410 1701 me
1446 1647 1855 1716 reprehendere

202 1734 277 1789 vis
304 1749 481 1805 super
514 1733 891 1805 imaginibus,
922 1734 1270 1803 reprehende
1295 1737 1471 1791 Dcum
1504 1736 1606 1805 qui
1630 1736 1747 1791 haec
1779 1734 1859 1790 fa-

200 1838 314 1878 cere
327 1824 535 1894 jussit,
564 1828 625 1878 ut
653 1823 711 1877 in
736 1823 1183 1878 recordationem
1197 1824 1322 1893 ejus
1345 1830 1535 1879 essent
1553 1824 1703 1893 apud
1726 1838 1850 1880 nos.

198 1913 415 1968 Iudaeus
444 1912 603 1967 dixit
631 1929 643 1964 :
674 1912 778 1966 Sed
814 1925 924 1967 non
950 1912 1340 1967 adorabantur
1368 1912 1485 1967 illa:
1515 1912 1856 1968 similitudi-

203 2016 290 2057 nes
325 2003 484 2057 sicut
527 2001 638 2070 dii,
688 2001 785 2055 sed
835 2002 904 2056 ad
941 2001 1385 2057 recordationem
1430 2002 1606 2057 solam
1639 2002 1856 2057 eﬁicie—

201 2089 417 2145 bantur.
452 2089 825 2144 Christianus
857 2090 1010 2144 dixit
1040 2107 1053 2143 :
1090 2090 1234 2144 Bene
1262 2090 1488 2158 dixisti,
1518 2091 1655 2159 quia
1684 2097 1740 2148 et
1766 2106 1854 2161 pe-

200 2192 287 2233 nes
313 2192 419 2233 nos
439 2178 696 2233 sicutdii
725 2192 838 2233 non
863 2178 1178 2234 adorantur
1197 2184 1527 2235 sanctorum
1553 2180 1856 2236 characte—

198 2267 288 2322 des
314 2273 371 2322 et
405 2267 588 2321 iconze
616 2266 701 2322 vel
744 2265 955 2321 format
986 2267 1048 2322 Si
1075 2268 1226 2322 enim
1258 2273 1321 2323 ut
1354 2269 1530 2323 Deum
1560 2268 1853 2324 adorarem

201 2355 414 2427 lignum
467 2355 764 2427 imaginis,
814 2369 1031 2425 possem
1063 2356 1310 2425 profecto
1352 2363 1409 2412 et
1448 2356 1603 2428 ligna
1633 2357 1856 2427 reliqua

199 2444 448 2500 adorare.
479 2445 620 2498 Nam
642 2444 693 2499 si
719 2448 782 2500 ut
808 2446 986 2499 Deum
1028 2444 1248 2517 lignum
1277 2446 1593 2515 adorarem,
1619 2446 1857 2501 minime

204 2533 395 2603 utique
439 2531 632 2588 deleto
685 2532 1011 2589 charactere
1070 2535 1292 2590 ieonam
1343 2534 1722 2591 incenderem.
1786 2538 1856 2591 Et

203 2621 425 2687 iterum,
456 2634 758 2691 usquequo
779 2626 1071 2691 compacta
1109 2628 1246 2678 sunt
1288 2624 1404 2679 duo
1438 2624 1593 2695 ligna
1639 2626 1859 2681 crucis-

200 2710 363 2766 adoro
386 2710 631 2781 ﬁguram
658 2715 887 2779 propter
907 2710 1221 2781 Christum,
1264 2712 1364 2782 qui
1390 2712 1449 2767 in
1479 2713 1601 2783 ipsa
1626 2714 1851 2785 cruciﬁ,

201 2814 301 2854 xus
326 2804 414 2855 est
441 2816 455 2852 :
489 2803 791 2869 postquam
822 2804 1012 2855 autem
1042 2799 1113 2855 ab
1154 2800 1396 2857 invicem
1428 2807 1690 2871 separata
1721 2800 1856 2858 fue—

204 2893 347 2943 runt.
393 2887 644 2957 projicio
667 2901 730 2942 ea
755 2892 811 2943 et
843 2888 1101 2943 incendo.
1136 2890 1203 2944 Et
1234 2889 1387 2945 sicut
1419 2890 1472 2944 is
1503 2891 1601 2959 qui
1626 2891 1855 2960 jussio—

205 2990 318 3031 nem
352 2960 722 3045 imperatoris
760 2978 1033 3048 suscepit,
1056 2982 1113 3033 et
1137 2978 1411 3034 salutavit
1434 2979 1715 3051 sigillum,
1741 2994 1852 3037 non

1964 491 2020 541 et
2051 487 2110 542 in
2146 487 2508 559 sindonibus,
2542 497 2599 545 et
2626 491 2685 546 in
2717 491 3124 563 penetralibus,
3152 499 3209 548 et
3240 494 3298 549 in
3325 497 3619 553 vestimen-

1965 575 2062 645 tis,
2093 582 2149 630 et
2176 577 2233 631 in
2256 578 2409 633 omni
2456 578 2579 635 loco
2609 577 2955 636 formamus:
2995 586 3057 636 ut
3088 581 3437 638 incessanter
3455 586 3622 653 aspi-

1964 664 2180 720 cientes
2206 666 2323 721 hzec
2354 680 2831 739 commoneamur,
2864 676 2921 724 et
2951 684 3062 725 non
3095 669 3524 741 obliviscamur,
3554 680 3621 729 ut

1966 757 2028 808 tu
2057 767 2117 808 es
2144 754 2361 811 oblitus
2390 757 2618 812 Domini
2661 758 2761 812 Dei
2804 759 2909 814 tui.
2962 760 3030 815 Et
3077 760 3231 816 sicut
3269 766 3331 816 tu
3373 762 3621 817 adorans

1965 841 2177 897 librum
2228 844 2390 915 legis,
2442 859 2552 901 non
2604 851 2863 902 naturam
2898 848 3134 916 pellium
3169 848 3254 904 vel
3286 850 3616 915 atramenti,

1964 945 2090 1001 qua:
2122 931 2180 986 in
2214 932 2338 1001 ipso
2367 941 2471 1004 est,
2504 935 2729 1005 adoras,
2763 936 2858 991 sed
2893 936 3060 992 verba
3082 936 3181 991 Dei
3215 952 3339 1008 quae
3372 938 3621 1007 rejacent

1967 1020 2025 1074 in
2060 1034 2164 1076 eo:
2203 1021 2281 1077 ita
2324 1028 2380 1077 et
2425 1036 2528 1094 ego
2574 1024 2879 1096 imaginem
2926 1025 3141 1081 Christi
3194 1026 3458 1097 adorans,
3505 1041 3619 1084 non

1966 1114 2227 1164 naturam
2279 1110 2566 1182 lignorum
2614 1118 2669 1167 et
2729 1114 2985 1169 colorum
3033 1115 3208 1170 adoro
3253 1113 3460 1187 (absit),
3520 1118 3615 1173 sed

1968 1195 2345 1253 inanimatam
2390 1199 2772 1256 characterem
2814 1201 3030 1258 Christi
3082 1208 3297 1275 tenens,
3348 1217 3447 1274 per
3488 1217 3618 1260 eum

1962 1284 2254 1342 Christum
2301 1292 2489 1343 tenere
2536 1303 2701 1359 spero
2751 1286 2890 1363 [Gr.,
2924 1292 3067 1346 mihi
3110 1290 3349 1367 videor],
3391 1297 3448 1348 et
3473 1294 3621 1350 ado—

1967 1387 2109 1429 rare.
2162 1376 2230 1429 Et
2259 1376 2413 1432 sicut
2438 1377 2609 1433 Jacob
2650 1383 2936 1448 acceptam
2968 1394 2999 1435 a
3030 1380 3173 1436 ﬁliis
3202 1381 3327 1437 suis
3360 1382 3616 1439 tunicam

1965 1464 2181 1519 variam
2228 1471 2283 1520 et
2332 1466 2826 1536 sanguinolentam
2871 1469 3075 1538 Joseph
3126 1470 3492 1527 deosculatus
3533 1478 3622 1528 est

1964 1564 2094 1606 cum
2129 1551 2415 1623 lacrymis,
2448 1560 2503 1609 et
2533 1555 2784 1624 propriis
2813 1556 3001 1611 oculis
3028 1557 3172 1612 hanc
3199 1558 3621 1629 circumposuit

1964 1636 2114 1709 (Gen.
2152 1641 2393 1713 xxxvn),
2428 1648 2484 1697 et
2509 1656 2619 1698 non
2646 1644 3045 1701 vestimentum
3085 1660 3283 1702 amans
3312 1647 3397 1703 vel
3431 1647 3620 1705 hono—

1966 1742 2119 1799 rans,
2155 1730 2260 1786 hoc
2290 1730 2443 1801 fecit,
2477 1734 2571 1788 sed
2599 1748 2697 1801 per
2720 1733 2773 1788 id
2796 1735 3090 1790 aatismans
3115 1737 3320 1806 Joseph
3342 1738 3621 1808 osculari,

1962 1822 2018 1872 et
2050 1818 2109 1872 in
2153 1819 2417 1875 manibus
2463 1835 2592 1876 eum
2636 1822 2879 1877 habere:
2928 1823 3006 1879 ita
3046 1831 3101 1880 et
3129 1826 3445 1881 Christiani
3480 1826 3622 1882 uni-

1963 1906 2110 1960 versi
2142 1906 2445 1977 imaginem
2475 1909 2690 1965 Christi
2723 1911 2809 1965 vel
2845 1913 3235 1980 apostolorum
3267 1920 3368 1969 aut
3398 1920 3620 1984 marty-

1965 2008 2091 2049 rum
2143 2000 2394 2052 tcnentes
2436 2004 2536 2052 aut
2584 1998 2899 2055 salutantes
2945 2014 3133 2062 carne.
3184 2002 3374 2057 anima
3428 2003 3616 2071 ipsum

1963 2084 2255 2140 Christum
2302 2086 2635 2142 :estimunus
2676 2088 2761 2143 vel
2825 2096 3124 2159 martyrem
3191 2091 3316 2159 ejus
3361 2090 3618 2145 habitum

1973 2173 2234 2228 retinere.
2270 2173 2371 2228 Dic
2392 2188 2525 2244 ergo
2553 2175 2697 2230 mihi
2741 2181 2823 2247 tu,
2853 2178 2955 2246 qui
2986 2176 3243 2246 opinaris
3264 2178 3414 2233 nihil
3448 2191 3618 2233 manu

1972 2258 2205 2331 factum,
2239 2262 2323 2316 vel
2358 2262 2505 2317 nihil
2536 2263 2769 2319 omnino
2791 2271 3043 2320 creatum
3075 2266 3448 2335 adorandum,
3475 2279 3625 2321 nun-

1971 2362 2213 2417 quamne
2239 2350 2532 2406 multoties
2583 2349 2821 2407 muliere
2865 2358 2981 2421 tua,
3034 2352 3121 2408 vel
3171 2353 3312 2409 ﬁliis
3349 2353 3616 2423 mortuis,

1968 2436 2241 2508 tunicam,
2284 2437 2369 2493 vel
2405 2444 2798 2494 ornamentum
2848 2441 2974 2509 ejus
3010 2440 3197 2496 visum
3248 2441 3304 2496 in
3350 2440 3620 2497 cubiculo

1970 2528 2068 2580 tuo
2116 2526 2408 2582 osculatus
2436 2540 2515 2596 es,
2553 2534 2610 2582 et
2646 2527 2916 2598 lacrymis
2948 2528 3092 2585 illud
3129 2528 3418 2601 infudisti,
3459 2535 3515 2585 et
3560 2531 3619 2588 in

1966 2613 2072 2669 hoc
2098 2627 2210 2669 non
2239 2628 2300 2669 es
2337 2616 2747 2672 condemnatus
2772 2616 2800 2671 ?
2829 2619 2949 2673 Non
2980 2617 3131 2673 enim
3165 2625 3229 2675 ut
3250 2621 3428 2674 Deum
3454 2619 3628 2675 vesti-

1965 2709 2151 2759 menta
2180 2704 2453 2774 adorasti,
2496 2706 2591 2761 sed
2623 2720 2871 2762 amorem
2925 2721 3023 2777 per
3061 2692 3322 2765 osculum
3360 2710 3514 2765 circa
3556 2711 3624 2766 il-

1965 2792 2084 2848 lum
2110 2794 2435 2865 ostendisti,
2456 2795 2556 2865 qui
2581 2795 2686 2851 hoc
2705 2796 3019 2867 aliquando
3047 2796 3232 2854 fuerat
3255 2799 3621 2855 circumami-

1963 2886 2111 2938 ctus.
2153 2883 2291 2939 Nam
2341 2888 2398 2939 et
2436 2884 2548 2953 ipsi
2598 2890 2761 2941 natos
2805 2890 3031 2942 nostros
3077 2891 3132 2942 et
3170 2891 3359 2957 patres
3400 2893 3626 2945 creatos

1963 2971 2272 3028 existentes
2312 2977 2368 3027 et
2406 2979 2726 3042 peccatores
2774 2975 3070 3032 multoties
3100 2975 3439 3047 salutamus,
3476 2982 3533 3031 et
3559 2978 3619 3033 in

203 3063 378 3121 lutum
426 3065 711 3135 adoravit,
768 3070 870 3121 aut
910 3066 1187 3139 chartam,
1229 3071 1331 3123 aut
1387 3047 1711 3140 plumbum,
1755 3070 1850 3126 sed
1883 3047 1935 3115 Ο
1966 3060 2071 3116 hoc
2098 3060 2335 3117 minime
2353 3062 2833 3118 condemnamur:
2865 3078 2977 3125 non
3007 3064 3157 3120 enim
3188 3070 3252 3121 ut
3289 3067 3427 3122 deos
3457 3067 3623 3122 salu—

204 3152 530 3224 imperatori
580 3154 972 3211 odorationem
1021 3160 1076 3211 et
1122 3155 1342 3213 cultum
1401 3156 1720 3227 impendit:
1775 3159 1856 3215 ita

201 3249 250 3296 et
296 3257 401 3299 nos
464 3242 924 3299 Christianorum
989 3244 1150 3314 pueri
1205 3244 1443 3316 ﬁguram
1491 3248 1685 3303 crucis
1725 3248 1860 3304 ado-

206 3336 409 3403 rantes,
464 3345 577 3387 non
612 3336 875 3387 naturam
921 3332 1065 3404 ligni
1122 3334 1447 3404 adoramus,
1495 3336 1591 3391 sed
1626 3336 1856 3407 signum

203 3424 255 3473 et
295 3420 581 3476 annulum
643 3425 700 3476 et
741 3421 1125 3477 characterem
1191 3421 1446 3492 Christi,
1525 3437 1655 3480 eum
1711 3426 1865 3495 aspi.

205 3508 433 3579 cientes,
485 3522 589 3578 per
636 3522 766 3565 eum
816 3509 983 3566 illum
1027 3511 1126 3581 qui
1174 3511 1234 3566 in
1284 3525 1350 3567 eo
1392 3512 1707 3569 cruciﬁxus
1751 3520 1856 3586 est,

206 3596 522 3653 salutamus
561 3604 619 3653 et
669 3599 993 3669 adoramus,
1025 3604 1082 3655 et
1120 3600 1274 3656 sicut
1324 3601 1484 3670 pueri
1519 3603 1738 3672 proprii
1774 3618 1864 3673 pa-

211 3686 312 3741 tris
347 3687 673 3756 cujusdam,
704 3688 805 3758 qui
850 3702 1079 3761 peregre
1108 3688 1395 3759 profectus
1423 3696 1510 3746 est
1537 3691 1604 3746 ad
1641 3698 1865 3763 tempus

209 3773 276 3828 ab
307 3775 449 3840 illis,
478 3776 662 3832 multo
690 3790 822 3848 erga
848 3792 976 3833 eum
999 3777 1204 3835 aﬁ‘ectu
1225 3793 1293 3834 ex
1314 3780 1506 3835 anima
1534 3780 1858 3853 ﬂagrantes,

214 3862 328 3919 sive
354 3865 571 3935 virgam
603 3865 729 3934 ejus
772 3865 832 3920 in
876 3866 1044 3922 domo
1069 3867 1317 3935 videant,
1353 3868 1472 3923 sive
1502 3868 1713 3939 sedem,
1746 3871 1865 3927 sive

216 3950 581 4025 chlamydem,
622 3954 740 4009 haec
769 3968 898 4011 cum
932 3955 1201 4025 lacrymis
1229 3956 1628 4013 deosculantes
1658 3958 1867 4028 ample-

218 4043 466 4111 ctuntur,
496 4046 553 4097 et
596 4056 706 4098 non
737 4043 838 4098 illa
875 4044 1135 4112 adorant,
1171 4045 1267 4099 sed
1297 4051 1513 4114 patrem
1537 4046 1868 4103 desiderant

222 4132 271 4181 et
300 4128 615 4186 honorant:
679 4131 759 4187 ita
807 4137 863 4188 et
920 4146 1023 4188 nos
1068 4146 1263 4189 omnes
1310 4134 1505 4190 ﬁdeles
1534 4140 1599 4191 ut
1648 4136 1867 4208 virgam

222 4214 448 4283 Christi,
469 4233 696 4275 crucem
726 4220 1071 4292 adoramus;
1099 4226 1163 4278 ut
1192 4223 1380 4277 sedem
1415 4237 1547 4279 vero
1573 4229 1628 4278 et
1656 4224 1867 4294 cubile,

227 4302 401 4373 ipsius
421 4308 858 4364 sanctissimum
882 4315 1347 4381 monumentum;
1374 4316 1437 4367 ut.
1456 4311 1710 4384 domum,
1737 4328 1874 4382 pras-

1966 3157 2153 3208 tamus
2192 3164 2309 3222 eos,
2336 3151 2429 3206 sed
2452 3150 2807 3208 affectionem
2841 3159 3058 3210 natura:
3087 3160 3295 3211 nostra:
3320 3170 3452 3227 erga
3487 3156 3623 3212 illos

1969 3256 2067 3311 per
2112 3240 2373 3296 osculum
2402 3240 2879 3297 demonstramus.
2915 3243 2986 3297 Ut
3028 3256 3162 3314 ergo
3187 3257 3332 3313 saepe
3361 3245 3509 3314 dixi,
3543 3245 3633 3300 in-

1969 3329 2149 3385 tentio
2179 3329 2510 3399 exquiritur
2540 3329 2599 3383 in
2630 3331 2785 3385 omni
2810 3332 3175 3403 salutatione,
3199 3337 3257 3388 et
3288 3334 3445 3388 omni
3476 3334 3625 3389 ado-

1971 3419 2210 3474 ratione.
2238 3418 2411 3472 Porro
2450 3417 2501 3471 si
2535 3430 2621 3471 me
2645 3430 2899 3490 accusas,
2930 3421 3079 3489 quod
3114 3422 3279 3490 quasi
3311 3422 3620 3477 Dominum

1973 3508 2193 3580 lignum
2214 3506 2442 3561 adorem
2463 3504 2674 3574 crucis,
2694 3519 2871 3575 quare
2893 3520 3004 3563 non
3030 3508 3408 3565 calumniaris
3430 3510 3622 3575 Jacob,

1975 3597 2074 3668 qui
2105 3595 2365 3651 adoravit
2384 3608 2555 3664 super
2578 3595 2964 3651 summitatem
2986 3597 3162 3669 virgae
3194 3599 3399 3668 .loseph
3439 3597 3624 3668 (Hebr.

1974 3685 2104 3756 x1)?
2146 3686 2250 3741 Sed
2294 3682 2656 3739 manifestum
2684 3688 2790 3755 est,
2830 3686 2967 3755 quia
3009 3699 3122 3741 non
3162 3686 3384 3758 lignum
3428 3686 3630 3743 videns

1974 3775 2251 3843 adoravit,
2300 3774 2395 3829 sed
2439 3786 2537 3842 per
2574 3771 2795 3843 lignum
2836 3774 3029 3846 virgae,
3072 3776 3316 3846 Joseph;
3351 3776 3632 3846 quemad—

1981 3866 2210 3921 modum
2231 3871 2287 3920 et
2312 3879 2415 3921 nos
2437 3881 2535 3937 per
2562 3875 2788 3923 crucem
2813 3863 3127 3920 Christum.
3162 3867 3302 3941 Nam
3333 3870 3390 3921 et
3423 3864 3634 3934 impios

1979 3952 2238 4009 homines
2268 3956 2367 4025 qui
2399 3956 2781 4013 vendiderunt
2805 3954 3158 4023 sepulcrum,
3189 3953 3475 4010 Abraham
3505 3954 3636 4009 ado-

1982 4043 2149 4114 ravit,
2182 4049 2237 4099 et
2271 4059 2419 4116 genu
2461 4045 2719 4101 curvavit
2760 4058 2932 4113 super
2978 4047 3186 4099 terram
3229 4042 3380 4114 (Gen.
3421 4043 3633 4115 xxm);

1980 4133 2077 4189 sed
2104 4145 2216 4188 non
2239 4139 2303 4188 ut
2325 4134 2462 4189 deos
2486 4148 2582 4190 eos
2615 4132 2893 4190 adoravit.
2941 4133 3009 4188 Et
3040 4148 3244 4189 rursus
3284 4132 3453 4189 Jacob
3481 4132 3637 4187 Pha-

1981 4221 2142 4277 raoni
2175 4221 2468 4277 benedixit
2490 4222 2668 4291 impio
2698 4226 2753 4277 et
2784 4220 3101 4276 idololatrae
3126 4220 3276 4292 (Gen.
3304 4220 3499 4293 XLVII),
3536 4220 3633 4276 sed

1983 4323 2095 4366 non
2129 4314 2193 4365 ut
2229 4311 2342 4366 Deo
2388 4310 2477 4366 illi
2519 4310 2831 4366 benedixit.
2870 4312 2941 4365 Et
2968 4310 3174 4366 iterum
3205 4326 3218 4363 :
3254 4312 3403 4366 Esau
3428 4312 3637 4367 cadens

226 4372 348 4462 sepe
374 4401 429 4450 et
458 4396 803 4468 Bethlehem,
850 4404 906 4453 et
954 4403 1149 4455 sancta
1196 4372 1567 4468 ejus'caetera
1618 4372 1956 4457 tabe-rna-D
1983 4399 2240 4454 adoravit
2276 4397 2427 4470 (Gen.
2463 4398 2693 4472 xxxiii),
2749 4400 2844 4455 sed
2906 4412 3018 4454 non
3070 4404 3134 4454 ut
3188 4401 3384 4454 Deum.
3426 4399 3639 4455 Vidisti

226 4482 388 4537 cula:
442 4482 611 4553 porro
645 4490 708 4541 ut
751 4486 986 4553 amicos,
1035 4488 1161 4556 ejus
1207 4488 1500 4557 apostolos
1546 4495 1603 4544 et
1642 4494 1870 4547 sanctos

232 4576 489 4641 martyres
512 4587 579 4629 ac
626 4574 883 4644 reliquos
907 4582 1134 4632 sanctos
1175 4577 1337 4646 ejus:
1374 4582 1433 4632 at
1475 4592 1606 4635 vero
1632 4585 1697 4636 ut
1720 4580 1874 4636 civi-

232 4662 388 4714 tatem
430 4663 556 4731 ejus
598 4662 846 4719 colimus
886 4664 1044 4735 Sion,
1078 4670 1143 4721 ut
1164 4670 1354 4721 autem
1393 4666 1588 4723 villam
1618 4669 1743 4737 ejus
1774 4670 1873 4726 ite-

234 4762 350 4804 rum
376 4751 652 4806 Nazareth
675 4750 1027 4823 salutamus;
1059 4757 1230 4824 atque
1260 4760 1324 4811 ut
1352 4755 1615 4812 divinum
1646 4758 1772 4826 ejus
1798 4758 1873 4814 la-

233 4848 447 4893 vacrum
492 4839 793 4895 Jordanem
853 4841 1269 4911 amplectimur.
1334 4844 1512 4900 Multa
1558 4845 1770 4916 quippe
1817 4852 1873 4902 et

236 4924 496 4984 ineffabili
523 4943 657 4999 erga
691 4929 879 4999 ipsum
910 4929 1210 4987 affectione
1236 4931 1334 4988 ubi
1366 4935 1643 5003 ascendit,
1672 4937 1756 4991 vel
1775 4950 1872 4992 se-

234 5013 328 5085 dit,
356 5018 438 5073 vel
484 5018 702 5089 illuxit,
736 5018 822 5074 vel
851 5019 1060 5091 tetigit,
1093 5026 1192 5075 aut
1223 5021 1456 5078 omnino
1486 5021 1867 5098 obumbravit,

237 5104 467 5162 colimus
508 5112 567 5162 et
608 5107 917 5163 adoramus
976 5113 1037 5163 ut
1080 5107 1266 5164 locum
1314 5110 1457 5165 Dei:
1505 5126 1615 5168 non
1659 5114 1867 5187 locum,

239 5205 401 5264 neque
443 5195 697 5266 domum,
746 5210 929 5267 neque
976 5198 1281 5270 regionem,
1324 5200 1407 5255 vel
1452 5201 1740 5258 civitatem
1772 5210 1875 5262 aut

240 5279 442 5351 lapides
469 5284 838 5356 honorantes,
871 5285 966 5341 sed
1000 5300 1125 5341 eum
1145 5286 1245 5357 qui
1280 5288 1338 5343 in
1358 5288 1481 5345 illis
1507 5299 1875 5351 conversatus

240 5377 327 5442 est,
355 5381 413 5431 et
452 5375 672 5436 illuxit.
706 5380 762 5430 et
791 5376 850 5430 in
880 5388 1050 5430 carne
1076 5375 1352 5442 innotuit,
1382 5385 1552 5451 atque
1581 5382 1652 5437 ab
1682 5398 1874 5441 errore

242 5459 505 5529 liberavit,
533 5465 833 5521 Christum
878 5464 1146 5521 videlicet
1173 5467 1475 5524 Dominnm
1507 5476 1787 5545 nostrum,
1819 5482 1874 5531 et

240 5565 323 5618 per
362 5554 658 5613 Christum
700 5568 768 5611 ea
814 5568 938 5624 qua:
982 5558 1118 5612 sunt
1162 5555 1400 5629 Christi,
1453 5561 1774 5629 passionem
1812 5564 1873 5620 in

1984 4494 2122 4559 quot
2168 4489 2544 4545 salutationes
2586 4494 2642 4544 et
2701 4488 3068 4544 adorationes
3120 4487 3640 4545 demonstravimus

1982 4577 2092 4633 tibi
2122 4592 2191 4633 ex
2240 4578 2575 4649 Scripturis,
2632 4591 2743 4633 non
2794 4577 3065 4632 habentes
3094 4576 3642 4647 reprehensionem?

1980 4668 2051 4722 Et
2075 4673 2138 4723 tu
2164 4667 2394 4737 quidem
2420 4668 2718 4737 conjugem
2748 4670 2903 4722 tuam
2922 4665 3188 4722 fortassis
3212 4670 3268 4721 et
3290 4665 3640 4735 impudicam

1980 4774 2047 4816 ac
2095 4756 2360 4814 vitiosam
2410 4771 2508 4826 per
2554 4756 2819 4828 singulos
2842 4756 2968 4812 dies
3011 4755 3279 4811 osculans
3304 4769 3416 4812 non
3444 4769 3644 4826 repre—

1996 4846 2283 4911 henderis,
2333 4861 2459 4901 cum
2492 4852 2643 4901 certe
2691 4858 2972 4916 nusquam
3014 4845 3165 4901 Deus
3207 4844 3315 4900 tibi
3346 4846 3643 4915 corporale

1982 4937 2242 4995 osculum
2277 4934 2508 4991 mulieri
2548 4933 2748 4989 oﬁ'erre
2793 4934 3139 5003 praeceperit.
3187 4933 3333 5002 Quia
3376 4947 3507 4989 vero
3556 4948 3643 4990 me

1983 5026 2183 5084 vidisti
2229 5026 2450 5081 ieonam
2493 5022 2722 5079 Domini
2766 5022 2949 5078 nostri
2974 5024 3106 5078 .lesu
3135 5022 3373 5093 Christi,
3406 5023 3491 5078 vel
3526 5023 3645 5078 im—

1985 5115 2279 5173 maculataa
2302 5112 2503 5168 Matris
2537 5112 2681 5182 ejus,
2725 5110 2811 5167 vel
2849 5111 3093 5168 alterius
3130 5112 3454 5182 cujuspiam
3494 5112 3640 5181 justi

1984 5206 2263 5274 salutare,
2307 5202 2631 5273 indignaris
2674 5205 2731 5255 et
2777 5214 2906 5257 mox
2938 5199 3341 5270 blasphemans
3383 5200 3545 5271 salis,
3586 5204 3643 5255 et

1985 5308 2088 5351 nos
2136 5292 2469 5350 idololatras
2510 5289 2781 5360 appellas.
2831 5290 3047 5345 Deinde
3073 5304 3186 5346 non
3213 5288 3585 5346 confunderis
3614 5287 3643 5341 ‘P

1982 5383 2079 5439 dic
2101 5383 2266 5453 mihi,
2291 5395 2402 5437 non
2422 5378 2747 5436 horrescis?
2768 5392 2879 5434 non
2900 5379 3136 5435 tremis?
3176 5393 3288 5434 non
3323 5377 3637 5437 erubescis,

1984 5474 2183 5530 videns
2225 5485 2312 5527 me
2352 5471 2411 5526 in
2458 5474 2576 5525 toto
2622 5474 2905 5524 terrarum
2935 5468 3070 5524 orbe
3118 5466 3325 5535 templa
3353 5466 3635 5521 idolorum

1984 5564 2296 5633 destruere,
2340 5565 2397 5617 et
2444 5558 2652 5629 templa
2686 5561 2996 5626 martyrum
3024 5554 3308 5610 aadiﬁcare
3337 5555 3366 5607 ‘I
3391 5552 3450 5609 Si
3483 5548 3638 5606 idola
