4012 6162
458 266 566 325 295
1683 264 2039 320 ANASTASII

2227 261 2615 320 IOTHECARII
3721 273 3809 334 296

457 395 772 464 adorarem,
831 407 936 449 cur
977 399 1270 464 martyres,
1316 393 1416 464 qui
1475 392 1880 449 destruxerunt
1923 389 2096 459 idola,
2127 385 2187 446 A
2213 387 2356 459 gini,
2389 388 2472 444 vel
2502 403 2666 458 arcae,
2699 389 2782 444 vel
2817 388 3104 460 reliquiis,
3139 391 3234 446 sed
3265 405 3360 460 per
3386 406 3448 448 ea
3474 395 3582 452 Deo
3607 399 3814 468 etipso-

457 483 825 539 adoraremus
859 479 1115 556 [honoro]
1148 483 1177 536 ‘?
1217 483 1275 538 Si
1307 482 1464 554 ligna
1505 488 1569 538 ut
1613 482 1749 537 deos
1803 481 2016 535 honoro
2044 486 2100 532 et
2211 491 2336 531 rum
2363 483 2420 532 et
2447 483 2785 533 cunctorum
2813 478 3066 534 Creatori
3109 479 3347 550 gloriam
3375 487 3428 536 et
3452 483 3813 544 salutationem

459 571 736 643 gloriﬁco,
767 572 1050 642 quomodo
1077 571 1292 627 honoro
1311 576 1366 626 et
1395 570 1653 640 gloriﬁco
1685 575 1978 638 martyres,
1998 567 2098 636 qui
2208 570 2264 620 et
2301 566 2518 621 cultum
2552 565 2906 636 impendunt.
2942 569 3132 624 Honor
3158 568 3309 623 enim
3353 571 3448 639 qui
3476 574 3674 628 sanctis
3713 576 3818 644 ejus

459 660 650 731 lignea
692 659 1001 714 simulacra
1030 660 1438 714 destruxerunt
1466 659 1494 712 ‘I
1530 659 1587 713 Si
1627 657 1846 728 lapides
1877 661 1938 712 ut
1965 655 2102 710 deos
2213 653 2583 725 impenditur,
2615 656 2686 710 ad
2713 669 2841 711 eum
2870 655 3315 724 recurrit;sicut
3349 671 3380 712 e
3402 665 3590 714 contra
3617 661 3816 735 quidam

457 748 764 818 apostolos,
815 748 916 817 qui
959 747 1354 803 contriverunt
1396 754 1452 802 et
1496 747 1867 816 perdiderunt
1914 744 2103 814 lignea
2213 741 2491 813 imagines
2541 743 2868 812 imperiales
2896 743 3290 815 demolientes,
3326 745 3628 816 principem
3665 750 3820 806 oﬁen—

458 836 738 910 gloriﬁco,
785 837 1070 906 quomodo
1112 837 1329 892 honoro
1385 842 1442 890 et
1489 836 1662 891 adoro
1723 828 1998 904 martyres
2047 837 2104 886 et
2209 831 2440 901 derunt,
2470 836 2526 886 et
2557 845 2668 886 non
2697 831 2878 901 ipsam
2905 831 3178 887 tabulam.
3213 835 3400 904 Imago
3423 833 3597 905 igitur
3621 837 3710 892 Dei
3731 845 3820 908 est,

458 927 622 998 signa
645 926 674 980 ‘2
703 925 988 996 quomodo
1015 925 1230 982 honoro
1273 929 1330 980 et
1367 924 1558 986 laudo,
1585 928 1642 978 et
1683 922 1891 992 templa
1919 921 2097 991 erigo,
2213 918 2313 988 qui
2360 920 2428 974 ad
2465 919 2770 990 imaginem
2809 919 2908 974 Dei
2942 918 3128 976 factus
3157 926 3243 976 est
3273 920 3458 992 homo,
3507 924 3825 996 maximeque

457 1022 514 1071 et
543 1014 883 1070 festivitates
903 1013 1125 1070 celebro
1151 1013 1340 1068 tribus
1363 1012 1576 1082 pueris,
1609 1013 1710 1083 qui
1739 1012 1799 1066 in
1827 1009 2105 1079 Babylone
2214 1008 2350 1078 quia
2367 1022 2493 1064 eum
2516 1009 2770 1078 Spiritus
2791 1012 3024 1064 sanctus
3041 1008 3449 1065 habitationem
3463 1013 3685 1082 accepit.
3705 1015 3826 1086 Ergo

460 1102 764 1174 imaginem
807 1115 1035 1158 auream
1063 1115 1176 1158 non
1204 1102 1585 1157 adoraverunt
1613 1103 1772 1169 (Dan.
1808 1099 1867 1170 ll)
1891 1099 1920 1151 ‘l
1947 1097 2106 1152 Certe
2207 1096 2362 1165 justo
2392 1097 2490 1167 qui
2523 1097 2829 1168 imaginem
2859 1097 2959 1152 Dei
2987 1111 3277 1154 servorum
3299 1097 3536 1155 honorat
3563 1106 3616 1156 et
3637 1102 3824 1169 adorat,

459 1191 636 1247 multa
662 1197 748 1247 est
791 1191 1124 1261 iniquorum
1167 1189 1495 1262 obduratio,
1524 1204 1652 1245 vere
1683 1187 1862 1244 multa
1887 1191 1973 1242 est
1999 1186 2108 1240 Ju—
2213 1185 2386 1240 etiam
2423 1186 2655 1241 domum
2705 1186 2960 1256 Spiritus
2993 1187 3176 1242 sancti
3205 1186 3504 1258 gloriﬁcat.
3538 1190 3828 1244 Inhabitabo

457 1282 708 1336 daeorum
751 1279 997 1349 caecitas,
1045 1279 1224 1334 multa
1262 1279 1546 1348 impietas.
1581 1277 1854 1347 Injuriam
1888 1275 2108 1345 patitur
2213 1275 2356 1328 enim
2396 1277 2456 1327 in
2497 1276 2652 1345 ipsis,
2703 1275 2912 1346 inquit,
2963 1281 3015 1329 et
3056 1276 3404 1330 inambulabo
3441 1273 3620 1348 (Leuit.
3670 1291 3827 1342 xxvr;

456 1368 528 1424 ab
557 1369 644 1424 eis
680 1368 891 1423 veritas
921 1385 934 1422 :
963 1369 1113 1424 Deus
1145 1367 1525 1424 contumelias
1553 1366 1802 1422 sustinet
1833 1378 1865 1420 a
1909 1363 2106 1434 lingua
2213 1364 2272 1417 II
2289 1362 2408 1416 Cor.
2446 1361 2542 1436 v1).
2573 1362 3010 1419 Confundantur
3035 1363 3236 1432 Judaei,
3269 1365 3371 1434 qui
3418 1379 3572 1436 reges
3602 1367 3831 1436 proprios

459 1457 812 1528 ingratorum
855 1457 1201 1526 Iudaeorum,
1237 1457 1336 1511 Per
1383 1455 1662 1525 reliquias
1695 1458 2006 1524 martyrum
2051 1454 2109 1504 et
2214 1457 2272 1506 et
2293 1451 2512 1507 alienos
2528 1451 2926 1523 adoraverunt,
2953 1452 3144 1522 potius
3167 1465 3337 1522 quam
3357 1453 3702 1510 Christianos
3723 1461 3831 1524 pro-

460 1545 739 1615 imagines
769 1544 1062 1600 multoties
1089 1543 1414 1616 eﬁ'ugantur
1432 1543 1740 1598 daemonia:
1777 1547 1833 1597 et
1864 1542 1980 1596 hmo
2007 1541 2109 1595 in-
2216 1539 2846 1596 nuntientidololatras.
2862 1541 2976 1596 Nos
2998 1545 3188 1596 autem
3207 1541 3632 1612 Christianiper
3645 1557 3834 1599 omnem

452 1632 634 1702 juriis
669 1638 996 1702 appetentes
1027 1633 1286 1688 homines
1320 1631 1562 1702 sordidi,
1596 1631 1934 1686 subvertant
1957 1635 2013 1685 et
2044 1630 2108 1685 il-
2139 1680 2193 1741 B
2217 1627 2508 1683 civitatem
2534 1633 2590 1683 et
2616 1628 2928 1700 regionem,
2957 1635 3013 1684 et
3043 1642 3142 1698 per
3169 1643 3393 1685 omnem
3418 1630 3566 1686 diem
3591 1635 3645 1686 et
3669 1631 3835 1686 horam

460 1721 664 1741 I---I___..
699 1727 862 1741 _‘___-
903 1722 1154 1741 -ι-..ε-1..,-ι
1210 1720 1354 1741 Λ---ι
1413 1720 1501 1741 .12..
1537 1719 1675 1741 ...ξι-ε
1725 1719 2082 1741 --ε-Ζιηιξλ.......
2220 1720 2410 1741 ηηηιι-..ιι
2460 1717 2608 1741 ξιιηιη
2635 1729 2923 1741 ει...υιη.νι....
2979 1722 3168 1741 ...λιιι-κ
3207 1717 3354 1741 ξιιηιη
3400 1718 3686 1741 ..-δικ-.---
3736 1734 3818 1741 Α-..

458 1721 668 1777 ludunt
695 1727 867 1792 atque
896 1722 1176 1777 derident.
1209 1720 1376 1790 Quot,
1407 1720 1504 1775 die
1537 1719 1702 1792 mihi,
1725 1719 2105 1790 visitationes,
2139 1717 2193 1741 “
2217 1720 2414 1771 contra
2460 1717 2613 1772 idola
2633 1729 2942 1787 armamur,
2977 1722 3173 1772 contra
3207 1717 3360 1773 idola
3400 1718 3707 1788 psallimus,
3732 1734 3842 1775 con-

459 1809 847 1866 emanationes
896 1806 1035 1883 [Gr.,
1067 1805 1578 1882 obumbrationes],
1611 1809 1706 1863 sed
1733 1813 1788 1864 et
1837 1807 2112 1878 t‘requen—
2220 1808 2306 1859 tra
2335 1804 2485 1860 idola
2533 1804 2860 1874 scribimus,
2907 1810 3104 1862 contra
3146 1805 3298 1861 idola
3332 1819 3398 1862 ac
3427 1807 3699 1863 daemones
3725 1821 3840 1863 ora—

459 1905 546 1954 ter
575 1897 920 1970 sanguinum
952 1899 1161 1954 ﬂuores
1185 1911 1253 1953 ex
1276 1897 1462 1953 iconis
1502 1903 1558 1952 et
1596 1895 1864 1966 reliquiis
1893 1901 2114 1964 marty—
2222 1907 2366 1948 mus.
2395 1894 2464 1948 Et
2491 1894 2774 1963 quomodo
2820 1893 3153 1949 idololatras
3186 1908 3288 1949 nos
3317 1895 3840 1964 appellantJudaai?

458 2000 585 2042 rum
630 1985 764 2042 facti
817 1986 1005 2043 sunt?
1049 1990 1106 2042 et
1149 1985 1426 2041 insensati
1483 1985 1653 2042 corde
1699 1985 1956 2040 videntes
2000 1996 2111 2038 non
2224 1980 2326 2036 Ubi
2353 1981 2505 2036 enim
2549 1995 2701 2037 nunc
2730 1987 2866 2038 sunt
2893 1982 3152 2038 exhibita
3179 1982 3360 2038 idolis
3389 1983 3460 2038 ab
3487 1985 3572 2038 eis
3595 1984 3842 2040 sacriﬁcia

457 2075 717 2144 credunt,
751 2075 845 2130 sed
875 2073 1098 2130 fabulas
1117 2087 1184 2129 ac
1203 2073 1577 2129 deliramenta
1605 2073 1724 2128 haec
1742 2071 2111 2144 existimant;
2222 2069 2414 2125 ovium
2436 2074 2493 2124 et
2521 2069 2692 2126 boum
2722 2075 2779 2125 et
2807 2069 3102 2126 ﬁliorum?
3131 2071 3236 2126 Ubi
3269 2071 3526 2144 nidores,
3561 2071 3652 2128 ubi
3681 2085 3780 2128 ara:
3797 2078 3844 2127 et

457 2161 714 2218 videntes
739 2161 932 2217 taliter
963 2176 1062 2231 per
1087 2161 1348 2234 singulos
1375 2162 1502 2218 dies
1533 2161 1592 2216 in
1625 2167 1744 2216 toto
1774 2174 1911 2230 pene
1941 2165 2117 2215 terra-
2227 2156 2583 2227 perfusiones
2647 2155 2986 2232 [prosiones]
3071 2159 3431 2230 sanguinum
3467 2161 3496 2214 ‘2
3551 2161 3714 2216 Porro
3761 2174 3846 2216 nos

460 2264 585 2307 rum
611 2250 748 2306 orbe
771 2249 927 2306 viros
953 2250 1164 2320 impios
1182 2255 1239 2306 et
1265 2250 1518 2320 iniquos,
1550 2249 1838 2305 idolorum
1863 2248 2114 2304 cultores
2223 2246 2540 2302 Christiani
2582 2261 2764 2317 neque
2801 2260 2976 2318 aram,
3026 2261 3208 2318 neque
3237 2249 3599 2306 sacriﬁcium
3631 2249 3850 2320 qualiter

459 2343 516 2394 et
545 2337 884 2409 homicidas,
915 2343 972 2394 et
1009 2337 1404 2402 fornicatores,
1432 2345 1488 2394 et
1515 2338 1764 2394 latrones
1789 2336 1981 2393 subito
2019 2350 2117 2405 per
2229 2335 2311 2391 vel
2339 2335 2478 2406 quid
2510 2336 2648 2406 sint,
2673 2337 2955 2392 novimus.
2983 2337 3054 2392 Et
3096 2337 3335 2406 quidem
3361 2339 3562 2411 pagani
3610 2339 3676 2394 ab
3711 2338 3844 2394 adul-

457 2425 750 2482 Christum
801 2433 858 2481 et
881 2440 1107 2482 crucem
1151 2427 1276 2494 ejus
1319 2425 1647 2496 compungi,
1674 2430 1730 2480 et
1755 2425 1824 2480 ad
1853 2425 2115 2495 agnitio—
2227 2425 2366 2480 teris
2394 2425 2726 2481 hominibus
2754 2430 2810 2481 et
2839 2425 3149 2481 homicidis
3187 2431 3244 2482 et
3276 2427 3525 2496 pollutis
3551 2427 3748 2498 templa
3771 2441 3851 2482 no-

462 2526 587 2570 nem
626 2514 887 2570 veritatis
929 2515 1140 2585 venire,
1189 2519 1246 2570 et
1283 2513 1493 2569 mundo
1519 2514 1624 2570 toti
1657 2514 2005 2583 renuntiare,
2034 2518 2111 2568 at-
2232 2513 2528 2568 minabant
2568 2519 2624 2568 et
2656 2513 2828 2584 idola,
2861 2519 2916 2568 et
2965 2513 3098 2569 illos
3139 2514 3526 2571 deiﬁcabant:
3556 2529 3663 2572 non
3691 2521 3850 2571 autem

464 2617 576 2672 que
613 2615 835 2657 omnem
867 2603 1120 2680 operarit
1149 2602 1441 2658 virtutem.
1486 2602 1590 2656 Dic
1624 2601 1786 2670 mihi,
1832 2601 2114 2671 quomodo
2235 2601 2659 2672 prophetarum,
2710 2601 2794 2656 vel
2839 2607 3164 2658 sanctorum
3217 2610 3538 2674 martyrum
3586 2603 3849 2672 templum.

465 2703 666 2747 sumus
708 2689 1046 2760 idololatrae,
1075 2690 1175 2762 qui
1220 2695 1277 2746 et
1309 2690 1432 2760 ipsa
1461 2703 1611 2762 ossa,
1649 2696 1706 2745 et
1746 2690 2016 2760 cinerem,
2061 2695 2118 2744 et
2229 2689 2315 2744 vel
2357 2703 2512 2744 aram
2558 2690 3012 2746 nominaverunt.
3062 2691 3224 2747 Sicut
3265 2693 3429 2748 enim
3482 2692 3738 2748 Israelita:
3767 2691 3848 2762 qui

465 2791 700 2850 pannos,
746 2783 803 2834 et
844 2778 1202 2850 sanguinem,
1226 2783 1282 2834 et
1325 2778 1612 2834 tumulum
1645 2782 1953 2847 martyrum
1991 2777 2117 2832 ideo
2225 2777 2506 2848 Babylone
2544 2776 2797 2846 fuerunt,
2841 2778 3122 2842 habebant
3167 2793 3388 2851 organa
3433 2787 3489 2836 et
3525 2781 3778 2850 citharas,
3803 2784 3850 2835 et

463 2869 769 2925 adoramus
798 2872 856 2923 et
886 2867 1252 2938 honoramus,
1285 2867 1424 2938 quia
1467 2867 1642 2923 idolis
1684 2880 1794 2922 non
1822 2865 2120 2922 sacriﬁca—
2227 2864 2341 2920 alia
2381 2865 2656 2936 quzedam,
2692 2866 3165 2936 quemadmodum
3201 2873 3256 2922 et
3301 2868 3606 2939 Babylonii
3639 2887 3653 2938 ;
3684 2874 3736 2924 et
3757 2867 3851 2922 alia

467 2962 602 3013 runt
629 2955 657 3010 εἰ
696 2957 925 3012 Judaaus
953 2956 1146 3011 dixit:
1199 2957 1268 3010 Et
1300 2955 1583 3026 quomodo
1628 2969 1726 3025 per
1769 2961 1944 3010 totam
1973 2953 2122 3008 Scri-
2228 2953 2458 3023 quidem
2483 2953 2540 3007 in
2564 2953 2804 3024 gloriam
2829 2953 2951 3026 Dei,
2975 2954 3087 3010 alia
3111 2968 3241 3010 vero
3274 2955 3342 3012 in
3376 2957 3659 3013 culturam
3683 2957 3859 3012 daemo-

468 3051 692 3115 pturam
744 3043 1006 3114 praecipit
1048 3046 1200 3100 Deus
1231 3059 1342 3100 non
1383 3044 1610 3100 adorari
1648 3057 1871 3100 omnem
1901 3049 2119 3100 creatu-
2148 3044 2198 3107 C.
2230 3055 2365 3097 num
2397 3059 2409 3094 :
2447 3041 2526 3096 ita
2549 3046 2606 3097 et
2631 3042 2702 3097 de
2733 3042 3086 3113 imaginibus
3111 3043 3428 3112 gentilium
3461 3050 3517 3101 et
3542 3045 3859 3102 Christiano-

467 3146 588 3188 ram
614 3132 1028 3189 ‘IChristianus
1055 3133 1241 3188 dixit:
1277 3133 1380 3188 Dic
1408 3133 1574 3203 mihi,
1615 3141 1766 3189 terra
1790 3140 1847 3188 et
1876 3137 2113 3202 montes,
2231 3145 2357 3186 rum
2405 3131 2813 3203 intelligamus,
2855 3132 2992 3201 quia
3047 3131 3137 3187 illi
3185 3133 3430 3203 quidem
3467 3135 3525 3190 in
3563 3135 3856 3190 servitutem

468 3228 741 3277 creaturae
782 3222 883 3277 Dei
927 3227 1064 3278 sunt
1090 3222 1119 3276 εἰ
1159 3221 1267 3289 Qui
1317 3222 1438 3277 ait:
1493 3223 1716 3293 Utique.
1751 3222 2118 3278 Christianus
2227 3219 2467 3287 diaboli,
2497 3234 2600 3276 nos
2619 3226 2808 3276 autem
2839 3220 2898 3275 in
2929 3221 3170 3292 gloriam
3193 3227 3248 3276 et
3271 3223 3736 3280 memorationem
3759 3219 3854 3276 Dei.

467 3309 659 3366 dixit:
705 3309 996 3380 Quomodo
1035 3323 1166 3382 ergo
1189 3310 1354 3366 docet
1380 3310 1649 3381 inquiens
1675 3329 1686 3365 :
1722 3312 1976 3365 Ewaltate
2004 3313 2120 3365 Do—
2228 3311 2621 3365 Verumtamen
2651 3314 2708 3364 et
2733 3308 2909 3364 multa
2937 3309 3212 3365 miracula
3242 3313 3406 3368 Deus
3436 3327 3534 3382 per
3559 3313 3763 3384 lignum
3783 3323 3860 3364 au-

469 3401 676 3454 mz‘num
720 3403 890 3454 Deum
923 3403 1187 3470 nostrum,
1232 3404 1282 3453 et
1322 3399 1546 3454 adorate
1591 3401 1883 3455 scabellum
1914 3400 2119 3470 pedum
2226 3398 2352 3453 dire
2373 3397 2526 3467 fecit,
2561 3397 2780 3468 lignum
2809 3397 2937 3452 vita:
2964 3403 3021 3452 et
3047 3397 3267 3470 lignum
3291 3401 3563 3456 scientia:
3593 3400 3859 3457 nominans

467 3489 605 3559 ejus,
655 3491 912 3558 quoniam
948 3494 1196 3543 sanctum
1233 3493 1312 3542 est
1341 3487 1506 3558 (Psal.
1541 3489 1786 3561 XCVIII)?
1809 3491 1876 3544 Et
1909 3489 2114 3544 iterum
2226 3484 2378 3556 (Gen.
2423 3486 2482 3556 II)
2510 3503 2527 3538 :
2567 3492 2622 3539 et
2650 3485 2810 3542 aliud
2852 3485 3166 3557 virgultum
3200 3489 3518 3545 nominans
3545 3489 3728 3558 Sabec,
3778 3489 3860 3542 in—

470 3577 591 3646 ipse
635 3577 827 3633 dixit:
866 3577 1065 3631 Caelum
1095 3577 1230 3630 mihi
1275 3577 1425 3630 sedes
1459 3581 1556 3637 est,
1598 3582 1745 3631 terra
1779 3583 1959 3632 autem
1986 3593 2117 3630 sca—
2225 3573 2580 3645 dulgentiam
2614 3573 2792 3642 ponit.
2828 3573 3042 3629 Deinde
3066 3575 3225 3646 virga
3251 3575 3612 3633 Pharaonem
3646 3575 3860 3647 operuit.

468 3666 663 3720 bellum
701 3667 904 3736 pedum
950 3681 1188 3719 meo-rum
1233 3662 1360 3733 (Isa.
1408 3664 1608 3735 LXVI)?
1645 3666 1874 3720 Iudaeus
1915 3666 2107 3722 dixit:
2227 3675 2380 3716 mare
2417 3661 2611 3732 scidit,
2645 3675 2852 3731 aquam
2881 3662 3104 3718 dulcem
3133 3662 3290 3728 fecit,
3331 3673 3651 3736 serpentem
3671 3665 3862 3721 exalta—

463 3754 568 3810 Sed
603 3768 712 3809 non
745 3761 808 3810 ut
835 3753 990 3822 deos,
1024 3753 1117 3808 sed
1144 3766 1242 3822 per
1264 3752 1380 3808 haec
1408 3766 1537 3808 eum
1569 3753 1667 3822 qui
1701 3751 1855 3822 fecit,
1883 3755 2106 3811 adoras.
2222 3751 2326 3820 vit,
2361 3754 2572 3819 petram
2595 3749 2839 3820 dirupit,
2867 3765 3072 3821 aquam
3109 3752 3377 3826 protulit,
3426 3755 3650 3826 lignum
3692 3750 3865 3826 germi-

462 3841 826 3897 Christianus
853 3841 1006 3896 dixit
1032 3858 1044 3894 :
1087 3839 1303 3896 Fidelis
1334 3854 1518 3896 sermo
1551 3860 1568 3906 ;
1597 3855 1730 3914 ergo
1760 3843 1926 3913 scito,
1961 3846 2109 3914 quod
2222 3851 2364 3894 nans
2396 3838 2455 3893 in
2505 3837 2872 3894 tabernaculo
2899 3839 3085 3895 Aaron
3113 3843 3510 3898 sacerdotium
3536 3839 3864 3898 conﬁrmavit

461 3935 520 3984 et
542 3942 643 4000 ego
688 3943 786 3998 per
816 3930 1042 4000 cwlum,
1069 3934 1126 3985 et
1154 3935 1383 3999 terram,
1429 3936 1486 3986 et
1528 3944 1700 3998 mare,
1749 3936 1807 3986 et
1835 3931 2011 4004 ligna,
2056 3940 2113 3990 et,
2221 3927 2412 4006 (Exod.
2460 3940 2561 3982 xrv
2592 3932 2642 3982 et
2679 3927 2867 4001 seqq.)
2901 3929 2994 3984 Sic
3021 3933 3078 3984 et
3105 3929 3376 3988 Salomon
3400 3933 3524 3988 ait:
3549 3932 3864 3986 Benedictum

461 4016 700 4087 lapides,
733 4023 789 4073 et
817 4018 1059 4089 lipsana,
1087 4023 1144 4074 et
1177 4019 1406 4088 templa,
1435 4023 1488 4074 et
1513 4033 1759 4084 crucem,
1787 4028 1842 4076 et
1875 4035 1972 4090 per
2001 4036 2113 4078 an-
2219 4021 2298 4071 est
2322 4017 2548 4084 lignum,
2565 4033 2670 4087 per
2695 4018 3076 4086 quodjustitia
3097 4021 3158 4088 ﬁt
3187 4017 3343 4089 (Sap.
3382 4021 3524 4095 xxv),
3553 4022 3646 4078 Sic
3669 4027 3720 4076 et
3758 4017 3866 4073 Eli—

461 4105 636 4177 gelos,
663 4111 719 4162 et
749 4105 1026 4176 homines,
1061 4113 1233 4178 atque
1265 4121 1363 4176 per
1381 4121 1606 4164 omnem
1631 4115 1950 4166 creaturam
1977 4111 2113 4167 visi-
2221 4121 2367 4162 satus
2411 4105 2568 4178 ligno
2612 4106 2672 4160 in
2713 4106 3012 4162 Jordanem
3045 4107 3198 4175 jacto
3223 4106 3333 4178 (IV
3356 4111 3489 4179 Reg.
3535 4109 3632 4182 Vl),
3676 4107 3860 4164 ferrum

459 4193 632 4250 bilem
657 4201 713 4251 et
741 4195 1115 4268 invisibilem,
1145 4195 1254 4252 soli
1289 4202 1625 4254 cunctorum
1669 4199 1985 4266 Conditori,
2009 4203 2114 4257 Do-
2223 4197 2280 4251 in
2326 4201 2522 4266 typum
2552 4193 2687 4250 Adae
2712 4195 2877 4265 quasi
2921 4209 2990 4250 ex
3035 4195 3260 4253 inferno
3301 4201 3546 4256 reduxit
3576 4218 3589 4254 :
3627 4201 3708 4254 sic
3737 4210 3865 4267 prte—

459 4284 730 4342 minatori
751 4291 808 4341 et
833 4285 1086 4341 Creatori
1111 4285 1501 4342 adorationem
1525 4291 1582 4342 et
1605 4288 1889 4344 culturam
1911 4289 2103 4346 otfero.
2220 4285 2367 4353 cipit
2391 4297 2566 4354 puero
2587 4298 2692 4340 suo
2725 4297 2824 4354 per
2851 4284 3070 4356 virgam
3103 4286 3392 4344 suscitare
3425 4303 3668 4359 puerum
3697 4287 3864 4342 Suna—

457 4375 578 4430 Non
636 4374 789 4430 enim
835 4378 1094 4431 creatura
1140 4389 1240 4446 per
1283 4375 1528 4445 seipsam
1574 4373 1842 4432 factorem
1884 4379 2102 4448 adorat,
2138 4363 2193 4426 D
2222 4373 2446 4429 mitidis
2487 4371 2593 4444 (IV
2613 4375 2742 4442 Reg.
2773 4373 2866 4448 Iv).
2920 4375 3070 4430 Deus
3113 4389 3266 4448 ergo,
3325 4381 3431 4448 qui
3482 4393 3584 4450 per
3613 4383 3698 4435 tot
3725 4377 3860 4447 ligna

455 4462 550 4519 sed
598 4477 696 4533 per
735 4477 822 4520 me
851 4463 978 4520 caeli
1022 4469 1293 4519 enarrant
1333 4463 1575 4536 gloriam
1618 4465 1740 4534 Dei,
1777 4471 1834 4521 et
1881 4481 1979 4536 per
2019 4482 2107 4524 me
2218 4462 2494 4518 miracula
2535 4467 2802 4532 operatus
2839 4468 2944 4532 est,
2988 4477 3099 4520 non
3140 4471 3354 4538 potest,
3397 4467 3498 4524 dic
3539 4467 3704 4537 mihi,
3738 4463 3862 4519 mira

454 4551 654 4608 adorat
679 4553 856 4608 Deum
885 4551 1039 4622 luna,
1073 4556 1130 4607 et
1155 4565 1252 4622 per
1282 4565 1370 4607 me
1407 4552 1732 4624 gloriﬁcant
1752 4555 1929 4610 Deum
1961 4557 2106 4612 stel—
2214 4549 2398 4606 facere
2441 4551 2615 4606 etiam
2647 4566 2746 4620 per
2775 4552 3088 4622 pretiosum
3121 4553 3342 4625 lignum
3381 4562 3600 4612 sanctae
3637 4549 3865 4612 crucis?

454 4639 541 4707 Ite,
585 4653 682 4709 per
712 4654 798 4694 me
839 4654 1020 4712 aquas,
1059 4639 1288 4712 imbres,
1328 4654 1505 4713 rores,
1539 4647 1597 4697 et
1625 4643 1812 4700 omnis
1843 4649 2104 4701 creatura
2213 4640 2274 4695 Si
2308 4640 2549 4711 impium
2578 4645 2664 4696 est
2689 4641 2926 4697 adorare
2950 4655 3099 4712 ossa,
3127 4645 3421 4713 quomodo
3452 4660 3586 4700 cum
3611 4643 3761 4702 omni
3782 4641 3865 4695 ho-

453 4740 551 4797 per
591 4741 678 4783 me
719 4729 918 4784 adorat
951 4733 1007 4783 et
1053 4728 1338 4798 gloriﬁcat
1373 4730 1548 4786 Deum
1586 4729 1750 4802 (PsaI.
1803 4734 1984 4807 xvm).
2037 4734 2104 4789 Et
2213 4730 2572 4787 noriﬁcentia
2631 4730 2962 4788 detulerunt
3039 4745 3166 4789 ossa
3223 4734 3439 4804 Joseph
3506 4749 3578 4791 ex
3641 4734 3858 4804 1Egypto

453 4816 928 4885 quemadmodum
969 4816 1120 4888 regis
1161 4817 1462 4886 cujusdam
1505 4818 1759 4892 benigni,
1797 4821 1898 4892 qui
1930 4836 2102 4878 coro-
2211 4819 2360 4890 (Gen.
2394 4834 2425 4874 L
2458 4838 2474 4886 ;
2503 4819 2664 4874 Exod
2699 4821 2826 4892 xm)
2851 4824 2878 4875 ?
2903 4821 3186 4890 quomodo
3234 4827 3514 4880 mortuus
3559 4824 3727 4880 homo
3751 4831 3860 4876 ossa

453 4917 580 4958 nam
606 4904 819 4960 variam
839 4908 896 4960 et
936 4905 1240 4974 pretiosam
1271 4906 1384 4962 sibi
1410 4908 1640 4977 propria
1665 4923 1836 4965 manu
1859 4911 2098 4982 paravit,
2209 4909 2401 4964 Eliswi
2428 4914 2664 4979 tangens
2694 4910 2947 4965 surrexit
2974 4907 3081 4978 (IV
3120 4912 3246 4978 Reg.
3273 4910 3460 4983 XIII)?
3491 4914 3672 4968 Porro
3703 4910 3751 4967 si
3777 4921 3863 4980 per

449 5006 644 5048 omnes
695 4993 796 5062 qui
839 5006 1100 5065 germane
1146 4994 1436 5050 adhaerent
1479 4996 1618 5068 regi,
1665 4998 1920 5053 salutant
1947 5013 2103 5055 coro-
2209 5009 2337 5052 ossa
2370 4995 2647 5052 miracula
2677 5003 2946 5068 operatur
2973 5001 3144 5069 Deus,
3177 4999 3558 5068 perspicuum
3592 5007 3698 5070 est,
3728 4994 3858 5068 quod

451 5095 578 5136 nam
609 5085 666 5136 et
689 5081 971 5138 honorant
997 5100 1010 5136 :
1047 5097 1158 5138 non
1203 5097 1408 5140 aurum
1448 5089 1504 5139 et
1536 5087 1899 5156 margaritam
1930 5087 2102 5143 hono-
2211 5085 2582 5156 possitetiam
2611 5102 2709 5158 per
2741 5087 3036 5157 imagines,
3059 5092 3114 5142 et
3147 5101 3244 5157 per
3264 5088 3522 5160 lapides,
3557 5095 3616 5146 et
3642 5103 3740 5160 per
3761 5085 3860 5141 alia

448 5176 655 5232 rantes,
689 5170 782 5225 sed
815 5171 1082 5227 verticem
1114 5173 1266 5244 regis
1287 5173 1648 5242 honorantes,
1690 5179 1746 5228 et
1799 5175 2100 5244 sapientis-
2210 5175 2406 5230 multa.
2453 5178 2590 5231 Nam
2621 5181 2678 5232 et
2713 5176 2994 5231 Abraham
3029 5190 3137 5232 non
3172 5177 3446 5246 permisit
3476 5178 3713 5249 sepeliri
3757 5189 3864 5229 cor-

447 5257 623 5314 simas
671 5271 873 5314 manus
913 5259 1056 5330 ejus,
1109 5275 1236 5330 quae
1265 5274 1530 5317 coronam
1572 5267 1953 5318 struxerunt:
1988 5265 2094 5335 sic,
2209 5279 2316 5335 pus
2361 5264 2510 5319 Sara:
2560 5265 2618 5320 in
2664 5264 3049 5321 monumentis
3086 5266 3315 5334 alienis,
3368 5268 3473 5323 sed
3527 5269 3588 5323 in
3643 5262 3860 5337 proprio

445 5361 479 5402 o
505 5345 692 5418 homo,
717 5347 1177 5403 Christlanorum
1205 5348 1401 5418 populi
1431 5354 1712 5420 quotquot
1739 5351 1951 5422 ﬁguras
1971 5368 2098 5409 cru—
2206 5353 2467 5424 sepulcro
2499 5369 2669 5411 causa
2703 5354 2936 5410 honoris
2979 5352 3127 5424 (Gen.
3160 5354 3348 5425 xxiii).
3419 5357 3567 5412 Nam
3621 5363 3679 5410 et
3705 5350 3861 5409 Iacob

444 5434 531 5491 cis
553 5441 609 5490 et
639 5435 932 5492 iconarum
959 5435 1232 5507 salutant,
1260 5450 1372 5492 non
1400 5435 1544 5506 ipsis
1577 5436 1863 5494 culturam
1892 5440 2088 5514 lignis,
2205 5442 2449 5498 honorat
2474 5458 2573 5513 per
2596 5443 2842 5513 lapidem
2871 5445 3070 5512 Deum,
3104 5449 3366 5500 statuens
3398 5451 3458 5500 et
3492 5459 3714 5518 ungens
3742 5452 3858 5498 cum

444 5523 530 5580 vel
553 5522 846 5594 lapidibus
873 5521 1243 5595 oﬁ'erunt,vel
1261 5538 1420 5596 auro,
1441 5525 1525 5581 vel
1557 5527 1929 5598 corruptibili
1956 5529 2096 5588 ima-
2199 5532 2256 5589 in
2300 5537 2498 5603 typum
2539 5531 2756 5589 Christi
2787 5531 3083 5604 angularis
3109 5531 3326 5602 lapidis
3351 5529 3515 5602 (Gen.
3545 5531 3768 5605 xxvui).
3797 5530 3860 5584 Et
