4012 6162
622 120 671 135 ‘

211 220 300 277 297

979 222 1524 279 INTERPRETATIO
1561 222 1808 278 SYNODI
1846 222 1939 277 VII
1977 222 2377 277 GENERALIS.
2401 253 2475 262 —
2509 222 2709 278 ACTIO
2747 225 2830 277 ιν.

3491 221 3599 281 298

210 351 325 406 item
351 363 617 404 acervum
668 349 925 419 lapidum
964 351 1020 406 in
1066 351 1251 407 Laban
1284 353 1601 408 nominavit
1648 357 1845 408 testem
1869 352 1925 410 A
1958 352 2166 407 randaa.
2193 350 2301 419 Qui
2331 352 2481 407 enim
2504 353 2745 408 honorat
2771 356 3094 422 martyrem,
3124 354 3301 409 Deum
3328 354 3604 410 honorat:

205 438 335 511 (Gen.
360 439 539 508 xxxi).
570 439 640 492 Et
668 439 834 494 Jesus
871 441 1019 495 Nave
1047 440 1350 497 duodecim
1384 442 1602 512 lapides
1639 442 1844 496 statuit
1953 445 2009 495 et
2052 441 2153 510 qui
2202 445 2435 495 matrem
2485 441 2610 510 ejus
2663 440 2881 509 adorat,
2944 441 3055 510 ipsi
3113 441 3600 499 honoriﬁcentiam

211 527 259 581 in
289 526 740 582 recordationem
771 527 869 582 Dei
900 525 1032 598 (Jos.
1070 529 1163 600 ιν).
1197 530 1257 584 Si
1306 531 1458 585 enim
1490 534 1681 585 essent
1711 529 1842 600 tibi,

209 616 447 683 oJudzce,
479 614 539 669 in
561 616 776 684 templo
803 618 902 671 tuo
928 617 1044 673 duo
1068 617 1365 673 cherubim
1396 618 1506 687 illi,
1528 619 1627 689 qui
1651 618 1848 674 obum-

207 702 428 758 brabant
473 703 969 773 propitiatorium,
1013 705 1246 777 sculpti,
1281 712 1338 762 et
1391 707 1662 762 intrasset
1694 707 1851 777 quis-

209 805 359 862 quam
381 804 640 863 paganus
662 792 946 850 idolorum
968 793 1176 865 cultor,
1204 800 1260 850 et
1284 796 1427 850 visis
1454 796 1547 850 his
1567 795 1852 867 arguisset

206 881 410 935 Judaeos
440 880 611 951 quasi
638 885 696 935 et
727 895 882 949 ipsos
909 882 1216 939 adorantes
1235 883 1565 955 simulacra,
1591 883 1728 955 quid
1754 897 1854 953 pu-

209 974 282 1024 tas
326 968 590 1037 haberes,
640 969 738 1025 dic
787 969 951 1039 mihi,
1004 972 1347 1040 respondere
1392 972 1479 1027 illi
1512 974 1582 1028 de
1626 971 1854 1028 duobus

206 1056 493 1113 cherubim
526 1055 825 1127 fusilibus,
858 1064 914 1113 et
938 1058 1141 1128 bobus,
1168 1065 1224 1115 et
1244 1060 1469 1131 palmis,
1494 1059 1850 1127 etleonibus,

208 1145 297 1216 qui
335 1150 504 1200 erant
550 1145 608 1199 in
644 1146 851 1215 templo
895 1147 1108 1217 sculpti
1135 1147 1164 1201 ‘?
1194 1148 1352 1203 Nihil
1388 1148 1622 1203 haberes
1654 1148 1855 1217 utique

207 1247 387 1288 verum
414 1233 488 1287 ad
518 1247 649 1288 eum
672 1233 999 1304 dicendum,
1030 1235 1142 1291 nisi
1175 1236 1309 1292 hoc:
1333 1237 1471 1306 quia
1500 1250 1610 1291 non
1636 1240 1699 1291 ut
1721 1236 1857 1290 deos

212 1321 476 1377 habemus
518 1336 583 1376 ea
611 1322 670 1376 in
699 1323 925 1392 templo,
956 1325 1050 1379 sed
1079 1325 1148 1380 ad
1187 1326 1636 1380 recordationem
1674 1325 1775 1379 Dei
1803 1328 1859 1379 et

215 1410 441 1481 gloriam
472 1409 619 1465 istos
643 1410 939 1466 cherubim
978 1412 1250 1468 habemus
1276 1413 1335 1468 in
1380 1413 1607 1483 templo.
1641 1413 1698 1468 Si
1726 1427 1860 1484 ergo

216 1497 322 1552 haec
348 1496 428 1552 ita
473 1512 537 1553 se
564 1497 790 1567 habent,
820 1500 1104 1570 quomodo
1132 1515 1217 1556 me
1243 1516 1413 1571 super
1456 1502 1642 1558 iconis
1683 1515 1862 1556 accu—

218 1586 476 1642 sas?Sed
522 1587 674 1642 dicis
706 1588 868 1657 mihi,
900 1589 1037 1658 quia
1080 1590 1231 1646 Deus
1273 1591 1449 1661 Moysi
1479 1590 1747 1660 praecepit
1772 1587 1863 1644 fa—

1954 528 2203 583 exhibet.
2232 530 2300 583 Et
2325 528 2424 599 qui
2453 528 2773 599 apostolum
2811 530 3070 596 honorat,
3105 528 3267 585 illum
3298 529 3395 598 qui
3425 529 3605 585 misit.

1957 616 2214 672 honorat.
2257 617 2482 673 Utinam
2525 622 2582 672 et
2627 621 2689 673 tu
2730 618 3010 672 Mosaicas
3050 618 3242 673 iconas
3280 615 3511 686 faceres,
3552 623 3608 672 et

1960 705 2341 775 propheticas,
2370 710 2540 776 atque
2568 720 2667 776 per
2690 705 2958 777 singulos
2981 706 3106 761 dies
3134 705 3192 760 in
3227 706 3313 761 eis
3345 706 3611 761 adorares

1956 794 2262 850 Dominum
2303 799 2359 850 et
2398 796 2576 849 Deum
2625 795 2903 864 ipsorum,
2945 800 3000 849 et
3021 808 3129 850 non
3179 794 3483 866 imaginem
3514 808 3612 851 au-

1962 898 2114 940 ream
2139 884 2679 940 Nabuchodonosor.
2711 885 2779 938 Et
2801 884 3083 953 quomodo
3110 896 3222 939 non
3244 881 3615 940 confunderis

1962 978 2160 1029 contra
2186 987 2272 1029 me
2292 978 2627 1041 commotus,
2661 978 2717 1028 et
2752 972 3004 1028 elevatus
3043 985 3214 1041 super
3241 971 3613 1043 imaginibus,

1963 1068 2019 1117 et
2035 1062 2192 1117 cruci
2216 1062 2557 1117 calumniam
2587 1059 2943 1117 inferens?Si
2958 1060 3239 1115 Abraham
3257 1060 3615 1117 idololatram

1963 1150 2240 1221 adoravit,
2268 1156 2324 1205 et
2351 1152 2528 1205 Moses
2550 1150 2742 1205 Jethro
2773 1149 3155 1220 idololatram,
3201 1155 3257 1204 et
3279 1149 3448 1205 Iacob
3484 1150 3622 1205 Pha-

1968 1253 2214 1309 raonem,
2242 1244 2297 1293 et
2320 1238 2519 1293 Daniel
2567 1237 3122 1293 Nabuchodonosor:
3167 1237 3214 1292 si
3260 1237 3356 1293 isti
3384 1252 3514 1293 cum
3541 1252 3624 1294 es-

1968 1331 2093 1381 sent
2140 1325 2425 1395 prophetae
2463 1339 2528 1379 ac
2570 1326 2737 1396 justi,
2776 1330 3005 1395 propter
3051 1326 3307 1395 quaedam
3349 1326 3623 1382 beneﬁcia

1968 1412 2281 1467 adorabant
2325 1426 2421 1467 eos
2460 1427 2632 1481 super
2671 1419 2878 1467 terram
2919 1413 3253 1468 idololatras
3293 1413 3621 1481 existentes,

1972 1500 2030 1554 in
2059 1514 2145 1554 me
2168 1499 2389 1555 eﬁerris
2418 1500 2747 1556 adorantem
2775 1514 2998 1555 crucem
3026 1506 3080 1555 et
3104 1501 3459 1556 characteres
3502 1514 3623 1557 san~

1971 1592 2214 1657 ctorum,
2248 1602 2316 1643 ex
2360 1588 2574 1658 quibus
2615 1588 2760 1643 dena
2803 1589 2987 1643 millia
3025 1588 3171 1644 bona
3201 1602 3233 1644 a
3257 1590 3371 1645 Deo
3404 1603 3500 1659 per
3529 1603 3627 1645 eos

218 1687 330 1729 cere
356 1675 415 1730 in
463 1676 678 1744 templo
704 1676 999 1746 sculptilia
1041 1676 1233 1747 (Exod.
1270 1680 1442 1751 xxv);
1481 1684 1536 1735 et
1573 1693 1707 1751 ergo
1758 1678 1865 1733 hoc
1891 1665 1944 1725 Β
1976 1676 2227 1746 percipio
2252 1676 2280 1729 ‘?
2306 1676 2413 1745 Qui
2441 1677 2593 1731 enim
2632 1690 2815 1747 regem
2859 1677 3139 1747 timuerit,
3178 1691 3288 1732 non
3324 1677 3632 1732 inhonorat

220 1764 370 1819 dico:
400 1763 511 1818 Sed
537 1764 800 1820 Salomon
829 1766 962 1821 hinc
977 1766 1236 1823 directus
1255 1768 1427 1823 etiam
1455 1768 1621 1838 plura
1648 1768 1707 1822 in
1736 1772 1871 1822 tem-

228 1852 309 1922 plo
363 1852 698 1908 construxit
752 1853 858 1921 (III
887 1857 1012 1922 Reg.
1060 1855 1159 1928 v1),
1199 1871 1323 1927 quae
1375 1870 1560 1927 neque
1615 1857 1668 1911 ei
1722 1857 1874 1911 Deus

235 1941 514 2012 pmepit,
540 1955 722 2011 neque
738 1942 1166 2015 tabernaculum
1189 1945 1505 2001 testimonii
1534 1944 1756 2013 habuit,
1786 1957 1877 1999 ne-

235 2044 333 2099 que
355 2028 635 2098 templum
663 2031 812 2099 quod
834 2032 1090 2087 Ezechiel
1116 2046 1184 2088 ex
1207 2034 1322 2089 Deo
1351 2033 1769 2102 contemplatus
1791 2036 1877 2087 est
1914 2054 1920 2062 -

234 2115 428 2186 (Bacch.
466 2131 562 2186 xc,
597 2118 753 2190 xu);
794 2124 850 2173 et
890 2133 999 2174 non
1029 2127 1116 2176 est
1154 2120 1216 2176 in
1260 2121 1365 2177 hoc
1387 2122 1650 2177 Salomon
1680 2134 1881 2190 repre—

237 2206 479 2260 hensus:
529 2205 588 2260 in
652 2207 891 2278 gloriam
949 2209 1101 2264 enim
1149 2209 1249 2265 Dei
1300 2209 1631 2279 hujusmodi
1668 2207 1879 2265 formas

237 2293 575 2364 construxit,
625 2296 1099 2364 quemadmodum
1141 2304 1196 2353 et
1234 2312 1356 2354 nos.
1398 2298 1663 2354 Habuisti
1689 2302 1880 2352 autem

236 2387 312 2451 tu,
334 2396 367 2437 ο
384 2382 600 2453 Judaee,
623 2384 809 2438 etalia
834 2385 1089 2454 quaedam
1117 2386 1175 2440 in
1204 2372 1533 2442 memoriam
1558 2390 1615 2442 et
1638 2386 1880 2458 gloriam

239 2470 350 2539 Dei,
391 2470 667 2525 videlicet
717 2472 932 2543 virgam
974 2474 1172 2545 Moysi,
1217 2473 1556 2531 fabrefactas
1597 2475 1884 2531 divinitus

240 2557 476 2627 tabulas,
533 2558 954 2616 incombustum
1003 2562 1231 2633 rubum,
1269 2564 1489 2619 aridam
1519 2568 1575 2619 et
1606 2563 1880 2634 irriguam

245 2652 470 2715 petram,
523 2661 728 2704 manna
791 2655 1099 2721 gestantem
1159 2666 1381 2722 urnam,
1428 2666 1637 2723 arcam,
1683 2652 1883 2722 altare,

241 2735 330 2790 Dei
394 2736 655 2792 nominis
698 2737 988 2807 laminam,
1032 2740 1208 2796 Deum
1265 2739 1636 2797 manifestans
1678 2740 1884 2809 ephod,

240 2823 342 2878 Deo
382 2822 703 2879 habitabile
757 2826 1206 2883 tabernaculum.
1252 2828 1481 2883 Utinam
1529 2832 1584 2883 et
1623 2832 1685 2883 tu
1726 2827 1889 2896 prius

1978 1764 2163 1820 ﬁlium
2189 1766 2331 1834 ejus.
2360 1766 2428 1821 Et
2452 1764 2551 1835 qui
2595 1766 2769 1821 Deum
2816 1766 2997 1833 timet,
3046 1766 3286 1821 honorat
3329 1765 3549 1835 utique,
3576 1772 3633 1820 et

1981 1852 2142 1922 colit,
2184 1867 2249 1907 ac
2282 1853 2481 1908 adorat
2524 1857 2588 1907 ut
2617 1854 2829 1909 Filium
2866 1854 2967 1909 Dei
2992 1853 3286 1909 Christum
3325 1854 3629 1910 Dominum
3668 1922 3673 1927 Α

1986 1947 2262 2009 nostrum,
2325 1946 2398 1997 et,
2432 1942 2670 2013 ﬁguram
2727 1942 2919 1997 crucis
2971 1942 3115 2013 ejus,
3167 1947 3223 1997 et
3279 1942 3637 1997 characteres

1984 2036 2308 2084 sanctorum
2350 2031 2494 2099 ejus.
2527 2028 2672 2096 Quia
2700 2031 2889 2099 ipsum
2913 2030 3075 2085 decet
3102 2030 3285 2101 gloria
3310 2044 3439 2086 cum
3471 2031 3635 2083 Patre

1986 2132 2051 2173 ac
2095 2117 2317 2187 Spiritu
2370 2124 2585 2188 sancto,
2644 2131 2794 2173 nunc
2840 2123 2897 2172 et
2942 2131 3182 2187 semper,
3225 2122 3280 2172 et
3323 2117 3383 2172 in
3427 2116 3637 2172 szecula

1989 2207 2348 2262 saeculorum.
2372 2205 2568 2261 Amen.

2058 2295 2469 2349 Constantinus
2506 2294 2908 2349 sanctissimus
2950 2295 3253 2364 episcopus
3294 2293 3640 2350 Constantia:

1989 2383 2153 2454 Cypri
2182 2383 2365 2437 dixit:
2395 2383 2497 2437 llic
2524 2383 2621 2453 qui
2652 2383 2833 2438 lectus
2857 2388 2944 2437 est
2974 2388 3149 2453 pater,
3178 2383 3238 2437 in
3271 2396 3383 2439 una
3414 2381 3643 2438 urbium

1989 2472 2158 2542 Cypri
2207 2472 2408 2527 decore
2447 2471 2836 2527 sacratissimo
2874 2470 3106 2541 claruit,
3148 2475 3205 2525 et
3236 2471 3414 2545 multa
3447 2484 3653 2540 praeco-

1995 2560 2109 2627 nia,
2143 2564 2200 2615 et
2224 2558 2459 2615 festivos
2490 2572 2778 2615 sermones
2808 2559 2934 2628 ejus
2954 2558 3247 2625 habemus,
3280 2573 3409 2614 cum
3436 2557 3655 2628 quibus

1993 2653 2080 2704 est
2103 2648 2275 2703 etiam
2317 2663 2503 2705 sermo
2526 2648 2653 2718 ejus
2676 2649 2734 2703 in
2762 2648 3327 2720 transﬁgurationem
3343 2646 3657 2703 Salvatoris

1998 2736 2205 2791 nostri.
2255 2736 2613 2806 Conscripsit
2653 2738 2844 2792 autem
2878 2740 2935 2791 et
2984 2736 3165 2791 Vitam
3209 2734 3389 2791 sancti
3421 2734 3658 2790 Joannis

1998 2823 2417 2893 archiepiscopi
2443 2823 2801 2879 Alexandriaa
2829 2828 3203 2896 cognomento
3230 2822 3568 2892 Eleemonis,
3600 2820 3655 2877 id

246 2909 355 2965 haec
377 2911 629 2967 adorans
653 2927 929 2984 vacasses,
972 2920 1028 2970 et
1060 2916 1329 2972 invocans
1354 2930 1505 2986 eum,
1543 2916 1642 2986 qui
1669 2920 1755 2971 est
1784 2930 1893 2970 su—
1949 2985 1954 2986 ί
2001 2918 2087 2968 est
2116 2913 2526 2981 misericordis,
2562 2913 2703 2983 quin
2729 2918 2784 2968 et
2805 2913 2986 2969 sancti
3031 2911 3324 2983 Symeonis
3353 2910 3659 2981 simplicis,

248 3012 337 3066 per
365 3000 563 3054 omnia
586 3001 755 3063 Deus,
799 3008 855 3057 et
902 3003 1086 3072 ipsum
1132 2985 1500 3060 memorasses
1526 2985 1622 3073 per
1658 3004 1759 3058 has
1796 3018 1893 3070 pu-
1925 2985 1973 3048 C
2003 3005 2058 3055 et
2082 3000 2196 3055 alia
2223 3000 2479 3070 quaedam
2508 3019 2523 3069 ς
2557 3006 2728 3071 atque
2760 3002 2818 3055 in
2841 3001 3111 3057 omnibus
3150 2998 3513 3056 sermonibus
3537 2999 3664 3054 suis

244 3086 406 3143 silIas
447 3088 646 3144 iconas
686 3096 743 3144 et
781 3089 1010 3162 ﬁguras,
1054 3097 1111 3147 et
1149 3106 1259 3148 non
1301 3093 1547 3149 vitulum
1589 3098 1894 3148 etmuscas

242 3173 473 3231 haberes
511 3191 683 3244 super
722 3178 947 3235 tabulas
985 3195 1017 3236 a
1046 3182 1158 3237 Deo
1186 3186 1452 3251 patratas.
1499 3181 1724 3236 Utinam
1771 3194 1896 3235 san-

241 3268 391 3319 ctum
428 3279 495 3319 ac
534 3279 771 3321 aureum
816 3267 996 3323 altare
1035 3270 1421 3326 desiderasses
1456 3275 1512 3324 et
1553 3275 1637 3338 tu,
1683 3274 1739 3324 et
1785 3282 1895 3323 non

246 3365 445 3408 vaccas
486 3354 775 3410 Samariae.
810 3356 1035 3412 Utinam
1057 3364 1113 3413 et
1151 3359 1367 3429 virgam
1399 3373 1525 3429 quae
1557 3358 1901 3430 germinave-

242 3448 346 3510 rat,
372 3448 430 3496 et
458 3456 570 3497 non
603 3443 903 3513 Astartem,
932 3461 1057 3516 qua:
1081 3448 1361 3503 desolavit
1400 3448 1687 3503 civitatem
1717 3454 1893 3503 tuam.

239 3529 468 3586 Utinam
496 3532 788 3589 divinitus
812 3534 1049 3590 imbrem
1087 3537 1317 3592 dantem
1344 3542 1558 3607 petram
1585 3535 1903 3592 salutavis-

243 3634 350 3690 ses,
379 3626 437 3675 et
475 3635 591 3676 non
633 3623 759 3677 Baal
801 3624 969 3680 deum
1015 3629 1200 3681 tuum.
1246 3627 1349 3682 Sed
1394 3628 1520 3683 ideo
1552 3627 1669 3681 ὴωο
1708 3626 1901 3682 omnia

243 3721 355 3763 non
403 3711 629 3780 adoras,
677 3713 862 3781 prisce
890 3715 1082 3783 Israel,
1113 3715 1251 3786 quia
1292 3730 1400 3772 non
1437 3716 1695 3771 dilexisti
1724 3718 1901 3771 Deum

242 3808 312 3850 ex
337 3804 460 3853 toto
488 3800 689 3879 corde.
735 3801 842 3870 Qui
870 3808 1059 3858 autem
1085 3804 1284 3876 diligit
1308 3806 1579 3875 amicum,
1606 3810 1708 3859 aut
1731 3805 1901 3873 impe-

245 3887 514 3955 ratorem,
560 3892 617 3942 et
660 3890 914 3959 paecipue
961 3890 1375 3948 benefactorem
1433 3907 1623 3964 suum,
1678 3893 1796 3947 sive
1841 3892 1901 3947 ﬁ-

246 3968 391 4026 lium
448 3975 575 4043 ejus
624 3976 832 4047 videat,
900 3979 1020 4034 sive
1072 3980 1311 4052 virgam,
1371 3982 1490 4037 sive
1530 3982 1741 4052 sedem,
1783 3981 1901 4036 sive

241 4072 537 4135 coronam,
584 4064 707 4119 sive
747 4066 1000 4138 domum,
1045 4082 1164 4124 snve
1205 4083 1453 4140 servum,
1480 4074 1653 4137 tenet,
1686 4069 1906 4125 oscula-

242 4152 364 4219 tur,
408 4156 464 4205 et
506 4153 749 4209 honorat
793 4169 891 4225 per
938 4157 1047 4213 ista
1072 4158 1214 4214 bene
1254 4165 1541 4231 meritum,
1576 4165 1632 4215 et
1660 4160 1903 4214 maxime

236 4234 447 4291 Deum.
490 4239 631 4295 Cum
679 4256 814 4314 ergo
857 4244 1071 4301 videris
1109 4246 1469 4302 Christianos
1506 4248 1743 4303 adorare
1780 4262 1905 4302 cru-

2004 3088 2358 3143 orthodoxus
2377 3089 2652 3144 cernitur.
2676 3089 2898 3145 Floruit
2921 3094 3110 3145 autem
3134 3087 3490 3158 temporibus
3514 3090 3665 3143 Mau-

2008 3176 2139 3231 ricii
2175 3176 2555 3246 imperatoris.

2076 3266 2318 3319 Joannes
2358 3266 2470 3319 Deo
2509 3265 2779 3321 amabilis
2819 3265 3129 3336 presbyter,
3155 3270 3212 3321 et
3255 3264 3514 3320 vicarius
3540 3277 3672 3334 apo-

2012 3352 2228 3407 stolicae
2267 3353 2420 3408 sedis
2465 3353 2743 3422 Orientis,
2780 3354 2934 3408 dixit
2963 3370 2974 3405 :
3016 3353 3163 3420 Quia
3193 3366 3324 3407 vero
3357 3352 3474 3407 haec
3506 3352 3586 3407 ita
3610 3365 3671 3407 se

2016 3440 2224 3494 habent
2257 3440 2323 3494 ad
2360 3440 2600 3510 gloriam
2628 3440 2887 3510 praedicti
2919 3440 3122 3509 Patris,
3167 3437 3533 3494 manifestum
3559 3444 3664 3493 est.

2012 3528 2227 3583 Vicarii
2291 3529 2504 3598 quippe
2558 3529 2909 3583 sanctissimi
2971 3541 3131 3597 papa)
3187 3527 3510 3582 attulerunt
3547 3527 3674 3595 ejus

2014 3615 2227 3671 librum
2257 3623 2465 3671 sanctae
2495 3617 2711 3687 synodo
2738 3637 2752 3685 ;
2781 3620 2837 3671 et
2877 3615 3139 3684 maxime,
3185 3615 3323 3685 quia
3369 3614 3549 3669 latius
3581 3614 3674 3669 de-

2016 3706 2354 3760 monstravit
2380 3719 2669 3761 sacrarum
2704 3705 3017 3776 imaginum
3049 3704 3451 3774 receptionem.

2083 3795 2220 3851 Item
2264 3795 2507 3849 Joannes
2548 3796 2662 3850 Deo
2700 3793 2968 3849 amabilis
3001 3792 3293 3863 presbyter
3325 3796 3381 3847 et
3418 3791 3676 3848 vicarius

2011 3882 2315 3951 apostolici
2348 3882 2541 3937 throni
2573 3882 2850 3953 Orientis,
2884 3881 3098 3937 librum
3130 3881 3402 3937 ostenden
3432 3880 3671 3950 synodo,

2010 3969 2199 4025 dixit:
2250 3970 2486 4025 Librum
2536 3970 2733 4040 istum,
2782 3969 3151 4025 honorabiles
3179 3973 3387 4039 patres,
3422 3968 3482 4022 in
3519 3966 3675 4039 regia

2013 4061 2153 4117 urbe
2181 4060 2364 4129 reperi
2389 4060 2538 4128 apud
2561 4060 2859 4116 dominum
2884 4058 3221 4126 Procopium
3250 4057 3668 4112 silentiarium:

2011 4155 2067 4205 et
2113 4150 2342 4204 invento
2392 4149 2553 4203 valde
2602 4148 2832 4218 gavisus
2875 4161 3026 4215 sum,
3068 4144 3340 4215 quoniam
3387 4143 3675 4214 exemplar

2012 4239 2138 4307 ejus
2166 4237 2441 4292 habemus
2472 4237 2530 4291 in
2560 4236 2792 4291 Oriente
2816 4235 3204 4291 simillimum.
3229 4247 3259 4276 a
3282 4234 3455 4288 Docet
3481 4238 3670 4287 autem

238 4334 391 4391 cem,
440 4327 584 4383 scito
625 4330 762 4399 quia
801 4332 1077 4389 cruciﬁxo
1127 4334 1356 4391 Christo
1397 4334 1785 4391 adoratione";
1827 4332 1906 4390 of.
1936 4330 1988 4392 Ι)
2017 4327 2075 4380 in
2102 4339 2168 4381 eo
2199 4325 2397 4381 beatus
2417 4325 2756 4380 Anastasius
2780 4324 2849 4379 de
2880 4324 3106 4378 diversa
3135 4320 3469 4378 adoratione
3496 4338 3510 4390 ;
3537 4324 3593 4375 et
3618 4319 3668 4374 si

238 4406 464 4484 ferunt,
524 4421 580 4470 et
628 4431 736 4473 non
789 4419 947 4491 ligno
1012 4424 1150 4479 Nam
1201 4424 1250 4479 si
1297 4427 1558 4480 naturam
1616 4424 1759 4496 ligni
1819 4437 1909 4478 co.

241 4496 517 4573 luissent,
574 4511 631 4560 et
675 4508 927 4577 profecto
985 4515 1043 4567 et
1091 4512 1322 4569 arbores
1380 4519 1436 4570 et
1493 4527 1719 4569 nemora
1776 4513 1908 4568 ado-

241 4599 501 4677 rassent:
537 4594 714 4651 sicuti
740 4602 795 4652 et
819 4603 881 4654 tu
909 4601 1216 4670 quondam,
1239 4602 1430 4670 Israel,
1459 4603 1735 4659 adorabas
1763 4604 1901 4677 haec,

238 4673 451 4735 dicens
491 4683 686 4739 arbori
725 4692 781 4741 et
832 4687 1024 4760 ligno:
1071 4690 1154 4745 Tu
1188 4690 1404 4747 esdeus
1444 4705 1622 4761 meus,
1650 4698 1706 4747 et
1728 4697 1790 4748 tu
1818 4673 1903 4749 me

241 4767 504 4832 genuisti
545 4769 671 4839 (Jer.
720 4774 801 4847 ιι).
848 4776 919 4831 At
964 4792 1067 4833 nos
1106 4779 1314 4835 iterum
1371 4794 1482 4835 non
1523 4781 1608 4835 sic
1649 4781 1901 4838 dicimus

239 4856 435 4925 cruci,
474 4872 657 4931 neque
675 4862 880 4934 ﬁguris
903 4869 1230 4924 sanctorum
1247 4868 1369 4923 :Dii
1390 4869 1571 4925 nostri
1599 4870 1766 4939 estis;
1788 4884 1901 4926 non

242 4942 409 5030 enim
434 4952 568 5002 sunt
616 4950 701 5004 dii
753 4953 956 5021 nostri,
983 4955 1077 5010 sed
1106 4955 1523 5012 similitudines
1543 4962 1599 5012 et
1626 4957 1904 5030 imagines

244 5026 468 5088 Christi
511 5042 567 5091 et
604 5045 931 5096 sanctorum
958 5044 1101 5112 ejus,
1130 5046 1199 5099 ad
1241 5046 1687 5101 recordationem
1727 5026 1784 5101 et
1809 5047 1907 5103 ho-

250 5130 471 5192 norem,
516 5131 572 5180 et
613 5126 870 5184 decorem
913 5132 1282 5189 ecclesiarum
1322 5135 1624 5204 preposita:
1667 5149 1732 5190 ac
1776 5135 1904 5192 ado-

322 5273 345 5349 l“
374 5264 431 5349 I‘n
458 5265 842 5349 cpd_.lplyano.
889 5273 954 5349 S._
990 5274 1076 5327 hic
1103 5276 1434 5330 Anastasius
1469 5276 1811 5345 Tlteupolros.
1844 5279 1904 5331 id

259 5338 331 5417 est
366 5335 694 5417 Antiochia),
716 5343 829 5405 fuit
868 5346 1145 5415 episcopus
1174 5365 1190 5402 :
1232 5349 1321 5399 cui
1345 5349 1400 5399 S.
1440 5364 1587 5417 pupa
1612 5335 1901 5415 Gregorius

260 5416 395 5473 saepe
428 5409 741 5487 amabiliter
786 5409 1115 5487 scripsitfet
1156 5419 1300 5471 inter
1337 5409 1471 5479 alia,
1513 5409 1659 5487 quod
1704 5409 1901 5473 librum

264 5487 415 5529 suum
454 5478 522 5532 de
544 5484 824 5549 pastorali
848 5478 1057 5555 Regula
1084 5490 1471 5559 interpretatus
1501 5478 1689 5557 fuerit,
1715 5495 1763 5544 et
1790 5493 1899 5544 im-

656 5577 886 5634 PATROL.
931 5582 1182 5638 CXXIX.

2008 4412 2173 4482 jubet
2197 4419 2389 4469 sancta
2423 4414 2692 4483 synodus,
2723 4413 2959 4484 legatur.

2083 4502 2283 4556 Sancta
2310 4502 2560 4571 synodus
2583 4500 2771 4555 dixit:
2807 4501 3067 4571 Legatur.

2082 4590 2150 4643 Et
2177 4590 2467 4659 accipiens
2486 4589 2805 4659 Stephanus
2823 4586 3333 4643 reverendissimus
3355 4584 3668 4641 monachus

2014 4678 2153 4751 legit
2182 4695 2197 4733 :

2012 4785 2199 4839 Sancti
2268 4784 2558 4837 Anastasii
2626 4786 2860 4853 episcopi
2920 4782 3236 4853 TheOpoleos
3292 4780 3519 4853 epistola
3591 4780 3665 4853 ad

2083 4855 2369 4924 quemdam
2407 4852 2813 4917 scholasticam,
2838 4871 2942 4924 per
2980 4852 3143 4923 quam
3180 4852 3461 4922 respondit
3499 4853 3549 4906 ei
3589 4852 3666 4905 ad

2082 4927 2294 4980 illatam
2313 4926 2419 4979 sibi
2437 4926 2505 4978 ab
2536 4941 2593 4978 eo
2623 4928 2869 4995 aperiam
2890 4925 2916 4967 b
2945 4926 3103 4993 cujus
3131 4926 3349 4978 initium
3373 4928 3467 4977 est.

2082 5050 2139 5104 Si
2168 5054 2388 5105 tantum
2427 5049 2801 5121 interroganti
2829 5047 3169 5118 sapientiam
3190 5046 3475 5116 sapientia
3501 5058 3663 5113 repu-

2012 5137 2249 5193 tabitur.
2286 5139 2352 5192 Et
2395 5143 2521 5207 post
2559 5138 2794 5208 aliqua:
2828 5139 2898 5192 Et
2928 5150 3089 5192 nemo
3128 5133 3447 5192 offendatur
3469 5133 3664 5187 adora-

2006 5281 2253 5348 peratori
2272 5279 2545 5341 obtulerit,
2568 5280 2827 5333 Meminit.

2085 5350 2111 5389 b
2143 5353 2221 5404 Ex
2264 5352 2455 5405 eodem
2515 5351 2710 5406 codice
2751 5368 2763 5403 :
2817 5353 3023 5421 inopia,
3087 5348 3352 5413 confusio,
3408 5344 3656 5421 defectio,

2010 5422 2225 5481 solutio,
2250 5424 2567 5483 reverentia,
2592 5424 2829 5476 turbatio
2849 5419 3115 5481 et‘terror,
3148 5423 3209 5471 ut
3231 5422 3443 5487 priores
3471 5419 3656 5467 osten—

2002 5492 2150 5546 ‘dunt
2176 5493 2511 5561 interpretes.

3320 5583 3341 5639 l
3353 5584 3386 5641 0
