4018 6166
413 244 521 300 999

1641 235 1998 292 ANASTASII
2043 235 2350 292 BIBLIOTH
2358 237 2554 293 ECARI
2561 241 2580 292 Ι
3685 247 3770 304 300

412 369 592 426 tionis
617 369 1055 442 signiﬁcatione.
1090 366 1408 422 Adoramus
1435 365 1588 422 enim
1617 365 1878 420 homines
1897 369 1953 419 et
1970 377 2066 420 an-
2089 363 2145 422 Α
2243 366 2486 423 Joannes
2517 367 3030 425 reverendissimus
3077 369 3410 440 monachus,
3442 370 3695 442 presbyter
3728 381 3774 430 et

409 460 565 532 gelos
594 462 838 527 sanctos,
872 461 928 511 et
957 469 1068 511 non
1095 459 1278 538 tamen
1299 454 1742 510 servimusillis.
1774 455 2062 507 Dominum

407 548 579 616 enim,
625 546 818 616 inquit
868 545 1102 615 Moyses,
1150 546 1317 598 Deum
1364 549 1517 597 tuum
1561 543 1838 603 adorabis,
1885 547 1934 595 et
1973 543 2062 594 illi

406 638 508 709 soli
549 637 746 690 servies
783 631 953 705 (Deut.
1003 646 1082 694 v1,
1113 633 1306 686 Matth.
1361 629 1468 704 tv):
1519 636 1575 687 et
1615 631 1744 687 vide
1773 631 2056 700 quomodo

406 726 467 782 in
505 737 572 780 eo
616 722 846 793 quidem
881 722 1032 794 quod
1076 721 1248 787 dixit,
1279 723 1496 791 servies,
1540 719 1870 790 praeposuit,
1911 719 2052 773 soli:

405 813 466 869 in
503 826 570 869 eo
598 826 730 868 vero
779 811 928 882 quod
964 811 1067 879 ait,
1099 810 1376 871 adorabis,
1423 821 1818 879 nequaquam;
1861 807 2054 878 itaque

402 902 640 958 adorare
679 901 910 971 quidem
942 899 1078 954 licet
1105 915 1118 954 :
1153 899 1390 954 honoris
1421 898 1632 970 quippe
1659 897 1939 954 indicium
1967 900 2054 952 est

399 990 694 1060 adoratio;
717 989 931 1044 servire
950 993 1138 1044 autem
1161 1001 1550 1058 nequaquam:
1581 1001 1714 1058 ergo
1737 1001 1838 1042 nec
1867 999 2048 1042 orare.

399 1081 526 1136 Haec
545 1079 776 1150 quidem
797 1077 950 1134 dicet
972 1076 1189 1148 aliquis
1215 1076 1446 1132 interim
1466 1077 1534 1132 ad
1562 1076 1827 1146 primum.
1850 1075 2055 1132 Secun-

399 1169 510 1225 dus
529 1172 716 1223 autem
736 1166 1045 1223 multorum
1064 1165 1439 1235 opinionibus
1451 1165 1780 1235 subjicitur,
1800 1165 2052 1220 nondum

403 1257 698 1313 interioris
723 1260 982 1326 percepta
1013 1254 1279 1310 lectionis
1306 1254 1530 1324 peritia.
2036 1280 2038 1282 τ

468 1345 738 1401 Tarasius
757 1343 1162 1400 sanctissimus
1185 1343 1509 1413 patriarcha
1530 1343 1710 1399 dixit:
1745 1342 2052 1398 Videamus

397 1435 468 1490 de
495 1433 828 1491 adoratione
857 1433 996 1504 quid
1021 1433 1180 1488 dicat
1200 1433 1379 1487 Pater.

467 1523 671 1580 Sancta
713 1521 964 1592 synodus
1000 1520 1188 1576 dixit:
1251 1520 1648 1576 Diversitatem
1694 1518 2050 1575 adorationis

398 1611 665 1667 ostendit.
727 1609 886 1664 Dixit
931 1609 1104 1680 enim,
1166 1608 1301 1678 quia
1347 1609 1634 1662 Dominum
1684 1610 1853 1662 Deum
1899 1612 2051 1660 tuum

2173 452 2424 509 vicarius
2461 455 2842 513 Orientalium
2871 457 3196 527 principum
3239 459 3577 514 sacerdotum
3604 461 3763 516 dixit:

2167 540 2429 598 Ostendit
2455 545 2635 614 Pater,
2661 546 2810 616 quod
2843 546 3074 602 absente
3104 545 3443 615 impepatore
3472 547 3641 620 imago
3665 550 3769 617 ejus

2168 628 2483 686 honoratur
2515 651 2528 686 :
2575 633 2830 711 alioqui.
2864 634 3248 690 inhonoratur
3295 629 3431 707 [Gr.,
3476 649 3578 691 non
3613 642 3768 691 tamen

2163 730 2228 772 eo
2271 724 2542 786 praesente
2585 721 3006 791 inhonoratur].
3047 724 3130 777 Ita
3176 727 3232 778 et
3277 735 3422 778 nunc
3457 722 3774 779 dominatore

2162 807 2417 862 omnium
2472 809 2604 864 Jesu
2663 809 2892 866 Christo
2957 809 3312 866 sensibiliter
3367 809 3525 866 nobis
3574 809 3775 866 absente

2160 893 2500 968 (invisibilis
2543 903 2631 953 est
2675 899 2830 955 enim
2871 898 3064 955 carnis
3093 904 3300 954 nostrae
3339 898 3534 967 oculis,
3581 903 3634 954 at
3667 913 3778 954 vero

2163 982 2315 1038 sicut
2342 985 2492 1041 Deus
2516 986 2728 1057 ubique
2747 987 2942 1058 adest),
2967 1000 3100 1059 ergo
3123 987 3449 1043 honoranda
3478 988 3596 1056 ejus
3617 986 3777 1058 imago

2160 1075 2266 1140 est,
2295 1074 2769 1143 quemadmodum
2804 1080 2860 1130 et
2887 1076 3053 1131 Pater
3079 1075 3377 1131 intellexit.

2230 1159 2542 1232 Gregorius
2573 1163 3082 1220 reverendissimus
3113 1163 3424 1220 monachus
3447 1167 3500 1218 et
3533 1162 3784 1234 begume—

2163 1261 2272 1303 nus
2297 1251 2628 1306 monasterii
2659 1253 2993 1324 Hormisdte,
3017 1241 3230 1308 obtulit
3259 1250 3470 1311 librum
3501 1249 3673 1306 sancti
3689 1249 3784 1304 So-

2163 1335 2392 1404 phronii
2412 1356 2424 1392 :
2451 1352 2618 1408 quem
2638 1340 2928 1410 accipiens
2950 1339 3274 1410 Stephanus
3289 1343 3292 1345 λ
3306 1336 3787 1396 reverendissimus

2163 1425 2476 1482 monachus
2500 1427 2656 1499 legit.
2732 1447 2737 1452 ’

2161 1529 2352 1604 Sancti
2385 1536 2566 1602 patris
2603 1537 2804 1589 nostris
2830 1535 3122 1604 Sophronii
3148 1525 3788 1604 archiepisppiHieroso—

2319 1603 2584 1671 lymorum
2608 1605 2730 1660 laus
2749 1608 2808 1660 in
2827 1603 3040 1661 sanctos
3066 1606 3288 1674 Cyrium
3307 1603 3358 1660 et
3379 1603 3647 1660 Joannem.

397 1700 676 1767 adorabis,
712 1703 762 1752 et
785 1700 893 1768 ipsi
923 1698 1026 1752 soli
1052 1699 1267 1752 servies.
1297 1698 1357 1752 In
1393 1697 1497 1752 hoc
1535 1696 1684 1766 quod
1716 1695 1888 1765 dixit,
1922 1709 2048 1751 ser-

2230 1707 2350 1764 Alii
2367 1710 2598 1780 quidem
2618 1710 2788 1766 aliter
2813 1717 3039 1768 sanctos
3062 1711 3461 1781 honoriﬁcent,
3496 1706 3788 1765 multifarie

397 1789 537 1857 vies,
576 1786 787 1858 posuit,
820 1786 1044 1842 solum:
1080 1785 1140 1840 in
1171 1785 1503 1840 adoratione
1540 1798 1692 1853 vero,
1722 1797 2002 1854 nusquam
2032 1801 2044 1836 :

401 1889 567 1947 porro
594 1875 1065 1946 pseudosyllogus
1091 1873 1190 1929 ille
1217 1873 1368 1930 hunc
1399 1873 1578 1930 locam
1611 1874 1670 1929 in
1698 1887 1858 1929 suam
1885 1872 2047 1928 acci—

347 2015 350 2018 .
400 1965 486 2034 pit
515 1963 678 2034 quasi
723 1961 1212 2032 justiﬁcationem.
1261 1961 1502 2018 Evidens
1533 1967 1718 2017 tamen
1757 1965 1864 2033 est,
1897 1961 2045 2030 quod

401 2053 576 2122 impie
627 2050 732 2108 hoc
759 2050 1155 2122 assumpserit.
1737 2112 1740 2115 _

465 2141 736 2198 Tarasius
769 2139 1170 2196 sanctissimus
1201 2139 1528 2208 patriarcha
1552 2139 1742 2194 dixit:
1775 2137 1880 2194 Sed
1921 2137 2052 2192 vide

397 2230 646 2301 qualiter
669 2229 1070 2286 sanctissimus
1097 2223 1604 2302 [sapientissimus]
1620 2229 1783 2284 Pater
1805 2227 1862 2283 id
1883 2226 2054 2281 inter-

404 2323 674 2389 pretetur.
706 2319 864 2387 Quod
915 2322 1102 2372 autem
1148 2317 1208 2372 in
1258 2317 1443 2373 medio
1489 2317 1702 2386 posuit,
1747 2315 1905 2372 valdc
1949 2327 2052 2370 nos

400 2421 596 2464 omnes
611 2411 670 2464 et
687 2421 784 2463 eos
807 2406 906 2476 qui
929 2405 1349 2461 coutentiosius
1369 2407 1764 2473 adversantur,
1793 2405 1863 2460 ad
1899 2405 2052 2460 ima-

399 2495 598 2565 ginum
631 2494 1005 2564 receptionem
1026 2507 1090 2548 ac
1115 2492 1503 2548 adorationem
1523 2493 1777 2548 deducit.
1809 2492 2053 2549 Honoris

403 2582 613 2652 quippe
653 2587 740 2637 est
804 2581 1084 2636 indicium
1148 2581 1427 2636 adoratio.
1479 2580 1682 2636 Cuncti
1741 2594 1894 2651 ergo,
1949 2581 2050 2650 qui

399 2685 590 2746 sacras
631 2669 910 2742 imagines
950 2683 1010 2725 se
1038 2669 1378 2739 proﬁtentur
1418 2669 1716 2740 honorare,
1754 2673 1810 2724 et
1837 2669 2052 2724 adora—

397 2759 604 2815 tienem
637 2763 920 2828 recusant,
952 2757 1362 2814 convincentur
1389 2771 1422 2812 a
1449 2763 1645 2814 sancto
1682 2759 1865 2828 Patre,
1897 2757 2045 2828 quod

399 2849 460 2905 in
491 2847 777 2920 hypocrisi
811 2847 1154 2909 hoc_dicant.
1187 2847 1266 2900 Re
1289 2845 1441 2901 enim
1473 2859 1602 2902 vera
1633 2845 2050 2916 qui-adoratio-

398 2923 524 2993 nem
569 2949 682 2992 non
732 2935 1080 3004 suscipiunt,
1126 2934 1277 3010 quod
1326 2938 1412 2990 est
1457 2934 1695 2990 honoris
1739 2933 2042 3005 indicium,

395 3023 750 3082 contrarium
777 3027 1092 3079 noscuntur
1113 3021 1314 3092 facere,
1337 3023 1395 3079 id
1421 3027 1508 3078 est
1533 3023 1897 3079 inhonorare.

466 3115 575 3170 Leo
595 3111 995 3168 sanctissimus
1023 3111 1326 3181 episcopus
1351 3111 1574 3167 Phociae
1601 3111 1783 3166 dixit:
1817 3111 2046 3181 Oppor—

397 3209 597 3260 tunum
641 3206 729 3257 est
767 3199 1094 3270 prophetice
1129 3200 1349 3256 dicere:
1407 3199 1727 3254 Convertisti
1760 3201 2043 3270 planctum

393 3307 570 3346 meum
597 3291 655 3344 in
682 3289 946 3357 gaudium
965 3289 1134 3342 mihi:
1159 3289 1470 3343 conscidisti
1513 3303 1729 3343 saccum
1756 3305 1952 3351 meum,
1992 3293 2042 3342 et

387 3381 734 3451 praecinmisti
777 3393 860 3433 me
889 3379 1080 3432 laetitia
1126 3375 1344 3446 (Psalm.
1408 3377 1584 3449 xxrx).
1629 3377 2042 3434 Converterunt

393 3467 545 3524 enim
577 3467 790 3524 divinae
821 3467 1131 3536 Scriptura:
1174 3465 1500 3522 intellectus
1533 3471 1759 3522 nostros
1788 3465 1859 3520 ab
1884 3465 2054 3538 omni.

393 3556 705 3626 impietate,
751 3560 808 3611 et
855 3555 1213 3624 repleverunt
1243 3568 1348 3610 nos
1383 3554 1582 3609 divina
1610 3553 1852 3609 scientia
1880 3556 1936 3608 et
1958 3552 2044 3607 di-

391 3643 658 3714 sciplina.
2006 3653 2036 3674 ⁶

459 3731 870 3788 Constantinus
917 3729 1323 3785 sanctissimus
1358 3729 1665 3798 episcopus
1695 3729 2042 3784 Constantia:

389 3819 557 3888 Cypri
580 3819 793 3875 librum
816 3817 1059 3872 tradidit
1081 3817 1264 3872 sancti
1284 3815 1573 3872 Anastasii
1595 3815 1850 3886 epiScopi
1870 3817 2042 3872 Theo-

393 3897 628 3976 poleos:
685 3919 852 3975 quem
898 3909 1226 3974 susceptum
1272 3904 1594 3975 Stephanus
1651 3904 1928 3964 diaconus
1985 3909 2044 3960 et

394 3993 654 4050 notarius
685 3993 823 4065 legit
843 4012 860 4048 :
1371 4037 1399 4058 .

393 4099 582 4154 Sancti
609 4100 788 4168 patris
825 4101 999 4153 nostri
1033 4097 1324 4153 Anastasii
1369 4100 1444 4152 ad
1481 4100 1708 4168 Symeon
1735 4103 2043 4170 episcopum

547 4171 771 4232 Bostrze,
802 4186 973 4224 sermo
993 4169 1059 4224 de
1079 4169 1322 4233 sabbato,
1345 4171 1502 4239 cujus
1531 4173 1750 4224 initium
1764 4169 1845 4226 est
1864 4190 1881 4224 .-

464 4265 522 4323 Si
569 4275 756 4336 patres
783 4271 1023 4337 oportet,
1065 4267 1374 4322 secundum
1417 4267 1568 4337 quod
1599 4267 1816 4324 dictum
1847 4273 1952 4338 est,
1989 4273 2046 4324 et

2072 3014 2122 3078 C

2157 1789 2546 1854 dona'eorum
2597 1799 2976 1871 divulgantes,
3040 1804 3098 1855 et
3150 1799 3428 1855 beneﬁcia
3477 1795 3788 1852 multimoda

2163 1885 2578 1954 praedicantes:
2629 1887 2732 1943 alii
2791 1887 3023 1958 quidem
3069 1887 3410 1958 templorum
3459 1885 3786 1942 excelsorum

2159 1975 2566 2046 erectionibus,
2593 1975 2697 2031 alii
2737 1990 2868 2032 vero
2908 1977 3198 2033 variorum
3245 1988 3592 2032 marmorum
3634 1985 3794 2029 orna-

2161 2063 2385 2133 mentis,
2420 2063 2522 2119 alii
2549 2070 2738 2119 autem
2763 2065 3167 2121 deauratorum
3199 2065 3556 2122 musivorum
3580 2073 3797 2130 compo—

2160 2150 2500 2206 sitionibus:
2537 2151 2614 2208 ali
2645 2153 2966 2222 splendidis
3007 2153 3288 2222 pictorum
3334 2151 3619 2221 artiﬁciis,
3645 2153 3800 2205 etau-

2165 2239 2312 2294 reis:
2351 2239 2455 2294 alii
2495 2240 2668 2295 etiam
2707 2241 2994 2312 argenteis
3029 2241 3462 2296 monumentis:
3508 2251 3668 2308 porro
3707 2233 3798 2291 alii

2163 2327 2368 2398 sericis
2409 2333 2465 2383 et
2504 2327 2864 2400 bombycinis
2911 2325 3314 2402 [bambacinis]
3357 2327 3636 2384 texturis:
3669 2329 3720 2380 et
3745 2327 3802 2379 ut

2163 2417 2334 2473 semel
2357 2417 2617 2473 absolute
2645 2417 2928 2488 dicamus,
2959 2432 3154 2473 omnes
3186 2419 3244 2473 in
3291 2418 3573 2474 honorem
3604 2420 3803 2482 marty-
3855 2433 3865 2444 ο

2165 2520 2292 2561 rum
2319 2511 2596 2576 satagant,
2629 2511 2691 2560 ut
2717 2505 3033 2576 unicuique
3062 2500 3314 2562 facultas
3339 2511 3396 2561 et
3410 2505 3669 2562 voluntas
3687 2515 3804 2570 snp-

2164 2595 2414 2664 peditat;
2457 2600 2514 2648 et
2562 2594 2803 2649 invicem
2834 2595 2894 2650 in
2935 2594 3046 2650 his.
3075 2595 3306 2650 vincere
3351 2594 3618 2666 gestiant,
3668 2591 3805 2646 circa

2161 2685 2386 2739 sanctos
2425 2681 2652 2738 unitum
2683 2679 2822 2756 [Gr.,
2846 2683 3037 2754 suum]
3063 2683 3334 2739 affectum
3366 2684 3804 2740 demonstrantes

2157 2775 2216 2826 et
2243 2770 2593 2838 exhibentes,
2629 2785 2730 2840 pro
2755 2771 3237 2841 corruptibilibus
3263 2772 3508 2842 quidem
3537 2771 3808 2826 immarce-

2159 2858 2408 2928 scibilia,
2432 2863 2489 2914 et
2518 2873 2620 2928 pro
2648 2860 3059 2930 temporalibus
3081 2861 3400 2919 terminum
3421 2875 3535 2918 non
3559 2855 3808 2914 habentia

2161 2947 2567 3017 praestolantes.
2617 2947 2854 3004 Talibus
2889 2949 3042 3004 enim
3086 2963 3222 3006 suos
3267 2955 3565 3008 amatores
3609 2943 3807 3019 egregii

2159 3049 2586 3105 recompensare
2613 3042 3049 3093 consueverunt.

2161 3142 2249 3194 Eae
2285 3141 2469 3194 eadem
2501 3141 3160 3211 conscriptioneejusdem
3186 3144 3384 3198 Patris
3423 3161 3489 3199 ac
3518 3145 3809 3211 sanctorum

2231 3211 2536 3287 earumdem
2578 3209 2840 3267 miraculo
2890 3209 3177 3287 [tricesimo
3223 3215 3431 3286 sexto],
3499 3215 3656 3284 cujus
3707 3209 3812 3264 ini-

2234 3283 2369 3336 tium
2387 3287 2483 3337 est.
2869 3337 2873 3340 .

2229 3379 2632 3435 Alexandriam
2664 3381 2886 3452 Egypti
2917 3385 2972 3436 et
2997 3381 3185 3452 Libyae
3213 3384 3406 3440 audio
3441 3380 3808 3453 metropolim.

2155 3469 2224 3521 Et
2257 3474 2382 3536 post
2419 3467 2534 3522 alia
2563 3486 2574 3520 :
2614 3468 2916 3524 Venientes
2943 3483 3076 3541 ergo
3105 3469 3174 3526 ad
3217 3471 3515 3542 templum
3549 3472 3816 3543 quoddam
3850 3527 3854 3530 .

2162 3554 2492 3625 perfectum,
2542 3557 2731 3624 specie
2777 3557 3008 3626 quidem
3051 3557 3324 3615 terribile
3372 3566 3434 3616 et
3476 3561 3818 3632 praclarum,

2156 3643 2467 3707 altitudine
2513 3660 2644 3723 vero
2676 3647 2746 3702 ad
2791 3649 2997 3704 caelum
3029 3648 3221 3718 ipsum
3259 3651 3616 3724 pertingens
3648 3649 3821 3720 :quod

2158 3732 2438 3790 intrantes
2477 3735 2779 3790 maximam
2813 3736 3116 3807 imaginem
3143 3743 3200 3792 et
3221 3737 3290 3794 ad
3309 3740 3648 3795 mirabilem
3673 3739 3826 3794 vide-

2154 3820 2376 3889 bamus,
2405 3821 2464 3876 in
2489 3823 2674 3878 medio
2697 3823 2926 3894 quidem
2944 3825 3250 3897 Dominum
3270 3826 3594 3885 Christum
3617 3827 3826 3899 pictum

2161 3909 2454 3965 coloribus
2493 3909 2808 3980 habentem,
2850 3911 3066 3967 Christi
3097 3919 3285 3968 autem
3338 3917 3590 3972 Matrem
3637 3921 3694 3972 et
3721 3915 3829 3969 Do—

2155 3998 2366 4054 minam
2407 4004 2655 4055 nostram
2680 4000 2782 4056 Dei
2814 4001 3149 4072 genitricem
3179 4006 3237 4056 et
3269 3996 3517 4075 semper
3549 4003 3828 4077 Virginem

2154 4087 2389 4142 Mariam
2421 4087 2843 4160 sinistrorsum,
2862 4092 2922 4155 et
2943 4088 3314 4146 dextrorsum
3345 4094 3635 4149 Joannem
3657 4089 3833 4161 Bapti-

2154 4180 2298 4231 stam
2364 4178 2420 4230 et
2463 4189 2869 4244 praicursorem
2922 4177 3172 4245 ejusdem
3217 4179 3578 4252 Salvatoris,
3622 4180 3725 4252 qui
3767 4190 3832 4233 ex

2158 4270 2320 4320 utero
2377 4278 2506 4321 eum
2554 4265 3040 4325 exsultationibus
3106 4271 3540 4336 praenuntiavit
3602 4267 3752 4344 [Lua
3795 4265 3832 4334 ι]

393 4356 568 4413 sicuti
601 4355 724 4426 ipse
757 4354 972 4424 fateris,
1019 4356 1390 4428 interrogare,
1424 4369 1640 4411 necnon
1669 4359 1727 4410 et
1768 4357 2040 4413 seniores.
2075 4363 2131 4424 Ι)
2157 4350 2306 4424 (nam
2333 4357 2390 4409 et
2412 4352 2651 4424 loquens
2687 4368 2818 4409 cum
2856 4360 3004 4410 esset
3047 4354 3226 4425 intus,
3273 4371 3396 4414 non
3439 4355 3829 4426 audiebatur),

392 4446 463 4501 Et
493 4450 619 4516 post
643 4445 1026 4515 pauca:Sicut
1047 4445 1200 4500 enim
1228 4444 1365 4499 dum
1395 4443 1666 4514 diligitur
1691 4439 1830 4517 [Gr.,
1865 4445 2044 4515 abest]

396 4533 723 4604 imperator,
749 4534 934 4604 imago
962 4533 1087 4602 ejus
1118 4546 1218 4602 pro
1247 4533 1372 4602 ipso
1414 4533 1689 4588 adoratur
1715 4551 1728 4587 :
1759 4547 1887 4588 cum
1915 4547 2048 4590 vero

389 4623 506 4691 jam
531 4635 776 4698 pmsens
795 4621 990 4690 fuerit,
1016 4621 1369 4689 superﬂuum
1395 4625 1483 4674 est
1500 4620 1724 4676 deserto
1752 4621 2047 4690 primitivo

393 4709 631 4765 adorare
661 4709 986 4780 imaginem.
1021 4709 1168 4779 Ergo
1195 4707 1332 4778 quia
1369 4721 1478 4763 non
1529 4704 1668 4781 [Gr.,
1710 4723 1818 4766 non
1862 4715 2049 4766 tamen

396 4796 554 4866 quia]
584 4797 875 4866 adoratur,
907 4811 974 4852 eo
1014 4797 1162 4866 quod
1207 4800 1409 4866 praesto
1439 4796 1518 4852 sit
1543 4797 1595 4852 is
1627 4801 1856 4868 propter
1881 4812 2049 4868 quem

395 4886 685 4956 adoratur,
728 4885 1062 4941 inhonorari
1106 4899 1227 4941 eam
1266 4889 1508 4955 oportet.
1550 4887 1619 4940 Et
1662 4889 1790 4956 post
1821 4900 1998 4956 pauca
2033 4919 2047 4956 ς

395 4973 726 5030 Sicutenim
759 4973 857 5044 qui
883 4973 1288 5030 contumeliam
1319 4972 1492 5028 infert
1523 4973 1763 5045 imagini
1797 4974 2053 5045 impera-

398 5061 542 5118 toris
576 5074 791 5132 pmnam
807 5062 1020 5130 justam
1053 5061 1389 5132 perpetitur,
1415 5075 1481 5116 ac
1503 5061 1554 5116 si
1583 5062 1766 5118 eidem
1797 5062 2052 5132 impera—

399 5149 511 5205 tori
538 5149 916 5206 contumelias
943 5149 1281 5221 irrogasset;
1309 5163 1654 5220 quamquam
1679 5150 1866 5222 imago
1897 5151 2048 5209 nihil

399 5236 557 5293 aliud
593 5236 672 5292 sit
710 5251 877 5308 quam
924 5237 1142 5310 lignum
1173 5242 1229 5293 et
1257 5237 1474 5294 colores
1498 5251 1640 5293 certe
1677 5237 1963 5294 commisti
1994 5246 2050 5296 et

401 5325 695 5396 temperati
722 5344 734 5380 :
763 5326 956 5382 eodem
985 5326 1148 5382 modo
1174 5326 1275 5396 qui
1308 5326 1546 5398 ﬁguram
1573 5325 1782 5397 aliqais
1815 5326 2052 5384 inhono-

403 5420 492 5471 rat
543 5413 604 5470 in
663 5414 922 5471 eumdem
987 5415 1214 5484 ipsum,
1260 5415 1428 5484 cujus
1476 5416 1657 5488 ﬁgura
1711 5419 1834 5486 est,
1878 5415 2049 5474 refert

406 5517 698 5574 injurlam.

2155 4446 2212 4496 et
2241 4442 2476 4512 quidam
2504 4455 2571 4497 ex
2597 4443 2984 4522 apostolorum
3019 4447 3075 4498 et
3119 4444 3552 4513 prophetarum
3585 4447 3838 4520 glorioso

2156 4530 2351 4598 choro,
2391 4533 2450 4584 et
2486 4534 2798 4600 martyrum
2828 4536 3014 4586 ctetu:
3050 4545 3180 4588 cum
3221 4533 3457 4602 quibus
3501 4541 3565 4592 et
3603 4537 3838 4592 aderant

2161 4619 2274 4689 ipsi
2315 4618 2494 4688 Cyrus
2521 4622 2578 4674 et
2603 4620 2846 4675 Joannes
2874 4623 3168 4690 martyres,
3208 4622 3310 4691 qui
3341 4629 3490 4680 ante
3531 4625 3839 4697 imaginem

2159 4713 2393 4778 stantes,
2431 4707 2672 4780 Domino
2718 4707 3088 4777 procidebant
3121 4721 3306 4780 genua
3344 4712 3762 4778 incurvantes,
3791 4714 3842 4766 et

2134 4827 2140 4832 -
2159 4799 2346 4868 capita
2369 4797 2428 4852 in
2449 4796 2832 4867 pavimentum
2858 4795 3120 4863 ferentes,
3151 4801 3208 4852 et
3230 4813 3336 4868 pro
3353 4801 3613 4870 juvenis
3633 4800 3844 4858 medela

2163 4887 2592 4942 intercedentes.
2633 4887 2704 4941 Et
2741 4891 2868 4956 post
2902 4887 3016 4942 alia
3049 4903 3062 4940 :
3102 4887 3170 4942 Et
3198 4887 3267 4942 ad
3293 4887 3636 4962 imaginem
3679 4889 3846 4947 tertio

2161 4974 2468 5042 venientes,
2517 4973 2830 5044 praemissis
2873 4974 3058 5030 modis
3090 4973 3416 5032 utebantur
3439 4985 3504 5034 et
3527 4979 3750 5036 verbis.
3781 4977 3850 5034 Et

2158 5076 2289 5118 cum
2321 5062 2458 5117 hora
2491 5061 2669 5116 multa
2693 5062 3151 5135 deprecarentur,
3171 5067 3228 5118 et
3245 5064 3544 5124 deorsum
3563 5069 3844 5138 jacentes,

2155 5150 2316 5220 Jube,
2353 5148 2592 5205 Domine
2613 5145 2690 5222 [Si
2709 5147 2918 5219 jubes],
2946 5152 3166 5206 tantum
3187 5150 3558 5211 clamarent:
3577 5156 3852 5212 Christus

2159 5239 2482 5308 miseratus,
2511 5242 2575 5292 ut
2606 5251 2795 5292 revera
2818 5237 3164 5309 misericors,
3188 5241 3411 5298 annuit
3443 5261 3456 5298 :
3490 5250 3574 5317 et,
3609 5247 3758 5301 Date
3776 5243 3848 5310 ei,

2159 5341 2258 5396 per
2305 5325 2608 5397 imaginem
2648 5323 2833 5381 factus
2869 5329 2992 5398 est;
3032 5331 3090 5382 et
3128 5327 3197 5383 de
3229 5327 3420 5385 humo
3456 5337 3853 5406 exsurgentes

2157 5421 2449 5485 martyres,
2477 5414 2658 5484 primo
2688 5414 2918 5486 quidem
2940 5415 3153 5487 gratias
3181 5414 3445 5488 agebant
3465 5422 3722 5480 Christo
3741 5425 3852 5477 Deo

2149 5510 2363 5574 nostro,
2410 5503 2512 5574 qui
2558 5503 2884 5560 eorumdem
2926 5503 3394 5574 deprecationem
3447 5512 3846 5567 exaudierat:
