4012 6162
261 303 337 361 304
382 290 385 293 ’
1045 304 1585 360 INTERPRETATIO
1621 301 1869 358 SYNODI
1905 302 1999 357 vu
2036 301 2537 358 GENERALIS.—
2574 304 2771 359 ACTlO
2812 308 2897 359 ιν.
3547 310 3654 367 302

248 427 437 484 deinde
461 428 779 500 gaudentes
806 434 862 483 et
891 426 1296 498 tripudiantes,
1328 441 1476 498 ecce,
1508 428 1692 498 aiunt,
1728 427 1896 483 nobis
1918 421 1978 481 A
2004 424 2193 493 prium
2233 424 2421 479 locum
2460 438 2647 479 suum.
2694 424 2941 495 Apparet
2972 427 3165 497 itaque
3206 445 3406 486 rursus
3434 432 3653 489 dmmon

249 513 429 589 [aiunt
454 515 659 572 nobis:
705 518 899 571 melius
947 513 1127 590 mihi]
1178 516 1413 571 donavit
1441 517 1680 587 gratiam
1719 518 1887 571 Deus.
2004 512 2248 584 incluso,
2282 519 2339 567 et
2365 513 2519 567 dixit
2548 514 2629 567 ei:
2667 514 2814 582 Quid
2859 520 2964 586 est,
3008 516 3151 571 male
3181 517 3389 572 senex?
3435 533 3544 575 non
3567 515 3656 591 ju-

247 605 531 675 Ingredere
579 605 773 675 itaque
810 605 1231 676 Alexandriam,
1264 610 1320 661 et
1352 606 1410 660 in
1461 619 1663 676 magno
1693 607 1895 660 Tetra—
2003 601 2142 655 rasti
2173 602 2339 669 mihi,
2370 602 2517 671 quod
2549 602 2763 656 nemini
2785 602 3048 657 diceres?
3072 608 3129 659 et
3146 606 3427 674 quomodo
3452 615 3654 664 cuncta

245 693 357 763 pylo
373 694 619 763 jejunus
645 694 870 753 dormi:
903 699 961 750 et
991 695 1214 750 modico
1254 695 1366 751 olei
1391 694 1461 750 de
1485 694 1738 764 candela,
1768 707 1894 764 quae
2002 688 2207 744 dixisti
2239 690 2293 744 ei
2328 690 2427 760 qui
2454 690 2611 745 venit
2632 690 2701 745 ad
2747 689 2843 745 te?
2866 692 3004 747 Dico
3030 692 3159 762 tibi,
3195 693 3441 765 maligne
3466 708 3653 767 senex,

248 796 467 838 sursum
500 788 635 838 ante
666 783 971 855 imaginem
1008 783 1321 839 Salvatoris
1353 783 1533 854 ardet,
1565 787 1793 853 accepto
1832 782 1891 837 in
2005 782 2070 831 ut
2101 779 2365 847 perjurus
2404 778 2578 834 habes
2596 778 2847 847 judicari
2882 780 2940 834 in
2964 780 3060 836 die
3085 781 3318 850 judicii.
3348 783 3659 853 Respondit

241 870 485 940 ampulla
518 884 710 941 parva,
753 887 958 928 rursus
982 872 1219 942 jejunus
1260 872 1329 927 ad
1382 873 1491 928 ista
1538 872 1890 942 perveniens,
2002 864 2054 918 ei
2084 865 2366 937 inclusus,
2393 866 2623 922 dicens:
2648 864 3174 943 Quia[Gr.,Quod]
3193 870 3383 939 juravi
3403 872 3654 942 quidem,

241 959 400 1015 etiam
430 960 542 1016 hoc
575 960 819 1031 pedibus
839 961 1050 1028 unctis,
1078 961 1293 1017 donum
1325 960 1593 1017 sanitatis
1632 959 1888 1015 habebis.

242 1048 303 1103 Et
327 1053 457 1117 post
482 1048 629 1104 alia:
661 1050 787 1119 Ipse
810 1052 998 1105 autem
1029 1058 1271 1121 surgens
1300 1054 1426 1119 post
1454 1048 1891 1105 exstinctionem

241 1136 488 1191 candelae
518 1137 700 1193 sumit
727 1136 937 1201 oleum.
960 1141 1016 1192 et
1039 1138 1109 1195 ad
1136 1141 1464 1193 sanctorum
1486 1136 1742 1206 pervenit
1761 1142 1895 1190 tem-

246 1223 423 1293 plum:
442 1225 545 1281 ubi
569 1225 723 1282 sicut
740 1226 941 1295 jussus
961 1224 1167 1297 fuerat,
1193 1238 1394 1282 manus
1416 1228 1473 1281 et
1504 1224 1672 1295 pedes
1689 1224 1889 1288 unxit;

244 1316 296 1367 et
323 1312 607 1369 continuo
637 1312 964 1384 languorem
1007 1314 1292 1383 deposuit,
1338 1319 1393 1369 et
1441 1312 1892 1369 incolumitatem

249 1400 472 1470 recepit.

303 1488 580 1545 Tarasius
603 1489 1004 1546 sanctissimus
1028 1489 1355 1559 patriarcha
1378 1488 1563 1544 dixit:
1588 1488 1791 1544 Omnia
1813 1501 1895 1545 re.

243 1574 503 1644 cipienda
550 1590 675 1633 esse
728 1576 956 1645 fatetur,
1003 1583 1059 1632 et
1108 1577 1389 1646 pictorum
1436 1580 1493 1632 et
1538 1576 1892 1647 reliquarum

242 1662 448 1718 artium
500 1669 887 1735 monumenta,
936 1664 1004 1720 ad
1048 1665 1307 1721 decorem
1367 1677 1659 1719 sacrarum
1702 1663 1894 1719 (Ιοωο-

244 1764 383 1805 rum.

302 1839 550 1897 Thomas
584 1841 1092 1898 reverendissimus
1136 1842 1468 1911 monachus,
1508 1840 1799 1911 presbyter
1822 1853 1887 1895 ac

240 1928 489 1985 vicarius
515 1928 900 1987 Orientalium
934 1931 1262 2001 principum
1297 1931 1674 2000 sacerdotum,
1701 1929 1883 1987 dixit:

238 2017 356 2072 llaec
422 2017 633 2089 imago,
704 2018 1066 2075 honorabiles
1133 2020 1346 2090 Patres,
1414 2018 1775 2074 Alexandria:
1828 2016 1887 2071 in

238 2105 532 2176 Tetrapylo
560 2119 585 2147 ι
608 2111 722 2163 stat
744 2121 926 2179 usque
952 2122 1122 2180 nunc,
1154 2113 1210 2163 et
1237 2109 1494 2165 diversas
1525 2107 1890 2163 infirmitates

241 2201 417 2252 curat.

304 2285 507 2340 Sancta
532 2284 787 2355 synodus
813 2284 990 2341 dixit:
1044 2285 1243 2342 Gloria
1271 2287 1404 2355 Deo,
1455 2285 1555 2356 qui
1594 2277 1766 2340 etiam
1795 2298 1892 2354 per

244 2386 428 2428 sacras
478 2373 760 2445 imagines
795 2373 1072 2430 miracula
1102 2374 1356 2444 perﬁcit!

306 2463 652 2519 Eustathius
694 2464 1204 2533 reverendissimus
1240 2464 1567 2534 monachus,
1602 2462 1894 2533 presbyter

244 2555 297 2606 et
319 2550 494 2607 abbas
534 2553 870 2608 monasterii
902 2552 1199 2609 Maximini
1253 2548 1567 2626 [Maximi],
1613 2550 1795 2607 dixit:
1825 2550 1894 2605 Et

247 2652 362 2710 ego,
395 2640 584 2696 sancti
609 2641 825 2711 Patres,
860 2642 1072 2698 librum
1099 2640 1218 2699 fero
1242 2642 1495 2712 ejusdem
1517 2640 1720 2709 Patris,
1749 2653 1895 2694 con—

248 2729 582 2799 scriptionis
602 2729 901 2786 habentem
944 2731 1101 2787 Vitas
1126 2731 1438 2787 multorum
1464 2734 1788 2786 sanctorum
1815 2729 1895 2783 vi-

250 2831 467 2883 rorum;
517 2824 579 2874 et
607 2820 760 2875 sicut
790 2819 1070 2889 placuerit
1110 2820 1283 2876 cmtui
1328 2823 1531 2875 vestro.

310 2906 513 2963 Sancta
569 2909 824 2976 synodus
862 2908 1046 2963 dixit:
1097 2910 1356 2981 Legatur.

309 2984 381 3050 Et
402 2996 697 3066 accipiens
736 2997 1056 3066 Stephanus
1103 2996 1416 3052 monachus
1445 2995 1601 3068 legit.

311 3137 585 3219 Ejusdem,
612 3139 795 3193 Patris
834 3139 1010 3193 nostri
1030 3137 1320 3208 Saphronii
1348 3154 1416 3192 ea:
1456 3134 1593 3191 libro
1629 3138 1812 3191 Prata.

310 3259 543 3316 Dicebat
565 3260 743 3316 abbas
769 3260 1101 3317 Theodorus
1125 3260 1352 3332 IEliota,
1382 3261 1520 3331 quia
1550 3260 1783 3330 quidam
1808 3260 1891 3314 in-

250 3346 436 3404 clusus
459 3354 587 3404 erat
617 3349 677 3403 in
705 3354 894 3404 monte
933 3348 1247 3418 Olivarum,
1294 3348 1456 3404 valde
1478 3354 1741 3404 certator.
1772 3350 1892 3403 lm—

253 3435 529 3507 puguabat
553 3442 744 3492 autem
768 3450 897 3492 eum
931 3436 1148 3493 daemon
1172 3435 1591 3493 fornicationis.
1637 3436 1889 3505 Quadam

251 3535 375 3594 ergo
397 3525 492 3580 die
521 3538 653 3581 cum
681 3524 1006 3581 immineret
1028 3526 1081 3580 ei
1110 3525 1485 3596 vehementer,
1517 3524 1690 3594 cmpit
1719 3538 1889 3580 senex

252 3610 563 3683 lamentari,
591 3618 648 3669 et
669 3613 861 3669 dicere
883 3614 1197 3669 daemonio:
1226 3613 1531 3684 Usquequo
1563 3625 1674 3668 non
1702 3613 1891 3682 parcis

254 3700 432 3755 mihi?
460 3701 659 3757 recede
699 3702 817 3771 jam
847 3716 880 3756 a
911 3716 1018 3770 me,
1067 3701 1421 3758 consenuisti
1450 3701 1613 3755 mihi.
1647 3699 1894 3770 Apparet

252 3787 301 3842 ei
323 3789 536 3845 daemon
553 3790 887 3861 visibiliter,
905 3790 1133 3847 dicens:
1156 3791 1292 3847 Jura
1318 3789 1485 3861 mihi,
1506 3790 1655 3860 quod
1676 3789 1889 3845 nemini

252 3874 421 3947 dicas,
447 3877 599 3948 quod
625 3876 894 3933 dicturus
922 3875 1049 3933 sum
1080 3877 1225 3949 tibi;
1251 3883 1308 3932 et
1357 3876 1509 3932 ultra
1534 3881 1588 3932 te
1624 3890 1736 3933 non
1779 3876 1895 3930 im—

257 3966 523 4036 pugnabo.
568 3966 638 4020 Et
659 3966 880 4036 juravit
901 3966 954 4021 ei
990 3979 1179 4037 senex,
1222 3967 1370 4037 quod
1403 3981 1503 4037 per
1535 3979 1664 4021 eum
1692 3965 1793 4035 qui
1836 3964 1894 4018 in

254 4050 547 4110 altissimis
576 4054 818 4119 habitat,
852 4054 1067 4110 nemini
1093 4054 1302 4125 dicam,
1339 4069 1465 4126 quae
1483 4054 1626 4110 mihi
1652 4052 1893 4110 dixeris-

253 4140 401 4197 ‘l‘unc
425 4143 573 4199 dicit
593 4143 648 4199 ei
679 4142 897 4199 daemon
920 4161 934 4197 :
960 4145 1042 4198 Ne
1077 4143 1279 4199 adores
1306 4144 1451 4199 hanc
1486 4142 1811 4214 imaginem,
1838 4144 1895 4197 et

255 4232 307 4283 te
346 4232 593 4301 amplius
642 4246 756 4288 non
788 4231 1155 4304 impugnabo.
1205 4232 1457 4287 Habebat
1485 4238 1674 4287 autem
1707 4232 1893 4303 imago

255 4316 481 4390 eﬂlgiem
548 4320 841 4377 dominam
898 4325 1150 4377 nostram
1202 4324 1454 4376 sanctam
1506 4320 1744 4375 Mariam
1791 4319 1891 4375 Dei

1921 3061 1970 3125 C

1996 953 2217 1022 juravi:
2246 961 2303 1010 et
2330 956 2465 1025 quia
2490 956 2795 1027 perjuravi,
2829 957 2969 1012 scio.
3000 958 3398 1015 Verumtamen
3422 961 3659 1017 minime

2006 1037 2155 1114 [Gr.,
2203 1041 2420 1118 meum]
2449 1044 2752 1100 Dominum
2802 1050 2858 1100 et
2905 1044 3173 1103 factorem
3229 1049 3542 1118 perjuravi:
3605 1055 3660 1105 te

2002 1136 2192 1186 autem
2225 1146 2337 1187 non
2367 1132 2558 1188 audio.

2072 1218 2484 1275 Constantinus
2523 1220 2925 1278 sanctissimus
2971 1222 3275 1294 episcopus
3316 1225 3660 1282 Constantia:

2000 1306 2169 1376 Cypri
2199 1308 2386 1363 dixit:
2418 1309 2901 1377 Quemadmodum
2926 1324 3099 1367 aurea
3124 1313 3382 1386 monilia,
3419 1315 3498 1371 ita
3525 1320 3659 1372 sunt

2002 1394 2206 1451 deiferi
2260 1399 2454 1453 Patres
2500 1398 2705 1470 nostri,
2761 1401 3167 1457 concordantes
3216 1402 3274 1457 in
3328 1404 3661 1462 adorationc

2003 1499 2293 1542 sacrarum
2327 1487 2660 1558 imaginum.

2071 1577 2312 1631 Joannes
2348 1576 2859 1634 reverendissimus
2888 1580 3218 1649 monachus,
3262 1582 3553 1653 presbyter
3601 1589 3659 1639 et

2000 1664 2255 1720 vicarius
2282 1664 2662 1721 Orientalium
2695 1668 3047 1738 pontiﬁcum,
3094 1670 3272 1725 dixit:
3310 1673 3378 1726 Et
3400 1672 3560 1728 aliud
3584 1674 3661 1729 si~

1919 1741 1973 1802 B
2000 1753 2232 1825 gniﬁcat
2270 1768 2454 1811 sermo
2481 1755 2665 1810 Patris
2702 1756 2883 1812 nostri
2909 1757 3236 1829 Sophronii,
3268 1760 3402 1830 quia
3426 1761 3656 1831 expedit

1997 1843 2048 1897 ei
2082 1843 2181 1913 qui
2204 1843 2439 1913 juravit,
2483 1845 2663 1915 magis
2708 1846 3020 1917 perjurare,
3063 1861 3233 1918 quam
3264 1849 3500 1905 omnino
3543 1864 3661 1905 ser-

1997 1945 2128 1986 vare
2179 1931 2585 2000 jusjurandum
2634 1933 2693 1988 in
2746 1934 3194 1991 destructionem
3241 1937 3655 1994 venerabilium

2002 2019 2336 2090 imaginum.
2393 2020 2506 2077 Hoc
2557 2025 2744 2076 autem
2788 2022 3060 2095 dicimus,
3106 2026 3380 2093 quoniam
3421 2026 3655 2096 quidam

2003 2107 2177 2163 hodie
2214 2113 2489 2164 excusant
2516 2123 2586 2164 se
2630 2114 2858 2179 propter
2891 2102 3298 2180 juramentum.
3456 2174 3461 2181 ,

2073 2197 2344 2252 Tarasius
2376 2197 2779 2253 sanctissimus
2810 2199 3134 2268 patriarcha
3162 2200 3341 2255 dixit:
3373 2201 3653 2270 Quoniam

2003 2284 2218 2340 sciebat
2240 2284 2547 2341 bonitatem
2578 2286 2852 2357 Dei,quia
2881 2287 3217 2355 poenitentes
3234 2289 3499 2361 suscipit,
3529 2290 3655 2346 ideo

2000 2372 2293 2442 disposuit
2317 2373 2636 2445 transgredi
2682 2374 2921 2444 impium
2949 2376 3356 2444 juramentum.
3399 2378 3465 2432 Et
3505 2390 3657 2434 nunc

2003 2462 2103 2532 qui
2137 2462 2196 2516 in
2217 2461 2417 2517 haeresi
2439 2462 2547 2517 ista
2569 2465 2927 2534 juraverunt,
2947 2463 2995 2518 si
3029 2464 3260 2534 quidem
3281 2465 3440 2520 aliud
3470 2480 3659 2535 pecca-

2004 2555 2124 2605 tum
2166 2563 2278 2605 non
2322 2548 2594 2621 fecerunt,
2630 2550 2994 2606 rationabilis
3023 2551 3109 2606 eis
3137 2556 3224 2606 est
3251 2552 3565 2623 excusatio,
3601 2560 3659 2608 et

2004 2651 2115 2693 non
2147 2637 2355 2693 habent
2395 2638 2543 2708 quod
2585 2638 2810 2694 dicant:
2849 2653 2976 2694 nam
3000 2640 3049 2695 si
3083 2640 3143 2694 in
3172 2640 3287 2695 alia
3321 2647 3548 2710 peccata
3575 2641 3660 2696 in-

1959 2739 1962 2743 '
2003 2725 2226 2797 cidunt,
2280 2726 2487 2781 debent
2532 2727 2708 2782 Deum
2755 2728 2995 2799 placare,
3030 2734 3085 2784 et
3121 2729 3417 2786 obsecrare
3459 2730 3530 2785 de
3577 2744 3658 2786 re-

2003 2815 2277 2871 missione
2327 2815 2523 2871 illiciti
2562 2817 2895 2885 juramenti.

2070 2904 2400 2967 Theodorus
2437 2900 2839 2962 sanetissimus
2889 2906 3193 2976 episcopus
3229 2907 3653 2967 Subritensium

1998 2992 2185 3047 dixit:
2215 2993 2484 3063 Princeps
2499 2994 2887 3064 apostolorum
2908 2996 3109 3052 Petrus
3139 2998 3385 3070 negavit,
3415 3000 3509 3055 sed
3529 3005 3654 3055 acta

2000 3081 2336 3151 poenitentia
2373 3088 2631 3152 receptus
2658 3089 2744 3139 est
2771 3082 2992 3153 (Matth.
3036 3085 3222 3157 xxvx).

2066 3171 2336 3227 Tarasius
2370 3173 2771 3229 sanctissimus
2821 3174 3145 3243 patriarcha
3173 3174 3357 3230 dixit:
3408 3177 3655 3234 Herodes

2000 3274 2112 3316 non
2158 3260 2488 3332 perjuravit,
2536 3262 2631 3337 sed
2678 3262 2871 3332 periit.
2911 3261 2983 3317 At
3025 3276 3155 3318 vero
3193 3265 3395 3321 Petrus
3429 3267 3655 3337 negavit

1998 3362 2128 3404 cum
2152 3350 2502 3418 juramento:
2522 3334 2729 3406 ﬁinde
2746 3350 2897 3406 foras
2913 3364 3176 3422 egressus
3197 3357 3253 3407 et
3283 3334 3649 3424 lacrymatus,

1998 3437 2191 3493 salvus
2220 3436 2404 3492 factus
2450 3443 2553 3494 est.
2586 3438 2762 3494 Omne
2800 3439 3012 3509 quippe
3043 3446 3332 3509 peccatum
3366 3441 3652 3512 benignus

1998 3529 2147 3583 Deus
2196 3526 2462 3605 ignoscit,
2503 3528 2553 3583 si
2597 3540 2664 3582 ex
2694 3532 2812 3582 tota
2841 3528 3032 3582 anima
3076 3528 3210 3599 quis
3256 3529 3651 3598 paenitentiam

2002 3614 2258 3686 gesserit.

2072 3704 2276 3759 Sancta
2327 3702 2578 3773 synodus
2605 3702 2789 3758 dixit:
2840 3702 3045 3775 Etiam,
3099 3703 3503 3776 Domine;‘sic
3550 3717 3653 3760 nos

2006 3796 2200 3849 sancta
2239 3791 2535 3861 Scriptura
2575 3791 2758 3847 docet.

2074 3880 2344 3936 Tarasius
2374 3879 2774 3935 sanctissimus
2824 3879 3147 3948 patriarcha
3193 3880 3372 3936 dixit:
3430 3881 3656 3938 Primus

2006 3968 2307 4039 theologia:
2350 3968 2635 4038 princeps,
2683 3972 2916 4024 sanctus
2958 3967 3223 4024 videlicet
3269 3970 3510 4025 Joannes
3537 3970 3652 4025 ait:

2004 4058 2134 4121 Nos,
2165 4058 2339 4127 ﬁlioli,
2366 4058 2414 4110 si
2442 4056 2760 4119 dLrerimus,
2784 4058 2916 4125 quia
2928 4062 3209 4124 peccatum
3239 4072 3347 4111 non
3378 4058 3654 4120 habemus,

2002 4146 2285 4199 mendaces
2329 4160 2515 4199 sumus
2552 4142 2608 4215 (Ι
2649 4147 2803 4199 Joan.
2860 4142 2924 4217 ι).
2973 4145 3030 4200 Si
3086 4158 3221 4216 ergo
3268 4145 3659 4217 rogaverimus

2002 4234 2179 4289 Deum
2212 4246 2313 4302 pro
2363 4232 2609 4302 peccatis
2655 4232 2888 4304 nostris,
2932 4232 3221 4303 propitius
3259 4233 3426 4289 nobis
3465 4233 3562 4305 sit,
3602 4238 3659 4287 et

2002 4319 2251 4378 dimittit
2280 4321 2488 4377 delicta
2518 4325 2732 4377 nostra.

210 4407 598 4478 'genitricem,
657 4414 975 4479 portantem
1046 4409 1352 4465 Dominum
1404 4412 1662 4465 nostrum
1706 4410 1893 4478 jesum
1924 4396 1980 4456 D
2075 4410 2430 4480 Nicephorus
2512 4409 2914 4464 sanctissimus
2979 4410 3283 4479 episcopus
3356 4409 3657 4479 Dyrrachii

252 4492 553 4554 Christum.
600 4497 757 4553 Dicit
794 4497 1055 4554 inclusus
1088 4498 1364 4554 daemoni:
1394 4497 1528 4553 Sine
1562 4502 1629 4553 ut
1675 4511 1892 4553 mecum

254 4586 498 4641 tractem.
550 4588 613 4642 In
661 4586 979 4643 crastinum
1022 4591 1211 4642 autem
1257 4586 1487 4647 nuntiat
1542 4585 1648 4641 hoc
1698 4585 1891 4641 abbati

253 4670 533 4731 Theodoro
572 4674 816 4746 Eliotae,
851 4675 949 4746 qui
984 4679 1119 4731 tunc
1161 4673 1457 4730 habitabat
1483 4674 1542 4735 in
1570 4674 1731 4730 laura
1760 4675 1896 4729 Pha-

260 4771 459 4817 rorum.
486 4765 556 4819 Et
578 4762 753 4834 venit,
781 4764 877 4819 cui
907 4763 1100 4819 omnia
1131 4763 1428 4820 indicavit.
1454 4762 1527 4818 At
1546 4776 1677 4818 vero
1724 4776 1895 4819 senex

258 4844 396 4904 dicit
423 4852 645 4909 incluso
665 4852 817 4924 :Sic,
848 4851 1011 4923 abba,
1046 4851 1258 4908 illusus
1281 4866 1360 4923 es,
1387 4857 1452 4909 ut
1473 4853 1716 4909 daemoni
1743 4854 1899 4923 jura-
1944 4888 1948 4892 ι

262 4939 388 4994 res?
430 4942 823 4998 Verumtamen
848 4939 991 4996 bene
1030 4940 1216 4997 fecisti
1259 4941 1364 4997 hoc
1409 4941 1619 4997 dicere.
1656 4942 1898 5012 Expedit

257 5032 433 5083 autem
453 5029 561 5085 tibi
589 5030 803 5100 potius,
828 5033 894 5085 ut
913 5043 1025 5086 non
1048 5029 1311 5100 dimittas
1337 5029 1397 5085 in
1421 5029 1653 5086 civitate
1675 5032 1783 5087 ista
1816 5032 1899 5088 lu-

263 5127 444 5187 panar,
476 5118 535 5173 in
576 5118 726 5189 quod
760 5132 872 5175 non
915 5117 1183 5191 introeas,
1214 5131 1382 5188 quam
1415 5123 1481 5174 ut
1519 5133 1746 5175 recuses
1770 5121 1900 5176 ado-

264 5215 381 5259 rare
424 5207 728 5263 Dominum
759 5212 815 5262 et
839 5208 1013 5262 Deum
1065 5211 1323 5263 nostrum
1365 5208 1555 5263 Jesum
1606 5208 1898 5264 Christum

264 5303 381 5347 cum
410 5296 637 5364 propria
662 5300 843 5351 matre
862 5309 965 5351 sua
991 5295 1051 5350 in
1104 5295 1369 5367 imagine.
1398 5296 1741 5353 Conﬂrmato
1765 5311 1900 5369 ergo

265 5390 340 5452 eo,
366 5388 418 5437 et
460 5382 782 5440 confortato
824 5383 1026 5440 multis
1072 5383 1451 5456 sermonibus,
1482 5384 1630 5440 abiit
1675 5387 1735 5441 in
1779 5400 1903 5456 pro-

2003 4499 2181 4554 dixit:
2205 4500 2411 4553 Pavore
2430 4496 2608 4553 multo
2623 4496 2967 4567 detinemur,
2981 4497 3237 4567 Domine,
3254 4497 3390 4568 quia
3411 4497 3660 4566 plurima

2005 4588 2151 4644 mala
2181 4591 2423 4657 egimus,
2446 4590 2504 4641 et
2526 4585 2985 4655 compendiosam
3018 4585 3413 4655 paenitentiam
3454 4590 3510 4641 et
3532 4599 3662 4642 con-

2005 4676 2306 4732 fessionem
2340 4687 2653 4743 precamur.

2076 4767 2182 4820 Leo
2194 4762 2596 4819 sanctissimus
2607 4762 2911 4832 episcopus
2931 4762 3344 4819 Phociaadixit:
3371 4763 3659 4833 Scriptum

2004 4859 2109 4925 est,
2127 4852 2261 4924 quia
2268 4852 2656 4921 juramentum
2670 4851 2910 4907 mendax
2932 4866 3001 4907 ne
3012 4852 3276 4924 diligatis
3291 4851 3476 4923 (Zach.
3492 4853 3623 4925 vm)
3644 4872 3656 4907 :

1970 4948 2059 4999 ~et
2089 4942 2262 5011 hujus
2309 4940 2391 4995 rei
2437 4940 2622 5011 gratia
2669 4941 2907 4995 mendax
2961 4942 3350 5010 juramentum
3401 4946 3661 4999 nostrum

2009 5028 2460 5102 parvipenditur,
2514 5033 2784 5098 tanquam
2838 5028 3054 5084 nullam
3116 5028 3515 5086 fortitudinem
3570 5030 3663 5085 ha-

2012 5119 2167 5174 bens.

2077 5209 2318 5263 Joannes
2341 5208 2455 5262 Deo
2483 5204 2752 5261 amabilis
2782 5206 3077 5277 presbyter
3105 5212 3160 5262 et
3189 5207 3442 5263 vicarius
3469 5206 3665 5261 Orien-

2010 5297 2215 5354 talium
2247 5295 2579 5365 pontificum
2600 5294 2778 5350 dixit:
2802 5295 2861 5350 Si
2884 5295 3103 5364 jubetis
3129 5310 3300 5367 nunc,
3335 5299 3663 5366 quaerantur

2015 5386 2115 5442 illa
2144 5399 2269 5456 qua:
2296 5384 2366 5439 de
2391 5384 2714 5453 juramento
2738 5390 2891 5439 sunt.

324 5573 354 5605 ³
376 5564 549 5623 Addit
576 5566 921 5623 Anastasius
947 5571 1048 5623 aut
1072 5565 1206 5638 quis
1227 5565 1381 5623 allus
1402 5565 1460 5621 in
1493 5580 1595 5622 ms.
1623 5567 1889 5638 Jolyano:
1934 5573 2032 5627 Est
2061 5570 2345 5638 editicium
2388 5569 2624 5635 quatuor
2650 5569 2827 5619 vartes
2866 5576 3012 5619 corr.
3052 5560 3320 5630 arbitror,
3363 5564 3583 5629 portas.
