4018 6166
349 260 456 317 303

1580 267 1931 321 ANASTASII
1970 265 2512 323 BIBLIOTHECARII
3620 264 3714 322 304

413 386 682 442 Tarasius
711 387 1110 444 sanctissimus
1143 388 1462 458 patriarcha
1492 388 1644 443 dixit
1669 407 1681 442 :
1715 389 1833 444 Jam
1866 403 1992 458 qum
2019 389 2070 446 Α
2099 390 2223 445 viro
2250 390 2540 461 ingerebat
2561 389 2799 444 labores.
2831 389 2956 458 Qui
2982 386 3309 444 consolatus
3333 389 3418 439 est
3451 384 3723 440 mulierem

341 476 410 531 ad
461 475 514 531 id
550 476 854 546 pertinent,
891 476 1044 532 dicta
1076 482 1228 532 sunt.
1260 477 1317 531 Si
1342 477 1479 547 quid
1517 482 1702 532 autem
1742 477 1992 546 amplius

341 567 446 634 est,
479 563 542 619 in
570 564 686 618 alia
723 564 1142 619 examinatione
1196 564 1543 635 requiratur.
1594 567 1755 620 Nunc
1801 570 1988 620 autem

343 651 634 722 proposita
669 665 1066 722 exsequamur.

409 739 764 796 Theodosius
819 741 933 796 Deo
979 739 1250 795 amabilis
1299 740 1578 796 diaconus
1627 743 1684 795 et
1731 739 1990 796 notarius

341 828 481 900 legit
503 845 516 882 :

479 945 568 996 Ea:
597 943 880 998 miraculis
908 948 1220 998 sanctorum
1253 943 1452 998 Cosmae
1488 947 1537 998 et
1569 944 1844 998 Damiani.

408 1066 577 1124 Alius
605 1067 838 1138 quidam
863 1067 954 1122 vir
983 1067 1230 1124 clemens
1259 1067 1438 1138 valde,
1487 1067 1736 1122 ﬁstulam
1775 1065 1990 1122 habens

339 1157 401 1212 in
430 1154 663 1228 femore,
688 1160 744 1212 et
771 1155 986 1212 .multis
1017 1171 1159 1212 usus
1189 1157 1637 1226 medicamentis,
1673 1155 1752 1210 ita
1778 1161 1840 1211 ut
1869 1169 1992 1210 sese

337 1245 509 1301 etiam
535 1244 748 1317 gladiis
774 1245 1124 1300 medicorum
1152 1246 1418 1314 traderet,
1447 1259 1546 1314 per
1560 1258 1739 1299 annos
1759 1244 1992 1299 circiter

338 1333 668 1406 quindecim
709 1333 968 1389 miseriis
1002 1332 1250 1390 afflictus
1286 1337 1373 1389 est
1408 1332 1466 1388 in
1501 1333 1783 1404 passione,
1815 1346 1848 1386 a
1882 1345 1992 1403 qua

337 1427 642 1492 superatus
681 1421 932 1492 amplius
959 1422 1139 1477 crevit
1177 1422 1438 1493 languor,
1471 1421 1736 1491 quadrati
1770 1420 1889 1476 oris
1917 1417 1992 1475 ef-

337 1508 539 1578 fectus,
565 1513 622 1565 et
652 1511 1044 1580 superjacente
1073 1509 1366 1565 rheumate
1392 1508 1698 1581 fatigatus:
1733 1507 1992 1578 frequen-

337 1602 424 1655 ter
473 1597 646 1654 etiam
700 1597 960 1654 immisso
1022 1597 1247 1668 corpori
1303 1601 1436 1666 potu
1495 1597 1628 1652 inde
1679 1597 1992 1666 proﬂuente

2101 493 2282 548 suam,
2344 479 2586 534 multum
2639 477 2850 532 habens
2893 480 3222 532 sanctorum
3277 472 3719 542 experimentum.

2100 569 2272 622 Porro
2315 568 2552 638 oblitus,
2586 567 2723 637 quia
2748 566 3061 621 secundum
3091 561 3555 620 consuetudinem
3580 575 3726 616 suam

2099 669 2195 711 eos
2233 669 2422 711 secum
2453 654 2714 725 deferret,
2760 653 2988 709 dicebat
3029 653 3118 708 ei:
3161 651 3308 721 Quid
3352 649 3457 704 tibi
3491 647 3678 704 faciam
3703 649 3729 701 ?

2101 744 2305 814 hospes
2330 757 2476 799 sum.
2498 743 2558 798 Si
2583 743 2735 799 enim
2759 743 2817 798 in
2841 742 3072 797 civitate
3103 753 3223 796 mea
3245 752 3443 808 essem,
3467 749 3729 792 sumerem

2099 838 2340 888 cerotem
2378 833 2743 888 dominorum
2792 844 3046 887 meorum
3101 829 3315 884 Cosmze
3363 831 3420 882 et
3461 825 3732 896 Damiani,

2097 925 2154 976 et
2173 921 2365 976 statim
2395 919 2620 976 dolores
2650 919 2735 976 tui
2770 919 3144 990 quiescerent,
3173 921 3229 972 et
3260 913 3734 970 inﬁrmitas-cura-

2101 1013 2274 1064 retur.
2303 1008 2437 1077 Quae
2474 1021 2602 1064 cum
2633 1012 2782 1064 esset
2807 1006 3012 1077 ﬁdelis,
3044 1005 3111 1060 ad
3155 1006 3480 1059 sanctorum
3509 1000 3733 1056 celerem

2100 1097 2400 1152 sanitatem
2436 1092 2584 1169 [Gr.,
2617 1091 2998 1168 sanationem]
3045 1092 3327 1150 admirata
3381 1089 3581 1159 oravit,
3633 1101 3734 1158 quo

2099 1185 2273 1256 digna
2315 1183 2475 1240 ﬁeret
2518 1187 2644 1254 post
2686 1183 3062 1240 reversionem
3091 1193 3251 1237 suam
3284 1179 3345 1234 in
3371 1177 3626 1250 gloriosa
3644 1189 3739 1231 eo-

2099 1287 2228 1328 rum
2279 1277 2336 1328 et
2364 1271 2578 1328 famosa
2617 1273 2786 1327 domo
2836 1269 3228 1326 adorationem
3275 1267 3528 1337 ipsorum
3567 1263 3732 1320 adire.

2098 1362 2236 1416 Nam
2275 1366 2332 1416 et
2360 1374 2428 1416 ex
2458 1360 2580 1416 solo
2607 1360 2812 1415 auditu
2842 1363 3180 1428 compuncta
3212 1369 3325 1425 pra:
3364 1366 3555 1409 amore
3584 1365 3738 1422 quem

2099 1450 2252 1505 circa
2277 1456 2504 1505 sanctos
2532 1448 2792 1525 habebat,
2829 1447 3142 1515 conticuit;
3187 1456 3501 1512 somnoque
3526 1441 3739 1496 detenta

2103 1543 2323 1608 postera
2357 1543 2518 1594 nocte
2541 1537 2751 1606 aspicit
2782 1549 3014 1607 magnos
3041 1534 3144 1589 hos
3173 1537 3230 1588 et
3268 1529 3558 1588 terribiles
3584 1527 3744 1583 medi-

2101 1641 2198 1682 cos
2226 1631 2282 1682 et
2312 1625 2556 1682 famulos
2589 1625 2805 1681 Christi
2835 1625 3091 1680 Cosmam
3135 1627 3190 1678 et
3223 1620 3556 1676 Damianum
3599 1616 3742 1672 sche-

340 1682 488 1786 [Gr‘f
507 1686 841 1786 a.mp'a,uxit
866 1686 1218 1786 'El‘g‘lorei",
1239 1700 1294 1756 εἷ’
1315 1685 1725 1786 0;,99'ectumf‘
1754 1685 1988 1786 mfflma
2020 1703 2074 1764 Β
2105 1721 2250 1770 mate
2280 1728 2392 1786 quo
2415 1713 2830 1784 erantdepicti,
2864 1717 3080 1769 stantes
3113 1712 3182 1767 ad
3215 1713 3458 1765 stratum
3491 1708 3746 1775 suum,et

338 1775 486 1845 quod
535 1774 738 1845 inerat,
785 1769 1189 1848 emittentem],
1250 1773 1601 1844 medicisque
1639 1771 1988 1828 dicentibus:

288 1937 298 1947 ν
339 1863 487 1936 quod
521 1864 764 1935 languor
792 1863 873 1918 ita
901 1863 1298 1919 dominaretur
1321 1862 1394 1932 ei,
1429 1867 1493 1918 ut
1524 1876 1634 1918 non
1668 1867 1855 1931 posset
1882 1873 1995 1916 ma-

337 1967 448 2009 nus
493 1952 748 2009 hominis
787 1952 1057 2023 inveniri,
1110 1966 1236 2022 quae
1289 1951 1542 2022 passioni
1584 1951 1984 2007 auxiliaretur.

335 2041 666 2110 Postposuit
697 2038 844 2115 [Gr.,
875 2037 1231 2114 Desperavit]
1261 2055 1394 2112 ergo
1413 2055 1470 2096 se
1496 2040 1604 2109 vir,
1632 2045 1687 2095 et
1711 2040 1930 2109 accepit
1958 2053 1992 2095 a

337 2130 539 2186 multis
574 2130 906 2200 consilium,
941 2135 1005 2186 ut
1033 2130 1101 2186 ad
1133 2133 1458 2185 sanctorum
1498 2129 1599 2184 Dei
1645 2127 1990 2185 famulorum

333 2219 546 2275 Cosma:
593 2224 649 2274 et
696 2219 958 2274 Damiani
1009 2219 1420 2274 sanctiﬁcatam
1453 2223 1708 2289 pergeret
1735 2218 1986 2272 domum.

333 2307 404 2362 Et
433 2321 562 2364 cum
607 2307 712 2362 hoc
743 2306 925 2362 facere
953 2303 1487 2376 voluisset(multas
1524 2307 1676 2361 enim
1707 2305 1874 2360 habet
1903 2319 1994 2359 vo-

334 2394 585 2450 luntates
608 2391 756 2468 [Gr.,
786 2394 964 2450 multa
1003 2391 1282 2466 consilia]
1319 2393 1653 2464 necessitas)
1686 2393 1840 2447 videt
1871 2407 1997 2447 san-

332 2486 456 2537 ctos
493 2481 553 2537 in
580 2483 798 2537 somnis
826 2482 1083 2538 dicentes
1112 2481 1262 2536 sibi:
1312 2481 1450 2536 Veni
1483 2481 1551 2536 ad
1587 2495 1710 2547 nos,
1752 2485 1809 2535 et
1838 2493 1995 2536 sana-

332 2569 506 2624 beris.
574 2569 812 2626 Fiducia
885 2583 1018 2641 ergo
1083 2573 1314 2638 accepta
1367 2582 1467 2638 per
1539 2567 1991 2624 exhortationem

333 2659 682 2726 sanctorum,
711 2657 967 2726 pervenit
989 2657 1056 2712 ad
1086 2657 1394 2729 gloriosam
1415 2670 1612 2711 eorum
1639 2655 1908 2724 domum;
1935 2663 1994 2710 et

333 2758 433 2814 per
462 2745 723 2817 singulos
767 2745 894 2800 dies
927 2758 1040 2800 non
1070 2745 1316 2800 cessavit
1345 2744 1661 2812 obsecrare,
1697 2748 1761 2799 ut
1789 2743 1995 2798 libera-

333 2835 494 2888 retur
519 2846 552 2888 a
591 2833 870 2904 passione.
905 2833 1082 2888 Porro
1112 2845 1241 2888 cum
1290 2831 1695 2902 permansisset
1723 2844 1892 2901 anno,
1935 2835 1992 2886 et

331 2920 550 2976 nullam
579 2921 968 2977 visitationem
993 2919 1198 2976 fuisset
1215 2921 1474 2989 adeptus,
1504 2919 1564 2974 in
1593 2919 1702 2974 ﬁne
1727 2933 1989 2990 egressus

329 3009 618 3078 liminare,
651 3009 800 3079 quod
823 3009 1149 3078 appositum
1188 3007 1527 3064 eratdomui
1559 3011 1908 3078 sanctorum,
1933 3012 1989 3062 et
2017 3017 2064 3078 ε

330 3097 564 3153 intuens
594 3097 654 3152 in
695 3097 1000 3170 imaginem
1029 3096 1360 3168 Salvatoris,
1395 3110 1520 3166 qua:
1562 3095 1746 3165 posita
1777 3100 1900 3150 erat
1928 3095 1987 3150 in

327 3183 640 3241 dexteriori
687 3185 912 3256 porticu
947 3182 1123 3256 (picta
1148 3198 1280 3240 vero
1311 3188 1432 3239 erat
1454 3184 1512 3238 in
1557 3196 1621 3239 ea
1648 3188 1761 3238 tam
1793 3187 1988 3238 sancta

327 3273 508 3330 Maria
560 3273 661 3329 Dei
715 3273 1000 3346 Genitrix,
1062 3287 1230 3344 quam
1283 3273 1464 3328 sancti
1515 3270 1732 3346 famuli.
1768 3269 1984 3326 Christi

327 3363 558 3420 Cosmas
587 3366 643 3418 et
668 3362 1000 3431 Damianus,
1049 3367 1106 3416 et
1153 3361 1385 3432 quidam
1444 3375 1511 3416 ex
1540 3359 1761 3432 magnis
1817 3360 1980 3427 viris,

327 3451 600 3507 Leontius
641 3449 888 3523 nomine)
939 3449 1443 3520 deprecationibus
1495 3447 1664 3504 factis
1718 3448 1982 3520 prolixis,

327 3539 483 3596 ﬁevit
513 3553 611 3610 per
639 3539 850 3596 multas
866 3539 1036 3595 horas
1065 3553 1285 3608 amare;
1315 3543 1488 3608 atque
1513 3537 1830 3592 obsecratis
1859 3551 1982 3592 san-

325 3629 456 3700 ctis,
469 3628 618 3684 abiit
634 3629 694 3684 in
711 3627 898 3684 locum
912 3627 1170 3683 cubiculi
1191 3627 1304 3681 sui.
1328 3627 1399 3680 Et
1417 3625 1630 3693 aspicit
1648 3638 1746 3694 per
1763 3628 1984 3679 noctem

325 3717 616 3772 venientes
647 3717 716 3771 ad
749 3728 809 3770 se
837 3713 1084 3770 famulos
1119 3713 1336 3768 Christi
1367 3712 1624 3767 Cosmam
1655 3718 1712 3766 et
1748 3711 1985 3766 Damia-

327 3820 485 3875 num,
514 3805 756 3861 mediam
793 3803 1064 3858 habentes
1089 3803 1274 3873 gratia
1319 3801 1542 3870 plenam
1576 3800 1895 3872 Virginem,
1928 3805 1984 3856 et

325 3893 610 3949 dicentem
659 3891 772 3948 sibi
809 3887 956 3963 [Gr.,
1001 3885 1208 3962 ipsis]:
1237 3891 1377 3944 Ecce
1426 3889 1534 3944 iste
1579 3893 1684 3960 est,
1721 3888 1984 3956 adjuvate

325 3993 456 4036 eum
479 3978 766 4034 velociter.

323 4103 458 4156 Item
485 4103 598 4171 ipse
630 4102 758 4170 legit
775 4118 843 4156 ex
857 4103 1057 4156 eisdem
1087 4103 1386 4156 miraculis.
1411 4103 1488 4155 De
1518 4115 1685 4154 umore
1705 4098 1983 4154 Constan—

894 4175 1000 4227 tini
1044 4174 1411 4228 Laodicensis.

394 4295 650 4368 Contigit
703 4297 999 4368 quemdam
1051 4297 1240 4352 virum
1298 4296 1722 4367 ﬁdelissimum,
1776 4295 1876 4365 qui
1920 4293 1980 4349 in

2102 1804 2358 1860 dicentes
2382 1803 2534 1859 sibi:
2565 1803 2712 1872 Quid
2739 1801 2912 1858 habes
2930 1801 2958 1855 ‘I
2987 1801 3125 1872 quid
3154 1805 3339 1855 certas
3357 1798 3386 1851 ‘?
3407 1795 3548 1868 quid
3579 1793 3748 1850 tribu-

2101 1892 2346 1949 lationes
2377 1892 2555 1948 infers
2578 1892 2702 1947 viro
2731 1895 2831 1946 tuo
2851 1891 2880 1944 ‘I
2904 1891 3000 1946 hic
3029 1903 3230 1946 sumus
3253 1886 3572 1954 vobiscum,
3606 1880 3746 1939 nihil

2101 1982 2208 2038 tibi
2239 1964 2390 2038 cura:
2414 1983 2510 2038 sit.
2538 1981 2762 2050 Quibus
2783 1981 2852 2036 ad
2884 1993 3006 2035 eam
3036 1979 3212 2035 dictis
3243 1978 3621 2032 recesserunt.
3654 1970 3750 2026 Illa

2099 2086 2228 2128 vero
2259 2071 2538 2144 evigilans
2582 2069 2968 2140 interrOgabat
2996 2069 3293 2139 conjugem
3327 2079 3520 2134 suum,
3550 2060 3751 2119 scisci—

2101 2161 2212 2216 tari
2243 2161 2314 2215 ab
2343 2174 2407 2215 eo
2451 2159 2645 2214 volens
2675 2157 2908 2213 habitus
2937 2156 3495 2229 gloriosissimorum
3529 2155 3754 2208 sancto—

2102 2264 2228 2307 rum
2256 2251 2468 2305 Cosmte
2493 2253 2548 2303 et
2567 2247 2852 2318 Damiani,
2878 2246 2966 2302 vel
2997 2245 3246 2315 qualiter
3280 2243 3673 2314 pingerentur,
3701 2242 3753 2292 et

2104 2339 2162 2394 in
2193 2353 2307 2408 quo
2336 2337 2536 2393 ordine
2569 2336 2822 2405 ipsorum
2853 2334 2920 2388 ad
2955 2333 3320 2388 inﬁrmitates
3351 2331 3518 2386 ﬁeret
3545 2325 3756 2382 exhibi-

2103 2427 2204 2481 tio.
2227 2427 2480 2495 Cumque
2507 2424 2748 2478 maritus
2771 2423 2822 2477 ei
2852 2421 3110 2477 habitum
3136 2419 3470 2487 indicasset,
3496 2421 3753 2472 eteorum

2103 2515 2386 2570 schemata
2415 2507 2815 2586 [charismata]
2862 2513 3201 2577 enarrasset,
3245 2507 3347 2562 illa
3396 2506 3586 2560 eidem
3637 2515 3758 2559 con.

2097 2603 2223 2674 jugi
2251 2616 2354 2656 suo
2377 2614 2574 2656 eorum
2604 2598 2806 2655 formis
2843 2597 3142 2667 expositis,
3187 2600 3244 2650 et
3277 2599 3488 2649 caetera
3533 2601 3756 2662 quoque

2101 2690 2214 2746 sibi
2241 2703 2274 2744 a
2303 2688 2518 2744 sanctis
2549 2688 2609 2743 in
2638 2687 2768 2743 visu
2793 2687 2946 2743 dicta
2983 2684 3255 2740 narravit.
3277 2683 3565 2738 Caeterum
3592 2686 3648 2734 et
3676 2676 3760 2731 vir

2103 2779 2161 2834 in
2207 2775 2654 2833 recordationem
2697 2789 2765 2830 ex
2797 2773 3123 2830 narratione
3169 2772 3421 2839 veniens,
3461 2768 3617 2840 quod
3656 2766 3760 2820 ha—

2099 2867 2256 2922 beret
2293 2865 2400 2921 sub
2442 2863 2618 2920 axilla
2671 2877 2774 2920 sua
2822 2866 3148 2918 sanctorum
3190 2860 3250 2916 in
3301 2858 3561 2930 imagine
3598 2865 3760 2925 parva

2097 2955 2355 3026 eﬁigiem,
2383 2954 2642 3010 eductam
2675 2951 2938 3022 protinus
2969 2950 3135 3006 uxori
3163 2947 3536 3004 monstravit.
3567 2945 3640 3000 At
3667 2941 3762 2998 illa

2096 3057 2226 3102 cum
2257 3043 2514 3112 vidisset,
2555 3055 2675 3096 eam
2708 3039 2983 3110 adoravit,
3025 3043 3080 3094 et
3125 3037 3410 3110 cognovit,
3447 3034 3605 3106 quod
3638 3042 3760 3084 vere

2096 3145 2285 3189 secum
2345 3130 2557 3186 ibidem
2605 3129 2874 3206 degerent
2931 3127 3113 3182 sancti
3179 3125 3502 3181 secundum
3573 3131 3760 3177 vocem

2097 3221 2352 3290 ipsorum
2401 3215 2523 3292 [Gn
2571 3217 2703 3272 add.
2759 3221 2815 3272 et
2853 3215 3046 3272 statim
3104 3213 3345 3270 liberata
3403 3217 3498 3269 est
3551 3210 3762 3266 femina

2095 3305 2344 3382 morbo].
3161 3365 3168 3372 .

2163 3400 2405 3453 Joannes
2435 3393 2945 3451 reverendissimus
2983 3391 3295 3463 presbyter,
3325 3395 3382 3447 et
3413 3389 3760 3454 monachus,

2095 3501 2159 3543 ac
2179 3487 2433 3542 vicarius
2447 3484 2828 3540 Orientalium
2855 3481 3208 3552 pontiﬁcum,
3231 3480 3417 3536 dixit:
3443 3481 3763 3537 Ostensum

2096 3575 2261 3644 plane
2284 3574 2449 3630 nobis
2472 3577 2576 3641 est,
2605 3572 2742 3642 quia
2762 3577 2817 3626 et
2838 3585 2934 3640 per
2964 3571 3241 3642 imagines
3259 3577 3544 3640 apparent
3578 3563 3764 3625 sancti

2096 3663 2372 3718 miracula
2417 3660 2706 3716 facientes.
2753 3662 2858 3715 Per
2897 3659 3201 3732 imaginem
3255 3659 3408 3716 enim
3460 3657 3764 3716 manifesti

2096 3754 2230 3807 sunt
2257 3749 2508 3820 mulieri,
2555 3753 2820 3805 sanantes
2859 3762 3001 3803 eam.

2162 3841 2356 3894 Manzo
2370 3837 2772 3894 sanctissimus
2783 3838 3087 3907 episcopus
3099 3837 3549 3892 Pracanensium
3579 3835 3761 3892 dixit:

2090 3928 2394 3997 Postquam
2453 3925 2659 3982 recessi
2701 3939 2850 3982 anno
2897 3925 3184 3994 praeterito
3214 3939 3247 3980 a
3300 3925 3456 3997 regia
3509 3925 3681 3995 urbe,
3712 3927 3766 3977 et

2090 4015 2217 4070 veni
2247 4016 2318 4071 ad
2351 4015 2612 4070 servilem
2635 4014 2925 4070 civitatem
2947 4017 3211 4079 vestram,
3238 4013 3298 4068 in
3325 4026 3436 4082 qua
3470 4014 3648 4086 dego,
3683 4012 3771 4068 in-

2090 4104 2414 4159 firmitatem
2449 4103 2668 4158 incurri
2699 4101 3091 4168 sazvissimam,
3151 4102 3230 4156 ita
3283 4106 3347 4156 ut
3392 4103 3769 4172 propinquos

2089 4193 2415 4264 colligerem
2471 4192 2540 4247 ad
2595 4189 2918 4246 faciendum
2970 4193 3388 4246 testamentum.
3445 4191 3519 4244 Et
3555 4191 3618 4245 in
3677 4190 3772 4244 his

2092 4280 2365 4351 languore
2392 4279 2820 4349 comprimente,
2849 4277 3020 4332 attuli
3051 4276 3530 4348 augustissimam
3563 4276 3772 4348 imagi-

327 4384 540 4441 mimia
563 4365 950 4456 ἐπι-σευτλίων
986 4385 1215 4441 nomine
1243 4365 1716 4453 constantinum,
1735 4383 1834 4454 qui
1867 4383 1984 4454 glo-
2005 4365 2060 4426 D
2093 4382 2218 4424 nem
2247 4367 2558 4424 Salvatoris
2588 4367 2769 4422 nostri
2801 4367 2932 4456 .Iesu
2955 4365 3194 4456 Christi,
3217 4373 3273 4421 et
3292 4365 3414 4421 dixi
3432 4383 3463 4456 ᾗ
3488 4366 3767 4428 Domine,

325 4473 611 4530 riosorum
637 4479 964 4531 sanctorum
985 4474 1200 4530 Cosmte
1223 4480 1279 4529 et
1308 4473 1570 4528 Damiani
1597 4471 1979 4542 patrocinium

326 4561 563 4619 sedulus
593 4561 952 4632 implorabat,
983 4559 1297 4631 profectum
1321 4557 1503 4616 fuisse
1521 4558 1592 4614 ab
1621 4559 1724 4614 hac
1742 4558 1978 4614 amabili

323 4649 554 4706 Christo
585 4650 738 4722 regia
771 4649 1024 4717 civitate,
1068 4661 1240 4705 causa
1283 4649 1556 4718 injunctaa
1591 4646 1702 4703 sibi
1733 4647 1976 4702 militia.

324 4735 435 4805 Qui
468 4736 528 4791 in
559 4750 901 4808 unaquaque
921 4736 1378 4808 peregrinatione
1403 4749 1528 4804 sua,
1555 4735 1616 4790 in
1645 4735 1752 4790 ﬁde
1771 4733 1984 4790 delere.

325 4823 423 4878 bat
442 4822 679 4896 eﬁigiem
696 4829 1023 4880 sanctorum
1045 4824 1102 4878 in
1128 4836 1296 4894 parva
1320 4823 1568 4895 imagine
1592 4823 1660 4878 ad
1683 4822 1980 4892 proprium

326 4911 763 4968 munimentum.
806 4911 946 4967 Cum
976 4917 1165 4968 autem
1199 4911 1548 4981 pervenisset
1577 4911 1645 4966 ad
1681 4910 1982 4966 Laodicen-

327 4999 479 5054 sium
525 4999 834 5068 civitatem,
897 5014 1022 5071 qua:
1067 5000 1464 5072 cognominata
1517 5003 1604 5055 est
1674 4997 1982 5053 Trimetria

329 5085 478 5162 [Gr.,
531 5087 878 5161 Trimitaria,
924 5105 1018 5143 seu
1047 5089 1408 5156 Trimitania,
1441 5090 1542 5151 aL,
1581 5083 1977 5160 Trimetaria],

325 5177 525 5248 ibique
537 5181 790 5234 moratus
799 5183 949 5233 esset
959 5178 1254 5234 occasione
1265 5177 1555 5233 commissi
1571 5175 1684 5231 sibi
1710 5173 1975 5246 praecepti

324 5265 524 5336 aliquo
576 5269 844 5336 tempore,
899 5267 1132 5336 nuptias
1185 5265 1471 5337 legitimas
1522 5269 1822 5321 assecutus
1869 5266 1974 5320 est.

325 5353 531 5410 Paucis
557 5367 688 5409 vero
715 5353 920 5410 diebus
945 5354 1271 5424 transactis,
1307 5368 1452 5410 uxor
1473 5367 1599 5424 quae
1626 5352 1761 5408 huic
1792 5350 1980 5408 fuerat

328 5449 504 5514 nupta
529 5441 812 5498 inﬁrmata
846 5441 905 5496 in
931 5442 1161 5498 maxilla
1186 5457 1288 5498 sua
1314 5442 1571 5510 sinistra,
1605 5445 1662 5495 et
1688 5443 1978 5510 apostema

328 5531 564 5605 faciens,
591 5545 656 5588 ac
671 5545 702 5586 a
717 5531 1018 5588 doloribus
1036 5531 1247 5587 acriter
1270 5531 1506 5602 agitata,
1531 5543 1644 5586 non
1666 5530 1982 5586 mediocres

2091 4457 2192 4527 qui
2235 4457 2338 4512 das
2368 4457 2610 4526 gratiam
2655 4453 2872 4511 sanctis
2903 4453 3042 4523 tuis,
3075 4453 3248 4510 visita
3288 4467 3391 4508 me.
3427 4455 3500 4508 Et
3534 4467 3677 4510 mox
3712 4459 3776 4509 ut

2091 4546 2257 4615 posui
2315 4545 2567 4601 eamdem
2623 4543 2912 4599 colendam
2972 4543 3278 4613 imaginem
3332 4543 3392 4598 in
3435 4543 3772 4598 membrum

2091 4635 2240 4706 quod
2275 4633 2614 4704 patiebatur,
2643 4629 2940 4688 confestim
2980 4631 3254 4702 expulsus
3282 4636 3368 4688 est
3400 4631 3685 4704 languor,
3719 4633 3777 4686 et

2091 4723 2395 4779 restitutus
2426 4735 2551 4778 sum
2579 4734 2770 4777 sanus.

2159 4813 2483 4883 Exsurgens
2512 4814 2699 4867 autem
2732 4809 3064 4867 Theodorus
3089 4807 3494 4866 sanctissimus
3518 4808 3778 4878 episco-

2091 4915 2199 4970 pus
2227 4899 2496 4955 Seleucize
2532 4898 2717 4954 dixit:
2770 4899 2840 4953 Et
2888 4897 3054 4954 nobis
3094 4896 3350 4954 innotuit
3393 4896 3542 4966 hoc;
3596 4897 3778 4966 juxta

2090 5001 2194 5044 nos
2223 4987 2378 5043 enim
2408 4991 2513 5042 est.

2159 5077 2296 5132 Item
2325 5070 2816 5146 Theodorus[Gr.,
2842 5069 3224 5148 Theodosius]
3243 5074 3526 5136 diaconus
3562 5079 3630 5129 et
3659 5087 3783 5130 mo-

2090 5163 2328 5232 nachus,
2359 5168 2416 5217 et
2445 5175 2706 5218 vasorum
2729 5164 2924 5216 custos
2946 5161 3365 5217 venerabilium
3397 5160 3783 5230 patriarcha-

2092 5253 2236 5308 lium
2267 5250 2674 5318 oratoriorum,
2717 5248 2887 5320 legit:

2088 5397 2176 5450 Ea:
2226 5393 2424 5449 eisdem
2470 5393 2768 5455 miraculis,
2812 5391 2878 5446 de
2917 5393 3140 5446 muliere
3174 5393 3453 5447 tortionem
3491 5391 3806 5448 habente.-

2161 5529 2305 5584 Bene
2329 5525 2793 5598 sapientissimus
2835 5524 3066 5594 Paulus,
3095 5523 3359 5582 columna
3388 5529 3445 5582 et
3474 5526 3783 5597 magister
