4012 6162
222 308 325 367 ⁷305
999 304 1543 363 INTERPRETATIO
1579 304 1825 361 SYNODI
1864 306 1957 361 VII
1993 304 2394 362 GENEBALIS.
2439 336 2514 347 —
2547 306 2747 362 ACTIO
2785 308 2869 362 IV.

3537 303 3644 363 306

243 428 506 500 Ecclesiae,
542 428 774 500 clamat,
801 429 940 499 quia
979 441 1107 498 spes
1147 442 1258 484 non
1304 426 1627 498 confundit,
1660 434 1716 485 et
1745 429 1883 499 quia
1909 426 1968 487 A
2065 429 2268 486 Sancta
2329 430 2579 500 synodus
2632 429 2819 485 dixit:
2867 431 2935 485 Et
2977 429 3271 500 oportebat
3314 430 3465 501 illos,
3522 432 3644 487 Do-

241 517 474 574 charitas
497 518 602 573 Dei
633 517 843 574 diﬁ'usa
867 522 953 573 est
985 518 1043 572 in
1075 517 1349 574 cordibus
1374 518 1589 573 nostris
1613 517 1777 587 (Rom.
1805 518 1876 587 v).

240 612 368 665 Hanc
401 621 559 678 spem
602 607 901 677 possidens
942 620 1054 663 una
1094 606 1281 663 ﬁdelis
1316 606 1544 674 mulier,
1576 611 1631 661 et
1658 620 1689 661 a
1720 606 1885 661 saevis

243 695 667 753 inﬁrmitatibus
689 700 852 751 eruta
875 695 1106 751 diverso
1132 696 1297 750 modo
1328 709 1426 764 per
1450 695 1732 765 gloriosos
1762 708 1885 750 san-

239 795 340 842 ctos
363 786 629 841 Cosmam
651 789 707 839 et
744 784 1105 855 Damianum,
1138 783 1266 839 sine
1286 783 1575 838 oblivione
1604 797 1733 839 cum
1764 795 1885 854 gra-

241 877 431 931 tiarum
483 874 713 929 actione
755 872 998 928 faciebat
1028 885 1160 944 erga
1207 872 1340 928 illos
1370 873 1720 942 memoriam,
1752 885 1883 927 cre-

239 963 381 1019 brius
423 962 495 1016 ad
544 961 690 1017 hanc
722 959 1044 1016 mirabilem
1083 974 1280 1017 eorum
1324 960 1557 1016 domum
1587 961 1879 1027 accedens,

236 1058 281 1106 et
305 1050 566 1106 debitum
600 1049 836 1106 honoris
863 1049 950 1104 eis
979 1049 1339 1119 persolvens:
1374 1055 1430 1104 et
1452 1054 1513 1105 ut
1544 1048 1881 1118 compendio

234 1140 426 1207 dicam,
458 1152 557 1207 per
626 1137 887 1209 singulos
926 1137 1074 1206 dies,
1120 1150 1354 1209 magnos
1401 1143 1457 1192 et
1509 1136 1881 1192 admirabiles

236 1232 448 1282 sanctos
475 1227 733 1282 Cosmam
762 1231 819 1281 et
845 1226 1184 1281 Damianum
1216 1225 1430 1281 habens
1463 1226 1521 1280 in
1554 1231 1736 1280 mente
1768 1238 1878 1280 non

235 1315 561 1384 satiabatur,
596 1314 691 1369 sed
726 1314 785 1369 in
819 1314 974 1369 omni
1008 1314 1222 1383 pariete
1258 1314 1464 1369 domus
1493 1328 1609 1369 suae
1641 1314 1743 1369 hos
1771 1313 1882 1368 de-

236 1402 510 1475 pingebat,
574 1402 928 1458 insatiabilis
973 1417 1042 1458 ex
1092 1402 1315 1457 visione
1361 1416 1557 1457 eorum
1603 1402 1872 1457 existens.

233 1492 370 1548 Unde
400 1496 461 1547 et
508 1506 577 1546 ex
623 1491 906 1546 eminente
951 1504 1141 1546 amore
1184 1504 1288 1546 suo
1337 1491 1443 1546 hoc
1472 1489 1674 1561 agebat
1726 1486 1874 1562 [Gr.,

228 1576 359 1653 egit]
386 1598 401 1633 :
437 1585 499 1634 et
530 1593 693 1634 nemo
717 1579 1044 1648 suspicetur
1070 1579 1194 1647 hoc,
1227 1593 1260 1634 o
1292 1578 1485 1634 ﬁdeles
1519 1573 1667 1650 [Gr.,
1702 1577 1881 1632 incre-

226 1665 423 1741 dibile]
456 1685 472 1721 :
504 1668 631 1723 sine
652 1667 1018 1723 accusatione
1051 1668 1261 1737 quippe
1285 1681 1458 1736 super
1484 1667 1736 1722 utilitate
1760 1665 1880 1719 ani-

1997 517 2167 587 mine,
2199 518 2307 590 legi
2334 536 2346 572 :
2382 520 2450 575 ad
2481 518 2791 574 utilitatem
2819 517 2971 573 enim
3003 517 3258 573 omnium
3290 524 3546 576 nostrum
3566 520 3643 575 al-

1994 605 2094 660 lati
2123 610 2292 661 sunt:

2064 696 2284 765 Petrus,
2320 695 2831 751 reverendissimus
2867 695 3041 751 lector
3070 708 3134 750 ac
3183 695 3444 751 notarius
3469 707 3644 750 vene—

1994 782 2198 837 rabilis
2227 784 2585 853 patriarchii,
2616 784 2788 855 legit:

1992 921 2180 977 Sancti
2214 925 2513 979 Athanasii
2548 942 2615 979 ea:
2647 940 2885 980 sermone
2918 930 3113 994 quarto
3160 928 3347 978 contra
3380 923 3643 987 Arianos,

2522 998 2679 1065 cujus
2732 998 2951 1050 initium
2995 1001 3071 1050 est
3094 1015 3109 1050 :

2059 1116 2282 1187 Ariani,
2314 1123 2380 1173 ut
2420 1125 2673 1189 apparet,
2715 1119 2885 1174 semel
2924 1119 3331 1189 judicaverunt
3370 1118 3648 1189 praevari—

1988 1210 2207 1260 catores
2258 1206 2399 1262 ﬁeri.
2450 1209 2518 1262 Et
2563 1212 2689 1277 post
2735 1208 2886 1263 alia:
2931 1210 3044 1264 Hoc
3088 1214 3147 1264 et
3186 1221 3218 1263 a
3260 1207 3648 1278 paradigmate

1992 1294 2264 1365 imaginis
2292 1296 2657 1366 imperatoris
2685 1297 2963 1353 attentius
2988 1297 3122 1368 quis
3145 1297 3508 1352 considerare
3539 1308 3647 1365 po-

1989 1383 2141 1438 terit.
2168 1385 2230 1438 In
2258 1384 2506 1455 imagine
2526 1385 2739 1455 quippe
2764 1384 3127 1455 imperatoris
3152 1386 3370 1455 species
3388 1389 3445 1440 et
3464 1381 3645 1438 forma

1986 1477 2107 1527 est:
2146 1472 2204 1527 in
2238 1473 2578 1543 imperatore
2606 1487 2737 1529 vero
2766 1474 2958 1529 eadem
2990 1488 3114 1544 qua:
3148 1474 3207 1529 in
3248 1472 3497 1544 imagine
3526 1484 3658 1542 spe-

1987 1560 2107 1615 cies
2149 1565 2251 1616 est.
2294 1562 2501 1617 Parilis
2528 1568 2715 1617 autem
2763 1570 2849 1618 est
2881 1563 2939 1617 in
2990 1562 3237 1633 imagine
3283 1561 3647 1630 imperatoris

1988 1649 2351 1706 similitudo:
2389 1652 2468 1706 ita
2509 1657 2572 1706 ut
2617 1652 2717 1721 qui
2749 1651 2939 1706 videat
2983 1651 3308 1722 imaginem,
3344 1650 3403 1704 in
3432 1662 3496 1704 ea
3529 1649 3648 1703 im—

227 1770 319 1811 ωεε
370 1735 593 1826 ubique
632 1756 780 1825 quod
842 1770 954 1811 non
1012 1735 1269 1811 eliadum
1323 1735 1470 1827 [Gr.,
1514 1755 1878 1811 accusatione
1905 1735 1957 1795 B
1991 1745 2303 1808 peratorem
2347 1746 2573 1809 cernat;
2617 1745 2673 1796 et
2716 1755 2919 1796 rursus
2958 1740 3058 1810 qui
3091 1739 3301 1795 viderit
3333 1739 3648 1808 imperato-

228 1846 426 1915 quippe
502 1843 678 1915 digna
759 1859 803 1899 s.
859 1859 914 1899 u.
972 1857 1004 1899 a
1101 1859 1157 1899 u.
1226 1840 1653 1917 incredulitas],
1710 1841 1880 1911 judi-

234 1941 406 1988 catur.
482 1934 638 1987 Hanc
696 1933 942 2002 contigit
1017 1932 1394 1988 interioribus
1457 1931 1755 1987 doloribus
1814 1945 1879 1986 ac

227 2019 666 2076 incessabilibus
717 2020 1061 2076 inﬁrmatam
1096 2021 1152 2075 in
1214 2020 1447 2090 propria
1498 2021 1667 2076 domo
1715 2033 1879 2075 com—

224 2109 409 2179 primi,
462 2108 828 2177 volutarique
878 2109 936 2164 in
988 2108 1130 2164 lecto
1186 2108 1601 2164 indesinentem
1659 2107 1884 2162 haben-

226 2204 325 2253 tem
354 2198 613 2253 dolorem
639 2214 655 2258 ;
685 2201 741 2251 et
770 2210 871 2252 nec
898 2211 1009 2253 una
1038 2197 1245 2252 dilatio
1274 2196 1638 2253 cruciatuum
1666 2201 1787 2251 erat
1820 2195 1879 2249 in

226 2299 301 2341 ea.
327 2285 545 2340 Taliter
575 2290 762 2340 autem
807 2285 1119 2353 accidente,
1153 2285 1332 2341 solam
1363 2284 1609 2355 contigit
1636 2284 1778 2339 hanc
1808 2284 1876 2339 ad

232 2374 508 2429 modicum
543 2373 814 2428 inveniri.
869 2374 1014 2441 Cum.
1038 2377 1226 2427 autem
1271 2373 1513 2428 vidisset
1550 2386 1608 2427 se
1640 2372 1883 2441 pericli-

231 2466 449 2531 tantem,
480 2467 661 2516 tracta
686 2461 981 2516 descendit
999 2461 1069 2516 de
1100 2466 1297 2531 strato,
1330 2466 1387 2516 et
1413 2461 1881 2531 appropinquans

235 2549 362 2618 loco,
399 2549 459 2603 in
491 2564 607 2620 quo
656 2549 715 2603 in
749 2549 961 2617 pariete
990 2554 1153 2604 erant
1199 2548 1412 2618 depicti
1463 2533 1878 2618 sapientissimi

238 2637 402 2692 sancti
441 2637 565 2707 isti,
592 2637 699 2692 ﬁde
721 2651 824 2693 sua
865 2652 966 2707 pro
997 2636 1199 2692 baculo
1231 2641 1415 2706 utens,
1448 2642 1504 2691 et
1531 2636 1759 2707 erigens
1784 2650 1882 2692 se-

241 2726 540 2794 metipsam,
589 2726 939 2796 ungulisque
970 2740 1239 2782 manuum
1286 2739 1518 2781 suarum
1566 2725 1770 2780 radens
1810 2739 1878 2780 ex

240 2817 486 2871 unctione
533 2811 623 2889 [id
670 2820 768 2878 est,
802 2811 1158 2888 linimento],
1185 2827 1251 2870 ac
1282 2814 1515 2869 mittens
1548 2813 1606 2867 in
1646 2826 1875 2883 aquam,

238 2902 368 2958 bibit
409 2908 822 2973 temperatum:
851 2908 908 2957 et
946 2903 1219 2958 continua
1262 2916 1397 2958 sana
1438 2900 1583 2957 facta
1613 2906 1719 2972 est,
1767 2902 1879 2957 do—

240 2991 436 3047 loribus
463 2993 567 3063 qui
598 2996 761 3047 erant
787 2992 846 3046 in
880 2991 1001 3061 illa,
1032 2991 1393 3047 cessantibus
1423 2996 1749 3046 sanctorum
1779 2990 1875 3044 ad-

1990 1842 2126 1899 rem,
2156 1834 2458 1900 cognoscat
2488 1830 2638 1899 quod
2674 1830 2767 1885 hic
2798 1829 2895 1899 sit,
2928 1829 3028 1899 qui
3062 1828 3122 1883 in
3155 1827 3404 1899 imagine
3432 1830 3535 1883 est.
3570 1828 3648 1881 De

1988 1931 2052 1972 eo
2089 1931 2241 1987 vero,
2274 1918 2411 1988 quia
2444 1932 2555 1973 non
2596 1922 2849 1973 mutetur
2879 1917 3227 1986 similitudo,
3273 1915 3485 1971 volenti
3532 1928 3648 1984 pra:

1991 2006 2238 2077 imagine
2292 2003 2440 2079 [Gr.,
2485 2015 2536 2060 et
2581 2022 2677 2061 ms.
2743 2007 2846 2060 Jol.
2900 2010 3027 2075 post
3063 2001 3401 2077 imaginem]
3453 2003 3647 2058 videre

1992 2096 2406 2165 imperatorem,
2479 2096 2663 2166 imago
2728 2095 2974 2151 dixerit:
3042 2095 3157 2165 Ego
3214 2098 3271 2147 et
3336 2092 3647 2161 imperator

1991 2197 2169 2238 unum
2210 2198 2428 2239 sumus.
2473 2186 2589 2255 Ego
2626 2184 2779 2238 enim
2812 2184 2870 2238 in
2904 2182 3005 2239 illo
3035 2194 3181 2248 sum,
3214 2185 3270 2236 et
3302 2180 3402 2236 ille
3442 2180 3502 2235 in
3535 2192 3640 2234 me.

1988 2271 2058 2326 Et
2088 2273 2237 2342 quod
2270 2272 2486 2342 aspicis
2524 2273 2583 2328 in
2626 2285 2730 2341 me,
2766 2272 2823 2327 id
2858 2276 2914 2326 et
2946 2270 3008 2325 in
3031 2269 3134 2325 illo
3168 2270 3358 2325 vides:
3404 2273 3461 2324 et
3490 2269 3642 2339 quod

1992 2360 2244 2416 intuitus
2263 2366 2350 2416 est
2379 2362 2440 2416 in
2469 2361 2590 2432 illo,
2617 2360 2722 2416 hoc
2746 2360 2906 2415 vides
2930 2360 2990 2414 in
3014 2371 3117 2414 me.
3142 2358 3253 2426 Qui
3282 2371 3417 2429 ergo
3444 2358 3644 2413 adorat

1994 2448 2319 2521 imaginem,
2356 2449 2415 2504 in
2449 2449 2572 2519 ipsa
2601 2449 2801 2504 adorat
2830 2448 3247 2518 imperatorem.
3282 2446 3449 2503 lllius
3488 2444 3644 2501 enim

1991 2535 2169 2592 forma
2198 2543 2253 2593 et
2283 2538 2501 2608 species
2529 2542 2616 2593 est
2650 2538 2852 2608 imago.

2058 2626 2329 2682 Tarasius
2359 2626 2757 2682 sanctissimus
2796 2624 3120 2695 patriarcha
3148 2623 3332 2680 dixit:
3367 2625 3494 2693 Ipsa
3546 2636 3647 2679 re—

1989 2728 2116 2769 rum
2144 2721 2348 2771 natura
2376 2716 2558 2784 docet,
2583 2716 2721 2786 quia
2744 2714 3015 2785 imaginis
3039 2712 3298 2769 honorad
3325 2711 3645 2782 principale

1991 2802 2270 2859 refertur:
2307 2804 2580 2859 similiter
2599 2808 2787 2859 autem
2816 2808 2872 2857 et
2895 2800 3319 2858 inhonorantia.
3354 2802 3518 2855 Pater
3545 2813 3645 2856 au-

1988 2897 2097 2947 tem
2130 2878 2281 2948 nunc
2308 2893 2367 2948 in
2397 2892 2716 2962 exemplum
2747 2891 2996 2961 sumpsit
3024 2904 3150 2961 quae
3172 2890 3314 2945 lecta
3340 2893 3493 2946 sunt.

2056 2982 2415 3052 Epiphanius
2452 2983 2565 3037 Deo
2613 2980 2881 3037 amabilis
2925 2980 3206 3035 diaconus
3234 2977 3490 3034 ecclesiae
3528 2977 3643 3033 Ca-

240 3087 406 3135 ventu.
435 3080 571 3150 Quae
605 3084 904 3150 postquam
936 3093 1071 3135 sana
1102 3077 1249 3135 facta
1295 3085 1400 3147 est,
1440 3079 1595 3134 venit
1626 3079 1686 3133 in
1731 3079 1875 3134 hanc
1905 3065 1954 3128 C
1984 3073 2149 3141 tante,
2176 3075 2231 3125 et
2263 3071 2447 3126 locum
2471 3070 2724 3125 retinens
2750 3069 2976 3124 Thomas
3008 3066 3465 3123 reverendissimi
3506 3065 3640 3135 epi-

242 3181 471 3238 magnam
520 3170 776 3238 domum,
820 3167 1035 3239 gratias
1076 3182 1248 3239 agens
1291 3167 1535 3223 Domino
1584 3169 1715 3236 Deo,
1771 3174 1871 3237 qui

241 3254 378 3310 dedit
403 3262 557 3312 tanta
578 3257 925 3312 charismata
957 3256 1174 3312 sanctis
1198 3256 1358 3312 suis:
1390 3262 1445 3311 et
1476 3255 1730 3311 narravit
1758 3269 1875 3310 om-

242 3342 393 3399 nibus
419 3345 774 3400 curationem
807 3358 933 3413 quae
970 3343 1085 3399 sibi
1117 3342 1263 3399 facta
1294 3342 1480 3399 fuerat
1510 3357 1606 3413 per
1645 3348 1871 3398 sanctos

244 3427 293 3483 in
322 3431 641 3500 hujusmodi
685 3431 905 3487 habitu.
1464 3447 1470 3453 ‘

296 3519 541 3590 Symeon,
598 3519 1111 3575 reverendissimus
1151 3518 1462 3575 monachus
1490 3522 1545 3573 et
1588 3518 1869 3590 hegume-

234 3617 329 3660 nus
356 3608 622 3678 regionis,
656 3607 900 3662 tradidit
931 3606 1171 3663 librum:
1209 3621 1374 3677 quem
1405 3606 1727 3675 suscipiens
1758 3607 1867 3661 Ni—

230 3699 337 3748 ceta
371 3697 478 3751 Deo
505 3695 779 3751 amabilis
806 3696 1086 3751 diaconus
1122 3700 1178 3752 et
1222 3695 1482 3751 notarius
1519 3695 1866 3751 venerabilis

232 3785 584 3850 patriarchici
617 3786 842 3855 secreti,
872 3786 1045 3859 legit:

292 3889 467 3944 Sancti
490 3893 670 3945 Patris
699 3894 873 3946 nostri
893 3894 1120 3945 Joannis
1151 3891 1511 3959 Chrysostomi
1538 3906 1709 3945 sermo
1734 3892 1793 3943 in

675 3962 995 4016 lavationem
1018 3964 1395 4031 quintwferiw.

290 4064 480 4123 Omnia
525 4066 673 4123 facta
718 4073 852 4123 sunt
897 4072 1125 4138 propter
1164 4068 1404 4140 gloriam
1448 4068 1548 4123 Dei
1593 4074 1649 4123 et
1693 4082 1861 4124 usum

228 4158 486 4210 nostrum.
521 4155 712 4212 Nubes
735 4157 804 4212 ad
848 4156 1119 4211 imbrium
1148 4156 1559 4226 ministerium,
1592 4162 1743 4211 terra
1790 4155 1859 4210 ad

225 4236 498 4298 tructuum
545 4244 980 4315 abundantiam,
1030 4257 1182 4299 mare
1222 4245 1290 4300 ad
1334 4251 1709 4299 mercatorum
1758 4258 1864 4299 co—

226 4327 386 4394 piam.
427 4333 627 4388 Omnia
667 4333 776 4387 tibi
825 4332 1178 4404 ministrant,
1233 4334 1347 4388 imo
1385 4338 1574 4388 autem
1619 4334 1858 4407 imagini

224 4414 336 4470 Dei.
360 4421 488 4475 Nam
519 4422 749 4491 quando
772 4422 1099 4492 imperiales
1118 4422 1475 4479 characteres
1503 4429 1560 4479 et
1582 4424 1860 4495 imagines

225 4501 281 4557 in
307 4506 585 4563 civitatem
614 4509 1079 4579 introducuntur,
1112 4510 1333 4566 obviam
1365 4512 1603 4567 veniunt
1635 4512 1864 4582 princi-

225 4603 316 4658 pes
350 4602 404 4650 et
435 4598 640 4669 vulgus
665 4611 795 4653 cum
835 4598 1182 4668 laudatione,
1228 4613 1339 4655 non
1381 4600 1631 4656 tabulam
1675 4602 1863 4657 hono—

225 4687 421 4755 rantes,
446 4699 625 4755 neque
656 4684 942 4755 perfusam
966 4701 1093 4742 cera
1118 4687 1422 4758 picturam,
1452 4689 1546 4744 sed
1578 4690 1863 4744 characte-

224 4779 333 4823 rem
366 4772 759 4843 imperatoris:
800 4775 886 4830 sic
915 4780 1175 4832 creatura
1208 4790 1320 4832 non
1350 4782 1640 4833 terrenum
1687 4777 1862 4833 habi-

225 4859 358 4927 tum,
387 4863 474 4917 sed
496 4864 781 4920 caelestem
802 4864 1043 4935 ﬁguram
1073 4871 1393 4922 veneratur.

285 4945 542 5007 Tarasius
566 4952 972 5008 sanctissimus
1000 4953 1323 5022 patriarcha
1352 4954 1538 5009 dixit:
1567 4954 1723 5010 Libri
1757 4956 1856 5026 qui

223 5027 343 5089 lecti
394 5046 542 5110 sunt,
572 5041 644 5095 de
684 5041 893 5110 templo
923 5047 1249 5098 sanctorum
1287 5043 1616 5114 Anargyron
1646 5055 1676 5085 δ
1700 5049 1855 5107 sunt.

221 5125 359 5186 quod
384 5134 464 5182 est
484 5129 542 5183 in
571 5128 859 5185 divinitus
888 5131 1271 5186 conservanda
1303 5132 1457 5203 regia
1491 5132 1648 5187 urbe.
1684 5134 1856 5189 Porro

222 5214 428 5283 clerici,
460 5217 556 5287 qui
584 5216 716 5271 inde
738 5222 895 5287 sunt,
927 5217 1258 5273 detulerunt
1279 5232 1375 5273 eos
1393 5220 1461 5274 ad
1501 5233 1624 5289 nos,
1655 5226 1712 5275 et
1748 5221 1858 5275 ad—

221 5301 536 5366 juraverunt
579 5318 702 5373 nos,
751 5309 814 5360 ut
863 5305 1178 5376 legeremus
1223 5306 1357 5362 illos
1406 5307 1464 5361 in
1516 5314 1709 5363 sancta
1757 5324 1859 5378 sy-

226 5392 377 5446 nodo.

282 5514 503 5571 'Anast.
546 5514 607 5570 in
652 5516 777 5571 cod.
822 5515 1088 5585 Jolyano:
1123 5516 1219 5571 SS.
1269 5516 1482 5571 Cosmas
1530 5524 1580 5572 et
1624 5522 1857 5574 Damia—

112 5584 124 5614 λ
226 5596 314 5637 nus
335 5586 460 5653 jure
493 5588 782 5654 Anargyri
814 5584 1093 5651 dicuntur,
1132 5591 1229 5657 qui
1260 5589 1462 5657 absque
1495 5596 1716 5657 argento
1745 5595 1854 5647 sive

1983 3159 2151 3228 scopi
2197 3158 2495 3227 Sardiniae,
2548 3158 2723 3213 dixit:
2773 3156 3167 3227 Paradigmata
3207 3154 3267 3209 in
3317 3151 3638 3209 manifestis

1979 3247 2366 3317 accipiuntur,
2392 3245 2869 3316 quemadmodum
2898 3249 2954 3299 et
2986 3243 3294 3314 deiloquus
3322 3243 3485 3297 Pater
3515 3241 3635 3296 im-

1980 3336 2262 3403 peratoris
2285 3335 2608 3405 imaginem.

2049 3424 2244 3479 Niceta
2320 3421 2830 3477 reverendissimus
2894 3420 3173 3475 diaconus
3244 3425 3303 3475 et
3371 3416 3633 3473 notarius

1979 3512 2119 3584 legit
2144 3530 2156 3566 :

1975 3634 2163 3688 Sancti
2199 3635 2396 3687 Basilii
2420 3633 2485 3686 de
2528 3634 2755 3699 triginta
2790 3630 3044 3702 capitulis
3086 3631 3161 3684 ad
3194 3628 3634 3699 Amphilochium

2009 3707 2226 3775 scriptis
2251 3706 2317 3758 de
2354 3709 2538 3759 sancto
2578 3705 2811 3773 Spiritu,
2852 3702 3090 3772 capitulo
3119 3702 3320 3755 decimo
3349 3702 3590 3770 septimo.

2043 3829 2189 3898 Quia
2226 3843 2321 3884 rex
2350 3827 2571 3884 dicitur
2608 3833 2665 3883 et
2694 3827 2846 3899 regis
2874 3827 3078 3898 imago,
3121 3830 3177 3880 et
3207 3838 3320 3881 non
3350 3828 3486 3880 sunt
3512 3824 3629 3880 duo

1975 3932 2149 3989 reges.
2178 3920 2314 3973 Nam
2348 3932 2528 3988 neque
2562 3916 2866 3987 imperium
2898 3914 3205 3985 scinditur,
3236 3926 3417 3984 neque
3447 3913 3634 3985 gloria
3720 3910 3733 3921 ’

1970 4006 2275 4062 dividitur.
2309 4007 2515 4076 Sicque
2532 4006 2684 4061 enim
2718 4004 3078 4075 principatus
3105 4008 3315 4073 noster,
3339 4002 3440 4073 qui
3454 4001 3634 4069 nobis

1975 4096 2233 4166 imperat,
2283 4101 2340 4151 et
2389 4100 2635 4165 potestas
2688 4107 2801 4150 una
2856 4099 2961 4162 est,
3012 4097 3068 4148 et
3114 4088 3237 4166 [Gr.
3284 4092 3417 4145 add.
3453 4092 3534 4148 ita
3575 4096 3633 4147 et

1973 4185 2101 4240 laus
2130 4198 2255 4255 quae
2285 4198 2316 4238 a
2354 4184 2521 4240 nobis
2559 4184 2750 4254 datur,
2785 4196 2897 4238 una
2931 4188 3016 4237 est
3044 4180 3128 4255 et]
3162 4195 3275 4237 non
3319 4179 3532 4251 multae,
3564 4193 3631 4235 eo

1975 4273 2124 4343 quod
2169 4272 2439 4344 imaginis
2480 4272 2661 4328 honor
2689 4272 2757 4327 ad
2793 4270 3150 4341 primitivum
3177 4275 3449 4325 transeat.

2043 4365 2283 4418 Joannes
2320 4361 2830 4417 reverendissimus
2860 4359 3151 4430 presbyter
3178 4363 3235 4413 et
3259 4358 3447 4414 locum
3480 4356 3630 4412 reti—

1975 4463 2115 4505 nens
2142 4450 2523 4505 Orientalium
2546 4462 2897 4505 summorum
2929 4448 3306 4518 sacerdotum,
3328 4445 3517 4501 dixit:
3544 4444 3633 4500 Li-

1972 4538 2138 4593 brum
2174 4539 2323 4593 hunc
2354 4552 2519 4608 quem
2553 4551 2667 4608 prae
2697 4537 2963 4592 manibus
2998 4535 3291 4607 habemus,
3326 4534 3626 4590 nobiscum

1970 4628 2285 4684 detulimus
2305 4626 2375 4681 ab
2404 4627 2656 4698 Oriente,
2683 4632 2738 4681 et
2768 4625 3056 4695 poscimus
3084 4624 3337 4680 recitari.

2040 4715 2451 4772 Constantinus
2488 4714 2996 4771 reverendissimus
3037 4713 3317 4770 diaconus
3362 4717 3418 4771 et
3455 4716 3627 4771 nota-

1971 4805 2095 4862 rius
2127 4806 2266 4877 legit
2289 4824 2301 4859 :
2690 4820 2696 4825 ·

1968 4934 2156 4987 Sancti
2178 4930 2372 4984 Basilii
2399 4944 2637 4983 sermone
2667 4933 2855 4982 contra
2883 4929 3242 4993 Sabellianos,
3273 4935 3325 4985 et
3355 4930 3623 4995 Arianos,

2004 5010 2052 5058 et
2090 5004 2392 5064 Anomaeos,
2420 4999 2448 5041 b
2468 5001 2529 5054 id
2562 5005 2640 5054 est
2670 5000 2982 5064 dissimiles,
3028 5001 3186 5069 cujus
3225 5003 3445 5057 initium
3472 5006 3585 5056 est:

2038 5130 2338 5198 Impugnat
2395 5124 2730 5182 Judaismus
2788 5124 3204 5198 paganismum,
3267 5130 3324 5181 et
3380 5129 3623 5196 uterque

1963 5216 2491 5273 Christianismum.
2539 5215 2607 5269 Et
2655 5218 2783 5283 post
2827 5213 2983 5269 alia:
3017 5213 3120 5270 Sed
3170 5214 3430 5270 veritatis
3471 5214 3620 5269 ratio

1967 5306 2258 5376 utrimque
2303 5303 2662 5359 adversantia
2713 5302 2943 5375 refugit.
2988 5303 3093 5359 Ubi
3133 5303 3284 5359 enim
3330 5316 3480 5358 unus
3533 5305 3620 5358 est

1966 5395 2320 5464 principatus
2357 5390 2505 5467 [Gr.,
2530 5406 2706 5449 unum
2730 5389 3135 5467 principium],
3157 5397 3213 5447 et
3244 5404 3421 5447 unum
3462 5389 3611 5459 quod

1958 5522 2193 5593 pecunia
2230 5520 2661 5593 medicabantur.

2037 5591 2064 5632 ι)
2094 5593 2205 5646 Hoc
2226 5592 2503 5662 glossema
2532 5590 2689 5645 abest
2716 5602 2748 5643 a
2778 5588 2901 5643 cod.
2934 5586 3184 5655 Jolyano.
