4018 6166
357 262 462 320 307

354 399 422 442 ex
447 399 513 441 eo
542 390 648 457 est,
681 388 737 441 et
783 399 959 444 unum
992 388 1222 458 quidem
1252 392 1339 444 est
1369 389 1705 461 principale,
1738 401 1853 446 una
1881 401 2013 444 vero
2042 385 2104 447 A

345 477 443 528 est
493 473 700 546 imago,
736 475 980 531 unitatis
1029 477 1178 532 ratio
1218 491 1328 532 non
1359 478 1787 549 corrumpitur;
1821 492 1922 547 pro
1949 492 2016 533 eo

357 562 509 632 quod
541 563 770 633 genitus
809 578 876 618 ex
909 566 1070 620 Patre
1102 565 1286 621 Filius
1319 567 1548 636 existat,
1589 571 1647 622 et
1675 566 2018 623 naturaliter

357 651 418 705 in
446 664 507 706 se
530 651 748 706 Patrem
795 651 1017 723 ﬁguret.
1057 653 1126 708 Ut
1171 653 1359 726 imago
1389 655 1620 725 quidem
1651 659 1756 726 est,
1791 654 2018 709 incom-

357 737 800 794 mutabilitatem
835 739 1034 794 habet:
1077 745 1143 796 ut
1185 746 1374 797 autem
1420 743 1703 814 genimen,
1740 741 2018 802 substan-
2063 761 2070 768 '

357 826 496 882 tiam
538 840 707 882 unam
748 828 946 883 salvat.
981 831 1174 900 Neque
1198 831 1351 885 enim
1383 831 1482 900 qui
1518 831 1576 886 in
1609 830 1732 887 foro
1761 831 2015 901 impera—

357 915 519 970 toriae
569 915 806 988 imagini
854 917 1120 987 intendit,
1171 924 1229 974 et
1271 919 1667 988 imperatorem
1699 919 1847 974 dicit
1886 933 2014 974 eum

359 1003 459 1074 qui
493 1004 553 1059 in
581 1004 774 1061 tabula
804 1010 908 1076 est,
941 1006 1088 1062 duos
1123 1007 1492 1077 imperatores
1521 1007 1844 1078 conﬁtetur,
1879 1007 2014 1062 ima-

360 1092 547 1164 ginem
596 1093 839 1163 scilicet,
873 1099 929 1150 et
953 1095 1122 1164 cujus
1159 1099 1245 1150 est
1286 1095 1491 1168 imago.
1523 1098 1716 1168 Neque
1745 1095 1794 1150 si
1835 1100 2022 1150 osten-

359 1181 502 1236 dens
541 1181 793 1238 tabulam
848 1183 1080 1254 pictam,
1121 1184 1358 1255 dixerit,
1406 1185 1502 1240 hic
1547 1189 1634 1240 est
1686 1184 2014 1254 imperator,

363 1270 611 1339 privavit
660 1271 980 1342 principale
1027 1273 1394 1342 imperatoris
1440 1273 1840 1344 appellatione,
1891 1287 2022 1329 cum

364 1359 546 1432 magis
602 1359 691 1416 illi
740 1360 1011 1418 honorem
1049 1360 1310 1418 stabiliat
1355 1376 1452 1432 per
1496 1362 1671 1432 hujus
1707 1359 2020 1417 confessio-
2065 1353 2070 1358 ”

366 1461 513 1504 nem.
1095 1472 1105 1481 '

439 1537 683 1592 Joannes
714 1537 1230 1594 reverendissimus
1273 1537 1584 1608 presbyter,
1632 1537 1943 1594 monachus
1971 1540 2029 1592 et

366 1625 621 1681 vicarius
648 1625 1029 1681 Orientalium
1073 1625 1426 1696 pontiﬁcum,
1469 1625 1650 1681 dixit:
1694 1625 2024 1697 Pseudosyl-

362 1699 560 1786 logum
588 1713 732 1769 illud
775 1715 1120 1785 susurravit,
1155 1715 1293 1785 quia
1322 1715 1422 1786 qui
1453 1715 1654 1771 adorat
1693 1714 2021 1785 imaginem,
2059 1715 2112 1777 B

366 1801 580 1857 dividit
615 1801 908 1856 Christum
942 1803 1000 1857 in
1042 1803 1188 1859 duo:
1227 1807 1284 1858 et
1312 1803 1412 1874 qui
1445 1803 1599 1858 videt
1643 1802 1940 1874 imagines,
1970 1808 2028 1858 et

364 1891 512 1946 dicit
536 1890 620 1946 vel
653 1890 1050 1961 superscribit,
1081 1892 1221 1962 quia
1257 1892 1465 1947 hic‘est
1491 1893 1778 1952 Christus,
1809 1890 2028 1948 dividit

366 1978 696 2034 Christum:
733 1980 882 2050 quod
917 1979 1328 2036 stultissimum
1363 1985 1467 2036 est.
1505 1978 1696 2036 Deifer
1719 1980 1870 2035 enim
1916 1980 2028 2034 Ba—

367 2065 560 2133 silius,
585 2071 780 2136 utpote
801 2067 1086 2123 luminare
1116 2071 1172 2124 et
1196 2069 1466 2139 magister
1485 2069 1739 2124 existens
1760 2067 2028 2123 Ecclesiae

367 2155 490 2224 Dei,
522 2160 580 2211 et
601 2156 824 2226 Spiritu
846 2163 1044 2213 sancto
1063 2157 1262 2212 divina
1293 2157 1582 2228 initiatus,
1607 2157 1710 2228 ait,
1734 2157 1871 2226 quia
1895 2157 2030 2212 ima-

369 2244 525 2316 ginis
556 2243 739 2301 honor
775 2245 843 2300 ad
895 2245 1254 2315 primitivum
1286 2246 1628 2316 pertransit:
1675 2249 1731 2300 et
1760 2245 1860 2315 qui
1895 2245 2029 2300 ima-

369 2332 493 2403 gini
522 2332 887 2403 imperatoris
920 2334 1188 2404 intendit,
1207 2334 1371 2389 'videt
1392 2335 1452 2389 in
1482 2347 1547 2389 ea
1587 2332 2029 2403 imperatorem?

370 2421 472 2490 qui
506 2427 695 2477 autem
724 2423 926 2477 adorat
951 2436 1094 2493 eam,
1143 2435 1252 2477 non
1295 2423 1442 2478 duos
1495 2423 1866 2492 imperatores
1898 2421 2033 2477 ado-

374 2515 459 2563 rat
489 2509 573 2563 vel
597 2509 768 2579 videt,
802 2510 897 2564 sed
933 2524 1110 2565 unum
1144 2510 1561 2579 imperatorem.
1593 2510 1756 2565 Dixit
1787 2523 2032 2580 namque
2065 2512 2070 2516 '

374 2598 535 2652 Pater
563 2597 773 2666 lucide,
809 2597 946 2668 quia
978 2598 1288 2666 imperator
1314 2598 1534 2654 dicitur
1563 2602 1619 2653 et
1663 2598 2032 2668 imperatoris

375 2688 582 2760 imago,
628 2693 683 2743 et
719 2697 832 2743 non
869 2688 984 2743 duo
1022 2687 1409 2758 imperatores.
1455 2690 1647 2759 Itaque
1685 2689 1785 2759 qui
1829 2688 2034 2744 adorat

377 2777 705 2848 imaginem,
728 2783 785 2832 et
811 2776 980 2847 dicit,
1009 2777 1146 2850 quia
1173 2777 1268 2832 hic
1294 2783 1380 2833 est
1406 2777 1673 2833 Christus
1693 2777 1878 2834 Filius
1905 2778 2026 2848 Dei,

377 2880 491 2922 non
524 2871 736 2936 peccat.
766 2864 1127 2921 Manifestum
1151 2871 1340 2921 autem
1361 2870 1465 2935 est,
1501 2867 1638 2937 quia
1657 2866 1926 2922 Christus
1949 2871 2035 2922 est

375 2967 544 3010 verus
566 2955 666 3009 Dei
689 2954 895 3024 Filius,
927 2958 984 3008 et
1007 2953 1161 3009 Patri
1192 2953 1484 3010 confessor
1511 2955 1570 3010 in
1611 2955 1794 3025 oculis,
1827 2959 1884 3012 et
1902 2968 2033 3011 cum

378 3043 610 3114 pr0prio
639 3056 874 3112 corpore
894 3057 1000 3098 suo
1027 3061 1039 3096 :
1075 3043 1169 3097 sed
1213 3056 1312 3112 per
1341 3043 1646 3115 imaginem
1681 3057 1806 3115 quae
1831 3045 1901 3100 de
1948 3057 2038 3100 co-
2067 3037 2116 3100 C

377 3130 602 3187 loribus
628 3129 776 3186 facta
808 3134 979 3200 patet,
1013 3130 1288 3188 adoratur
1319 3131 1626 3201 imperium
1660 3132 1804 3203 ejus,
1837 3134 1894 3186 et
1921 3131 2040 3203 glo-

380 3219 662 3290 riﬁcatur,
689 3224 746 3274 et
765 3219 823 3274 in
852 3218 1182 3274 memoriam
1199 3219 1462 3275 venimus
1488 3219 1676 3290 ipsius
1699 3220 2034 3290 praesentiae,

379 3321 493 3378 qua
551 3307 611 3362 in
655 3311 806 3362 terra
849 3311 1218 3363 conversatus
1277 3312 1382 3363 est.
1432 3308 1591 3363 Unde
1622 3314 1679 3364 et
1733 3307 1826 3362 hic
1873 3309 2040 3362 Pater

379 3395 632 3453 ostendit
679 3408 792 3451 non
833 3396 980 3452 duas
1021 3395 1406 3466 adorationes,
1453 3397 1547 3451 sed
1605 3410 1774 3452 unam
1822 3409 1945 3452 esse
1986 3401 2043 3451 et

383 3483 655 3555 imaginis
687 3488 744 3538 et
789 3483 1149 3554 principalis,
1201 3485 1369 3553 cujus
1397 3484 1584 3555 imago
1613 3489 1716 3539 est.

449 3574 652 3628 Petrus
699 3577 755 3628 et
796 3573 998 3628 Petrus
1039 3574 1153 3627 Deo
1191 3571 1467 3627 amabiles
1506 3571 1817 3641 presbyteri
1863 3585 1928 3626 ac
1964 3571 2044 3625 vi-

381 3660 526 3715 carii
569 3659 810 3715 Adriani
861 3672 1016 3728 papa:
1055 3659 1302 3714 senioris
1349 3659 1557 3729 Romaa,
1611 3657 1931 3714 attulerunt
1960 3657 2044 3712 li—

383 3748 582 3804 brum:
618 3759 782 3816 quem
811 3745 1102 3814 accipiens
1130 3744 1450 3799 Demetrius
1481 3746 1596 3800 Deo
1623 3744 1894 3800 amabilis
1919 3745 2036 3800 dia-

381 3848 582 3906 conus,
613 3839 670 3889 et
694 3846 960 3888 vasorum
991 3835 1188 3886 custos
1217 3831 1594 3888 sanctissima:
1625 3845 1841 3904 magna:
1870 3831 2047 3887 eccle-

385 3923 504 3994 siae,
539 3921 682 3994 legit
703 3938 716 3974 :

384 4041 578 4099 Sancti
609 4045 792 4098 Patris
832 4043 1006 4097 nostri
1053 4043 1249 4096 Basilii
1287 4059 1354 4097 ea:
1389 4042 1614 4112 epistola
1654 4043 1728 4096 ad
1763 4045 2047 4100 Iulianum

982 4118 1452 4181 transgressorem.

455 4219 774 4278 Secundum
842 4219 1490 4290 immaculatamgﬁdem
1559 4218 2043 4289 Christianorum,

388 4325 554 4384 quam
585 4309 874 4366 divinitus
905 4322 1106 4364 sumus
1137 4308 1351 4379 sortiti,
1389 4307 1666 4364 conﬁteor
1691 4311 1748 4362 et
1777 4307 2049 4376 polliceor

386 4401 612 4460 credere
678 4397 738 4452 in
799 4411 978 4453 unum
1032 4399 1208 4452 Deum
1276 4398 1497 4454 Patrem
1577 4396 2042 4467 omnipotentem,

386 4493 562 4546 Deum
593 4488 833 4556 Patrem,
873 4486 1050 4540 Deum
1084 4484 1331 4553 .Filium,
1365 4485 1542 4538 Deum
1589 4483 1868 4552 Spiritum
1906 4498 2050 4540 san-

387 4583 576 4634 ctum:
615 4588 793 4631 unum
819 4576 997 4630 Deum
1029 4573 1142 4628 tria
1167 4573 1343 4628 adoro
1369 4577 1425 4628 et
1449 4572 1728 4643 gloriﬁco.
1765 4571 2047 4628 Conﬁteor

387 4671 576 4722 autem
614 4665 965 4719 incarnatam
1007 4661 1139 4716 Filii
1181 4660 1688 4731 dispensationem,
1723 4665 1778 4716 et
1813 4661 1910 4715 Dei
1944 4675 2049 4733 ge-

391 4753 656 4810 nitricem
717 4755 967 4806 sanctam
1029 4749 1285 4818 Mariam,
1333 4763 1459 4819 quae
1505 4749 1672 4804 illum
1731 4749 2044 4805 secundum

390 4854 616 4898 carnem
648 4837 884 4909 peperit.
933 4835 1200 4905 Suscipio
1234 4841 1423 4891 autem
1467 4841 1525 4892 et
1565 4843 1794 4892 sanctos
1826 4843 2050 4906 aposto-

393 4931 498 5000 los,
541 4927 845 4999 prophetas
881 4929 936 4981 et
976 4925 1284 4996 martyres:
1330 4929 1388 4980 et
1429 4925 1500 4981 ad
1544 4925 2042 4996 supplicationem,

393 5034 519 5090 qua:
552 5022 638 5073 est
665 5017 734 5073 ad
777 5018 976 5086 Deum,
1024 5015 1134 5080 hos
1171 5015 1410 5084 invoco;
1457 5021 1520 5070 ut
1568 5028 1667 5084 per
1713 5027 1829 5084 eos,
1874 5013 1930 5069 id
1961 5018 2048 5069 est

395 5106 864 5173 interventionem
888 5117 1104 5175 eorum,
1131 5103 1419 5174 propitius
1447 5103 1587 5158 mihi
1615 5102 1695 5157 sit
1722 5101 2048 5175 misericors

391 5199 562 5266 Deus,
608 5199 666 5250 et
709 5193 1004 5263 culparum
1045 5193 1190 5248 mihi
1243 5191 1557 5262 redemptio
1604 5191 1720 5260 ﬁat,
1753 5195 1811 5244 et
1855 5190 2042 5245 detur.

393 5287 552 5342 Unde
595 5289 652 5340 et
702 5283 1060 5339 characteres
1107 5281 1425 5353 imaginum
1477 5293 1674 5335 eorum
1735 5278 1951 5334 honoro
1993 5283 2050 5334 et

396 5377 589 5446 adoro,
623 5373 908 5444 praecipue
950 5385 1078 5426 cum
1113 5371 1218 5426 hoc
1249 5369 1526 5425 traditum
1574 5382 1606 5423 a
1655 5367 1870 5422 sanctis
1921 5381 2051 5439 apo-

398 5465 587 5535 stolis,
616 5468 674 5518 et
713 5475 822 5516 non
857 5459 1212 5530 prohibitum
1243 5459 1359 5512 sit:
1394 5457 1535 5526 quin
1590 5461 1645 5510 et
1691 5455 1750 5510 in
1781 5457 2050 5514 omnibus

397 5553 658 5611 ecclesiis
697 5549 913 5607 nostris
942 5548 1279 5605 ostendatur
1307 5545 1619 5614 depictum.

2073 4352 2130 4418 υ

1582 261 1938 318 ANASTASII
1983 255 2522 316 BIBLIOTHECARII

3635 254 3726 314 308

2199 383 2512 456 Gregorius
2537 383 2652 440 Deo
2675 379 2944 438 amabilis
2967 379 3250 436 diaconus
3281 379 3742 438 sanctissimorum

2126 479 2182 530 et
2214 471 2810 530 laudabilissimorum
2850 468 3240 540 apostolorum
3274 467 3449 540 legit:

2129 599 2444 655 Theodoreti
2475 598 2710 668 episcopi
2747 595 2914 666 Cypri
2953 595 3020 649 de
3063 595 3179 649 vita
3219 594 3489 663 Symeonis
3537 594 3741 664 Stylitar,

2659 669 2818 736 cujus
2863 668 3085 720 initium
3130 669 3209 720 est
3230 683 3248 719 :

2195 776 2455 847 Symeon,
2503 775 2603 847 qui
2631 774 2808 850 valde
2834 786 3109 845 maguum
3143 775 3266 827 erat
3296 771 3626 828 miraculum
3662 785 3754 828 or—

2126 865 2234 921 bis.
2264 866 2333 920 Et
2368 868 2494 935 post
2517 864 2668 920 alia:
2698 862 2876 918 Aiunt
2905 861 3060 917 enim
3093 860 3248 917 hunc
3278 860 3462 917 virum
3503 860 3559 915 in
3585 861 3754 915 maxi-

2125 967 2214 1010 ma
2239 954 2414 1011 Roma
2448 950 2898 1008 famosissimum
2924 949 3125 1022 fuisse,
3155 953 3220 1006 ut
3245 949 3305 1004 in
3329 947 3594 1004 omnibus
3623 961 3760 1020 erga-

2129 1042 2436 1100 steriorum
2461 1039 2684 1097 foribus
2727 1040 2922 1096 iconas
2949 1039 3062 1109 ipsi
3104 1037 3300 1094 breves
3340 1037 3636 1108 erigerent,
3663 1050 3762 1091 cu—

2131 1131 2378 1188 stodiam
2422 1129 2724 1201 quamdam
2766 1127 2880 1185 sibi
2911 1142 2980 1184 ex
3022 1127 3129 1184 hoc
3163 1130 3219 1182 et
3248 1125 3540 1182 munimen
3573 1123 3765 1196 acqui-

2133 1225 2340 1277 rentes.
3087 1251 3090 1256 -

2201 1309 2428 1378 Ioseph,
2459 1307 2971 1364 reverendissimus
3009 1303 3324 1362 monachus
3346 1307 3403 1359 et
3436 1301 3770 1373 hegumenus

2134 1398 2465 1455 monasterii
2509 1396 2802 1465 Heraclia,
2829 1395 3014 1452 dixit:
3060 1395 3130 1450 Et
3153 1407 3255 1466 ego
3291 1395 3552 1464 peccator
3574 1389 3770 1446 librum

2135 1487 2255 1544 fero
2303 1487 2688 1543 continentem
2725 1485 2899 1541 vitam
2941 1485 3126 1540 sancti
3164 1482 3461 1555 Symeonis
3508 1478 3774 1536 Mirabilis

2139 1576 2367 1645 Montis,
2399 1579 2455 1631 et
2480 1579 2543 1632 ut
2557 1575 2795 1646 jubetis.

2211 1665 2413 1720 Sancta
2451 1663 2703 1735 synodus
2739 1663 2932 1719 dixit:
2963 1664 3224 1734 Legatur.

2207 1754 2274 1808 Et
2299 1753 2588 1823 accipiens
2611 1752 2841 1808 Cosmas
2865 1753 2979 1808 Deo
3003 1750 3272 1808 amabilis
3300 1749 3584 1806 diaconus
3611 1750 3665 1803 et
3682 1760 3782 1802 cu—

2138 1841 2435 1899 buclesius
2460 1841 2600 1912 legit
2625 1859 2638 1895 :
3365 1840 3370 1844 '

2134 1979 2222 2032 Ea:
2281 1979 2409 2032 Vita
2459 1977 2636 2031 sancti
2698 1976 2882 2030 Patris
2936 1976 3113 2029 nostri
3179 1973 3466 2042 Symeonis
3525 1969 3785 2026 Mirabilis

2204 2050 2428 2110 Montis,
2483 2047 2787 2117 capitulum
2841 2048 3186 2100 centesimum
3233 2045 3504 2098 decimum
3533 2047 3785 2117 octavum.

2207 2123 2282 2174 De
2310 2120 2516 2186 femina
2543 2111 2674 2187 qua
2713 2118 3000 2187 Rhosapoli
3035 2117 3237 2171 sterilis
3271 2119 3414 2177 erat,
3458 2113 3645 2187 ualido
3685 2111 3791 2187 daa-

2206 2183 2382 2244 monio
2414 2183 2608 2259 pressa
2629 2207 2646 2242 :
2677 2204 2798 2258 qua
2825 2183 2963 2242 sana
3006 2192 3057 2242 et
3093 2187 3341 2256 fecunda
3382 2188 3558 2259 facta,
3607 2183 3794 2259 imagi-

2207 2277 2330 2315 nem
2347 2255 2494 2330 justi
2519 2255 2776 2331 imposuit
2819 2259 2965 2314 domi
3005 2255 3138 2321 suae,
3178 2272 3306 2328 quae
3333 2257 3620 2326 magniﬁce
3645 2255 3794 2308 mira-

2209 2333 2332 2386 cula
2375 2331 2723 2401 operabatur.
3031 2351 3039 2359 ·

2213 2457 2421 2512 Mulier
2445 2455 2704 2527 quaedam
2728 2459 2850 2510 erat
2875 2453 3184 2525 Rhosopoli
3213 2452 3469 2524 Ciliciae,
3497 2451 3799 2506 Theotecna

2141 2547 2316 2616 dicta,
2370 2559 2495 2616 qua
2535 2543 2888 2600 habitaverat
2930 2557 3059 2599 cum
3101 2542 3226 2598 viro
3261 2541 3449 2599 annis
3491 2537 3719 2612 viginti,
3753 2541 3804 2591 et

2145 2634 2328 2689 ﬁlium
2362 2647 2470 2689 non
2499 2631 2722 2687 habuit.
2764 2630 3020 2703 Contigit
3059 2635 3245 2686 autem
3273 2644 3409 2684 eam
3439 2629 3614 2685 etiam
3638 2639 3670 2682 a
3692 2625 3807 2680 da:—

2145 2722 2338 2777 monio
2376 2735 2409 2776 a
2451 2720 2699 2790 pueritia
2743 2719 2960 2789 vexari,
2985 2723 3042 2774 et
3067 2719 3342 2774 mandere
3388 2715 3669 2789 linguam.
3719 2713 3810 2768 Vir

2145 2814 2335 2865 autem
2373 2808 2500 2877 ejus
2544 2807 2695 2863 ultra
2739 2821 2851 2863 non
2896 2807 3089 2862 valens
3123 2805 3374 2862 sufferre
3412 2801 3807 2862 tribulationis

2145 2898 2271 2969 ejus
2307 2897 2658 2971 augustiam,
2700 2895 2930 2951 dimisit
2982 2896 3139 2951 illam
3186 2909 3222 2952 a
3254 2895 3441 2952 domo
3477 2907 3602 2963 sua,
3641 2899 3696 2949 et
3723 2904 3812 2962 per

2147 2990 2396 3058 quatuor
2431 2999 2612 3042 annos
2641 2999 2769 3055 cum
2815 2984 2974 3041 nulla
3019 2988 3106 3040 est
3132 2982 3358 3040 femina
3408 2985 3686 3040 sociatus.
3717 2979 3809 3036 Illa

2148 3089 2278 3131 vero
2305 3075 2534 3130 invento
2563 3074 2839 3130 comitatu
2875 3071 3136 3145 confugit
3158 3071 3228 3128 ad
3250 3073 3516 3142 justum.
3546 3073 3686 3129 Cum
3715 3083 3816 3126 au—

2149 3169 2260 3220 tem
2285 3163 2526 3219 vidisset
2553 3176 2681 3218 eum
2703 3161 2943 3232 daemon,
2968 3160 3162 3216 statim
3188 3158 3464 3232 fremuit,
3491 3166 3550 3217 et
3589 3166 3816 3230 torque—

2151 3251 2319 3307 batur
2338 3264 2527 3306 coram
2553 3264 2637 3320 eo,
2662 3250 2862 3305 videns
2878 3263 3008 3304 cum
3035 3248 3276 3304 muliere
3309 3248 3688 3320 spiritualem
3704 3247 3820 3317 ejus

2155 3340 2484 3412 imaginem,
2517 3338 2801 3394 dicentem
2841 3337 3090 3392 humana
3127 3349 3262 3392 voce
3285 3354 3304 3391 :
3353 3337 3650 3408 Separabo
3687 3332 3820 3391 teab

2151 3441 2236 3499 ea,
2271 3427 2518 3499 maligne
2558 3431 2614 3481 et
2653 3425 2944 3482 immunde
2991 3424 3256 3496 spiritus,
3290 3431 3358 3481 et
3405 3429 3727 3482 revertetur
3761 3420 3823 3478 ad

2153 3515 2343 3572 virum
2372 3527 2562 3584 suum,
2591 3519 2647 3568 et
2671 3512 2948 3568 efﬁcietur
2971 3512 3060 3568 illi
3091 3525 3241 3568 anno
3265 3515 3552 3586 sequenti
3583 3526 3741 3584 puer.
3767 3512 3830 3566 Et

2152 3603 2391 3672 ejulavit
2413 3601 2760 3657 daemonium
2782 3600 3047 3658 ferociter
3069 3601 3532 3659 conturbatum:
3553 3603 3602 3659 Ο
3626 3601 3832 3658 violen-

2155 3693 2234 3748 tia
2265 3692 2536 3747 adversus
2562 3690 2684 3746 me!
2731 3703 2842 3746 non
2867 3695 2954 3745 est
2977 3695 3141 3746 tuum
3173 3692 3559 3748 matrimonii
3608 3689 3835 3748 solutio-

2154 3794 2254 3835 nes
2283 3778 2532 3846 eﬁicere;
2569 3777 2775 3848 utquid
2801 3782 2991 3832 autem
3029 3781 3085 3832 et
3128 3775 3322 3833 ﬁlium
3356 3779 3451 3834 eis
3475 3780 3604 3850 das,
3637 3791 3765 3834 cum
3803 3789 3829 3829 a

2155 3882 2243 3924 me
2265 3867 2448 3937 ﬁlium
2487 3865 2724 3922 minime
2755 3864 3005 3920 fecerit?
3043 3864 3184 3936 quid
3213 3865 3363 3922 mali
3412 3865 3530 3924 feci
3575 3867 3686 3924 tibi
3709 3866 3737 3920 ?
3759 3863 3836 3919 vel

2155 3956 2294 4027 quid
2334 3955 2557 4024 peccavi
2614 3954 2671 4008 in
2708 3958 3016 4023 conspectu
3057 3958 3177 4023 tuo,
3218 3954 3371 4024 quia
3408 3969 3654 4026 separas
3693 3966 3778 4009 me
3808 3963 3839 4006 a

2157 4043 2397 4099 muliere
2422 4041 2582 4098 mea?
2621 4042 2670 4098 si
2699 4055 2923 4096 servum
2959 4054 3046 4096 me
3071 4054 3506 4116 comparasses,
3555 4044 3726 4100 dares
3761 4053 3842 4097 me

2157 4128 2399 4189 forsitan
2425 4137 2480 4187 et
2506 4131 2566 4186 in
2599 4130 2898 4186 servitium
2931 4129 3284 4186 hominibus.
3319 4131 3403 4188 At
3427 4147 3571 4190 vero
3603 4135 3834 4204 Symeon

2155 4221 2264 4276 ait:
2293 4220 2442 4289 Quia
2471 4219 2656 4274 malus
2687 4232 2886 4274 servus
2909 4231 2988 4288 es,
3017 4231 3367 4290 recognosce
3394 4222 3686 4294 teipsum,
3735 4232 3842 4276 ma-

2159 4309 2334 4381 ligne,
2349 4313 2406 4364 et
2421 4321 2588 4365 curre
2611 4308 2668 4364 in
2687 4309 2912 4363 ﬂamma
2935 4307 3089 4378 ignis
3103 4319 3392 4380 arsurus;
3413 4316 3477 4367 et
3499 4310 3591 4368 fer
3611 4321 3840 4382 aquam,

2155 4403 2212 4452 et
2247 4397 2454 4467 collige
2501 4395 2676 4467 ligna.
2721 4397 2791 4450 Et
2829 4394 3023 4450 statim
3063 4394 3240 4450 Veluti
3268 4403 3498 4456 ventus
3542 4399 3767 4457 cursim
3797 4399 3855 4452 et

2155 4485 2514 4541 vehementer
2539 4483 2848 4540 incendens
2891 4483 3134 4554 daamon,
3160 4487 3215 4538 et
3246 4486 3479 4544 tollens
3520 4489 3582 4543 in
3613 4486 3853 4542 muliere

2155 4574 2487 4644 amphoram
2499 4585 2661 4642 aqua:
2675 4570 3035 4642 minabatur;
3055 4575 3111 4627 et
3131 4572 3441 4642 impletum
3470 4571 3856 4646 illam,etcol-

2158 4663 2381 4718 lectade
2393 4662 2537 4718 silva
2551 4661 2707 4732 ligna
2727 4659 2928 4715 attulit
2950 4659 3185 4716 ululans
3205 4665 3264 4716 et
3281 4662 3539 4721 dicens:
3567 4667 3670 4721 νω
3690 4661 3852 4729 mihi,

2154 4765 2236 4807 vae
2255 4751 2395 4806 mihi
2415 4749 2562 4806 malo
2577 4762 2739 4805 servo
2755 4753 2808 4804 et
2822 4748 3106 4804 inventori
3122 4748 3351 4806 maloru
3363 4765 3418 4806 m
3439 4771 3456 4820 ς
3473 4753 3628 4824 quid
3655 4763 3858 4824 passus

2157 4839 2328 4896 sum?
2363 4842 2504 4894 Nam
2543 4852 2576 4894 a
2620 4838 2862 4894 muliere
2893 4850 3014 4893 mea
3053 4841 3279 4907 separat
3305 4853 3408 4895 me
3458 4847 3716 4899 sanctus
3756 4841 3864 4910 Sy—

2161 4942 2358 4998 meon;
2387 4933 2444 4984 et
2467 4927 2607 4998 quid
2634 4925 2842 5006 faciam
2869 4924 3092 4996 infelix,
3122 4927 3337 4982 nescio.
3378 4929 3498 4986 His
3531 4938 3738 4988 autem
3764 4927 3861 4985 di-

2157 5019 2268 5074 ctis
2287 5030 2476 5073 coram
2513 5015 2724 5086 populo
2763 5015 2864 5086 qui
2901 5020 3261 5086 convenerat,
3297 5023 3640 5090 postquam
3673 5019 3867 5076 adim-

2159 5105 2334 5176 plevit
2360 5103 2744 5159 ministerium
2772 5101 2921 5172 quod
2949 5101 3063 5157 sibi
3097 5100 3284 5158 fuerat
3319 5103 3734 5181 imperatum,
3760 5106 3873 5163 cla-

2160 5193 2334 5248 mavit
2391 5191 2635 5247 altisone
2699 5189 2972 5260 loquens;
3039 5195 3095 5246 et
3154 5190 3470 5260 aspiciens
3541 5202 3760 5253 contra
3814 5209 3871 5250 se

2159 5282 2392 5338 veniens
2413 5278 2606 5351 fulgur
2635 5278 2808 5350 ignis,
2842 5277 3109 5334 currebat
3133 5278 3194 5333 in
3219 5277 3486 5338 muliere
3517 5297 3632 5352 per
3657 5282 3874 5340 circui-

2159 5377 2283 5425 tum
2305 5373 2491 5424 status
2531 5367 2676 5437 ejus,
2706 5366 3022 5436 plurimum
3047 5372 3104 5422 et
3125 5366 3398 5422 dolenter
3427 5372 3796 5444 cruciatus;
3821 5377 3877 5428 et

2165 5458 2361 5514 taliter
2408 5456 2672 5526 protinus
2713 5455 2890 5511 exiit:
2939 5461 2996 5510 et
3039 5453 3279 5510 muliere
3325 5457 3617 5523 pristino
3674 5459 3870 5518 ordini

2161 5543 2817 5616 restituta,dimisiteam
2831 5543 3067 5616 Symeon
3081 5555 3297 5612 sanam,
3318 5542 3557 5604 dicens
3570 5549 3650 5606 ad
3673 5549 3872 5606 illam;
