4018 6166
253 288 346 344 309

978 295 1520 355 INTERPRETATIO
1557 299 1804 356 SYNODI
1842 303 1934 357 vn
1971 286 2370 365 Geunnxus.
2411 342 2486 354 -
2521 286 2720 369 anno
2758 316 2844 368 ιν.

3517 317 3622 374 340

248 412 393 479 Vade,
422 410 641 479 mulier,
672 412 730 467 in
752 413 982 470 domum
1010 420 1189 488 tuam,
1217 425 1273 473 et
1297 418 1561 475 cohabita
1586 436 1713 477 cum
1738 424 1861 479 viro
1886 422 1943 480 A
1970 429 2037 483 ad
2071 429 2175 484 hoc
2199 449 2211 485 :
2232 437 2435 487 etcum
2471 437 2820 492 extendisset
2848 443 2905 492 et
2945 440 3065 508 ipse
3106 455 3324 513 manus,
3364 449 3427 499 ut
3458 446 3626 514 ejice-

246 504 347 552 tuo.
367 500 497 553 Ecce
521 499 671 554 enim
693 501 910 557 direxit
937 504 1216 561 Dominus
1235 521 1333 562 eor
1350 508 1494 577 ejus,
1527 516 1590 564 ut
1621 512 1861 581 recipiat

242 594 290 641 te
311 600 428 641 cum
460 588 666 657 gaudio
698 603 936 661 magno:
964 593 1113 661 quod
1142 598 1198 648 et
1228 593 1437 651 factum
1469 603 1572 652 est.
1605 600 1859 670 Cumque

241 676 327 730 illa
367 690 575 731 reversa
624 676 849 746 fuisset,
898 682 1092 736 statim
1138 688 1354 740 rectum
1393 683 1605 742 factum
1646 694 1731 744 est
1759 704 1859 745 cor

237 764 329 819 viri
360 764 444 818 sui
474 765 541 819 ad
573 756 933 838 diligendum
963 783 1085 825 eam
1115 788 1128 824 :
1162 777 1218 827 et
1250 772 1546 844 ingressus
1574 782 1660 831 est
1688 778 1757 833 ad
1793 778 1859 834 il-

235 851 348 922 lam,
389 858 442 906 et
486 852 786 910 confestim
831 859 1095 927 concepit
1137 859 1197 914 in
1248 865 1527 919 uterozet
1574 866 1854 935 completo

229 953 375 1005 anno,
406 940 663 997 tulerunt
694 957 931 1012 puerum
956 947 1026 1002 ad
1060 960 1284 1004 servum
1316 950 1437 1019 Dei,
1472 951 1770 1010 laudantes
1798 961 1855 1011 et

229 1027 586 1098 gloriﬁcantes
614 1032 812 1087 Deum.
844 1032 983 1088 Cum
1017 1040 1207 1093 autem
1237 1039 1620 1109 complessent
1647 1043 1856 1099 oratio-

229 1129 337 1171 nem
364 1130 541 1186 suam,
565 1124 622 1173 et
648 1119 956 1177 rediissent
977 1123 1047 1178 ad
1075 1126 1364 1199 propriam
1389 1128 1644 1201 domum,
1670 1132 1854 1187 erexit

232 1203 416 1259 mulier
439 1204 546 1260 ﬁde
569 1206 744 1263 ducta
771 1208 1077 1281 imaginem
1100 1213 1281 1268 sancti
1307 1214 1366 1269 in
1394 1215 1657 1272 interiori
1683 1218 1851 1274 domo

224 1304 480 1363 suazqua:
522 1295 868 1363 operabatur
910 1298 1206 1370 miracula,
1248 1301 1583 1359 obumbrata
1626 1305 1847 1375 Spiritu

221 1387 407 1449 sancto,
436 1382 539 1451 qui
567 1382 861 1440 habitabat
887 1386 944 1441 in
971 1391 1197 1443 sancto:
1220 1393 1276 1444 et
1298 1404 1329 1445 a
1349 1390 1630 1448 daemonio
1650 1400 1837 1455 vexati

219 1470 650 1526 emnndabantur
688 1472 832 1544 illic,
864 1479 918 1530 et
948 1489 1017 1530 ex
1056 1477 1236 1533 variis
1280 1480 1646 1548 passionibus
1690 1484 1844 1540 inﬁr-

217 1558 331 1613 mati
362 1559 736 1616 curabantur.
778 1564 843 1617 In
884 1564 1097 1634 quibus
1139 1573 1195 1620 et
1223 1580 1334 1623 una
1378 1569 1587 1625 mulier
1626 1572 1842 1627 ﬂuxum

215 1648 487 1716 sanguinis
534 1648 881 1707 incessanter
925 1667 1024 1722 per
1063 1655 1393 1725 quindecim
1433 1671 1613 1715 annos
1658 1676 1839 1735 passa,

1973 522 2057 572 ret
2081 518 2407 591 imaginem,
2437 523 2711 579 similiter
2730 531 2786 580 et
2804 526 2925 596 ipse
2950 530 3171 584 corruit
3197 546 3367 600 super
3389 538 3611 589 terram.

1968 606 2163 661 Timor
2189 612 2326 663 tunc
2355 612 2513 665 venit
2545 626 2784 683 magnus
2819 629 2993 685 super
3021 631 3217 672 omnes
3251 619 3350 689 qui
3381 621 3620 676 circum-

1968 694 2195 751 stabant
2226 698 2439 769 ﬁdeles,
2469 700 2570 770 qui
2602 706 2658 755 et
2690 703 2934 771 perculsi
2970 720 3141 775 super
3166 707 3419 763 caecitate
3445 714 3502 763 et
3524 723 3621 765 au-

1964 782 2127 837 dacia
2155 784 2499 856 inﬁdelium,
2524 794 2581 843 et
2597 802 2709 845 non
2732 797 3056 847 sanctorum
3080 794 3333 851 virorum
3360 796 3613 865 illorum,

1963 871 2198 927 adorata
2238 888 2366 930 cum
2410 876 2670 932 oratione
2710 878 2976 951 imagine,
3021 882 3371 939 recedebant.

2032 960 2445 1019 Constantinus
2490 966 2897 1024 sanctissimus
2926 968 3232 1040 episcopus
3270 972 3616 1028 Constantia:

1959 1046 2125 1118 Cypri
2151 1050 2333 1106 dixit:
2360 1053 2485 1108 Haec
2511 1054 2764 1124 quidem,
2800 1055 3165 1115 honorabiles
3196 1060 3408 1115 Patres.
3430 1061 3501 1116 de
3524 1061 3615 1117 his

1962 1151 2087 1206 qua:
2118 1138 2260 1195 lecta
2291 1145 2444 1211 sunt,
2473 1143 2823 1215 audivimus,
2857 1151 2914 1201 et
2942 1147 3249 1203 credimus.
3278 1149 3393 1220 Ego
3422 1154 3610 1205 autem

1962 1225 2202 1283 humilis
2240 1228 2403 1299 signa
2435 1244 2560 1299 quae
2599 1230 2746 1287 facta
2775 1233 2917 1303 scio,
2963 1235 3181 1291 similia
3222 1235 3479 1293 referam.
3512 1238 3613 1293 Vir

1960 1315 2192 1383 quidam
2214 1317 2456 1387 Cyprius
2480 1319 2538 1373 in
2561 1319 2794 1376 civitate
2811 1322 3142 1379 Constantia
3166 1324 3392 1381 minans
3406 1326 3609 1397 jugum

1958 1417 2161 1489 suum,
2199 1410 2255 1459 et
2314 1420 2551 1477 pergens
2599 1408 2668 1463 ad
2729 1423 2874 1479 opus
2931 1425 3121 1482 suum,
3180 1413 3474 1484 ingressus
3525 1419 3611 1469 est

1954 1489 2023 1545 ad
2058 1494 2334 1549 orandum
2366 1495 2423 1549 in
2464 1497 2747 1552 orationis
2785 1499 3017 1553 domum
3049 1501 3149 1555 Dei
3187 1501 3506 1571 genitricis.
3542 1503 3610 1557 Et

1953 1594 2082 1635 cum
2123 1587 2331 1655 oraret,
2369 1585 2694 1653 suspiciens
2730 1587 2886 1641 videt
2926 1588 3231 1659 imaginem
3268 1586 3604 1645 sanctze'Dei

1953 1668 2254 1738 genitricis
2282 1685 2349 1725 ex
2384 1672 2678 1729 coloribus
2716 1673 2921 1729 factam
2965 1676 3025 1730 in
3070 1676 3303 1748 pariete,
3345 1682 3401 1731 et
3425 1678 3599 1733 dicit:

214 1736 261 1789 in
284 1735 382 1791 ﬁde
403 1739 653 1795 accessit
680 1740 749 1796 ad
781 1741 1091 1799 videndum
1125 1744 1454 1819 imaginem,
1481 1754 1537 1803 et
1565 1752 1841 1809 continuo
1871 1741 1923 1801 Β
1949 1735 2064 1811 Hoc
2103 1759 2241 1828 quid
2279 1758 2419 1816 facit
2459 1762 2553 1817 hic
2576 1762 2603 1816 ‘?
2629 1765 2697 1818 Et
2726 1768 2956 1833 accepto
2991 1735 3229 1821 stimulo
3270 1735 3375 1822 suo
3409 1765 3606 1821 effodit

210 1824 375 1879 ﬂuxus
414 1826 600 1881 stetit.
647 1828 807 1884 Dixit
847 1830 1000 1885 enim
1046 1831 1199 1887 intra
1243 1847 1321 1903 se,
1357 1836 1491 1905 quia
1524 1838 1572 1892 si
1617 1844 1837 1896 tantum

208 1911 375 1969 videro
390 1914 843 1973 similitudinem
861 1920 1006 1991 ejus,
1026 1922 1179 1977 salva
1197 1936 1313 1979 ero.
1338 1920 1453 1997 [Gr.
1475 1927 1606 1981 add.
1630 1928 1839 1986 Vidcns

207 2006 387 2071 autem,
414 2004 573 2073 quod
607 2006 928 2063 exsiccatus
955 2015 1105 2065 esset
1135 2010 1263 2068 fons
1292 2015 1596 2085 sanguinis
1627 2018 1742 2088 sui,
1765 2020 1834 2079 ad

207 2088 461 2146 hominem
492 2093 600 2147 Dei
636 2095 900 2163 protinus
938 2099 1213 2171 accurrit,
1253 2102 1499 2158 adorans
1528 2119 1715 2161 coram
1746 2121 1832 2179 eo,

205 2176 416 2234 laudans
445 2185 501 2235 et
541 2182 873 2252 gloriﬁcans
912 2187 1108 2257 Deum,
1140 2202 1207 2243 ac
1245 2191 1554 2248 enuntians
1596 2176 1836 2251 miracuL

203 2264 303 2320 lum
328 2267 382 2323 in
408 2283 468 2325 se
498 2271 936 2349 perpetratum]

197 2407 309 2460 Item
348 2410 471 2477 legit
525 2412 689 2467 aliud
729 2417 1052 2471 miraculum
1098 2422 1276 2474 sancti
1310 2422 1492 2476 Patris
1529 2423 1831 2492 Symeom's.

252 2549 464 2606 Accidit
491 2557 691 2608 autem
725 2555 783 2609 in
809 2556 1015 2613 diebus
1046 2559 1169 2615 illis
1199 2562 1498 2631 quemdam
1530 2565 1717 2621 virum
1750 2566 1829 2645 fo;

200 2649 387 2693 rensem
441 2640 615 2696 urbis
656 2642 976 2701 Antiochiae
1026 2648 1155 2703 dira
1205 2664 1469 2719 pressura
1514 2640 1826 2712 detineria

195 2725 447 2784 daemonio
472 2730 752 2802 maligno,
778 2740 834 2788 et
852 2737 1149 2806 angustari
1178 2752 1277 2807 per
1300 2739 1524 2810 aliquot
1549 2746 1821 2814 tempora,

196 2812 259 2867 ita
280 2820 338 2870 ut
360 2819 829 2889 strangularetur
856 2822 926 2877 ab
959 2823 1103 2893 ipso,
1136 2827 1469 2884 constrictis
1499 2812 1826 2899 spiraminiL

193 2900 280 2958 bus
305 2906 442 2961 suis.
490 2907 604 2962 Hic
641 2911 953 2967 ascendens
981 2913 1049 2968 ad
1082 2919 1362 2985 sanctum,
1390 2923 1445 2971 et
1481 2926 1824 2977 consecutus

194 2994 471 3050 remedium
498 2996 1021 3056 intercessionibus
1043 3001 1250 3073 ipsius,
1274 3009 1329 3059 et
1346 3003 1530 3061 factus
1552 3011 1821 3079 tanquam

1948 1846 2178 1903 oculum
2230 1849 2502 1921 imaginis
2546 1852 2854 1908 dextrum:
2890 1867 2957 1908 ex
3000 1854 3197 1909 exiens
3246 1854 3317 1909 de
3369 1855 3599 1926 templo,

1950 1935 2195 2002 pulsavit
2214 1936 2383 1994 boves
2405 1939 2625 1995 aculeo.
2645 1939 2900 2010 Cumque
2922 1946 3285 2011 rumperetur
3305 1943 3598 2013 stimulus,

1949 2022 2391 2096 rediitfragmen
2425 2028 2649 2083 stimuli
2676 2028 2735 2083 in
2764 2029 3029 2085 dextrum
3059 2029 3290 2085 oculum
3325 2030 3598 2101 hominis,

1944 2115 2001 2165 et
2038 2111 2343 2168 obcaecavit
2385 2128 2534 2170 eum.
2581 2116 2743 2173 Hunc
2784 2129 2887 2187 ego
2938 2116 3057 2171 vidi
3106 2116 3316 2187 virum,
3366 2121 3425 2171 et
3468 2117 3596 2189 novi

1945 2198 2169 2255 luszum
2196 2201 2473 2257 effectum.
2509 2202 2676 2259 Alius
2703 2204 2869 2259 homo
2896 2204 2956 2258 in
2982 2203 3214 2258 civitate
3236 2204 3413 2275 Citio,
3443 2202 3598 2259 festi-
3684 2284 3689 2289 Ι

1940 2288 2114 2343 vitate
2166 2294 2375 2345 saneta:
2430 2292 2530 2346 Dei
2586 2291 2908 2364 genitricis,
2959 2290 3055 2347 die
3108 2291 3333 2347 scilicet
3376 2292 3597 2348 decimo

1939 2376 2145 2444 quinto
2168 2378 2381 2433 mensis
2403 2377 2673 2450 Augusti,
2702 2379 3000 2451 ingressus
3018 2384 3105 2434 est
3128 2379 3185 2434 in
3213 2378 3509 2448 templum,
3534 2383 3598 2435 ut

1936 2463 2238 2519 adornaret
2278 2465 2424 2521 illud
2464 2468 2637 2522 velis:
2661 2472 2718 2522 et
2747 2473 3042 2537 assumpto
3080 2466 3258 2536 clavo,
3301 2467 3428 2522 ﬁxit
3464 2479 3592 2522 eum

1938 2551 1997 2606 in
2022 2553 2254 2623 pariete,
2290 2554 2349 2609 in
2374 2554 2495 2624 ipsa
2518 2554 2707 2611 fronte
2733 2556 3007 2627 imaginis
3031 2556 3215 2612 sancti
3246 2555 3417 2611 Petri.
3450 2556 3589 2612 Cum

1932 2653 2067 2711 ergo
2109 2640 2301 2698 funem
2349 2644 2602 2716 ligasset,
2646 2650 2702 2700 et
2730 2645 3108 2714 explicuisset
3144 2644 3353 2715 velum,
3393 2646 3587 2700 eadem

1935 2727 2071 2783 hora
2101 2730 2265 2785 dolor
2297 2732 2676 2802 apprehendit
2714 2746 2845 2789 eum
2884 2734 2943 2788 in
2980 2733 3167 2802 capite
3193 2736 3251 2788 et
3289 2731 3474 2789 fronte
3505 2733 3590 2788 in-

1934 2815 2254 2874 tolerabilis
2286 2838 2297 2873 :
2332 2825 2389 2875 et
2432 2820 2645 2876 mansit
2685 2821 2913 2877 duobus
2954 2821 3160 2877 diebus
3202 2820 3587 2893 solemnitatis

1905 2940 1909 2945 τ
1927 2902 2141 2973 jacens,
2179 2913 2235 2961 et
2267 2908 2561 2964 cruciatus
2602 2908 2838 2978 patiens.
2878 2910 3001 2978 Quo
3044 2914 3335 2979 comperto
3372 2908 3587 2978 episco-

1934 3004 2040 3059 pus
2067 2993 2205 3049 Citii
2236 2996 2548 3067 redarguit,
2580 3003 2636 3053 et
2658 2997 2837 3066 jussit
2869 3011 3099 3069 pergere
3122 3002 3179 3053 et
3202 2998 3442 3053 educere
3474 2996 3586 3052 cla-

190 3079 313 3137 nihil
350 3081 567 3140 fuisset
592 3086 727 3141 mali
760 3057 1085 3161 perpessus:
1103 3095 1160 3146 et
1184 3057 1821 3166 rediens—adwpro‘p'r—iam

1942 3057 2062 3134 vum
2103 3095 2172 3136 ex
2205 3057 2471 3155 imagine.
2512 3085 2621 3153 Qui
2661 3099 2917 3157 pergens,
2955 3091 3013 3141 et
3047 3086 3153 3141 hoc
3190 3099 3410 3157 gerens,
3450 3098 3580 3140 cum

185 3166 405 3241 domum,
441 3187 554 3242 pro
585 3174 899 3245 gratiarum
930 3179 1155 3235 actione
1182 3182 1364 3237 erexit
1391 3182 1480 3238 illi
1517 3184 1820 3257 imaginem

188 3253 234 3310 in
261 3259 482 3327 publico
506 3267 576 3317 et
602 3262 928 3321 clarissimo
956 3267 1214 3324 civitatis
1245 3269 1387 3341 loco,
1414 3285 1590 3341 super
1612 3253 1821 3341 januas

188 3350 455 3415 ergasterii
489 3350 616 3406 sui.
644 3351 913 3408 Videntes
947 3359 1136 3411 autem
1170 3369 1284 3414 eam
1329 3359 1563 3428 quidam
1593 3374 1660 3415 ex
1702 3361 1823 3416 inﬁ-

182 3430 377 3492 delihus
412 3443 529 3493 tam
588 3438 1005 3498 honorabiliter
1046 3457 1173 3499 eum
1221 3444 1543 3502 luminibus
1586 3454 1642 3503 et
1678 3448 1821 3503 velis

183 3520 488 3595 gloriﬁcari,
514 3526 726 3596 repleti
749 3529 1395 3613 zelo,\(:onturhaverunt
1416 3536 1639 3591 similes
1660 3550 1839 3599 suos»

184 3606 517 3672 inordinatos
553 3616 782 3672 scilicet
809 3606 1099 3675 homines:
1122 3621 1202 3676 ita
1228 3626 1293 3677 ut
1317 3625 1647 3679 conveniret
1676 3624 1817 3679 mul-

179 3697 360 3771 titudo,
399 3709 457 3759 et
500 3718 641 3760 cum
689 3706 944 3763 tumultu
984 3708 1283 3764 clamaret:
1310 3711 1467 3767 Tolle
1504 3726 1536 3767 a
1574 3713 1814 3769 vivendo

178 3788 259 3855 qui
288 3789 386 3847 hoc
426 3792 594 3862 fecit,
627 3798 685 3849 et
713 3794 903 3866 imago
941 3797 1279 3867 deponatur.
1325 3800 1581 3871 Contigit
1622 3808 1810 3858 autem

176 3888 257 3941 per
275 3879 766 3951 dispensationem
792 3884 916 3957 Dei,
948 3888 1014 3940 ut
1037 3885 1127 3940 vir
1157 3901 1268 3942 non
1297 3888 1652 3945 inveniretur
1674 3894 1810 3947 tunc

177 3962 222 4015 in
248 3965 401 4024 domo
447 3984 584 4025 sua.
634 3970 1023 4027 Procurabant
1050 3973 1225 4046 enim,
1261 3979 1324 4030 ut
1354 3975 1414 4030 in
1445 3990 1574 4032 eum
1608 3991 1811 4034 manus

175 4049 465 4128 injicerent,
490 4058 639 4113 aliis
657 4058 773 4114 alia
792 4059 1260 4118 vociferantibus.
1298 4063 1519 4119 Malitia
1550 4067 1699 4121 enim
1722 4080 1811 4122 eo-

176 4152 276 4194 rum
301 4145 475 4201 multa
502 4152 566 4201 et
595 4160 795 4217 magna
821 4153 945 4203 erat
970 4150 1028 4204 in
1056 4156 1365 4221 conspectu
1388 4153 1489 4207 Dei
1517 4153 1808 4209 vehemen-

172 4231 255 4298 ter,
282 4235 335 4286 et
365 4232 595 4289 invidia
622 4235 921 4307 immensa,
943 4242 1001 4291 et
1023 4234 1137 4311 [G12
1155 4280 1172 4300 ,
1201 4236 1378 4294 furiis
1405 4237 1654 4314 incitati]
1684 4255 1810 4311 ope-

172 4322 332 4372 rantes
372 4322 443 4375 ad
495 4318 608 4376 hoc
651 4329 1051 4395 convenerant,
1102 4330 1327 4395 tempus
1372 4326 1661 4383 invenisse
1712 4343 1812 4398 pu-

172 4406 328 4462 tantes
354 4409 691 4466 simultates
722 4411 1035 4484 excitandi,
1068 4418 1126 4468 et
1155 4419 1416 4470 sanctum
1460 4415 1803 4487 injuriandi,

1929 3169 2195 3224 educeret
2224 3171 2468 3243 clavum,
2505 3173 2808 3231 alleviatus
2842 3179 2930 3237 est
2965 3172 3147 3231 dolor.
3197 3177 3584 3246 lnterrogetur

1929 3260 2120 3312 autem
2163 3257 2295 3313 hinc
2326 3264 2382 3315 et
2408 3260 2748 3330 episcopus:
2778 3262 2939 3317 adest
2974 3263 3147 3317 enim.
3190 3265 3580 3333 Interrogatus

1929 3357 2063 3416 ergo
2101 3346 2406 3416 episcopus
2440 3348 2603 3420 Citii,
2644 3363 2773 3404 cum
2805 3351 3130 3427 juramento
3175 3350 3423 3406 ﬁrmavit
3461 3350 3578 3405 haec

1928 3446 2116 3488 coram
2149 3437 2364 3505 synodo
2392 3436 2478 3491 sic
2502 3450 2562 3492 se
2594 3436 2815 3493 habere.
2850 3438 2994 3492 Ante
3023 3438 3319 3494 biennium
3354 3439 3580 3509 naviga-

1927 3528 2131 3578 verunt
2144 3524 2255 3579 viri
2282 3521 2599 3599 [Citienses]
2621 3525 2679 3581 in
2696 3525 2921 3582 duabus
2946 3526 3188 3581 navibus
3205 3526 3266 3582 in
3283 3526 3572 3582 civitatem

1922 3610 2119 3682 Syriae,
2157 3627 2283 3683 quae
2324 3620 2559 3670 vocatur
2590 3607 2822 3670 Gabala.
2858 3616 2997 3671 Cum
3032 3620 3220 3670 autem
3254 3618 3445 3670 essent
3470 3616 3576 3671 Ga-

1925 3698 2066 3754 balae
2094 3702 2406 3757 secundum
2451 3703 2945 3773 consuetudinem,
2979 3703 3154 3757 taxati
3186 3704 3570 3774 Agarenorum

1922 3788 2338 3846 descenderunt
2370 3791 2440 3846 ad
2466 3791 2752 3846 maritima
2777 3810 2789 3846 :
2819 3800 2876 3846 et
2902 3792 3192 3847 venientes
3216 3791 3450 3861 quidam
3484 3806 3572 3848 eo-

1923 3891 2047 3933 rum
2073 3878 2362 3948 Gabalam,
2395 3879 2690 3935 divertunt
2720 3879 2779 3935 in
2812 3880 3096 3950 quoddam
3129 3879 3402 3949 templum
3432 3880 3571 3936 civi-

1920 3965 2074 4019 tatis.
2114 3966 2287 4021 Porro
2324 3981 2474 4023 unus
2513 3980 2582 4022 ex
2620 3967 2898 4039 Agarenis
2930 3968 3131 4024 videns
3166 3968 3470 4040 imaginem
3508 3969 3568 4025 in

1920 4053 2133 4120 pariete
2159 4054 2231 4109 de
2259 4054 2521 4126 calculis,
2562 4055 2933 4127 interrogavit
2964 4056 3265 4127 quemdam
3294 4057 3571 4113 Christia-

1921 4154 2055 4197 num
2083 4143 2181 4213 qui
2208 4144 2421 4214 aderat,
2455 4144 2593 4213 quid
2628 4144 2858 4213 prodest
2888 4145 3074 4215 imago
3107 4144 3364 4200 haec‘Md
3400 4159 3565 4216 quem

1917 4230 2283 4287 Christianus
2310 4231 2413 4302 ait,
2437 4232 2574 4303 quia
2603 4232 2697 4287 hic
2722 4233 2953 4303 quidem
2981 4233 3081 4303 qui
3109 4247 3230 4288 eam
3259 4234 3562 4306 honorant,

1920 4320 2186 4389 prodest:
2220 4321 2313 4375 his
2336 4326 2524 4377 autem
2552 4321 2653 4391 qui
2690 4321 2848 4376 illam
2881 4320 3246 4392 inhonorant,
3285 4327 3463 4377 nocet.
3496 4325 3565 4378 Et

1915 4411 2420 4465 Saracenus:Ecce
2446 4424 2568 4482 ego,
2608 4410 2819 4480 inquit,
2856 4409 3117 4465 effodiam
3151 4410 3379 4465 oculum
3415 4411 3559 4482 ejus,

168 4497 338 4560 utpote
362 4497 533 4553 illum
575 4499 677 4568 qui
712 4500 914 4555 crebro
954 4501 1324 4573 redarguerat
1354 4503 1632 4558 malitiam
1670 4505 1802 4561 ﬁdei
1912 4504 1967 4553 et
1987 4498 2190 4554 videbo
2221 4498 2359 4568 quid
2388 4498 2532 4553 mihi
2567 4504 2781 4553 noceat.
2812 4499 2936 4552 Hzec
2966 4497 3137 4560 dixit,
3170 4502 3226 4551 et
3253 4498 3562 4553 extendens

166 4584 211 4632 εί
238 4594 475 4641 errorem
525 4600 725 4642 eorum
764 4588 862 4659 qui
907 4589 965 4643 in
1003 4590 1150 4659 ipsis
1181 4590 1476 4661 gentiliter
1512 4606 1809 4649 conversa-
1912 4592 2141 4643 contum
2198 4599 2386 4654 suum,
2440 4586 2712 4657 imaginis
2754 4585 2986 4641 oculum
3029 4585 3293 4640 dextrum
3338 4584 3559 4657 effodit,

170 4665 371 4728 bantur,
419 4675 570 4730 cum
616 4689 751 4748 ergo
787 4690 899 4732 non
942 4682 1172 4747 possent
1214 4678 1362 4734 ferre
1406 4684 1621 4736 tamam
1657 4682 1805 4736 insa.
1910 4674 2182 4730 Protinus
2205 4687 2338 4745 ergo
2367 4677 2423 4728 et
2461 4687 2603 4728 suus
2627 4673 2826 4774 dexter
2859 4672 3064 4774 oculus
3090 4674 3153 4774 in
3180 4677 3389 4774 terram
3417 4676 3561 4774 exsi-

170 4754 318 4829 niam,
360 4770 760 4833 praeceperunt
786 4766 887 4833 uni
935 4766 1186 4821 militum
1221 4767 1526 4823 ascendere
1567 4768 1800 4841 scalam,
1911 4764 2025 4863 liit,
2077 4763 2342 4863 ξάθηξίιιιθ
2386 4763 2548 4863 ii???“
2596 4766 2682 4863 εἶδε
2724 4761 2880 4863 ίθΡΓθ
2917 4762 3199 4863 ἀεξίθᾞυδ·
3250 4762 3319 4817 Ῑίί
3365 4768 3555 4863 amem

164 4848 212 4895 el
246 4848 442 4915 ejicere
482 4851 817 4922 imaginem.
860 4853 969 4923 Qui
1024 4856 1355 4925 ascendens,
1403 4860 1460 4911 et
1491 4858 1801 4915 extendens
1910 4854 2009 4924 qui
2043 4852 2217 4909 simul
2253 4866 2383 4908 cum
2422 4851 2524 4907 illo
2565 4852 2819 4953 aderant,
2853 4857 3023 4953 acute
3055 4850 3219 4953 illum
3254 4859 3559 4953 mgrotasse

170 4941 340 4988 manus
372 4943 435 4992 ut
460 4938 680 4995 faceret
715 4942 865 5011 quod
898 4942 1012 4998 sibi
1050 4949 1390 5014 praeceptum
1427 4945 1631 5011 fuerat,
1671 4961 1798 5003 mox
1907 4942 2184 5009 videntes,
2232 4940 2511 5039 tulerunt,
2553 4944 2610 5039 et
2645 4941 2713 4995 ad
2755 4939 3283 5039 civitatem-ipsius
3328 4943 3560 5039 reduxe-

166 5016 318 5077 elisus
342 5032 429 5081 est
459 5040 493 5081 a
526 5043 757 5083 sursum
805 5044 987 5101 usque
1024 5032 1309 5103 deorsum,
1347 5035 1554 5090 cadens
1590 5035 1648 5089 in
1692 5040 1802 5105 ter-
1907 5036 2061 5087 runt.
2098 5032 2224 5085 Haec
2258 5028 2425 5084 nobis
2463 5028 2783 5084 retulerunt
2823 5028 2935 5084 viri
2975 5029 3075 5100 qui
3118 5038 3444 5088 remearunt
3483 5034 3551 5089 ad

171 5118 367 5167 ram:et
394 5113 553 5171 facto
576 5130 780 5188 magno
813 5118 1070 5175 tumultu
1094 5120 1154 5175 in
1185 5121 1374 5192 turba,
1406 5130 1798 5193 apposuerunt
1902 5121 2168 5190 Cyprum,
2211 5131 2449 5173 numero
2488 5117 2726 5189 triginta
2774 5119 2909 5175 duo.

169 5199 570 5259 mrdeseentes
610 5206 791 5261 alium
842 5207 1149 5277 imponere.
1194 5209 1299 5265 Sed
1345 5217 1402 5265 et
1442 5211 1542 5266 ille
1592 5226 1795 5269 manus
1972 5208 2303 5264 Theodorus
2332 5206 2735 5262 sanctissimus
2753 5208 3293 5279 episcopusCatana:
3311 5210 3553 5266 tradidit

173 5293 276 5339 snas
304 5291 637 5360 extendens,
676 5295 798 5363 pari
836 5297 1000 5352 modo
1032 5296 1212 5353 elisus
1245 5297 1451 5353 cecidit
1483 5314 1655 5369 super
1690 5307 1795 5357 ter-
1904 5299 2153 5355 librum:
2186 5310 2350 5367 quem
2410 5296 2701 5366 accipiens
2755 5299 3067 5370 Gregorius
3120 5301 3230 5355 Deo
3282 5298 3551 5354 amabilis

178 5382 286 5429 mn.
307 5378 465 5447 Quod
497 5380 712 5438 factum
745 5384 1010 5445 timentes
1039 5400 1253 5457 omnes,
1284 5394 1580 5457 cmperunt
1609 5390 1794 5461 signa—
1900 5387 2178 5445 diaconus
2200 5385 2694 5442 sanctissimorum
2712 5391 2768 5442 et
2785 5387 3312 5444 laudatissimorum
3330 5393 3552 5458 aposto-

177 5460 335 5520 culum
362 5469 567 5525 crucis
589 5471 702 5525 sibi
739 5472 1045 5542 imponere.
1074 5476 1249 5531 Porro
1280 5477 1538 5532 inﬁdeles
1570 5460 1792 5547 illiiper
1902 5476 2108 5540 lorum,
2160 5475 2333 5547 legit:

177 5550 388 5618 amplius
432 5557 821 5631 insurgentes,
855 5561 1187 5639 adjecerunt
1222 5564 1458 5620 tertium
1502 5565 1789 5636 imponere
