  <div class='ocr_page' id='page_1' title='image "/cluster/home/n/w/nwhite01/storage/ocr_20150623/129/hvd.32044054759907/161.png"; bbox 0 0 4012 6162; ppageno 0'>
   <div class='ocr_carea' id='block_1_1' title="bbox 463 292 562 352">
    <p class='ocr_par' dir='ltr' id='par_1_1' title="bbox 463 292 562 352">
     <span class='ocr_line' id='line_1_1' title="bbox 463 292 562 352; baseline -0.02 0"><span class='ocrx_word' id='word_1_1' title='bbox 463 292 562 352; x_wconf 80' lang='lat' dir='ltr'><strong>3H</strong></span> 
     </span>
    </p>
   </div>
   <div class='ocr_carea' id='block_1_2' title="bbox 1691 264 2631 349">
    <p class='ocr_par' dir='ltr' id='par_1_2' title="bbox 1691 264 2631 349">
     <span class='ocr_line' id='line_1_2' title="bbox 1691 264 2631 349; baseline -0.003 0"><span class='ocrx_word' id='word_1_2' title='bbox 1691 291 2046 349; x_wconf 77' lang='lat' dir='ltr'><strong>ANASTASII</strong></span> <span class='ocrx_word' id='word_1_3' title='bbox 2092 264 2631 346; x_wconf 73' lang='lat' dir='ltr'><strong>BlBLIOTHECARII</strong></span> 
     </span>
    </p>
   </div>
   <div class='ocr_carea' id='block_1_3' title="bbox 3715 298 3802 356">
    <p class='ocr_par' dir='ltr' id='par_1_3' title="bbox 3715 298 3802 356">
     <span class='ocr_line' id='line_1_3' title="bbox 3715 298 3802 356; baseline 0 -1"><span class='ocrx_word' id='word_1_4' title='bbox 3715 298 3802 356; x_wconf 71' lang='lat'><strong>312</strong></span> 
     </span>
    </p>
   </div>
   <div class='ocr_carea' id='block_1_4' title="bbox 462 413 3804 485">
    <p class='ocr_par' dir='ltr' id='par_1_4' title="bbox 462 413 3804 485">
     <span class='ocr_line' id='line_1_4' title="bbox 462 413 3804 485; baseline 0.001 -10"><span class='ocrx_word' id='word_1_5' title='bbox 462 419 652 475; x_wconf 81' lang='lat' dir='ltr'><strong>Sancti</strong></span> <span class='ocrx_word' id='word_1_6' title='bbox 689 421 886 475; x_wconf 82' lang='lat' dir='ltr'><strong>Basilii</strong></span> <span class='ocrx_word' id='word_1_7' title='bbox 923 421 990 475; x_wconf 84' lang='lat' dir='ltr'><strong>de</strong></span> <span class='ocrx_word' id='word_1_8' title='bbox 1021 435 1260 475; x_wconf 80' lang='lat' dir='ltr'><strong>sermone</strong></span> <span class='ocrx_word' id='word_1_9' title='bbox 1291 422 1351 474; x_wconf 77' lang='lat' dir='ltr'><strong>in</strong></span> <span class='ocrx_word' id='word_1_10' title='bbox 1386 421 1598 474; x_wconf 87' lang='lat' dir='ltr'><strong>beatum</strong></span> <span class='ocrx_word' id='word_1_11' title='bbox 1634 419 1912 480; x_wconf 86' lang='lat' dir='ltr'><strong>Barlaam,</strong></span> <span class='ocrx_word' id='word_1_12' title='bbox 1951 415 2108 485; x_wconf 87' lang='lat' dir='ltr'><strong><em>cujus</em></strong></span> <span class='ocrx_word' id='word_1_13' title='bbox 2135 418 2195 476; x_wconf 86' lang='grc' dir='ltr'><strong>Λ</strong></span> <span class='ocrx_word' id='word_1_14' title='bbox 2221 414 2355 470; x_wconf 91' lang='lat' dir='ltr'><strong>tasti</strong></span> <span class='ocrx_word' id='word_1_15' title='bbox 2382 414 2438 470; x_wconf 90' lang='lat' dir='ltr'><strong>in</strong></span> <span class='ocrx_word' id='word_1_16' title='bbox 2464 420 2613 470; x_wconf 89' lang='lat' dir='ltr'><strong>terra</strong></span> <span class='ocrx_word' id='word_1_17' title='bbox 2643 419 2758 471; x_wconf 88' lang='lat' dir='ltr'><strong>tua.</strong></span> <span class='ocrx_word' id='word_1_18' title='bbox 2791 413 2931 471; x_wconf 89' lang='lat' dir='ltr'><strong>Ecce</strong></span> <span class='ocrx_word' id='word_1_19' title='bbox 2959 415 3112 471; x_wconf 86' lang='lat' dir='ltr'><strong>enim</strong></span> <span class='ocrx_word' id='word_1_20' title='bbox 3139 416 3333 472; x_wconf 91' lang='lat' dir='ltr'><strong>mittes</strong></span> <span class='ocrx_word' id='word_1_21' title='bbox 3359 416 3425 472; x_wconf 91' lang='lat' dir='ltr'><strong>de</strong></span> <span class='ocrx_word' id='word_1_22' title='bbox 3446 423 3628 475; x_wconf 70' lang='lat' dir='ltr'><strong>caatero</strong></span> <span class='ocrx_word' id='word_1_23' title='bbox 3648 421 3804 482; x_wconf 87' lang='lat' dir='ltr'><strong>virum</strong></span> 
     </span>
    </p>
   </div>
   <div class='ocr_carea' id='block_1_5' title="bbox 1099 493 1469 558">
    <p class='ocr_par' dir='ltr' id='par_1_5' title="bbox 1099 493 1469 558">
     <span class='ocr_line' id='line_1_5' title="bbox 1099 493 1469 558; baseline 0.003 -13"><span class='ocrx_word' id='word_1_24' title='bbox 1099 493 1320 546; x_wconf 76' lang='lat' dir='ltr'><strong>initium</strong></span> <span class='ocrx_word' id='word_1_25' title='bbox 1349 497 1427 546; x_wconf 81' lang='lat' dir='ltr'><strong>est</strong></span> <span class='ocrx_word' id='word_1_26' title='bbox 1452 510 1469 558; x_wconf 86' lang='lat'><strong><em>;</em></strong></span> 
     </span>
    </p>
   </div>
   <div class='ocr_carea' id='block_1_6' title="bbox 534 592 2104 667">
    <p class='ocr_par' dir='ltr' id='par_1_6' title="bbox 534 592 2104 667">
     <span class='ocr_line' id='line_1_6' title="bbox 534 592 2104 667; baseline -0.003 -17"><span class='ocrx_word' id='word_1_27' title='bbox 534 595 704 652; x_wconf 84' lang='lat' dir='ltr'><strong>Prius</strong></span> <span class='ocrx_word' id='word_1_28' title='bbox 750 597 982 667; x_wconf 86' lang='lat' dir='ltr'><strong>quidem</strong></span> <span class='ocrx_word' id='word_1_29' title='bbox 1025 601 1351 654; x_wconf 87' lang='lat' dir='ltr'><strong>sanctorum</strong></span> <span class='ocrx_word' id='word_1_30' title='bbox 1397 601 1624 652; x_wconf 78' lang='lat' dir='ltr'><strong>mortes.</strong></span> <span class='ocrx_word' id='word_1_31' title='bbox 1673 597 1744 651; x_wconf 89' lang='lat' dir='ltr'><strong>Et</strong></span> <span class='ocrx_word' id='word_1_32' title='bbox 1792 597 1918 664; x_wconf 91' lang='lat' dir='ltr'><strong>post</strong></span> <span class='ocrx_word' id='word_1_33' title='bbox 1955 592 2104 648; x_wconf 89' lang='lat' dir='ltr'><strong>alia:</strong></span> 
     </span>
    </p>
   </div>
   <div class='ocr_carea' id='block_1_7' title="bbox 462 680 2112 755">
    <p class='ocr_par' dir='ltr' id='par_1_7' title="bbox 462 680 2112 755">
     <span class='ocr_line' id='line_1_7' title="bbox 462 680 2112 755; baseline -0.002 -17"><span class='ocrx_word' id='word_1_34' title='bbox 462 683 764 755; x_wconf 77' lang='lat' dir='ltr'><strong>Assurgite</strong></span> <span class='ocrx_word' id='word_1_35' title='bbox 794 699 945 741; x_wconf 90' lang='lat' dir='ltr'><strong>nunc</strong></span> <span class='ocrx_word' id='word_1_36' title='bbox 975 685 1142 754; x_wconf 89' lang='lat' dir='ltr'><strong>mihi,</strong></span> <span class='ocrx_word' id='word_1_37' title='bbox 1169 701 1203 741; x_wconf 95' lang='lat' dir='ltr'><strong>o</strong></span> <span class='ocrx_word' id='word_1_38' title='bbox 1226 685 1536 740; x_wconf 83' lang='lat' dir='ltr'><strong>clarissimi</strong></span> <span class='ocrx_word' id='word_1_39' title='bbox 1568 683 1970 740; x_wconf 86' lang='lat' dir='ltr'><strong>athleticarum</strong></span> <span class='ocrx_word' id='word_1_40' title='bbox 2001 680 2112 735; x_wconf 91' lang='lat' dir='ltr'><strong>vir-</strong></span> 
     </span>
    </p>
   </div>
   <div class='ocr_carea' id='block_1_8' title="bbox 466 771 2113 843">
    <p class='ocr_par' dir='ltr' id='par_1_8' title="bbox 466 771 2113 843">
     <span class='ocr_line' id='line_1_8' title="bbox 466 771 2113 843; baseline -0.001 -17"><span class='ocrx_word' id='word_1_41' title='bbox 466 776 656 828; x_wconf 82' lang='lat' dir='ltr'><strong>tutum</strong></span> <span class='ocrx_word' id='word_1_42' title='bbox 683 772 948 842; x_wconf 81' lang='lat' dir='ltr'><strong>pictores,</strong></span> <span class='ocrx_word' id='word_1_43' title='bbox 975 777 1031 828; x_wconf 88' lang='lat' dir='ltr'><strong>et</strong></span> <span class='ocrx_word' id='word_1_44' title='bbox 1056 773 1266 829; x_wconf 82' lang='lat' dir='ltr'><strong>militis</strong></span> <span class='ocrx_word' id='word_1_45' title='bbox 1283 772 1668 828; x_wconf 85' lang='lat' dir='ltr'><strong>abbreviatam</strong></span> <span class='ocrx_word' id='word_1_46' title='bbox 1693 771 1997 843; x_wconf 85' lang='lat' dir='ltr'><strong>imaginem</strong></span> <span class='ocrx_word' id='word_1_47' title='bbox 2029 782 2113 824; x_wconf 92' lang='lat' dir='ltr'><strong>ve-</strong></span> 
     </span>
    </p>
   </div>
   <div class='ocr_carea' id='block_1_9' title="bbox 467 857 2113 932">
    <p class='ocr_par' dir='ltr' id='par_1_9' title="bbox 467 857 2113 932">
     <span class='ocr_line' id='line_1_9' title="bbox 467 857 2113 932; baseline -0.002 -17"><span class='ocrx_word' id='word_1_48' title='bbox 467 859 608 916; x_wconf 82' lang='lat' dir='ltr'><strong>stris</strong></span> <span class='ocrx_word' id='word_1_49' title='bbox 647 860 1005 932; x_wconf 80' lang='lat' dir='ltr'><strong>magniﬁcate</strong></span> <span class='ocrx_word' id='word_1_50' title='bbox 1047 861 1308 918; x_wconf 89' lang='lat' dir='ltr'><strong>artibus:</strong></span> <span class='ocrx_word' id='word_1_51' title='bbox 1342 861 1646 916; x_wconf 87' lang='lat' dir='ltr'><strong>obscurius</strong></span> <span class='ocrx_word' id='word_1_52' title='bbox 1679 873 1711 914; x_wconf 90' lang='lat' dir='ltr'><strong>a</strong></span> <span class='ocrx_word' id='word_1_53' title='bbox 1741 873 1848 926; x_wconf 91' lang='lat' dir='ltr'><strong>me,</strong></span> <span class='ocrx_word' id='word_1_54' title='bbox 1888 857 1988 928; x_wconf 87' lang='lat' dir='ltr'><strong>qui</strong></span> <span class='ocrx_word' id='word_1_55' title='bbox 2025 870 2113 912; x_wconf 88' lang='lat' dir='ltr'><strong>co-</strong></span> 
     </span>
    </p>
   </div>
   <div class='ocr_carea' id='block_1_10' title="bbox 471 945 2113 1020">
    <p class='ocr_par' dir='ltr' id='par_1_10' title="bbox 471 945 2113 1020">
     <span class='ocr_line' id='line_1_10' title="bbox 471 945 2113 1020; baseline -0.002 -16"><span class='ocrx_word' id='word_1_56' title='bbox 471 952 708 1004; x_wconf 89' lang='lat' dir='ltr'><strong>ronatus</strong></span> <span class='ocrx_word' id='word_1_57' title='bbox 754 955 858 1020; x_wconf 92' lang='lat' dir='ltr'><strong>est,</strong></span> <span class='ocrx_word' id='word_1_58' title='bbox 907 949 1186 1020; x_wconf 90' lang='lat' dir='ltr'><strong>scriptum</strong></span> <span class='ocrx_word' id='word_1_59' title='bbox 1235 955 1436 1005; x_wconf 81' lang='lat' dir='ltr'><strong>vestrae</strong></span> <span class='ocrx_word' id='word_1_60' title='bbox 1483 947 1780 1018; x_wconf 70' lang='lat' dir='ltr'><strong>sapientiae</strong></span> <span class='ocrx_word' id='word_1_61' title='bbox 1831 945 2113 1017; x_wconf 88' lang='lat' dir='ltr'><strong>fulgorate</strong></span> 
     </span>
    </p>
   </div>
   <div class='ocr_carea' id='block_1_11' title="bbox 465 1035 2115 1106">
    <p class='ocr_par' dir='ltr' id='par_1_11' title="bbox 465 1035 2115 1106">
     <span class='ocr_line' id='line_1_11' title="bbox 465 1035 2115 1106; baseline -0.001 -15"><span class='ocrx_word' id='word_1_62' title='bbox 465 1035 776 1092; x_wconf 91' lang='lat' dir='ltr'><strong>coloribus.</strong></span> <span class='ocrx_word' id='word_1_63' title='bbox 819 1036 917 1094; x_wconf 93' lang='lat' dir='ltr'><strong>Ibo</strong></span> <span class='ocrx_word' id='word_1_64' title='bbox 957 1037 1016 1092; x_wconf 92' lang='lat' dir='ltr'><strong>in</strong></span> <span class='ocrx_word' id='word_1_65' title='bbox 1051 1037 1422 1094; x_wconf 88' lang='lat' dir='ltr'><strong>victoriarum</strong></span> <span class='ocrx_word' id='word_1_66' title='bbox 1464 1037 1731 1106; x_wconf 84' lang='lat' dir='ltr'><strong>martyris</strong></span> <span class='ocrx_word' id='word_1_67' title='bbox 1771 1049 1868 1106; x_wconf 93' lang='lat' dir='ltr'><strong>per</strong></span> <span class='ocrx_word' id='word_1_68' title='bbox 1904 1048 2003 1090; x_wconf 91' lang='lat' dir='ltr'><strong>vos</strong></span> <span class='ocrx_word' id='word_1_69' title='bbox 2034 1035 2115 1104; x_wconf 90' lang='lat' dir='ltr'><strong>pi-</strong></span> 
     </span>
    </p>
   </div>
   <div class='ocr_carea' id='block_1_12' title="bbox 469 1121 2114 1198">
    <p class='ocr_par' dir='ltr' id='par_1_12' title="bbox 469 1121 2114 1198">
     <span class='ocr_line' id='line_1_12' title="bbox 469 1121 2114 1198; baseline -0.001 -18"><span class='ocrx_word' id='word_1_70' title='bbox 469 1128 634 1180; x_wconf 89' lang='lat' dir='ltr'><strong>ctura</strong></span> <span class='ocrx_word' id='word_1_71' title='bbox 661 1125 850 1181; x_wconf 90' lang='lat' dir='ltr'><strong>victus</strong></span> <span class='ocrx_word' id='word_1_72' title='bbox 873 1143 886 1180; x_wconf 92' lang='lat'><strong>:</strong></span> <span class='ocrx_word' id='word_1_73' title='bbox 912 1125 1168 1198; x_wconf 82' lang='lat' dir='ltr'><strong>gaudebo</strong></span> <span class='ocrx_word' id='word_1_74' title='bbox 1193 1126 1294 1181; x_wconf 90' lang='lat' dir='ltr'><strong>tali</strong></span> <span class='ocrx_word' id='word_1_75' title='bbox 1321 1131 1522 1182; x_wconf 67' lang='lat' dir='ltr'><strong>vestrae</strong></span> <span class='ocrx_word' id='word_1_76' title='bbox 1551 1123 1918 1179; x_wconf 85' lang='lat' dir='ltr'><strong>fortitudinis</strong></span> <span class='ocrx_word' id='word_1_77' title='bbox 1945 1121 2114 1178; x_wconf 85' lang='lat' dir='ltr'><strong>hodie</strong></span> 
     </span>
    </p>
   </div>
   <div class='ocr_carea' id='block_1_13' title="bbox 468 1209 2114 1284">
    <p class='ocr_par' dir='ltr' id='par_1_13' title="bbox 468 1209 2114 1284">
     <span class='ocr_line' id='line_1_13' title="bbox 468 1209 2114 1284; baseline 0 -18"><span class='ocrx_word' id='word_1_78' title='bbox 468 1211 710 1268; x_wconf 86' lang='lat' dir='ltr'><strong>victoria</strong></span> <span class='ocrx_word' id='word_1_79' title='bbox 730 1219 1052 1283; x_wconf 89' lang='lat' dir='ltr'><strong>superatus.</strong></span> <span class='ocrx_word' id='word_1_80' title='bbox 1079 1213 1293 1270; x_wconf 87' lang='lat' dir='ltr'><strong>Videbo</strong></span> <span class='ocrx_word' id='word_1_81' title='bbox 1314 1227 1517 1269; x_wconf 89' lang='lat' dir='ltr'><strong>manus</strong></span> <span class='ocrx_word' id='word_1_82' title='bbox 1532 1213 1599 1268; x_wconf 89' lang='lat' dir='ltr'><strong>ad</strong></span> <span class='ocrx_word' id='word_1_83' title='bbox 1625 1213 1813 1284; x_wconf 83' lang='lat' dir='ltr'><strong>ignem</strong></span> <span class='ocrx_word' id='word_1_84' title='bbox 1836 1209 2114 1267; x_wconf 87' lang='lat' dir='ltr'><strong>subtilius</strong></span> 
     </span>
    </p>
   </div>
   <div class='ocr_carea' id='block_1_14' title="bbox 467 1299 2116 1373">
    <p class='ocr_par' dir='ltr' id='par_1_14' title="bbox 467 1299 2116 1373">
     <span class='ocr_line' id='line_1_14' title="bbox 467 1299 2116 1373; baseline -0.003 -15"><span class='ocrx_word' id='word_1_85' title='bbox 467 1315 501 1358; x_wconf 92' lang='lat' dir='ltr'><strong>a</strong></span> <span class='ocrx_word' id='word_1_86' title='bbox 529 1301 693 1358; x_wconf 87' lang='lat' dir='ltr'><strong>vobis</strong></span> <span class='ocrx_word' id='word_1_87' title='bbox 718 1302 1008 1373; x_wconf 90' lang='lat' dir='ltr'><strong>depictum</strong></span> <span class='ocrx_word' id='word_1_88' title='bbox 1034 1307 1337 1358; x_wconf 88' lang='lat' dir='ltr'><strong>certamen.</strong></span> <span class='ocrx_word' id='word_1_89' title='bbox 1367 1301 1580 1358; x_wconf 86' lang='lat' dir='ltr'><strong>Videbo</strong></span> <span class='ocrx_word' id='word_1_90' title='bbox 1609 1301 1908 1356; x_wconf 88' lang='lat' dir='ltr'><strong>clariorem</strong></span> <span class='ocrx_word' id='word_1_91' title='bbox 1941 1299 2000 1354; x_wconf 91' lang='lat' dir='ltr'><strong>in</strong></span> <span class='ocrx_word' id='word_1_92' title='bbox 2029 1311 2116 1354; x_wconf 88' lang='lat' dir='ltr'><strong>ve-</strong></span> 
     </span>
    </p>
   </div>
   <div class='ocr_carea' id='block_1_15' title="bbox 469 1388 2110 1462">
    <p class='ocr_par' dir='ltr' id='par_1_15' title="bbox 469 1388 2110 1462">
     <span class='ocr_line' id='line_1_15' title="bbox 469 1388 2110 1462; baseline -0.003 -16"><span class='ocrx_word' id='word_1_93' title='bbox 469 1394 587 1446; x_wconf 90' lang='lat' dir='ltr'><strong>stra</strong></span> <span class='ocrx_word' id='word_1_94' title='bbox 607 1390 897 1460; x_wconf 88' lang='lat' dir='ltr'><strong>depictum</strong></span> <span class='ocrx_word' id='word_1_95' title='bbox 921 1391 1170 1462; x_wconf 86' lang='lat' dir='ltr'><strong>imagine</strong></span> <span class='ocrx_word' id='word_1_96' title='bbox 1187 1390 1542 1448; x_wconf 85' lang='lat' dir='ltr'><strong>luctatorem.</strong></span> <span class='ocrx_word' id='word_1_97' title='bbox 1565 1388 2110 1457; x_wconf 68' lang='lat' dir='ltr'><strong>Plorentdaamones,</strong></span> 
     </span>
    </p>
   </div>
   <div class='ocr_carea' id='block_1_16' title="bbox 465 1467 2114 1550">
    <p class='ocr_par' dir='ltr' id='par_1_16' title="bbox 465 1467 2114 1550">
     <span class='ocr_line' id='line_1_16' title="bbox 465 1467 2114 1550; baseline -0.002 -16"><span class='ocrx_word' id='word_1_98' title='bbox 465 1479 736 1550; x_wconf 84' lang='lat' dir='ltr'><strong>martyris</strong></span> <span class='ocrx_word' id='word_1_99' title='bbox 763 1477 933 1536; x_wconf 89' lang='lat' dir='ltr'><strong>factis</strong></span> <span class='ocrx_word' id='word_1_100' title='bbox 961 1477 1210 1536; x_wconf 86' lang='lat' dir='ltr'><strong>fortibus</strong></span> <span class='ocrx_word' id='word_1_101' title='bbox 1237 1484 1294 1534; x_wconf 92' lang='lat' dir='ltr'><strong>et</strong></span> <span class='ocrx_word' id='word_1_102' title='bbox 1324 1492 1476 1534; x_wconf 91' lang='lat' dir='ltr'><strong>nunc</strong></span> <span class='ocrx_word' id='word_1_103' title='bbox 1507 1476 1756 1549; x_wconf 86' lang='lat' dir='ltr'><strong>perculsi</strong></span> <span class='ocrx_word' id='word_1_104' title='bbox 1783 1495 1794 1532; x_wconf 92' lang='lat'><strong>:</strong></span> <span class='ocrx_word' id='word_1_105' title='bbox 1819 1467 2114 1532; x_wconf 77' lang='lat' dir='ltr'><strong>co&#39;mbusta</strong></span> 
     </span>
    </p>
   </div>
   <div class='ocr_carea' id='block_1_17' title="bbox 466 1564 2114 1636">
    <p class='ocr_par' dir='ltr' id='par_1_17' title="bbox 466 1564 2114 1636">
     <span class='ocr_line' id='line_1_17' title="bbox 466 1564 2114 1636; baseline -0.002 -14"><span class='ocrx_word' id='word_1_106' title='bbox 466 1567 590 1623; x_wconf 89' lang='lat' dir='ltr'><strong>illis</strong></span> <span class='ocrx_word' id='word_1_107' title='bbox 635 1581 840 1624; x_wconf 90' lang='lat' dir='ltr'><strong>manus</strong></span> <span class='ocrx_word' id='word_1_108' title='bbox 879 1573 936 1623; x_wconf 93' lang='lat' dir='ltr'><strong>et</strong></span> <span class='ocrx_word' id='word_1_109' title='bbox 972 1567 1206 1624; x_wconf 92' lang='lat' dir='ltr'><strong>vincens</strong></span> <span class='ocrx_word' id='word_1_110' title='bbox 1245 1567 1614 1623; x_wconf 83' lang='lat' dir='ltr'><strong>ostendatur:</strong></span> <span class='ocrx_word' id='word_1_111' title='bbox 1645 1572 1700 1622; x_wconf 90' lang='lat' dir='ltr'><strong>et</strong></span> <span class='ocrx_word' id='word_1_112' title='bbox 1739 1565 2010 1636; x_wconf 89' lang='lat' dir='ltr'><strong>pingatur</strong></span> <span class='ocrx_word' id='word_1_113' title='bbox 2054 1564 2114 1619; x_wconf 90' lang='lat' dir='ltr'><strong>in</strong></span> 
     </span>
    </p>
   </div>
   <div class='ocr_carea' id='block_1_18' title="bbox 469 1651 2118 1728">
    <p class='ocr_par' dir='ltr' id='par_1_18' title="bbox 469 1651 2118 1728">
     <span class='ocr_line' id='line_1_18' title="bbox 469 1651 2118 1728; baseline -0.004 -17"><span class='ocrx_word' id='word_1_114' title='bbox 469 1654 662 1712; x_wconf 88' lang='lat' dir='ltr'><strong>tabula</strong></span> <span class='ocrx_word' id='word_1_115' title='bbox 680 1655 954 1711; x_wconf 89' lang='lat' dir='ltr'><strong>similiter</strong></span> <span class='ocrx_word' id='word_1_116' title='bbox 972 1661 1029 1711; x_wconf 90' lang='lat' dir='ltr'><strong>et</strong></span> <span class='ocrx_word' id='word_1_117' title='bbox 1051 1655 1172 1726; x_wconf 91' lang='lat' dir='ltr'><strong>ipse</strong></span> <span class='ocrx_word' id='word_1_118' title='bbox 1191 1655 1531 1728; x_wconf 88' lang='lat' dir='ltr'><strong>agonotbeta</strong></span> <span class='ocrx_word' id='word_1_119' title='bbox 1561 1653 1940 1711; x_wconf 85' lang='lat' dir='ltr'><strong>luctaminum</strong></span> <span class='ocrx_word' id='word_1_120' title='bbox 1960 1651 2118 1707; x_wconf 85' lang='lat' dir='ltr'><strong>Chri-</strong></span> 
     </span>
    </p>
   </div>
   <div class='ocr_carea' id='block_1_19' title="bbox 465 1741 2040 1816">
    <p class='ocr_par' dir='ltr' id='par_1_19' title="bbox 465 1741 2040 1816">
     <span class='ocr_line' id='line_1_19' title="bbox 465 1741 2040 1816; baseline -0.004 -16"><span class='ocrx_word' id='word_1_121' title='bbox 465 1748 610 1814; x_wconf 87' lang='lat' dir='ltr'><strong>stus,</strong></span> <span class='ocrx_word' id='word_1_122' title='bbox 651 1745 747 1800; x_wconf 89' lang='lat' dir='ltr'><strong>cui</strong></span> <span class='ocrx_word' id='word_1_123' title='bbox 782 1749 870 1800; x_wconf 90' lang='lat' dir='ltr'><strong>est</strong></span> <span class='ocrx_word' id='word_1_124' title='bbox 897 1744 1081 1816; x_wconf 86' lang='lat' dir='ltr'><strong>gloria</strong></span> <span class='ocrx_word' id='word_1_125' title='bbox 1121 1744 1178 1799; x_wconf 91' lang='lat' dir='ltr'><strong>in</strong></span> <span class='ocrx_word' id='word_1_126' title='bbox 1214 1743 1422 1799; x_wconf 66' lang='lat' dir='ltr'><strong>smonla</strong></span> <span class='ocrx_word' id='word_1_127' title='bbox 1451 1743 1810 1799; x_wconf 79' lang='lat' dir='ltr'><strong>saeculorum.</strong></span> <span class='ocrx_word' id='word_1_128' title='bbox 1845 1741 2040 1796; x_wconf 83' lang='lat' dir='ltr'><strong>Amen.</strong></span> 
     </span>
    </p>
   </div>
   <div class='ocr_carea' id='block_1_20' title="bbox 535 1828 2118 1889">
    <p class='ocr_par' dir='ltr' id='par_1_20' title="bbox 535 1828 2118 1889">
     <span class='ocr_line' id='line_1_20' title="bbox 535 1828 2118 1889; baseline -0.003 -2"><span class='ocrx_word' id='word_1_129' title='bbox 535 1832 948 1889; x_wconf 85' lang='lat' dir='ltr'><strong>Constantinus</strong></span> <span class='ocrx_word' id='word_1_130' title='bbox 979 1833 1093 1888; x_wconf 92' lang='lat' dir='ltr'><strong>Deo</strong></span> <span class='ocrx_word' id='word_1_131' title='bbox 1129 1831 1398 1888; x_wconf 88' lang='lat' dir='ltr'><strong>amabilis</strong></span> <span class='ocrx_word' id='word_1_132' title='bbox 1439 1831 1722 1887; x_wconf 87' lang='lat' dir='ltr'><strong>diaconus</strong></span> <span class='ocrx_word' id='word_1_133' title='bbox 1759 1834 1816 1885; x_wconf 90' lang='lat' dir='ltr'><strong>et</strong></span> <span class='ocrx_word' id='word_1_134' title='bbox 1855 1828 2118 1885; x_wconf 88' lang='lat' dir='ltr'><strong>notarius</strong></span> 
     </span>
    </p>
   </div>
   <div class='ocr_carea' id='block_1_21' title="bbox 469 1921 627 1992">
    <p class='ocr_par' dir='ltr' id='par_1_21' title="bbox 469 1921 627 1992">
     <span class='ocr_line' id='line_1_21' title="bbox 469 1921 627 1992; baseline -0.006 -16"><span class='ocrx_word' id='word_1_135' title='bbox 469 1921 627 1992; x_wconf 84' lang='lat' dir='ltr'><strong>legit.</strong></span> 
     </span>
    </p>
   </div>
   <div class='ocr_carea' id='block_1_22' title="bbox 543 2004 2119 2078">
    <p class='ocr_par' dir='ltr' id='par_1_22' title="bbox 543 2004 2119 2078">
     <span class='ocr_line' id='line_1_22' title="bbox 543 2004 2119 2078; baseline -0.003 -14"><span class='ocrx_word' id='word_1_136' title='bbox 543 2009 821 2066; x_wconf 79' lang='lat' dir='ltr'><strong>-Photini</strong></span> <span class='ocrx_word' id='word_1_137' title='bbox 871 2011 983 2066; x_wconf 92' lang='lat' dir='ltr'><strong>Deo</strong></span> <span class='ocrx_word' id='word_1_138' title='bbox 1028 2009 1296 2066; x_wconf 87' lang='lat' dir='ltr'><strong>amabilis</strong></span> <span class='ocrx_word' id='word_1_139' title='bbox 1345 2007 1658 2078; x_wconf 86' lang='lat' dir='ltr'><strong>presbyteri</strong></span> <span class='ocrx_word' id='word_1_140' title='bbox 1707 2012 1764 2062; x_wconf 92' lang='lat' dir='ltr'><strong>et</strong></span> <span class='ocrx_word' id='word_1_141' title='bbox 1800 2004 2119 2062; x_wconf 87' lang='lat' dir='ltr'><strong>defensoris</strong></span> 
     </span>
    </p>
   </div>
   <div class='ocr_carea' id='block_1_23' title="bbox 473 2094 2112 2170">
    <p class='ocr_par' dir='ltr' id='par_1_23' title="bbox 473 2094 2112 2170">
     <span class='ocr_line' id='line_1_23' title="bbox 473 2094 2112 2170; baseline -0.004 -15"><span class='ocrx_word' id='word_1_142' title='bbox 473 2098 853 2155; x_wconf 64' lang='lat' dir='ltr'><strong>sanctissimae</strong></span> <span class='ocrx_word' id='word_1_143' title='bbox 915 2110 1128 2170; x_wconf 64' lang='lat' dir='ltr'><strong>magna:</strong></span> <span class='ocrx_word' id='word_1_144' title='bbox 1190 2096 1459 2154; x_wconf 65' lang='lat' dir='ltr'><strong>Ecclesiae</strong></span> <span class='ocrx_word' id='word_1_145' title='bbox 1524 2094 2112 2166; x_wconf 84' lang='lat' dir='ltr'><strong>ConstantinOpoleos.</strong></span> 
     </span>
    </p>
   </div>
   <div class='ocr_carea' id='block_1_24' title="bbox 476 2238 2121 2306">
    <p class='ocr_par' dir='ltr' id='par_1_24' title="bbox 476 2238 2121 2306">
     <span class='ocr_line' id='line_1_24' title="bbox 476 2238 2121 2306; baseline -0.004 -9"><span class='ocrx_word' id='word_1_146' title='bbox 476 2244 553 2297; x_wconf 88' lang='lat' dir='ltr'><strong>De</strong></span> <span class='ocrx_word' id='word_1_147' title='bbox 593 2241 723 2297; x_wconf 81' lang='lat' dir='ltr'><strong>Vita</strong></span> <span class='ocrx_word' id='word_1_148' title='bbox 770 2245 974 2296; x_wconf 59' lang='lat' dir='ltr'><strong>sancta</strong></span> <span class='ocrx_word' id='word_1_149' title='bbox 1020 2241 1290 2294; x_wconf 70' lang='lat' dir='ltr'><strong>memoriae</strong></span> <span class='ocrx_word' id='word_1_150' title='bbox 1337 2240 1564 2292; x_wconf 78' lang='lat' dir='ltr'><strong>Joannis</strong></span> <span class='ocrx_word' id='word_1_151' title='bbox 1615 2239 1970 2306; x_wconf 79' lang='lat' dir='ltr'><strong>Jejunatoris,</strong></span> <span class='ocrx_word' id='word_1_152' title='bbox 2025 2238 2121 2306; x_wconf 79' lang='lat' dir='ltr'><strong>qui</strong></span> 
     </span>
    </p>
   </div>
   <div class='ocr_carea' id='block_1_25' title="bbox 836 2309 1747 2382">
    <p class='ocr_par' dir='ltr' id='par_1_25' title="bbox 836 2309 1747 2382">
     <span class='ocr_line' id='line_1_25' title="bbox 836 2309 1747 2382; baseline -0.002 -18"><span class='ocrx_word' id='word_1_153' title='bbox 836 2314 950 2380; x_wconf 72' lang='lat' dir='ltr'><strong>fuit</strong></span> <span class='ocrx_word' id='word_1_154' title='bbox 986 2313 1264 2382; x_wconf 81' lang='lat' dir='ltr'><strong>episcopus</strong></span> <span class='ocrx_word' id='word_1_155' title='bbox 1303 2309 1546 2378; x_wconf 72' lang='lat' dir='ltr'><strong>ejusdem</strong></span> <span class='ocrx_word' id='word_1_156' title='bbox 1577 2309 1747 2362; x_wconf 81' lang='lat' dir='ltr'><strong>urbis.</strong></span> 
     </span>
    </p>
   </div>
   <div class='ocr_carea' id='block_1_26' title="bbox 539 2449 2121 2521">
    <p class='ocr_par' dir='ltr' id='par_1_26' title="bbox 539 2449 2121 2521">
     <span class='ocr_line' id='line_1_26' title="bbox 539 2449 2121 2521; baseline -0.006 -8"><span class='ocrx_word' id='word_1_157' title='bbox 539 2457 742 2514; x_wconf 77' lang='lat' dir='ltr'><strong>Adhuc</strong></span> <span class='ocrx_word' id='word_1_158' title='bbox 764 2468 866 2511; x_wconf 92' lang='lat' dir='ltr'><strong>nec</strong></span> <span class='ocrx_word' id='word_1_159' title='bbox 886 2454 992 2510; x_wconf 93' lang='lat' dir='ltr'><strong>hoc</strong></span> <span class='ocrx_word' id='word_1_160' title='bbox 1013 2453 1184 2508; x_wconf 85' lang='lat' dir='ltr'><strong>lateat</strong></span> <span class='ocrx_word' id='word_1_161' title='bbox 1204 2449 1570 2519; x_wconf 79' lang='lat' dir='ltr'><strong>miraculum,</strong></span> <span class='ocrx_word' id='word_1_162' title='bbox 1597 2463 1696 2505; x_wconf 91' lang='lat' dir='ltr'><strong>nec</strong></span> <span class='ocrx_word' id='word_1_163' title='bbox 1719 2449 2121 2521; x_wconf 87' lang='lat' dir='ltr'><strong>indulgeamus</strong></span> 
     </span>
    </p>
   </div>
   <div class='ocr_carea' id='block_1_27' title="bbox 473 2538 2115 2618">
    <p class='ocr_par' dir='ltr' id='par_1_27' title="bbox 473 2538 2115 2618">
     <span class='ocr_line' id='line_1_27' title="bbox 473 2538 2115 2618; baseline -0.006 -16"><span class='ocrx_word' id='word_1_164' title='bbox 473 2545 702 2618; x_wconf 87' lang='lat' dir='ltr'><strong>egregio</strong></span> <span class='ocrx_word' id='word_1_165' title='bbox 723 2542 879 2598; x_wconf 89' lang='lat' dir='ltr'><strong>Patri</strong></span> <span class='ocrx_word' id='word_1_166' title='bbox 913 2541 1019 2597; x_wconf 89' lang='lat' dir='ltr'><strong>hoc</strong></span> <span class='ocrx_word' id='word_1_167' title='bbox 1045 2539 1265 2596; x_wconf 88' lang='lat' dir='ltr'><strong>dudum</strong></span> <span class='ocrx_word' id='word_1_168' title='bbox 1301 2540 1545 2595; x_wconf 85' lang='lat' dir='ltr'><strong>maxime</strong></span> <span class='ocrx_word' id='word_1_169' title='bbox 1578 2539 1761 2594; x_wconf 89' lang='lat' dir='ltr'><strong>celare</strong></span> <span class='ocrx_word' id='word_1_170' title='bbox 1788 2538 2115 2594; x_wconf 89' lang='lat' dir='ltr'><strong>accleranti.</strong></span> 
     </span>
    </p>
   </div>
   <div class='ocr_carea' id='block_1_28' title="bbox 473 2627 2124 2702">
    <p class='ocr_par' dir='ltr' id='par_1_28' title="bbox 473 2627 2124 2702">
     <span class='ocr_line' id='line_1_28' title="bbox 473 2627 2124 2702; baseline -0.005 -11"><span class='ocrx_word' id='word_1_171' title='bbox 473 2637 614 2692; x_wconf 89' lang='lat' dir='ltr'><strong>Nam</strong></span> <span class='ocrx_word' id='word_1_172' title='bbox 641 2646 752 2689; x_wconf 85' lang='lat' dir='ltr'><strong>nox</strong></span> <span class='ocrx_word' id='word_1_173' title='bbox 777 2630 1010 2702; x_wconf 89' lang='lat' dir='ltr'><strong>quidem</strong></span> <span class='ocrx_word' id='word_1_174' title='bbox 1033 2632 1176 2698; x_wconf 90' lang='lat' dir='ltr'><strong>erat,</strong></span> <span class='ocrx_word' id='word_1_175' title='bbox 1204 2633 1262 2684; x_wconf 86' lang='lat' dir='ltr'><strong>et</strong></span> <span class='ocrx_word' id='word_1_176' title='bbox 1287 2627 1721 2684; x_wconf 88' lang='lat' dir='ltr'><strong>deambulamus</strong></span> <span class='ocrx_word' id='word_1_177' title='bbox 1750 2641 1878 2683; x_wconf 91' lang='lat' dir='ltr'><strong>cum</strong></span> <span class='ocrx_word' id='word_1_178' title='bbox 1905 2627 2124 2684; x_wconf 85' lang='lat' dir='ltr'><strong>veloci-</strong></span> 
     </span>
    </p>
   </div>
   <div class='ocr_carea' id='block_1_29' title="bbox 473 2715 2121 2789">
    <p class='ocr_par' dir='ltr' id='par_1_29' title="bbox 473 2715 2121 2789">
     <span class='ocr_line' id='line_1_29' title="bbox 473 2715 2121 2789; baseline -0.005 -9"><span class='ocrx_word' id='word_1_179' title='bbox 473 2726 590 2780; x_wconf 89' lang='lat' dir='ltr'><strong>tate</strong></span> <span class='ocrx_word' id='word_1_180' title='bbox 606 2721 806 2789; x_wconf 88' lang='lat' dir='ltr'><strong>multa,</strong></span> <span class='ocrx_word' id='word_1_181' title='bbox 826 2723 1021 2788; x_wconf 89' lang='lat' dir='ltr'><strong>utpote</strong></span> <span class='ocrx_word' id='word_1_182' title='bbox 1047 2717 1106 2772; x_wconf 87' lang='lat' dir='ltr'><strong>in</strong></span> <span class='ocrx_word' id='word_1_183' title='bbox 1123 2723 1330 2772; x_wconf 90' lang='lat' dir='ltr'><strong>terram</strong></span> <span class='ocrx_word' id='word_1_184' title='bbox 1350 2715 1500 2772; x_wconf 88' lang='lat' dir='ltr'><strong>ultra</strong></span> <span class='ocrx_word' id='word_1_185' title='bbox 1519 2716 1760 2786; x_wconf 87' lang='lat' dir='ltr'><strong>positam</strong></span> <span class='ocrx_word' id='word_1_186' title='bbox 1780 2716 2121 2771; x_wconf 85' lang='lat' dir='ltr'><strong>Mauricium</strong></span> 
     </span>
    </p>
   </div>
   <div class='ocr_carea' id='block_1_30' title="bbox 477 2803 2124 2882">
    <p class='ocr_par' dir='ltr' id='par_1_30' title="bbox 477 2803 2124 2882">
     <span class='ocr_line' id='line_1_30' title="bbox 477 2803 2124 2882; baseline -0.006 -14"><span class='ocrx_word' id='word_1_187' title='bbox 477 2812 875 2882; x_wconf 87' lang='lat' dir='ltr'><strong>imperatorem</strong></span> <span class='ocrx_word' id='word_1_188' title='bbox 917 2805 1135 2862; x_wconf 86' lang='lat' dir='ltr'><strong>adituri</strong></span> <span class='ocrx_word' id='word_1_189' title='bbox 1162 2823 1175 2859; x_wconf 95' lang='lat'><strong>:</strong></span> <span class='ocrx_word' id='word_1_190' title='bbox 1201 2804 1564 2872; x_wconf 89' lang='lat' dir='ltr'><strong>Mauricium,</strong></span> <span class='ocrx_word' id='word_1_191' title='bbox 1609 2805 1710 2874; x_wconf 92' lang='lat' dir='ltr'><strong>qui</strong></span> <span class='ocrx_word' id='word_1_192' title='bbox 1749 2803 1966 2860; x_wconf 90' lang='lat' dir='ltr'><strong>dudum</strong></span> <span class='ocrx_word' id='word_1_193' title='bbox 1998 2804 2124 2874; x_wconf 90' lang='lat' dir='ltr'><strong>qui-</strong></span> 
     </span>
    </p>
   </div>
   <div class='ocr_carea' id='block_1_31' title="bbox 474 2891 2122 2968">
    <p class='ocr_par' dir='ltr' id='par_1_31' title="bbox 474 2891 2122 2968">
     <span class='ocr_line' id='line_1_31' title="bbox 474 2891 2122 2968; baseline -0.007 -11"><span class='ocrx_word' id='word_1_194' title='bbox 474 2901 598 2957; x_wconf 90' lang='lat' dir='ltr'><strong>dem</strong></span> <span class='ocrx_word' id='word_1_195' title='bbox 631 2895 997 2968; x_wconf 90' lang='lat' dir='ltr'><strong>justissimus</strong></span> <span class='ocrx_word' id='word_1_196' title='bbox 1032 2899 1089 2949; x_wconf 94' lang='lat' dir='ltr'><strong>et</strong></span> <span class='ocrx_word' id='word_1_197' title='bbox 1126 2893 1472 2950; x_wconf 84' lang='lat' dir='ltr'><strong>mitissimus</strong></span> <span class='ocrx_word' id='word_1_198' title='bbox 1506 2891 1639 2962; x_wconf 88' lang='lat' dir='ltr'><strong>fuit,</strong></span> <span class='ocrx_word' id='word_1_199' title='bbox 1674 2905 1824 2948; x_wconf 91' lang='lat' dir='ltr'><strong>nunc</strong></span> <span class='ocrx_word' id='word_1_200' title='bbox 1849 2898 2037 2947; x_wconf 88' lang='lat' dir='ltr'><strong>autem</strong></span> <span class='ocrx_word' id='word_1_201' title='bbox 2066 2897 2122 2947; x_wconf 91' lang='lat' dir='ltr'><strong>et</strong></span> 
     </span>
    </p>
   </div>
   <div class='ocr_carea' id='block_1_32' title="bbox 479 2980 2123 3058">
    <p class='ocr_par' dir='ltr' id='par_1_32' title="bbox 479 2980 2123 3058">
     <span class='ocr_line' id='line_1_32' title="bbox 479 2980 2123 3058; baseline -0.005 -14"><span class='ocrx_word' id='word_1_202' title='bbox 479 2991 728 3058; x_wconf 86' lang='lat' dir='ltr'><strong>martyr;</strong></span> <span class='ocrx_word' id='word_1_203' title='bbox 763 2985 870 3040; x_wconf 89' lang='lat' dir='ltr'><strong>hoc</strong></span> <span class='ocrx_word' id='word_1_204' title='bbox 907 2982 1060 3038; x_wconf 90' lang='lat' dir='ltr'><strong>enim</strong></span> <span class='ocrx_word' id='word_1_205' title='bbox 1103 2980 1592 3052; x_wconf 86' lang='lat' dir='ltr'><strong>profundissimus</strong></span> <span class='ocrx_word' id='word_1_206' title='bbox 1629 2981 1682 3036; x_wconf 85' lang='lat' dir='ltr'><strong>ei</strong></span> <span class='ocrx_word' id='word_1_207' title='bbox 1721 2981 1892 3036; x_wconf 90' lang='lat' dir='ltr'><strong>draco</strong></span> <span class='ocrx_word' id='word_1_208' title='bbox 1929 2985 1986 3035; x_wconf 89' lang='lat' dir='ltr'><strong>et</strong></span> <span class='ocrx_word' id='word_1_209' title='bbox 2026 2985 2123 3050; x_wconf 86' lang='lat' dir='ltr'><strong>ty—</strong></span> 
     </span>
    </p>
   </div>
   <div class='ocr_carea' id='block_1_33' title="bbox 2220 503 3809 575">
    <p class='ocr_par' dir='ltr' id='par_1_33' title="bbox 2220 503 3809 575">
     <span class='ocr_line' id='line_1_33' title="bbox 2220 503 3809 575; baseline 0.004 -17"><span class='ocrx_word' id='word_1_210' title='bbox 2220 507 2404 575; x_wconf 90' lang='lat' dir='ltr'><strong>tuum,</strong></span> <span class='ocrx_word' id='word_1_211' title='bbox 2422 508 2478 558; x_wconf 90' lang='lat' dir='ltr'><strong>et</strong></span> <span class='ocrx_word' id='word_1_212' title='bbox 2494 503 2710 559; x_wconf 89' lang='lat' dir='ltr'><strong>locabis</strong></span> <span class='ocrx_word' id='word_1_213' title='bbox 2729 517 2855 560; x_wconf 82' lang='lat' dir='ltr'><strong>eum</strong></span> <span class='ocrx_word' id='word_1_214' title='bbox 2876 503 2936 560; x_wconf 92' lang='lat' dir='ltr'><strong>in</strong></span> <span class='ocrx_word' id='word_1_215' title='bbox 2952 503 3124 560; x_wconf 87' lang='lat' dir='ltr'><strong>atriis</strong></span> <span class='ocrx_word' id='word_1_216' title='bbox 3140 505 3346 560; x_wconf 91' lang='lat' dir='ltr'><strong>domus</strong></span> <span class='ocrx_word' id='word_1_217' title='bbox 3362 509 3468 561; x_wconf 67' lang='lat' dir='ltr'><strong>tuae</strong></span> <span class='ocrx_word' id='word_1_218' title='bbox 3481 524 3495 574; x_wconf 84' lang='lat'><strong>;</strong></span> <span class='ocrx_word' id='word_1_219' title='bbox 3508 512 3561 562; x_wconf 91' lang='lat' dir='ltr'><strong>et</strong></span> <span class='ocrx_word' id='word_1_220' title='bbox 3575 520 3670 562; x_wconf 92' lang='lat' dir='ltr'><strong>non</strong></span> <span class='ocrx_word' id='word_1_221' title='bbox 3685 509 3809 566; x_wconf 85' lang='lat' dir='ltr'><strong>vide.</strong></span> 
     </span>
    </p>
   </div>
   <div class='ocr_carea' id='block_1_34' title="bbox 2220 589 3805 664">
    <p class='ocr_par' dir='ltr' id='par_1_34' title="bbox 2220 589 3805 664">
     <span class='ocr_line' id='line_1_34' title="bbox 2220 589 3805 664; baseline 0.004 -19"><span class='ocrx_word' id='word_1_222' title='bbox 2220 589 2546 646; x_wconf 88' lang='lat' dir='ltr'><strong>bitvitatem</strong></span> <span class='ocrx_word' id='word_1_223' title='bbox 2565 592 2716 663; x_wconf 90' lang='lat' dir='ltr'><strong>regis</strong></span> <span class='ocrx_word' id='word_1_224' title='bbox 2733 605 3011 664; x_wconf 74' lang='lat' dir='ltr'><strong>magnam,</strong></span> <span class='ocrx_word' id='word_1_225' title='bbox 3025 592 3094 648; x_wconf 92' lang='lat' dir='ltr'><strong>ad</strong></span> <span class='ocrx_word' id='word_1_226' title='bbox 3111 605 3280 662; x_wconf 90' lang='lat' dir='ltr'><strong>quam</strong></span> <span class='ocrx_word' id='word_1_227' title='bbox 3296 605 3441 648; x_wconf 90' lang='lat' dir='ltr'><strong>nunc</strong></span> <span class='ocrx_word' id='word_1_228' title='bbox 3457 594 3805 662; x_wconf 84' lang='lat' dir='ltr'><strong>proficisceris:</strong></span> 
     </span>
    </p>
   </div>
   <div class='ocr_carea' id='block_1_35' title="bbox 2219 678 3808 750">
    <p class='ocr_par' dir='ltr' id='par_1_35' title="bbox 2219 678 3808 750">
     <span class='ocr_line' id='line_1_35' title="bbox 2219 678 3808 750; baseline 0.003 -17"><span class='ocrx_word' id='word_1_229' title='bbox 2219 683 2275 733; x_wconf 91' lang='lat' dir='ltr'><strong>et</strong></span> <span class='ocrx_word' id='word_1_230' title='bbox 2294 678 2591 749; x_wconf 85' lang='lat' dir='ltr'><strong>exaltabis,</strong></span> <span class='ocrx_word' id='word_1_231' title='bbox 2606 685 2661 735; x_wconf 91' lang='lat' dir='ltr'><strong>et</strong></span> <span class='ocrx_word' id='word_1_232' title='bbox 2682 693 2854 750; x_wconf 91' lang='lat' dir='ltr'><strong>pones</strong></span> <span class='ocrx_word' id='word_1_233' title='bbox 2869 679 3334 745; x_wconf 89' lang='lat' dir='ltr'><strong>similitudinem,</strong></span> <span class='ocrx_word' id='word_1_234' title='bbox 3360 685 3414 736; x_wconf 92' lang='lat' dir='ltr'><strong>et</strong></span> <span class='ocrx_word' id='word_1_235' title='bbox 3431 680 3518 736; x_wconf 81' lang='lat' dir='ltr'><strong>ﬁet</strong></span> <span class='ocrx_word' id='word_1_236' title='bbox 3537 682 3808 738; x_wconf 81' lang='lat' dir='ltr'><strong>sanctiﬁca-</strong></span> 
     </span>
    </p>
   </div>
   <div class='ocr_carea' id='block_1_36' title="bbox 2220 753 3816 840">
    <p class='ocr_par' dir='ltr' id='par_1_36' title="bbox 2220 753 3816 840">
     <span class='ocr_line' id='line_1_36' title="bbox 2220 753 3816 840; baseline 0.001 -18"><span class='ocrx_word' id='word_1_237' title='bbox 2220 767 2304 824; x_wconf 88' lang='lat' dir='ltr'><strong>tio</strong></span> <span class='ocrx_word' id='word_1_238' title='bbox 2328 767 2525 824; x_wconf 91' lang='lat' dir='ltr'><strong>domui</strong></span> <span class='ocrx_word' id='word_1_239' title='bbox 2552 772 2700 824; x_wconf 67' lang='lat' dir='ltr'><strong>tum:</strong></span> <span class='ocrx_word' id='word_1_240' title='bbox 2729 774 2786 824; x_wconf 91' lang='lat' dir='ltr'><strong>et</strong></span> <span class='ocrx_word' id='word_1_241' title='bbox 2813 769 2926 824; x_wconf 90' lang='lat' dir='ltr'><strong>erit</strong></span> <span class='ocrx_word' id='word_1_242' title='bbox 2958 773 3023 825; x_wconf 93' lang='lat' dir='ltr'><strong>ut</strong></span> <span class='ocrx_word' id='word_1_243' title='bbox 3055 769 3247 824; x_wconf 88' lang='lat' dir='ltr'><strong>omnis</strong></span> <span class='ocrx_word' id='word_1_244' title='bbox 3280 753 3599 840; x_wconf 81' lang='lat' dir='ltr'><strong>quicunque</strong></span> <span class='ocrx_word' id='word_1_245' title='bbox 3631 769 3816 826; x_wconf 85' lang='lat' dir='ltr'><strong>habita-</strong></span> 
     </span>
    </p>
   </div>
   <div class='ocr_carea' id='block_1_37' title="bbox 2220 855 3816 928">
    <p class='ocr_par' dir='ltr' id='par_1_37' title="bbox 2220 855 3816 928">
     <span class='ocr_line' id='line_1_37' title="bbox 2220 855 3816 928; baseline 0.001 -17"><span class='ocrx_word' id='word_1_246' title='bbox 2220 857 2364 912; x_wconf 86' lang='lat' dir='ltr'><strong>verit</strong></span> <span class='ocrx_word' id='word_1_247' title='bbox 2410 856 2470 911; x_wconf 91' lang='lat' dir='ltr'><strong>in</strong></span> <span class='ocrx_word' id='word_1_248' title='bbox 2503 870 2586 927; x_wconf 91' lang='lat' dir='ltr'><strong>ea,</strong></span> <span class='ocrx_word' id='word_1_249' title='bbox 2627 856 3023 913; x_wconf 90' lang='lat' dir='ltr'><strong>benedictione</strong></span> <span class='ocrx_word' id='word_1_250' title='bbox 3059 855 3458 912; x_wconf 89' lang='lat' dir='ltr'><strong>benedicatur:</strong></span> <span class='ocrx_word' id='word_1_251' title='bbox 3480 863 3534 912; x_wconf 89' lang='lat' dir='ltr'><strong>et</strong></span> <span class='ocrx_word' id='word_1_252' title='bbox 3559 870 3674 912; x_wconf 90' lang='lat' dir='ltr'><strong>ecce</strong></span> <span class='ocrx_word' id='word_1_253' title='bbox 3705 856 3816 928; x_wconf 86' lang='lat' dir='ltr'><strong>fuga</strong></span> 
     </span>
    </p>
   </div>
   <div class='ocr_carea' id='block_1_38' title="bbox 2220 941 3820 1016">
    <p class='ocr_par' dir='ltr' id='par_1_38' title="bbox 2220 941 3820 1016">
     <span class='ocr_line' id='line_1_38' title="bbox 2220 941 3820 1016; baseline 0 -16"><span class='ocrx_word' id='word_1_254' title='bbox 2220 941 2509 1016; x_wconf 68' lang='lat' dir='ltr'><strong>fugiet,,ét</strong></span> <span class='ocrx_word' id='word_1_255' title='bbox 2549 945 2834 1001; x_wconf 89' lang='lat' dir='ltr'><strong>alienatus</strong></span> <span class='ocrx_word' id='word_1_256' title='bbox 2869 945 2984 1000; x_wconf 89' lang='lat' dir='ltr'><strong>erit</strong></span> <span class='ocrx_word' id='word_1_257' title='bbox 3024 945 3290 1015; x_wconf 88' lang='lat' dir='ltr'><strong>spiritus,</strong></span> <span class='ocrx_word' id='word_1_258' title='bbox 3329 950 3385 1000; x_wconf 91' lang='lat' dir='ltr'><strong>et</strong></span> <span class='ocrx_word' id='word_1_259' title='bbox 3416 945 3562 1002; x_wconf 86' lang='lat' dir='ltr'><strong>ultra</strong></span> <span class='ocrx_word' id='word_1_260' title='bbox 3603 959 3702 1002; x_wconf 89' lang='lat' dir='ltr'><strong>non</strong></span> <span class='ocrx_word' id='word_1_261' title='bbox 3730 959 3820 1016; x_wconf 88' lang='lat' dir='ltr'><strong>ap-</strong></span> 
     </span>
    </p>
   </div>
   <div class='ocr_carea' id='block_1_39' title="bbox 2223 1032 3818 1104">
    <p class='ocr_par' dir='ltr' id='par_1_39' title="bbox 2223 1032 3818 1104">
     <span class='ocr_line' id='line_1_39' title="bbox 2223 1032 3818 1104; baseline 0 -16"><span class='ocrx_word' id='word_1_262' title='bbox 2223 1032 2632 1104; x_wconf 88' lang='lat' dir='ltr'><strong>propinquabit</strong></span> <span class='ocrx_word' id='word_1_263' title='bbox 2667 1033 2742 1102; x_wconf 92' lang='lat' dir='ltr'><strong>ei,</strong></span> <span class='ocrx_word' id='word_1_264' title='bbox 2783 1046 2848 1088; x_wconf 90' lang='lat' dir='ltr'><strong>eo</strong></span> <span class='ocrx_word' id='word_1_265' title='bbox 2877 1033 3028 1102; x_wconf 91' lang='lat' dir='ltr'><strong>quod</strong></span> <span class='ocrx_word' id='word_1_266' title='bbox 3067 1033 3346 1089; x_wconf 91' lang='lat' dir='ltr'><strong>Dominus</strong></span> <span class='ocrx_word' id='word_1_267' title='bbox 3380 1047 3546 1104; x_wconf 91' lang='lat' dir='ltr'><strong>prope</strong></span> <span class='ocrx_word' id='word_1_268' title='bbox 3576 1035 3666 1096; x_wconf 80' lang='lat' dir='ltr'><strong>sit,</strong></span> <span class='ocrx_word' id='word_1_269' title='bbox 3695 1039 3743 1088; x_wconf 88' lang='lat' dir='ltr'><strong>et</strong></span> <span class='ocrx_word' id='word_1_270' title='bbox 3771 1034 3818 1088; x_wconf 90' lang='lat' dir='ltr'><strong>in</strong></span> 
     </span>
    </p>
   </div>
   <div class='ocr_carea' id='block_1_40' title="bbox 2224 1121 3823 1194">
    <p class='ocr_par' dir='ltr' id='par_1_40' title="bbox 2224 1121 3823 1194">
     <span class='ocr_line' id='line_1_40' title="bbox 2224 1121 3823 1194; baseline -0.003 -14"><span class='ocrx_word' id='word_1_271' title='bbox 2224 1123 2430 1180; x_wconf 68' lang='lat' dir='ltr'><strong>saecula</strong></span> <span class='ocrx_word' id='word_1_272' title='bbox 2470 1122 2654 1194; x_wconf 87' lang='lat' dir='ltr'><strong>gloria</strong></span> <span class='ocrx_word' id='word_1_273' title='bbox 2691 1123 2833 1193; x_wconf 91' lang='lat' dir='ltr'><strong>ejus.</strong></span> <span class='ocrx_word' id='word_1_274' title='bbox 2875 1121 3070 1178; x_wconf 82' lang='lat' dir='ltr'><strong>Amen.</strong></span> <span class='ocrx_word' id='word_1_275' title='bbox 3111 1123 3216 1178; x_wconf 86' lang='lat' dir='ltr'><strong>His</strong></span> <span class='ocrx_word' id='word_1_276' title='bbox 3254 1122 3447 1191; x_wconf 90' lang='lat' dir='ltr'><strong>dictis,</strong></span> <span class='ocrx_word' id='word_1_277' title='bbox 3487 1123 3690 1178; x_wconf 88' lang='lat' dir='ltr'><strong>adduco</strong></span> <span class='ocrx_word' id='word_1_278' title='bbox 3721 1135 3823 1176; x_wconf 83' lang='lat' dir='ltr'><strong>eam</strong></span> 
     </span>
    </p>
   </div>
   <div class='ocr_carea' id='block_1_41' title="bbox 2222 1209 3826 1282">
    <p class='ocr_par' dir='ltr' id='par_1_41' title="bbox 2222 1209 3826 1282">
     <span class='ocr_line' id='line_1_41' title="bbox 2222 1209 3826 1282; baseline -0.002 -14"><span class='ocrx_word' id='word_1_279' title='bbox 2222 1213 2292 1268; x_wconf 92' lang='lat' dir='ltr'><strong>ad</strong></span> <span class='ocrx_word' id='word_1_280' title='bbox 2338 1211 2718 1280; x_wconf 88' lang='lat' dir='ltr'><strong>patriarcham</strong></span> <span class='ocrx_word' id='word_1_281' title='bbox 2757 1210 2855 1266; x_wconf 91' lang='lat' dir='ltr'><strong>die</strong></span> <span class='ocrx_word' id='word_1_282' title='bbox 2893 1211 3154 1282; x_wconf 86' lang='lat' dir='ltr'><strong>sequenti</strong></span> <span class='ocrx_word' id='word_1_283' title='bbox 3202 1211 3303 1281; x_wconf 91' lang='lat' dir='ltr'><strong>qui</strong></span> <span class='ocrx_word' id='word_1_284' title='bbox 3343 1215 3498 1266; x_wconf 87' lang='lat' dir='ltr'><strong>sexta</strong></span> <span class='ocrx_word' id='word_1_285' title='bbox 3541 1209 3672 1266; x_wconf 88' lang='lat' dir='ltr'><strong>feria</strong></span> <span class='ocrx_word' id='word_1_286' title='bbox 3705 1223 3826 1265; x_wconf 92' lang='lat' dir='ltr'><strong>con-</strong></span> 
     </span>
    </p>
   </div>
   <div class='ocr_carea' id='block_1_42' title="bbox 2223 1299 3826 1371">
    <p class='ocr_par' dir='ltr' id='par_1_42' title="bbox 2223 1299 3826 1371">
     <span class='ocr_line' id='line_1_42' title="bbox 2223 1299 3826 1371; baseline -0.002 -16"><span class='ocrx_word' id='word_1_287' title='bbox 2223 1303 2484 1356; x_wconf 89' lang='lat' dir='ltr'><strong>sueverat</strong></span> <span class='ocrx_word' id='word_1_288' title='bbox 2522 1299 2583 1354; x_wconf 89' lang='lat' dir='ltr'><strong>in</strong></span> <span class='ocrx_word' id='word_1_289' title='bbox 2616 1300 2718 1354; x_wconf 90' lang='lat' dir='ltr'><strong>Dei</strong></span> <span class='ocrx_word' id='word_1_290' title='bbox 2763 1299 3066 1371; x_wconf 89' lang='lat' dir='ltr'><strong>genitricis</strong></span> <span class='ocrx_word' id='word_1_291' title='bbox 3099 1299 3310 1370; x_wconf 91' lang='lat' dir='ltr'><strong>templo</strong></span> <span class='ocrx_word' id='word_1_292' title='bbox 3348 1300 3509 1368; x_wconf 81' lang='lat' dir='ltr'><strong>juxta</strong></span> <span class='ocrx_word' id='word_1_293' title='bbox 3545 1299 3826 1369; x_wconf 86' lang='lat' dir='ltr'><strong>ingressum</strong></span> 
     </span>
    </p>
   </div>
   <div class='ocr_carea' id='block_1_43' title="bbox 2223 1384 3826 1461">
    <p class='ocr_par' dir='ltr' id='par_1_43' title="bbox 2223 1384 3826 1461">
     <span class='ocr_line' id='line_1_43' title="bbox 2223 1384 3826 1461; baseline -0.003 -17"><span class='ocrx_word' id='word_1_294' title='bbox 2223 1387 2372 1444; x_wconf 92' lang='lat' dir='ltr'><strong>facto</strong></span> <span class='ocrx_word' id='word_1_295' title='bbox 2400 1387 2687 1444; x_wconf 88' lang='lat' dir='ltr'><strong>celebrare</strong></span> <span class='ocrx_word' id='word_1_296' title='bbox 2714 1384 2854 1461; x_wconf 87' lang='lat' dir='ltr'><strong>[Gr.,</strong></span> <span class='ocrx_word' id='word_1_297' title='bbox 2880 1389 3017 1445; x_wconf 91' lang='lat' dir='ltr'><strong>dum</strong></span> <span class='ocrx_word' id='word_1_298' title='bbox 3053 1391 3208 1444; x_wconf 87' lang='lat' dir='ltr'><strong>sexta</strong></span> <span class='ocrx_word' id='word_1_299' title='bbox 3240 1387 3382 1444; x_wconf 89' lang='lat' dir='ltr'><strong>feria</strong></span> <span class='ocrx_word' id='word_1_300' title='bbox 3413 1388 3481 1442; x_wconf 92' lang='lat' dir='ltr'><strong>de</strong></span> <span class='ocrx_word' id='word_1_301' title='bbox 3503 1399 3646 1442; x_wconf 87' lang='lat' dir='ltr'><strong>more</strong></span> <span class='ocrx_word' id='word_1_302' title='bbox 3669 1386 3724 1440; x_wconf 91' lang='lat' dir='ltr'><strong>in</strong></span> <span class='ocrx_word' id='word_1_303' title='bbox 3746 1385 3826 1440; x_wconf 90' lang='lat' dir='ltr'><strong>Dei</strong></span> 
     </span>
    </p>
   </div>
   <div class='ocr_carea' id='block_1_44' title="bbox 2225 1471 3826 1548">
    <p class='ocr_par' dir='ltr' id='par_1_44' title="bbox 2225 1471 3826 1548">
     <span class='ocr_line' id='line_1_44' title="bbox 2225 1471 3826 1548; baseline -0.003 -15"><span class='ocrx_word' id='word_1_304' title='bbox 2225 1477 2524 1548; x_wconf 82' lang='lat' dir='ltr'><strong>genitricis</strong></span> <span class='ocrx_word' id='word_1_305' title='bbox 2549 1477 2934 1548; x_wconf 88' lang='lat' dir='ltr'><strong>propinquum</strong></span> <span class='ocrx_word' id='word_1_306' title='bbox 2963 1477 3238 1547; x_wconf 92' lang='lat' dir='ltr'><strong>templum</strong></span> <span class='ocrx_word' id='word_1_307' title='bbox 3266 1482 3416 1532; x_wconf 91' lang='lat' dir='ltr'><strong>esset</strong></span> <span class='ocrx_word' id='word_1_308' title='bbox 3446 1471 3826 1547; x_wconf 86' lang='lat' dir='ltr'><strong>ingressurus]:</strong></span> 
     </span>
    </p>
   </div>
   <div class='ocr_carea' id='block_1_45' title="bbox 2224 1562 3832 1639">
    <p class='ocr_par' dir='ltr' id='par_1_45' title="bbox 2224 1562 3832 1639">
     <span class='ocr_line' id='line_1_45' title="bbox 2224 1562 3832 1639; baseline -0.004 -17"><span class='ocrx_word' id='word_1_309' title='bbox 2224 1573 2282 1622; x_wconf 88' lang='lat' dir='ltr'><strong>et</strong></span> <span class='ocrx_word' id='word_1_310' title='bbox 2327 1565 2510 1622; x_wconf 87' lang='lat' dir='ltr'><strong>refero</strong></span> <span class='ocrx_word' id='word_1_311' title='bbox 2574 1567 2788 1639; x_wconf 91' lang='lat' dir='ltr'><strong>negotii</strong></span> <span class='ocrx_word' id='word_1_312' title='bbox 2855 1567 3370 1638; x_wconf 89' lang='lat' dir='ltr'><strong>circumstantiam,</strong></span> <span class='ocrx_word' id='word_1_313' title='bbox 3435 1578 3581 1621; x_wconf 89' lang='lat' dir='ltr'><strong>nunc</strong></span> <span class='ocrx_word' id='word_1_314' title='bbox 3635 1562 3832 1634; x_wconf 89' lang='lat' dir='ltr'><strong>quidem</strong></span> 
     </span>
    </p>
   </div>
   <div class='ocr_carea' id='block_1_46' title="bbox 2225 1655 3832 1724">
    <p class='ocr_par' dir='ltr' id='par_1_46' title="bbox 2225 1655 3832 1724">
     <span class='ocr_line' id='line_1_46' title="bbox 2225 1655 3832 1724; baseline -0.004 -14"><span class='ocrx_word' id='word_1_315' title='bbox 2225 1655 2386 1711; x_wconf 87' lang='lat' dir='ltr'><strong>valde</strong></span> <span class='ocrx_word' id='word_1_316' title='bbox 2425 1655 2762 1724; x_wconf 89' lang='lat' dir='ltr'><strong>juveniliter</strong></span> <span class='ocrx_word' id='word_1_317' title='bbox 2802 1655 2974 1711; x_wconf 91' lang='lat' dir='ltr'><strong>simul</strong></span> <span class='ocrx_word' id='word_1_318' title='bbox 3016 1661 3073 1711; x_wconf 92' lang='lat' dir='ltr'><strong>et</strong></span> <span class='ocrx_word' id='word_1_319' title='bbox 3117 1655 3442 1724; x_wconf 86' lang='lat' dir='ltr'><strong>rhetorice,</strong></span> <span class='ocrx_word' id='word_1_320' title='bbox 3493 1665 3637 1708; x_wconf 91' lang='lat' dir='ltr'><strong>nunc</strong></span> <span class='ocrx_word' id='word_1_321' title='bbox 3674 1656 3832 1706; x_wconf 88' lang='lat' dir='ltr'><strong>autem</strong></span> 
     </span>
    </p>
   </div>
   <div class='ocr_carea' id='block_1_47' title="bbox 2147 1733 3839 1816">
    <p class='ocr_par' dir='ltr' id='par_1_47' title="bbox 2147 1733 3839 1816">
     <span class='ocr_line' id='line_1_47' title="bbox 2147 1733 3839 1816; baseline -0.002 -22"><span class='ocrx_word' id='word_1_322' title='bbox 2147 1733 2200 1794; x_wconf 95' lang='lat' dir='ltr'>B</span> <span class='ocrx_word' id='word_1_323' title='bbox 2228 1743 2512 1800; x_wconf 89' lang='lat' dir='ltr'><strong>submisse</strong></span> <span class='ocrx_word' id='word_1_324' title='bbox 2549 1757 2614 1800; x_wconf 92' lang='lat' dir='ltr'><strong>ac</strong></span> <span class='ocrx_word' id='word_1_325' title='bbox 2654 1743 2948 1800; x_wconf 88' lang='lat' dir='ltr'><strong>dolenter:</strong></span> <span class='ocrx_word' id='word_1_326' title='bbox 2978 1748 3034 1799; x_wconf 89' lang='lat' dir='ltr'><strong>et</strong></span> <span class='ocrx_word' id='word_1_327' title='bbox 3074 1742 3427 1816; x_wconf 88' lang='lat' dir='ltr'><strong>gaudebam,</strong></span> <span class='ocrx_word' id='word_1_328' title='bbox 3468 1741 3694 1798; x_wconf 88' lang='lat' dir='ltr'><strong>suadere</strong></span> <span class='ocrx_word' id='word_1_329' title='bbox 3725 1751 3839 1807; x_wconf 89' lang='lat' dir='ltr'><strong>spe-</strong></span> 
     </span>
    </p>
   </div>
   <div class='ocr_carea' id='block_1_48' title="bbox 2229 1830 3837 1902">
    <p class='ocr_par' dir='ltr' id='par_1_48' title="bbox 2229 1830 3837 1902">
     <span class='ocr_line' id='line_1_48' title="bbox 2229 1830 3837 1902; baseline -0.005 -16"><span class='ocrx_word' id='word_1_330' title='bbox 2229 1845 2362 1888; x_wconf 90' lang='lat' dir='ltr'><strong>rans</strong></span> <span class='ocrx_word' id='word_1_331' title='bbox 2393 1831 2607 1902; x_wconf 90' lang='lat' dir='ltr'><strong>pariter</strong></span> <span class='ocrx_word' id='word_1_332' title='bbox 2639 1836 2695 1888; x_wconf 93' lang='lat' dir='ltr'><strong>et</strong></span> <span class='ocrx_word' id='word_1_333' title='bbox 2730 1831 2978 1902; x_wconf 90' lang='lat' dir='ltr'><strong>laudari,</strong></span> <span class='ocrx_word' id='word_1_334' title='bbox 3009 1845 3078 1887; x_wconf 91' lang='lat' dir='ltr'><strong>eo</strong></span> <span class='ocrx_word' id='word_1_335' title='bbox 3115 1831 3263 1902; x_wconf 91' lang='lat' dir='ltr'><strong>quod</strong></span> <span class='ocrx_word' id='word_1_336' title='bbox 3305 1831 3387 1886; x_wconf 92' lang='lat' dir='ltr'><strong>ita</strong></span> <span class='ocrx_word' id='word_1_337' title='bbox 3419 1830 3540 1900; x_wconf 91' lang='lat' dir='ltr'><strong>pias</strong></span> <span class='ocrx_word' id='word_1_338' title='bbox 3567 1838 3837 1885; x_wconf 85' lang='lat' dir='ltr'><strong>assererem</strong></span> 
     </span>
    </p>
   </div>
   <div class='ocr_carea' id='block_1_49' title="bbox 2230 1913 3840 1992">
    <p class='ocr_par' dir='ltr' id='par_1_49' title="bbox 2230 1913 3840 1992">
     <span class='ocr_line' id='line_1_49' title="bbox 2230 1913 3840 1992; baseline -0.004 -17"><span class='ocrx_word' id='word_1_339' title='bbox 2230 1920 2664 1992; x_wconf 90' lang='lat' dir='ltr'><strong>propositiones.</strong></span> <span class='ocrx_word' id='word_1_340' title='bbox 2699 1919 2904 1976; x_wconf 86' lang='lat' dir='ltr'><strong>Adhuc</strong></span> <span class='ocrx_word' id='word_1_341' title='bbox 2935 1925 3125 1976; x_wconf 90' lang='lat' dir='ltr'><strong>autem</strong></span> <span class='ocrx_word' id='word_1_342' title='bbox 3153 1919 3297 1975; x_wconf 91' lang='lat' dir='ltr'><strong>mibi</strong></span> <span class='ocrx_word' id='word_1_343' title='bbox 3335 1925 3530 1976; x_wconf 72' lang='lat' dir='ltr'><strong>moesto</strong></span> <span class='ocrx_word' id='word_1_344' title='bbox 3553 1924 3608 1974; x_wconf 92' lang='lat' dir='ltr'><strong>et</strong></span> <span class='ocrx_word' id='word_1_345' title='bbox 3625 1913 3840 1985; x_wconf 83' lang='lat' dir='ltr'><strong>docenti,</strong></span> 
     </span>
    </p>
   </div>
   <div class='ocr_carea' id='block_1_50' title="bbox 2229 2004 3842 2081">
    <p class='ocr_par' dir='ltr' id='par_1_50' title="bbox 2229 2004 3842 2081">
     <span class='ocr_line' id='line_1_50' title="bbox 2229 2004 3842 2081; baseline -0.004 -16"><span class='ocrx_word' id='word_1_346' title='bbox 2229 2009 2501 2080; x_wconf 88' lang='lat' dir='ltr'><strong>quoniam</strong></span> <span class='ocrx_word' id='word_1_347' title='bbox 2539 2004 2678 2081; x_wconf 84' lang='lat' dir='ltr'><strong>[Gr.,</strong></span> <span class='ocrx_word' id='word_1_348' title='bbox 2717 2009 2920 2066; x_wconf 85' lang='lat' dir='ltr'><strong>Adhuc</strong></span> <span class='ocrx_word' id='word_1_349' title='bbox 2955 2012 3149 2065; x_wconf 90' lang='lat' dir='ltr'><strong>autem</strong></span> <span class='ocrx_word' id='word_1_350' title='bbox 3189 2008 3342 2063; x_wconf 88' lang='lat' dir='ltr'><strong>mihi</strong></span> <span class='ocrx_word' id='word_1_351' title='bbox 3375 2007 3618 2078; x_wconf 89' lang='lat' dir='ltr'><strong>docenti,</strong></span> <span class='ocrx_word' id='word_1_352' title='bbox 3651 2011 3703 2061; x_wconf 91' lang='lat' dir='ltr'><strong>et</strong></span> <span class='ocrx_word' id='word_1_353' title='bbox 3734 2016 3842 2059; x_wconf 91' lang='lat' dir='ltr'><strong>cum</strong></span> 
     </span>
    </p>
   </div>
   <div class='ocr_carea' id='block_1_51' title="bbox 2229 2094 3846 2172">
    <p class='ocr_par' dir='ltr' id='par_1_51' title="bbox 2229 2094 3846 2172">
     <span class='ocr_line' id='line_1_51' title="bbox 2229 2094 3846 2172; baseline -0.002 -19"><span class='ocrx_word' id='word_1_354' title='bbox 2229 2097 2493 2154; x_wconf 82' lang='lat' dir='ltr'><strong>libertate</strong></span> <span class='ocrx_word' id='word_1_355' title='bbox 2519 2097 2758 2168; x_wconf 87' lang='lat' dir='ltr'><strong>dicenti,</strong></span> <span class='ocrx_word' id='word_1_356' title='bbox 2792 2094 2869 2172; x_wconf 92' lang='lat' dir='ltr'><strong>q.]</strong></span> <span class='ocrx_word' id='word_1_357' title='bbox 2907 2097 3165 2167; x_wconf 90' lang='lat' dir='ltr'><strong>eremita,</strong></span> <span class='ocrx_word' id='word_1_358' title='bbox 3198 2111 3231 2152; x_wconf 93' lang='lat' dir='ltr'><strong>o</strong></span> <span class='ocrx_word' id='word_1_359' title='bbox 3259 2096 3513 2168; x_wconf 88' lang='lat' dir='ltr'><strong>domine,</strong></span> <span class='ocrx_word' id='word_1_360' title='bbox 3544 2095 3846 2152; x_wconf 83' lang='lat' dir='ltr'><strong>dixitaDeo</strong></span> 
     </span>
    </p>
   </div>
   <div class='ocr_carea' id='block_1_52' title="bbox 2230 2183 3842 2257">
    <p class='ocr_par' dir='ltr' id='par_1_52' title="bbox 2230 2183 3842 2257">
     <span class='ocr_line' id='line_1_52' title="bbox 2230 2183 3842 2257; baseline -0.004 -15"><span class='ocrx_word' id='word_1_361' title='bbox 2230 2190 2438 2256; x_wconf 88' lang='lat' dir='ltr'><strong>motus,</strong></span> <span class='ocrx_word' id='word_1_362' title='bbox 2485 2186 2634 2256; x_wconf 90' lang='lat' dir='ltr'><strong>quod</strong></span> <span class='ocrx_word' id='word_1_363' title='bbox 2676 2185 2880 2242; x_wconf 91' lang='lat' dir='ltr'><strong>merito</strong></span> <span class='ocrx_word' id='word_1_364' title='bbox 2917 2200 3038 2257; x_wconf 92' lang='lat' dir='ltr'><strong>vos,</strong></span> <span class='ocrx_word' id='word_1_365' title='bbox 3076 2185 3333 2255; x_wconf 90' lang='lat' dir='ltr'><strong>domine,</strong></span> <span class='ocrx_word' id='word_1_366' title='bbox 3379 2185 3714 2254; x_wconf 85' lang='lat' dir='ltr'><strong>expulsurus</strong></span> <span class='ocrx_word' id='word_1_367' title='bbox 3745 2183 3842 2238; x_wconf 87' lang='lat' dir='ltr'><strong>sis:</strong></span> 
     </span>
    </p>
   </div>
   <div class='ocr_carea' id='block_1_53' title="bbox 2233 2271 3848 2345">
    <p class='ocr_par' dir='ltr' id='par_1_53' title="bbox 2233 2271 3848 2345">
     <span class='ocr_line' id='line_1_53' title="bbox 2233 2271 3848 2345; baseline -0.003 -15"><span class='ocrx_word' id='word_1_368' title='bbox 2233 2274 2534 2330; x_wconf 90' lang='lat' dir='ltr'><strong>interdicit</strong></span> <span class='ocrx_word' id='word_1_369' title='bbox 2555 2287 2869 2330; x_wconf 89' lang='lat' dir='ltr'><strong>sermonem</strong></span> <span class='ocrx_word' id='word_1_370' title='bbox 2894 2287 3100 2345; x_wconf 89' lang='lat' dir='ltr'><strong>meum,</strong></span> <span class='ocrx_word' id='word_1_371' title='bbox 3125 2277 3180 2328; x_wconf 88' lang='lat' dir='ltr'><strong>et</strong></span> <span class='ocrx_word' id='word_1_372' title='bbox 3201 2272 3400 2330; x_wconf 89' lang='lat' dir='ltr'><strong>furore</strong></span> <span class='ocrx_word' id='word_1_373' title='bbox 3420 2272 3634 2329; x_wconf 82' lang='lat' dir='ltr'><strong>fervens</strong></span> <span class='ocrx_word' id='word_1_374' title='bbox 3652 2291 3664 2327; x_wconf 73' lang='grc' dir='ltr'>ε</span> <span class='ocrx_word' id='word_1_375' title='bbox 3681 2271 3848 2340; x_wconf 84' lang='lat' dir='ltr'><strong>etiam,</strong></span> 
     </span>
    </p>
   </div>
   <div class='ocr_carea' id='block_1_54' title="bbox 2230 2359 3850 2434">
    <p class='ocr_par' dir='ltr' id='par_1_54' title="bbox 2230 2359 3850 2434">
     <span class='ocr_line' id='line_1_54' title="bbox 2230 2359 3850 2434; baseline -0.004 -14"><span class='ocrx_word' id='word_1_376' title='bbox 2230 2364 2481 2434; x_wconf 90' lang='lat' dir='ltr'><strong>domine,</strong></span> <span class='ocrx_word' id='word_1_377' title='bbox 2529 2362 2722 2432; x_wconf 89' lang='lat' dir='ltr'><strong>etiam,</strong></span> <span class='ocrx_word' id='word_1_378' title='bbox 2772 2362 3026 2432; x_wconf 91' lang='lat' dir='ltr'><strong>domine,</strong></span> <span class='ocrx_word' id='word_1_379' title='bbox 3077 2376 3267 2418; x_wconf 87' lang='lat' dir='ltr'><strong>vocem</strong></span> <span class='ocrx_word' id='word_1_380' title='bbox 3329 2362 3606 2418; x_wconf 81' lang='lat' dir='ltr'><strong>extollens</strong></span> <span class='ocrx_word' id='word_1_381' title='bbox 3647 2359 3850 2416; x_wconf 88' lang='lat' dir='ltr'><strong>eremita</strong></span> 
     </span>
    </p>
   </div>
   <div class='ocr_carea' id='block_1_55' title="bbox 2231 2449 3848 2522">
    <p class='ocr_par' dir='ltr' id='par_1_55' title="bbox 2231 2449 3848 2522">
     <span class='ocr_line' id='line_1_55' title="bbox 2231 2449 3848 2522; baseline -0.004 -15"><span class='ocrx_word' id='word_1_382' title='bbox 2231 2451 2542 2520; x_wconf 86' lang='lat' dir='ltr'><strong>clamabat;</strong></span> <span class='ocrx_word' id='word_1_383' title='bbox 2562 2450 2756 2522; x_wconf 87' lang='lat' dir='ltr'><strong>etiam,</strong></span> <span class='ocrx_word' id='word_1_384' title='bbox 2781 2455 2846 2506; x_wconf 92' lang='lat' dir='ltr'><strong>ut</strong></span> <span class='ocrx_word' id='word_1_385' title='bbox 2864 2464 2966 2522; x_wconf 88' lang='lat' dir='ltr'><strong>ego</strong></span> <span class='ocrx_word' id='word_1_386' title='bbox 2983 2449 3256 2506; x_wconf 91' lang='lat' dir='ltr'><strong>dominus</strong></span> <span class='ocrx_word' id='word_1_387' title='bbox 3276 2451 3512 2521; x_wconf 89' lang='lat' dir='ltr'><strong>ejiciam</strong></span> <span class='ocrx_word' id='word_1_388' title='bbox 3531 2449 3814 2505; x_wconf 65' lang='lat' dir='ltr'><strong>daemonem</strong></span> <span class='ocrx_word' id='word_1_389' title='bbox 3834 2463 3848 2515; x_wconf 77' lang='lat'><strong>-,</strong></span> 
     </span>
    </p>
   </div>
   <div class='ocr_carea' id='block_1_56' title="bbox 2233 2536 3855 2612">
    <p class='ocr_par' dir='ltr' id='par_1_56' title="bbox 2233 2536 3855 2612">
     <span class='ocr_line' id='line_1_56' title="bbox 2233 2536 3855 2612; baseline -0.004 -16"><span class='ocrx_word' id='word_1_390' title='bbox 2233 2546 2298 2596; x_wconf 93' lang='lat' dir='ltr'><strong>ut</strong></span> <span class='ocrx_word' id='word_1_391' title='bbox 2315 2541 2524 2608; x_wconf 90' lang='lat' dir='ltr'><strong>dicam,</strong></span> <span class='ocrx_word' id='word_1_392' title='bbox 2553 2539 2662 2594; x_wconf 90' lang='lat' dir='ltr'><strong>tibi</strong></span> <span class='ocrx_word' id='word_1_393' title='bbox 2683 2539 2816 2596; x_wconf 90' lang='lat' dir='ltr'><strong>dico</strong></span> <span class='ocrx_word' id='word_1_394' title='bbox 2841 2539 3156 2611; x_wconf 90' lang='lat' dir='ltr'><strong>immundo,</strong></span> <span class='ocrx_word' id='word_1_395' title='bbox 3181 2539 3271 2594; x_wconf 84' lang='lat' dir='ltr'><strong>exi</strong></span> <span class='ocrx_word' id='word_1_396' title='bbox 3300 2553 3336 2595; x_wconf 89' lang='lat' dir='ltr'><strong>a</strong></span> <span class='ocrx_word' id='word_1_397' title='bbox 3365 2539 3646 2612; x_wconf 76' lang='lat' dir='ltr'><strong>figmento,</strong></span> <span class='ocrx_word' id='word_1_398' title='bbox 3671 2541 3723 2592; x_wconf 90' lang='lat' dir='ltr'><strong>et</strong></span> <span class='ocrx_word' id='word_1_399' title='bbox 3739 2536 3855 2592; x_wconf 86' lang='lat' dir='ltr'><strong>vade</strong></span> 
     </span>
    </p>
   </div>
   <div class='ocr_carea' id='block_1_57' title="bbox 2232 2627 3856 2698">
    <p class='ocr_par' dir='ltr' id='par_1_57' title="bbox 2232 2627 3856 2698">
     <span class='ocr_line' id='line_1_57' title="bbox 2232 2627 3856 2698; baseline -0.004 -14"><span class='ocrx_word' id='word_1_400' title='bbox 2232 2630 2344 2685; x_wconf 91' lang='lat' dir='ltr'><strong>huc</strong></span> <span class='ocrx_word' id='word_1_401' title='bbox 2373 2633 2543 2698; x_wconf 89' lang='lat' dir='ltr'><strong>atque</strong></span> <span class='ocrx_word' id='word_1_402' title='bbox 2574 2627 2736 2691; x_wconf 82' lang='lat' dir='ltr'><strong>illuc,</strong></span> <span class='ocrx_word' id='word_1_403' title='bbox 2764 2633 2822 2684; x_wconf 91' lang='lat' dir='ltr'><strong>et</strong></span> <span class='ocrx_word' id='word_1_404' title='bbox 2849 2627 2917 2684; x_wconf 88' lang='lat' dir='ltr'><strong>ad</strong></span> <span class='ocrx_word' id='word_1_405' title='bbox 2953 2627 3287 2684; x_wconf 90' lang='lat' dir='ltr'><strong>invisibile:</strong></span> <span class='ocrx_word' id='word_1_406' title='bbox 3315 2628 3458 2684; x_wconf 90' lang='lat' dir='ltr'><strong>talia</strong></span> <span class='ocrx_word' id='word_1_407' title='bbox 3481 2627 3646 2698; x_wconf 90' lang='lat' dir='ltr'><strong>jubes</strong></span> <span class='ocrx_word' id='word_1_408' title='bbox 3673 2631 3732 2682; x_wconf 90' lang='lat' dir='ltr'><strong>ut</strong></span> <span class='ocrx_word' id='word_1_409' title='bbox 3755 2637 3856 2696; x_wconf 88' lang='lat' dir='ltr'><strong>gar-</strong></span> 
     </span>
    </p>
   </div>
   <div class='ocr_carea' id='block_1_58' title="bbox 2232 2713 3857 2786">
    <p class='ocr_par' dir='ltr' id='par_1_58' title="bbox 2232 2713 3857 2786">
     <span class='ocr_line' id='line_1_58' title="bbox 2232 2713 3857 2786; baseline -0.004 -14"><span class='ocrx_word' id='word_1_410' title='bbox 2232 2719 2375 2773; x_wconf 86' lang='lat' dir='ltr'><strong>riam</strong></span> <span class='ocrx_word' id='word_1_411' title='bbox 2409 2717 2576 2773; x_wconf 91' lang='lat' dir='ltr'><strong>homo</strong></span> <span class='ocrx_word' id='word_1_412' title='bbox 2610 2717 2880 2773; x_wconf 91' lang='lat' dir='ltr'><strong>sordidus</strong></span> <span class='ocrx_word' id='word_1_413' title='bbox 2907 2724 2963 2772; x_wconf 93' lang='lat' dir='ltr'><strong>et</strong></span> <span class='ocrx_word' id='word_1_414' title='bbox 2991 2721 3288 2786; x_wconf 90' lang='lat' dir='ltr'><strong>peccator:</strong></span> <span class='ocrx_word' id='word_1_415' title='bbox 3326 2717 3378 2772; x_wconf 90' lang='lat' dir='ltr'><strong>si</strong></span> <span class='ocrx_word' id='word_1_416' title='bbox 3405 2715 3546 2772; x_wconf 87' lang='lat' dir='ltr'><strong>estis</strong></span> <span class='ocrx_word' id='word_1_417' title='bbox 3576 2713 3710 2770; x_wconf 87' lang='lat' dir='ltr'><strong>mira</strong></span> <span class='ocrx_word' id='word_1_418' title='bbox 3737 2725 3857 2782; x_wconf 92' lang='lat' dir='ltr'><strong>ope—</strong></span> 
     </span>
    </p>
   </div>
   <div class='ocr_carea' id='block_1_59' title="bbox 2233 2799 3858 2874">
    <p class='ocr_par' dir='ltr' id='par_1_59' title="bbox 2233 2799 3858 2874">
     <span class='ocr_line' id='line_1_59' title="bbox 2233 2799 3858 2874; baseline -0.004 -14"><span class='ocrx_word' id='word_1_419' title='bbox 2233 2810 2442 2870; x_wconf 88' lang='lat' dir='ltr'><strong>rantes,</strong></span> <span class='ocrx_word' id='word_1_420' title='bbox 2477 2819 2663 2861; x_wconf 91' lang='lat' dir='ltr'><strong>meum</strong></span> <span class='ocrx_word' id='word_1_421' title='bbox 2685 2805 2876 2874; x_wconf 89' lang='lat' dir='ltr'><strong>ejicite</strong></span> <span class='ocrx_word' id='word_1_422' title='bbox 2903 2804 3196 2874; x_wconf 85' lang='lat' dir='ltr'><strong>spiritum.</strong></span> <span class='ocrx_word' id='word_1_423' title='bbox 3223 2803 3573 2860; x_wconf 86' lang='lat' dir='ltr'><strong>Orationum</strong></span> <span class='ocrx_word' id='word_1_424' title='bbox 3593 2815 3715 2874; x_wconf 88' lang='lat' dir='ltr'><strong>eges</strong></span> <span class='ocrx_word' id='word_1_425' title='bbox 3740 2799 3858 2855; x_wconf 87' lang='lat' dir='ltr'><strong>mul-</strong></span> 
     </span>
    </p>
   </div>
   <div class='ocr_carea' id='block_1_60' title="bbox 2231 2887 3860 2964">
    <p class='ocr_par' dir='ltr' id='par_1_60' title="bbox 2231 2887 3860 2964">
     <span class='ocr_line' id='line_1_60' title="bbox 2231 2887 3860 2964; baseline -0.005 -16"><span class='ocrx_word' id='word_1_426' title='bbox 2231 2899 2441 2964; x_wconf 89' lang='lat' dir='ltr'><strong>tarum,</strong></span> <span class='ocrx_word' id='word_1_427' title='bbox 2474 2891 2648 2948; x_wconf 86' lang='lat' dir='ltr'><strong>frater</strong></span> <span class='ocrx_word' id='word_1_428' title='bbox 2677 2893 2940 2948; x_wconf 90' lang='lat' dir='ltr'><strong>Photine.</strong></span> <span class='ocrx_word' id='word_1_429' title='bbox 2972 2905 3070 2962; x_wconf 90' lang='lat' dir='ltr'><strong>per</strong></span> <span class='ocrx_word' id='word_1_430' title='bbox 3094 2891 3396 2948; x_wconf 88' lang='lat' dir='ltr'><strong>orationes</strong></span> <span class='ocrx_word' id='word_1_431' title='bbox 3428 2896 3759 2948; x_wconf 88' lang='lat' dir='ltr'><strong>sanctorum.</strong></span> <span class='ocrx_word' id='word_1_432' title='bbox 3783 2887 3860 2942; x_wconf 92' lang='lat' dir='ltr'><strong>Sic</strong></span> 
     </span>
    </p>
   </div>
   <div class='ocr_carea' id='block_1_61' title="bbox 2233 2978 3855 3052">
    <p class='ocr_par' dir='ltr' id='par_1_61' title="bbox 2233 2978 3855 3052">
     <span class='ocr_line' id='line_1_61' title="bbox 2233 2978 3855 3052; baseline -0.005 -16"><span class='ocrx_word' id='word_1_433' title='bbox 2233 2986 2434 3052; x_wconf 64' lang='lat' dir='ltr'><strong>praiter</strong></span> <span class='ocrx_word' id='word_1_434' title='bbox 2475 2994 2631 3050; x_wconf 91' lang='lat' dir='ltr'><strong>spem</strong></span> <span class='ocrx_word' id='word_1_435' title='bbox 2681 2981 3083 3048; x_wconf 89' lang='lat' dir='ltr'><strong>inhonoratus,</strong></span> <span class='ocrx_word' id='word_1_436' title='bbox 3133 2979 3468 3036; x_wconf 87' lang='lat' dir='ltr'><strong>recedebam</strong></span> <span class='ocrx_word' id='word_1_437' title='bbox 3513 2978 3855 3035; x_wconf 88' lang='lat' dir='ltr'><strong>erubescens:</strong></span> 
     </span>
    </p>
   </div>
   <div class='ocr_carea' id='block_1_62' title="bbox 479 3061 3863 3141">
    <p class='ocr_par' dir='ltr' id='par_1_62' title="bbox 479 3061 3863 3141">
     <span class='ocr_line' id='line_1_62' title="bbox 479 3061 3863 3141; baseline -0.004 -8"><span class='ocrx_word' id='word_1_438' title='bbox 479 3089 696 3133; x_wconf 88' lang='lat' dir='ltr'><strong>rannus</strong></span> <span class='ocrx_word' id='word_1_439' title='bbox 741 3074 914 3130; x_wconf 88' lang='lat' dir='ltr'><strong>etiam</strong></span> <span class='ocrx_word' id='word_1_440' title='bbox 963 3071 1207 3127; x_wconf 90' lang='lat' dir='ltr'><strong>nolendo</strong></span> <span class='ocrx_word' id='word_1_441' title='bbox 1249 3070 1501 3126; x_wconf 90' lang='lat' dir='ltr'><strong>donavit.</strong></span> <span class='ocrx_word' id='word_1_442' title='bbox 1551 3069 1690 3126; x_wconf 91' lang='lat' dir='ltr'><strong>Cum</strong></span> <span class='ocrx_word' id='word_1_443' title='bbox 1737 3083 1870 3141; x_wconf 88' lang='lat' dir='ltr'><strong>ergo</strong></span> <span class='ocrx_word' id='word_1_444' title='bbox 1917 3067 2122 3125; x_wconf 91' lang='lat' dir='ltr'><strong>festiue</strong></span> <span class='ocrx_word' id='word_1_445' title='bbox 2151 3064 2199 3126; x_wconf 88' lang='lat' dir='ltr'>C</span> <span class='ocrx_word' id='word_1_446' title='bbox 2231 3075 2287 3124; x_wconf 91' lang='lat' dir='ltr'><strong>et</strong></span> <span class='ocrx_word' id='word_1_447' title='bbox 2324 3069 2564 3124; x_wconf 90' lang='lat' dir='ltr'><strong>silenter</strong></span> <span class='ocrx_word' id='word_1_448' title='bbox 2609 3067 2906 3140; x_wconf 81' lang='lat' dir='ltr'><strong>effugiens,</strong></span> <span class='ocrx_word' id='word_1_449' title='bbox 2956 3067 3226 3123; x_wconf 80' lang='lat' dir='ltr'><strong>etferebar</strong></span> <span class='ocrx_word' id='word_1_450' title='bbox 3270 3072 3617 3137; x_wconf 86' lang='lat' dir='ltr'><strong>retrorsum,</strong></span> <span class='ocrx_word' id='word_1_451' title='bbox 3664 3071 3716 3120; x_wconf 89' lang='lat' dir='ltr'><strong>et</strong></span> <span class='ocrx_word' id='word_1_452' title='bbox 3758 3061 3863 3119; x_wconf 86' lang='lat' dir='ltr'><strong>for-</strong></span> 
     </span>
    </p>
   </div>
   <div class='ocr_carea' id='block_1_63' title="bbox 477 3157 2122 3232">
    <p class='ocr_par' dir='ltr' id='par_1_63' title="bbox 477 3157 2122 3232">
     <span class='ocr_line' id='line_1_63' title="bbox 477 3157 2122 3232; baseline -0.006 -10"><span class='ocrx_word' id='word_1_453' title='bbox 477 3163 922 3232; x_wconf 90' lang='lat' dir='ltr'><strong>ambularemus,</strong></span> <span class='ocrx_word' id='word_1_454' title='bbox 963 3159 1172 3216; x_wconf 82' lang='lat' dir='ltr'><strong>mulier</strong></span> <span class='ocrx_word' id='word_1_455' title='bbox 1207 3158 1465 3229; x_wconf 64' lang='lat' dir='ltr'><strong>quaedam</strong></span> <span class='ocrx_word' id='word_1_456' title='bbox 1502 3158 1759 3227; x_wconf 89' lang='lat' dir='ltr'><strong>speciosa</strong></span> <span class='ocrx_word' id='word_1_457' title='bbox 1792 3157 1973 3224; x_wconf 89' lang='lat' dir='ltr'><strong>valde,</strong></span> <span class='ocrx_word' id='word_1_458' title='bbox 2007 3163 2122 3213; x_wconf 91' lang='lat' dir='ltr'><strong>tam</strong></span> 
     </span>
    </p>
   </div>
   <div class='ocr_carea' id='block_1_64' title="bbox 477 3245 2122 3324">
    <p class='ocr_par' dir='ltr' id='par_1_64' title="bbox 477 3245 2122 3324">
     <span class='ocr_line' id='line_1_64' title="bbox 477 3245 2122 3324; baseline -0.006 -14"><span class='ocrx_word' id='word_1_459' title='bbox 477 3257 652 3324; x_wconf 88' lang='lat' dir='ltr'><strong>veste,</strong></span> <span class='ocrx_word' id='word_1_460' title='bbox 693 3263 862 3322; x_wconf 90' lang='lat' dir='ltr'><strong>quam</strong></span> <span class='ocrx_word' id='word_1_461' title='bbox 900 3247 1066 3304; x_wconf 90' lang='lat' dir='ltr'><strong>vultu</strong></span> <span class='ocrx_word' id='word_1_462' title='bbox 1107 3253 1165 3302; x_wconf 89' lang='lat' dir='ltr'><strong>et</strong></span> <span class='ocrx_word' id='word_1_463' title='bbox 1196 3246 1408 3316; x_wconf 88' lang='lat' dir='ltr'><strong>anima,</strong></span> <span class='ocrx_word' id='word_1_464' title='bbox 1451 3259 1576 3316; x_wconf 64' lang='lat' dir='ltr'><strong>quae</strong></span> <span class='ocrx_word' id='word_1_465' title='bbox 1619 3245 1780 3300; x_wconf 89' lang='lat' dir='ltr'><strong>dives</strong></span> <span class='ocrx_word' id='word_1_466' title='bbox 1817 3245 2122 3302; x_wconf 90' lang='lat' dir='ltr'><strong>admodum</strong></span> 
     </span>
    </p>
   </div>
   <div class='ocr_carea' id='block_1_65' title="bbox 479 3333 2125 3410">
    <p class='ocr_par' dir='ltr' id='par_1_65' title="bbox 479 3333 2125 3410">
     <span class='ocr_line' id='line_1_65' title="bbox 479 3333 2125 3410; baseline -0.005 -13"><span class='ocrx_word' id='word_1_467' title='bbox 479 3341 684 3410; x_wconf 89' lang='lat' dir='ltr'><strong>fuerat,</strong></span> <span class='ocrx_word' id='word_1_468' title='bbox 717 3339 813 3394; x_wconf 90' lang='lat' dir='ltr'><strong>sed</strong></span> <span class='ocrx_word' id='word_1_469' title='bbox 845 3350 956 3393; x_wconf 91' lang='lat' dir='ltr'><strong>non</strong></span> <span class='ocrx_word' id='word_1_470' title='bbox 990 3335 1296 3406; x_wconf 89' lang='lat' dir='ltr'><strong>putabatur</strong></span> <span class='ocrx_word' id='word_1_471' title='bbox 1327 3339 1553 3404; x_wconf 91' lang='lat' dir='ltr'><strong>propter</strong></span> <span class='ocrx_word' id='word_1_472' title='bbox 1590 3333 1968 3389; x_wconf 89' lang='lat' dir='ltr'><strong>calamitatem</strong></span> <span class='ocrx_word' id='word_1_473' title='bbox 2001 3347 2125 3403; x_wconf 84' lang='lat' dir='ltr'><strong>quae</strong></span> 
     </span>
    </p>
   </div>
   <div class='ocr_carea' id='block_1_66' title="bbox 482 3421 2128 3496">
    <p class='ocr_par' dir='ltr' id='par_1_66' title="bbox 482 3421 2128 3496">
     <span class='ocr_line' id='line_1_66' title="bbox 482 3421 2128 3496; baseline -0.005 -11"><span class='ocrx_word' id='word_1_474' title='bbox 482 3429 668 3485; x_wconf 88' lang='lat' dir='ltr'><strong>inerat</strong></span> <span class='ocrx_word' id='word_1_475' title='bbox 691 3426 768 3496; x_wconf 91' lang='lat' dir='ltr'><strong>ei,</strong></span> <span class='ocrx_word' id='word_1_476' title='bbox 801 3424 997 3494; x_wconf 91' lang='lat' dir='ltr'><strong>procul</strong></span> <span class='ocrx_word' id='word_1_477' title='bbox 1031 3422 1303 3493; x_wconf 89' lang='lat' dir='ltr'><strong>apparuit</strong></span> <span class='ocrx_word' id='word_1_478' title='bbox 1332 3422 1476 3477; x_wconf 92' lang='lat' dir='ltr'><strong>mibi</strong></span> <span class='ocrx_word' id='word_1_479' title='bbox 1510 3421 1680 3476; x_wconf 90' lang='lat' dir='ltr'><strong>mista</strong></span> <span class='ocrx_word' id='word_1_480' title='bbox 1713 3435 1843 3478; x_wconf 92' lang='lat' dir='ltr'><strong>cum</strong></span> <span class='ocrx_word' id='word_1_481' title='bbox 1871 3421 2128 3477; x_wconf 88' lang='lat' dir='ltr'><strong>multitu-</strong></span> 
     </span>
    </p>
   </div>
   <div class='ocr_carea' id='block_1_67' title="bbox 479 3508 2130 3580">
    <p class='ocr_par' dir='ltr' id='par_1_67' title="bbox 479 3508 2130 3580">
     <span class='ocr_line' id='line_1_67' title="bbox 479 3508 2130 3580; baseline -0.007 -7"><span class='ocrx_word' id='word_1_482' title='bbox 479 3517 616 3574; x_wconf 89' lang='lat' dir='ltr'><strong>dine</strong></span> <span class='ocrx_word' id='word_1_483' title='bbox 637 3513 879 3570; x_wconf 87' lang='lat' dir='ltr'><strong>fratrum</strong></span> <span class='ocrx_word' id='word_1_484' title='bbox 911 3517 1236 3568; x_wconf 90' lang='lat' dir='ltr'><strong>uostrorum</strong></span> <span class='ocrx_word' id='word_1_485' title='bbox 1269 3523 1602 3580; x_wconf 89' lang='lat' dir='ltr'><strong>pauperum,</strong></span> <span class='ocrx_word' id='word_1_486' title='bbox 1632 3523 1757 3579; x_wconf 75' lang='lat' dir='ltr'><strong>quae</strong></span> <span class='ocrx_word' id='word_1_487' title='bbox 1788 3508 2130 3578; x_wconf 90' lang='lat' dir='ltr'><strong>persecutio-</strong></span> 
     </span>
    </p>
   </div>
   <div class='ocr_carea' id='block_1_68' title="bbox 482 3594 2128 3673">
    <p class='ocr_par' dir='ltr' id='par_1_68' title="bbox 482 3594 2128 3673">
     <span class='ocr_line' id='line_1_68' title="bbox 482 3594 2128 3673; baseline -0.007 -11"><span class='ocrx_word' id='word_1_488' title='bbox 482 3619 610 3662; x_wconf 91' lang='lat' dir='ltr'><strong>nem</strong></span> <span class='ocrx_word' id='word_1_489' title='bbox 647 3603 719 3658; x_wconf 89' lang='lat' dir='ltr'><strong>ab</strong></span> <span class='ocrx_word' id='word_1_490' title='bbox 763 3602 856 3658; x_wconf 88' lang='lat' dir='ltr'><strong>his</strong></span> <span class='ocrx_word' id='word_1_491' title='bbox 891 3597 1034 3673; x_wconf 79' lang='lat' dir='ltr'><strong>[Gr.,</strong></span> <span class='ocrx_word' id='word_1_492' title='bbox 1073 3600 1279 3668; x_wconf 86' lang='lat' dir='ltr'><strong>rejecta</strong></span> <span class='ocrx_word' id='word_1_493' title='bbox 1321 3597 1394 3652; x_wconf 89' lang='lat' dir='ltr'><strong>ab</strong></span> <span class='ocrx_word' id='word_1_494' title='bbox 1429 3594 1541 3670; x_wconf 89' lang='lat' dir='ltr'><strong>his]</strong></span> <span class='ocrx_word' id='word_1_495' title='bbox 1590 3610 1773 3665; x_wconf 90' lang='lat' dir='ltr'><strong>passa,</strong></span> <span class='ocrx_word' id='word_1_496' title='bbox 1813 3596 1912 3666; x_wconf 87' lang='lat' dir='ltr'><strong>qui</strong></span> <span class='ocrx_word' id='word_1_497' title='bbox 1957 3609 2128 3664; x_wconf 88' lang='lat' dir='ltr'><strong>super</strong></span> 
     </span>
    </p>
   </div>
   <div class='ocr_carea' id='block_1_69' title="bbox 485 3682 2128 3754">
    <p class='ocr_par' dir='ltr' id='par_1_69' title="bbox 485 3682 2128 3754">
     <span class='ocr_line' id='line_1_69' title="bbox 485 3682 2128 3754; baseline -0.007 -5"><span class='ocrx_word' id='word_1_498' title='bbox 485 3695 598 3750; x_wconf 90' lang='lat' dir='ltr'><strong>isto</strong></span> <span class='ocrx_word' id='word_1_499' title='bbox 627 3695 790 3746; x_wconf 88' lang='lat' dir='ltr'><strong>erant</strong></span> <span class='ocrx_word' id='word_1_500' title='bbox 818 3685 1093 3754; x_wconf 89' lang='lat' dir='ltr'><strong>ordinati,</strong></span> <span class='ocrx_word' id='word_1_501' title='bbox 1137 3697 1493 3754; x_wconf 89' lang='lat' dir='ltr'><strong>nequaquam</strong></span> <span class='ocrx_word' id='word_1_502' title='bbox 1527 3682 1838 3752; x_wconf 88' lang='lat' dir='ltr'><strong>recedebat,</strong></span> <span class='ocrx_word' id='word_1_503' title='bbox 1871 3683 1966 3738; x_wconf 91' lang='lat' dir='ltr'><strong>sed</strong></span> <span class='ocrx_word' id='word_1_504' title='bbox 1998 3696 2128 3738; x_wconf 92' lang='lat' dir='ltr'><strong>eum</strong></span> 
     </span>
    </p>
   </div>
   <div class='ocr_carea' id='block_1_70' title="bbox 485 3770 2132 3850">
    <p class='ocr_par' dir='ltr' id='par_1_70' title="bbox 485 3770 2132 3850">
     <span class='ocr_line' id='line_1_70' title="bbox 485 3770 2132 3850; baseline -0.007 -13"><span class='ocrx_word' id='word_1_505' title='bbox 485 3777 773 3850; x_wconf 83' lang='lat' dir='ltr'><strong>lacrymis,</strong></span> <span class='ocrx_word' id='word_1_506' title='bbox 807 3775 942 3830; x_wconf 88' lang='lat' dir='ltr'><strong>licet</strong></span> <span class='ocrx_word' id='word_1_507' title='bbox 973 3770 1342 3828; x_wconf 88' lang='lat' dir='ltr'><strong>verecundata</strong></span> <span class='ocrx_word' id='word_1_508' title='bbox 1373 3775 1604 3840; x_wconf 91' lang='lat' dir='ltr'><strong>propter</strong></span> <span class='ocrx_word' id='word_1_509' title='bbox 1633 3776 1916 3837; x_wconf 90' lang='lat' dir='ltr'><strong>naturam,</strong></span> <span class='ocrx_word' id='word_1_510' title='bbox 1948 3784 2132 3826; x_wconf 85' lang='lat' dir='ltr'><strong>neces-</strong></span> 
     </span>
    </p>
   </div>
   <div class='ocr_carea' id='block_1_71' title="bbox 487 3857 2125 3928">
    <p class='ocr_par' dir='ltr' id='par_1_71' title="bbox 487 3857 2125 3928">
     <span class='ocr_line' id='line_1_71' title="bbox 487 3857 2125 3928; baseline -0.007 -3"><span class='ocrx_word' id='word_1_511' title='bbox 487 3867 683 3926; x_wconf 88' lang='lat' dir='ltr'><strong>sitatis</strong></span> <span class='ocrx_word' id='word_1_512' title='bbox 700 3870 886 3920; x_wconf 88' lang='lat' dir='ltr'><strong>tamen</strong></span> <span class='ocrx_word' id='word_1_513' title='bbox 909 3874 1084 3917; x_wconf 88' lang='lat' dir='ltr'><strong>causa</strong></span> <span class='ocrx_word' id='word_1_514' title='bbox 1107 3858 1466 3928; x_wconf 89' lang='lat' dir='ltr'><strong>impudenter</strong></span> <span class='ocrx_word' id='word_1_515' title='bbox 1487 3857 1768 3914; x_wconf 86' lang='lat' dir='ltr'><strong>inferebat</strong></span> <span class='ocrx_word' id='word_1_516' title='bbox 1789 3859 2125 3916; x_wconf 88' lang='lat' dir='ltr'><strong>molestiam.</strong></span> 
     </span>
    </p>
   </div>
   <div class='ocr_carea' id='block_1_72' title="bbox 487 3944 2128 4018">
    <p class='ocr_par' dir='ltr' id='par_1_72' title="bbox 487 3944 2128 4018">
     <span class='ocr_line' id='line_1_72' title="bbox 487 3944 2128 4018; baseline -0.005 -6"><span class='ocrx_word' id='word_1_517' title='bbox 487 3957 589 4012; x_wconf 85' lang='lat' dir='ltr'><strong>His</strong></span> <span class='ocrx_word' id='word_1_518' title='bbox 603 3953 748 4010; x_wconf 89' lang='lat' dir='ltr'><strong>visis</strong></span> <span class='ocrx_word' id='word_1_519' title='bbox 764 3951 1022 4008; x_wconf 86' lang='lat' dir='ltr'><strong>ordinem</strong></span> <span class='ocrx_word' id='word_1_520' title='bbox 1041 3949 1100 4004; x_wconf 90' lang='lat' dir='ltr'><strong>in</strong></span> <span class='ocrx_word' id='word_1_521' title='bbox 1119 3961 1232 4018; x_wconf 92' lang='lat' dir='ltr'><strong>quo</strong></span> <span class='ocrx_word' id='word_1_522' title='bbox 1253 3944 1468 4002; x_wconf 90' lang='lat' dir='ltr'><strong>fueram</strong></span> <span class='ocrx_word' id='word_1_523' title='bbox 1490 3947 1819 4017; x_wconf 87' lang='lat' dir='ltr'><strong>deputatus,</strong></span> <span class='ocrx_word' id='word_1_524' title='bbox 1844 3947 2128 4018; x_wconf 86' lang='lat' dir='ltr'><strong>relinquo,</strong></span> 
     </span>
    </p>
   </div>
   <div class='ocr_carea' id='block_1_73' title="bbox 487 4035 2138 4114">
    <p class='ocr_par' dir='ltr' id='par_1_73' title="bbox 487 4035 2138 4114">
     <span class='ocr_line' id='line_1_73' title="bbox 487 4035 2138 4114; baseline -0.007 -12"><span class='ocrx_word' id='word_1_525' title='bbox 487 4050 545 4102; x_wconf 91' lang='lat' dir='ltr'><strong>et</strong></span> <span class='ocrx_word' id='word_1_526' title='bbox 567 4039 929 4114; x_wconf 89' lang='lat' dir='ltr'><strong>apprehendo</strong></span> <span class='ocrx_word' id='word_1_527' title='bbox 956 4037 1272 4108; x_wconf 88' lang='lat' dir='ltr'><strong>mulierem,</strong></span> <span class='ocrx_word' id='word_1_528' title='bbox 1300 4040 1356 4091; x_wconf 93' lang='lat' dir='ltr'><strong>et</strong></span> <span class='ocrx_word' id='word_1_529' title='bbox 1382 4036 1654 4106; x_wconf 90' lang='lat' dir='ltr'><strong>quidnam</strong></span> <span class='ocrx_word' id='word_1_530' title='bbox 1677 4035 1866 4107; x_wconf 89' lang='lat' dir='ltr'><strong>vellet,</strong></span> <span class='ocrx_word' id='word_1_531' title='bbox 1899 4037 2138 4091; x_wconf 87' lang='lat' dir='ltr'><strong>interro-</strong></span> 
     </span>
    </p>
   </div>
   <div class='ocr_carea' id='block_1_74' title="bbox 489 4123 2133 4206">
    <p class='ocr_par' dir='ltr' id='par_1_74' title="bbox 489 4123 2133 4206">
     <span class='ocr_line' id='line_1_74' title="bbox 489 4123 2133 4206; baseline -0.005 -17"><span class='ocrx_word' id='word_1_532' title='bbox 489 4131 708 4206; x_wconf 91' lang='lat' dir='ltr'><strong>gabam.</strong></span> <span class='ocrx_word' id='word_1_533' title='bbox 737 4129 811 4184; x_wconf 85' lang='lat' dir='ltr'><strong>At</strong></span> <span class='ocrx_word' id='word_1_534' title='bbox 841 4127 978 4182; x_wconf 90' lang='lat' dir='ltr'><strong>illa:</strong></span> <span class='ocrx_word' id='word_1_535' title='bbox 1003 4125 1222 4194; x_wconf 92' lang='lat' dir='ltr'><strong>Virum,</strong></span> <span class='ocrx_word' id='word_1_536' title='bbox 1257 4123 1470 4194; x_wconf 89' lang='lat' dir='ltr'><strong>inquit,</strong></span> <span class='ocrx_word' id='word_1_537' title='bbox 1509 4123 1686 4180; x_wconf 90' lang='lat' dir='ltr'><strong>habeo</strong></span> <span class='ocrx_word' id='word_1_538' title='bbox 1710 4130 1765 4178; x_wconf 90' lang='lat' dir='ltr'><strong>et</strong></span> <span class='ocrx_word' id='word_1_539' title='bbox 1789 4124 2133 4180; x_wconf 63' lang='lat' dir='ltr'><strong>daemonium</strong></span> 
     </span>
    </p>
   </div>
   <div class='ocr_carea' id='block_1_75' title="bbox 491 4213 2136 4284">
    <p class='ocr_par' dir='ltr' id='par_1_75' title="bbox 491 4213 2136 4284">
     <span class='ocr_line' id='line_1_75' title="bbox 491 4213 2136 4284; baseline -0.006 -6"><span class='ocrx_word' id='word_1_540' title='bbox 491 4220 690 4278; x_wconf 88' lang='lat' dir='ltr'><strong>habet:</strong></span> <span class='ocrx_word' id='word_1_541' title='bbox 715 4223 771 4275; x_wconf 89' lang='lat' dir='ltr'><strong>et</strong></span> <span class='ocrx_word' id='word_1_542' title='bbox 810 4215 1018 4272; x_wconf 91' lang='lat' dir='ltr'><strong>tertius</strong></span> <span class='ocrx_word' id='word_1_543' title='bbox 1057 4227 1243 4270; x_wconf 90' lang='lat' dir='ltr'><strong>annus</strong></span> <span class='ocrx_word' id='word_1_544' title='bbox 1271 4217 1358 4268; x_wconf 91' lang='lat' dir='ltr'><strong>est</strong></span> <span class='ocrx_word' id='word_1_545' title='bbox 1388 4213 1514 4284; x_wconf 90' lang='lat' dir='ltr'><strong>iste,</strong></span> <span class='ocrx_word' id='word_1_546' title='bbox 1555 4226 1623 4267; x_wconf 85' lang='lat' dir='ltr'><strong>ex</strong></span> <span class='ocrx_word' id='word_1_547' title='bbox 1661 4226 1775 4284; x_wconf 91' lang='lat' dir='ltr'><strong>quo</strong></span> <span class='ocrx_word' id='word_1_548' title='bbox 1806 4214 1972 4269; x_wconf 91' lang='lat' dir='ltr'><strong>denis</strong></span> <span class='ocrx_word' id='word_1_549' title='bbox 2011 4213 2136 4269; x_wconf 89' lang='lat' dir='ltr'><strong>mil-</strong></span> 
     </span>
    </p>
   </div>
   <div class='ocr_carea' id='block_1_76' title="bbox 489 4300 2134 4381">
    <p class='ocr_par' dir='ltr' id='par_1_76' title="bbox 489 4300 2134 4381">
     <span class='ocr_line' id='line_1_76' title="bbox 489 4300 2134 4381; baseline -0.005 -14"><span class='ocrx_word' id='word_1_550' title='bbox 489 4309 668 4381; x_wconf 90' lang='lat' dir='ltr'><strong>libus,</strong></span> <span class='ocrx_word' id='word_1_551' title='bbox 699 4313 764 4364; x_wconf 92' lang='lat' dir='ltr'><strong>ut</strong></span> <span class='ocrx_word' id='word_1_552' title='bbox 788 4307 870 4362; x_wconf 87' lang='lat' dir='ltr'><strong>ita</strong></span> <span class='ocrx_word' id='word_1_553' title='bbox 893 4304 1100 4372; x_wconf 90' lang='lat' dir='ltr'><strong>dicam,</strong></span> <span class='ocrx_word' id='word_1_554' title='bbox 1138 4300 1561 4357; x_wconf 88' lang='lat' dir='ltr'><strong>venerabilibus</strong></span> <span class='ocrx_word' id='word_1_555' title='bbox 1591 4301 1735 4356; x_wconf 91' lang='lat' dir='ltr'><strong>locis</strong></span> <span class='ocrx_word' id='word_1_556' title='bbox 1757 4306 1814 4356; x_wconf 91' lang='lat' dir='ltr'><strong>et</strong></span> <span class='ocrx_word' id='word_1_557' title='bbox 1843 4301 2134 4373; x_wconf 89' lang='lat' dir='ltr'><strong>religiosis</strong></span> 
     </span>
    </p>
   </div>
   <div class='ocr_carea' id='block_1_77' title="bbox 2233 3151 3859 3228">
    <p class='ocr_par' dir='ltr' id='par_1_77' title="bbox 2233 3151 3859 3228">
     <span class='ocr_line' id='line_1_77' title="bbox 2233 3151 3859 3228; baseline -0.004 -16"><span class='ocrx_word' id='word_1_558' title='bbox 2233 3157 2401 3228; x_wconf 90' lang='lat' dir='ltr'><strong>tuito,</strong></span> <span class='ocrx_word' id='word_1_559' title='bbox 2439 3161 2496 3213; x_wconf 92' lang='lat' dir='ltr'><strong>et</strong></span> <span class='ocrx_word' id='word_1_560' title='bbox 2526 3157 2586 3211; x_wconf 90' lang='lat' dir='ltr'><strong>in</strong></span> <span class='ocrx_word' id='word_1_561' title='bbox 2623 3155 2919 3212; x_wconf 88' lang='lat' dir='ltr'><strong>obviantes</strong></span> <span class='ocrx_word' id='word_1_562' title='bbox 2955 3155 3120 3226; x_wconf 90' lang='lat' dir='ltr'><strong>quasi</strong></span> <span class='ocrx_word' id='word_1_563' title='bbox 3161 3158 3510 3225; x_wconf 89' lang='lat' dir='ltr'><strong>crapulatus</strong></span> <span class='ocrx_word' id='word_1_564' title='bbox 3542 3151 3859 3218; x_wconf 83' lang='lat' dir='ltr'><strong>iucidebam;</strong></span> 
     </span>
    </p>
   </div>
   <div class='ocr_carea' id='block_1_78' title="bbox 2231 3242 3860 3315">
    <p class='ocr_par' dir='ltr' id='par_1_78' title="bbox 2231 3242 3860 3315">
     <span class='ocr_line' id='line_1_78' title="bbox 2231 3242 3860 3315; baseline -0.006 -14"><span class='ocrx_word' id='word_1_565' title='bbox 2231 3251 2290 3301; x_wconf 92' lang='lat' dir='ltr'><strong>et</strong></span> <span class='ocrx_word' id='word_1_566' title='bbox 2317 3245 2678 3314; x_wconf 90' lang='lat' dir='ltr'><strong>apprehendo</strong></span> <span class='ocrx_word' id='word_1_567' title='bbox 2713 3244 2808 3300; x_wconf 86' lang='lat' dir='ltr'><strong>vix</strong></span> <span class='ocrx_word' id='word_1_568' title='bbox 2849 3245 3152 3315; x_wconf 85' lang='lat' dir='ltr'><strong>quamdam</strong></span> <span class='ocrx_word' id='word_1_569' title='bbox 3190 3244 3408 3300; x_wconf 80' lang='lat' dir='ltr'><strong>sacelli</strong></span> <span class='ocrx_word' id='word_1_570' title='bbox 3444 3242 3860 3300; x_wconf 78' lang='lat' dir='ltr'><strong>extremitatem:</strong></span> 
     </span>
    </p>
   </div>
   <div class='ocr_carea' id='block_1_79' title="bbox 2233 3329 3862 3405">
    <p class='ocr_par' dir='ltr' id='par_1_79' title="bbox 2233 3329 3862 3405">
     <span class='ocr_line' id='line_1_79' title="bbox 2233 3329 3862 3405; baseline -0.005 -17"><span class='ocrx_word' id='word_1_571' title='bbox 2233 3339 2290 3388; x_wconf 90' lang='lat' dir='ltr'><strong>et</strong></span> <span class='ocrx_word' id='word_1_572' title='bbox 2310 3332 2503 3390; x_wconf 90' lang='lat' dir='ltr'><strong>furore</strong></span> <span class='ocrx_word' id='word_1_573' title='bbox 2521 3331 3191 3404; x_wconf 89' lang='lat' dir='ltr'><strong>commotus(plurimum</strong></span> <span class='ocrx_word' id='word_1_574' title='bbox 3223 3346 3484 3405; x_wconf 81' lang='lat' dir='ltr'><strong>namque</strong></span> <span class='ocrx_word' id='word_1_575' title='bbox 3514 3331 3756 3388; x_wconf 62' lang='lat' dir='ltr'><strong>tristitiae</strong></span> <span class='ocrx_word' id='word_1_576' title='bbox 3767 3329 3862 3396; x_wconf 85' lang='lat' dir='ltr'><strong>jam</strong></span> 
     </span>
    </p>
   </div>
   <div class='ocr_carea' id='block_1_80' title="bbox 2237 3415 3865 3492">
    <p class='ocr_par' dir='ltr' id='par_1_80' title="bbox 2237 3415 3865 3492">
     <span class='ocr_line' id='line_1_80' title="bbox 2237 3415 3865 3492; baseline -0.005 -14"><span class='ocrx_word' id='word_1_577' title='bbox 2237 3423 2299 3478; x_wconf 92' lang='lat' dir='ltr'><strong>in</strong></span> <span class='ocrx_word' id='word_1_578' title='bbox 2352 3421 2601 3478; x_wconf 87' lang='lat' dir='ltr'><strong>furorem</strong></span> <span class='ocrx_word' id='word_1_579' title='bbox 2655 3421 2993 3476; x_wconf 80' lang='lat' dir='ltr'><strong>efferebatur</strong></span> <span class='ocrx_word' id='word_1_580' title='bbox 3023 3462 3038 3492; x_wconf 97' lang='lat'><strong>,</strong></span> <span class='ocrx_word' id='word_1_581' title='bbox 3079 3435 3146 3477; x_wconf 93' lang='lat' dir='ltr'><strong>eo</strong></span> <span class='ocrx_word' id='word_1_582' title='bbox 3193 3422 3357 3492; x_wconf 90' lang='lat' dir='ltr'><strong>quod</strong></span> <span class='ocrx_word' id='word_1_583' title='bbox 3414 3435 3530 3478; x_wconf 90' lang='lat' dir='ltr'><strong>non</strong></span> <span class='ocrx_word' id='word_1_584' title='bbox 3588 3415 3865 3475; x_wconf 87' lang='lat' dir='ltr'><strong>invenerim</strong></span> 
     </span>
    </p>
   </div>
   <div class='ocr_carea' id='block_1_81' title="bbox 2236 3501 3868 3582">
    <p class='ocr_par' dir='ltr' id='par_1_81' title="bbox 2236 3501 3868 3582">
     <span class='ocr_line' id='line_1_81' title="bbox 2236 3501 3868 3582; baseline -0.006 -17"><span class='ocrx_word' id='word_1_585' title='bbox 2236 3509 2476 3582; x_wconf 89' lang='lat' dir='ltr'><strong>gratiam</strong></span> <span class='ocrx_word' id='word_1_586' title='bbox 2515 3509 2574 3564; x_wconf 91' lang='lat' dir='ltr'><strong>in</strong></span> <span class='ocrx_word' id='word_1_587' title='bbox 2605 3513 2910 3578; x_wconf 89' lang='lat' dir='ltr'><strong>conspectu</strong></span> <span class='ocrx_word' id='word_1_588' title='bbox 2945 3509 3154 3564; x_wconf 90' lang='lat' dir='ltr'><strong>summi</strong></span> <span class='ocrx_word' id='word_1_589' title='bbox 3191 3509 3524 3566; x_wconf 85' lang='lat' dir='ltr'><strong>sacerdotis</strong></span> <span class='ocrx_word' id='word_1_590' title='bbox 3555 3507 3653 3564; x_wconf 90' lang='lat' dir='ltr'><strong>Dei</strong></span> <span class='ocrx_word' id='word_1_591' title='bbox 3687 3501 3868 3574; x_wconf 88' lang='lat' dir='ltr'><strong>magni)</strong></span> 
     </span>
    </p>
   </div>
   <div class='ocr_carea' id='block_1_82' title="bbox 2240 3593 3871 3670">
    <p class='ocr_par' dir='ltr' id='par_1_82' title="bbox 2240 3593 3871 3670">
     <span class='ocr_line' id='line_1_82' title="bbox 2240 3593 3871 3670; baseline -0.005 -17"><span class='ocrx_word' id='word_1_592' title='bbox 2240 3597 2419 3653; x_wconf 89' lang='lat' dir='ltr'><strong>multa</strong></span> <span class='ocrx_word' id='word_1_593' title='bbox 2461 3597 2694 3652; x_wconf 90' lang='lat' dir='ltr'><strong>silentio</strong></span> <span class='ocrx_word' id='word_1_594' title='bbox 2736 3597 2794 3651; x_wconf 89' lang='lat' dir='ltr'><strong>in</strong></span> <span class='ocrx_word' id='word_1_595' title='bbox 2836 3597 3166 3666; x_wconf 88' lang='lat' dir='ltr'><strong>memetipso</strong></span> <span class='ocrx_word' id='word_1_596' title='bbox 3205 3597 3554 3668; x_wconf 85' lang='lat' dir='ltr'><strong>reputabam</strong></span> <span class='ocrx_word' id='word_1_597' title='bbox 3596 3593 3730 3670; x_wconf 88' lang='lat' dir='ltr'><strong>[Gr.,</strong></span> <span class='ocrx_word' id='word_1_598' title='bbox 3764 3604 3871 3648; x_wconf 86' lang='lat' dir='ltr'><strong>con-</strong></span> 
     </span>
    </p>
   </div>
   <div class='ocr_carea' id='block_1_83' title="bbox 2241 3679 3869 3759">
    <p class='ocr_par' dir='ltr' id='par_1_83' title="bbox 2241 3679 3869 3759">
     <span class='ocr_line' id='line_1_83' title="bbox 2241 3679 3869 3759; baseline -0.005 -18"><span class='ocrx_word' id='word_1_599' title='bbox 2241 3681 2561 3759; x_wconf 89' lang='lat' dir='ltr'><strong>querebar],</strong></span> <span class='ocrx_word' id='word_1_600' title='bbox 2589 3689 2646 3740; x_wconf 92' lang='lat' dir='ltr'><strong>et</strong></span> <span class='ocrx_word' id='word_1_601' title='bbox 2667 3685 2814 3755; x_wconf 93' lang='lat' dir='ltr'><strong>quod</strong></span> <span class='ocrx_word' id='word_1_602' title='bbox 2849 3697 2960 3740; x_wconf 91' lang='lat' dir='ltr'><strong>non</strong></span> <span class='ocrx_word' id='word_1_603' title='bbox 2985 3690 3134 3741; x_wconf 90' lang='lat' dir='ltr'><strong>esset</strong></span> <span class='ocrx_word' id='word_1_604' title='bbox 3155 3685 3226 3740; x_wconf 92' lang='lat' dir='ltr'><strong>ab</strong></span> <span class='ocrx_word' id='word_1_605' title='bbox 3262 3685 3389 3743; x_wconf 90' lang='lat' dir='ltr'><strong>isto</strong></span> <span class='ocrx_word' id='word_1_606' title='bbox 3423 3687 3733 3758; x_wconf 89' lang='lat' dir='ltr'><strong>quidquam</strong></span> <span class='ocrx_word' id='word_1_607' title='bbox 3757 3679 3869 3737; x_wconf 88' lang='lat' dir='ltr'><strong>boni</strong></span> 
     </span>
    </p>
   </div>
   <div class='ocr_carea' id='block_1_84' title="bbox 2241 3767 3871 3844">
    <p class='ocr_par' dir='ltr' id='par_1_84' title="bbox 2241 3767 3871 3844">
     <span class='ocr_line' id='line_1_84' title="bbox 2241 3767 3871 3844; baseline -0.005 -14"><span class='ocrx_word' id='word_1_608' title='bbox 2241 3774 2348 3830; x_wconf 91' lang='lat' dir='ltr'><strong>ulli</strong></span> <span class='ocrx_word' id='word_1_609' title='bbox 2385 3774 2573 3830; x_wconf 91' lang='lat' dir='ltr'><strong>ovium</strong></span> <span class='ocrx_word' id='word_1_610' title='bbox 2625 3773 2988 3844; x_wconf 90' lang='lat' dir='ltr'><strong>sperandum,</strong></span> <span class='ocrx_word' id='word_1_611' title='bbox 3039 3778 3262 3843; x_wconf 89' lang='lat' dir='ltr'><strong>pastore</strong></span> <span class='ocrx_word' id='word_1_612' title='bbox 3305 3775 3584 3832; x_wconf 89' lang='lat' dir='ltr'><strong>videlicet</strong></span> <span class='ocrx_word' id='word_1_613' title='bbox 3629 3771 3784 3830; x_wconf 89' lang='lat' dir='ltr'><strong>nobis</strong></span> <span class='ocrx_word' id='word_1_614' title='bbox 3815 3767 3871 3823; x_wconf 86' lang='lat' dir='ltr'><strong>ad</strong></span> 
     </span>
    </p>
   </div>
   <div class='ocr_carea' id='block_1_85' title="bbox 2244 3861 3873 3936">
    <p class='ocr_par' dir='ltr' id='par_1_85' title="bbox 2244 3861 3873 3936">
     <span class='ocr_line' id='line_1_85' title="bbox 2244 3861 3873 3936; baseline -0.004 -19"><span class='ocrx_word' id='word_1_615' title='bbox 2244 3862 2366 3932; x_wconf 91' lang='lat' dir='ltr'><strong>lupi</strong></span> <span class='ocrx_word' id='word_1_616' title='bbox 2410 3867 2670 3917; x_wconf 88' lang='lat' dir='ltr'><strong>naturam</strong></span> <span class='ocrx_word' id='word_1_617' title='bbox 2713 3861 3092 3931; x_wconf 87' lang='lat' dir='ltr'><strong>perveniente.</strong></span> <span class='ocrx_word' id='word_1_618' title='bbox 3129 3864 3192 3916; x_wconf 90' lang='lat' dir='ltr'><strong>In</strong></span> <span class='ocrx_word' id='word_1_619' title='bbox 3233 3862 3338 3920; x_wconf 88' lang='lat' dir='ltr'><strong>his</strong></span> <span class='ocrx_word' id='word_1_620' title='bbox 3375 3877 3516 3936; x_wconf 90' lang='lat' dir='ltr'><strong>ergo</strong></span> <span class='ocrx_word' id='word_1_621' title='bbox 3554 3875 3682 3918; x_wconf 90' lang='lat' dir='ltr'><strong>cum</strong></span> <span class='ocrx_word' id='word_1_622' title='bbox 3719 3869 3873 3915; x_wconf 89' lang='lat' dir='ltr'><strong>essem</strong></span> 
     </span>
    </p>
   </div>
   <div class='ocr_carea' id='block_1_86' title="bbox 2244 3949 3876 4018">
    <p class='ocr_par' dir='ltr' id='par_1_86' title="bbox 2244 3949 3876 4018">
     <span class='ocr_line' id='line_1_86' title="bbox 2244 3949 3876 4018; baseline -0.005 -12"><span class='ocrx_word' id='word_1_623' title='bbox 2244 3951 2536 4018; x_wconf 66' lang='lat' dir='ltr'><strong>haasitaus,</strong></span> <span class='ocrx_word' id='word_1_624' title='bbox 2572 3949 2712 4004; x_wconf 89' lang='lat' dir='ltr'><strong>mihi</strong></span> <span class='ocrx_word' id='word_1_625' title='bbox 2749 3949 3060 4006; x_wconf 90' lang='lat' dir='ltr'><strong>consilium</strong></span> <span class='ocrx_word' id='word_1_626' title='bbox 3092 3950 3172 4005; x_wconf 85' lang='lat' dir='ltr'><strong>fit.</strong></span> <span class='ocrx_word' id='word_1_627' title='bbox 3202 3952 3271 4006; x_wconf 88' lang='lat' dir='ltr'><strong>Et</strong></span> <span class='ocrx_word' id='word_1_628' title='bbox 3308 3953 3552 4008; x_wconf 90' lang='lat' dir='ltr'><strong>mittens</strong></span> <span class='ocrx_word' id='word_1_629' title='bbox 3573 3951 3792 4008; x_wconf 90' lang='lat' dir='ltr'><strong>domum</strong></span> <span class='ocrx_word' id='word_1_630' title='bbox 3820 3958 3876 3999; x_wconf 76' lang='lat' dir='ltr'><strong>ex</strong></span> 
     </span>
    </p>
   </div>
   <div class='ocr_carea' id='block_1_87' title="bbox 2243 4037 3880 4111">
    <p class='ocr_par' dir='ltr' id='par_1_87' title="bbox 2243 4037 3880 4111">
     <span class='ocr_line' id='line_1_87' title="bbox 2243 4037 3880 4111; baseline -0.005 -16"><span class='ocrx_word' id='word_1_631' title='bbox 2243 4039 2617 4110; x_wconf 90' lang='lat' dir='ltr'><strong>sequentibus</strong></span> <span class='ocrx_word' id='word_1_632' title='bbox 2638 4039 2956 4110; x_wconf 91' lang='lat' dir='ltr'><strong>quemdam,</strong></span> <span class='ocrx_word' id='word_1_633' title='bbox 2988 4037 3182 4095; x_wconf 88' lang='lat' dir='ltr'><strong>defero</strong></span> <span class='ocrx_word' id='word_1_634' title='bbox 3211 4039 3476 4097; x_wconf 79' lang='lat' dir='ltr'><strong>dominae</strong></span> <span class='ocrx_word' id='word_1_635' title='bbox 3503 4039 3798 4111; x_wconf 87' lang='lat' dir='ltr'><strong>imaginem</strong></span> <span class='ocrx_word' id='word_1_636' title='bbox 3823 4046 3880 4088; x_wconf 79' lang='lat' dir='ltr'><strong>ex</strong></span> 
     </span>
    </p>
   </div>
   <div class='ocr_carea' id='block_1_88' title="bbox 2246 4127 3876 4200">
    <p class='ocr_par' dir='ltr' id='par_1_88' title="bbox 2246 4127 3876 4200">
     <span class='ocr_line' id='line_1_88' title="bbox 2246 4127 3876 4200; baseline -0.005 -16"><span class='ocrx_word' id='word_1_637' title='bbox 2246 4129 2338 4184; x_wconf 92' lang='lat' dir='ltr'><strong>his</strong></span> <span class='ocrx_word' id='word_1_638' title='bbox 2369 4142 2494 4198; x_wconf 69' lang='lat' dir='ltr'><strong>qua:</strong></span> <span class='ocrx_word' id='word_1_639' title='bbox 2531 4127 2654 4183; x_wconf 90' lang='lat' dir='ltr'><strong>illic</strong></span> <span class='ocrx_word' id='word_1_640' title='bbox 2682 4127 2880 4196; x_wconf 73' lang='lat' dir='ltr'><strong>positae</strong></span> <span class='ocrx_word' id='word_1_641' title='bbox 2909 4133 3090 4199; x_wconf 89' lang='lat' dir='ltr'><strong>erant,</strong></span> <span class='ocrx_word' id='word_1_642' title='bbox 3120 4128 3262 4184; x_wconf 87' lang='lat' dir='ltr'><strong>satis</strong></span> <span class='ocrx_word' id='word_1_643' title='bbox 3298 4129 3520 4200; x_wconf 92' lang='lat' dir='ltr'><strong>oppido</strong></span> <span class='ocrx_word' id='word_1_644' title='bbox 3551 4127 3876 4200; x_wconf 87' lang='lat' dir='ltr'><strong>speciosam:</strong></span> 
     </span>
    </p>
   </div>
   <div class='ocr_carea' id='block_1_89' title="bbox 2243 4210 3886 4289">
    <p class='ocr_par' dir='ltr' id='par_1_89' title="bbox 2243 4210 3886 4289">
     <span class='ocr_line' id='line_1_89' title="bbox 2243 4210 3886 4289; baseline -0.005 -17"><span class='ocrx_word' id='word_1_645' title='bbox 2243 4223 2300 4272; x_wconf 91' lang='lat' dir='ltr'><strong>et</strong></span> <span class='ocrx_word' id='word_1_646' title='bbox 2328 4218 2613 4272; x_wconf 89' lang='lat' dir='ltr'><strong>adornaus</strong></span> <span class='ocrx_word' id='word_1_647' title='bbox 2647 4215 2808 4270; x_wconf 89' lang='lat' dir='ltr'><strong>valde</strong></span> <span class='ocrx_word' id='word_1_648' title='bbox 2842 4215 3001 4286; x_wconf 87' lang='lat' dir='ltr'><strong>bene,</strong></span> <span class='ocrx_word' id='word_1_649' title='bbox 3032 4222 3089 4272; x_wconf 89' lang='lat' dir='ltr'><strong>et</strong></span> <span class='ocrx_word' id='word_1_650' title='bbox 3117 4223 3183 4273; x_wconf 86' lang='lat' dir='ltr'><strong>ut</strong></span> <span class='ocrx_word' id='word_1_651' title='bbox 3215 4224 3344 4274; x_wconf 90' lang='lat' dir='ltr'><strong>erat</strong></span> <span class='ocrx_word' id='word_1_652' title='bbox 3386 4218 3668 4289; x_wconf 90' lang='lat' dir='ltr'><strong>possibile</strong></span> <span class='ocrx_word' id='word_1_653' title='bbox 3695 4215 3761 4271; x_wconf 91' lang='lat' dir='ltr'><strong>ad</strong></span> <span class='ocrx_word' id='word_1_654' title='bbox 3792 4210 3886 4267; x_wconf 88' lang='lat' dir='ltr'><strong>evi-</strong></span> 
     </span>
    </p>
   </div>
   <div class='ocr_carea' id='block_1_90' title="bbox 2241 4300 3883 4378">
    <p class='ocr_par' dir='ltr' id='par_1_90' title="bbox 2241 4300 3883 4378">
     <span class='ocr_line' id='line_1_90' title="bbox 2241 4300 3883 4378; baseline -0.005 -18"><span class='ocrx_word' id='word_1_655' title='bbox 2241 4305 2474 4361; x_wconf 89' lang='lat' dir='ltr'><strong>dentius</strong></span> <span class='ocrx_word' id='word_1_656' title='bbox 2505 4307 2890 4374; x_wconf 90' lang='lat' dir='ltr'><strong>apparendum</strong></span> <span class='ocrx_word' id='word_1_657' title='bbox 2921 4311 2979 4360; x_wconf 91' lang='lat' dir='ltr'><strong>et</strong></span> <span class='ocrx_word' id='word_1_658' title='bbox 2998 4307 3409 4378; x_wconf 90' lang='lat' dir='ltr'><strong>reputandum,</strong></span> <span class='ocrx_word' id='word_1_659' title='bbox 3445 4307 3587 4377; x_wconf 88' lang='lat' dir='ltr'><strong>quia</strong></span> <span class='ocrx_word' id='word_1_660' title='bbox 3617 4300 3883 4375; x_wconf 86' lang='lat' dir='ltr'><strong>oportebat</strong></span> 
     </span>
    </p>
   </div>
   <div class='ocr_carea' id='block_1_91' title="bbox 492 4375 3886 4466">
    <p class='ocr_par' dir='ltr' id='par_1_91' title="bbox 492 4375 3886 4466">
     <span class='ocr_line' id='line_1_91' title="bbox 492 4375 3886 4466; baseline -0.004 -10"><span class='ocrx_word' id='word_1_661' title='bbox 492 4375 826 4456; x_wconf 85' lang='lat' dir='ltr'><strong>hominibus</strong></span> <span class='ocrx_word' id='word_1_662' title='bbox 865 4394 1018 4448; x_wconf 91' lang='lat' dir='ltr'><strong>hunc</strong></span> <span class='ocrx_word' id='word_1_663' title='bbox 1052 4391 1322 4446; x_wconf 91' lang='lat' dir='ltr'><strong>miserum</strong></span> <span class='ocrx_word' id='word_1_664' title='bbox 1357 4388 1564 4460; x_wconf 92' lang='lat' dir='ltr'><strong>obtuli,</strong></span> <span class='ocrx_word' id='word_1_665' title='bbox 1601 4393 1657 4444; x_wconf 91' lang='lat' dir='ltr'><strong>et</strong></span> <span class='ocrx_word' id='word_1_666' title='bbox 1686 4389 1836 4444; x_wconf 91' lang='lat' dir='ltr'><strong>nihil</strong></span> <span class='ocrx_word' id='word_1_667' title='bbox 1877 4375 2212 4446; x_wconf 91' lang='lat' dir='ltr'><strong>obtinereD</strong></span> <span class='ocrx_word' id='word_1_668' title='bbox 2243 4407 2276 4449; x_wconf 92' lang='lat' dir='ltr'><strong>a</strong></span> <span class='ocrx_word' id='word_1_669' title='bbox 2326 4394 2570 4450; x_wconf 87' lang='lat' dir='ltr'><strong>maximo</strong></span> <span class='ocrx_word' id='word_1_670' title='bbox 2625 4399 2801 4464; x_wconf 90' lang='lat' dir='ltr'><strong>patre,</strong></span> <span class='ocrx_word' id='word_1_671' title='bbox 2860 4397 3056 4463; x_wconf 89' lang='lat' dir='ltr'><strong>utpote</strong></span> <span class='ocrx_word' id='word_1_672' title='bbox 3104 4393 3222 4461; x_wconf 91' lang='lat' dir='ltr'><strong>jam</strong></span> <span class='ocrx_word' id='word_1_673' title='bbox 3279 4375 3596 4466; x_wconf 77' lang='lat' dir='ltr'><strong>inclinato,</strong></span> <span class='ocrx_word' id='word_1_674' title='bbox 3654 4392 3886 4460; x_wconf 84' lang='lat' dir='ltr'><strong>accipere</strong></span> 
     </span>
    </p>
   </div>
   <div class='ocr_carea' id='block_1_92' title="bbox 489 4477 2132 4558">
    <p class='ocr_par' dir='ltr' id='par_1_92' title="bbox 489 4477 2132 4558">
     <span class='ocr_line' id='line_1_92' title="bbox 489 4477 2132 4558; baseline -0.006 -12"><span class='ocrx_word' id='word_1_675' title='bbox 489 4486 742 4558; x_wconf 88' lang='lat' dir='ltr'><strong>amplius</strong></span> <span class='ocrx_word' id='word_1_676' title='bbox 786 4481 962 4539; x_wconf 89' lang='lat' dir='ltr'><strong>valui.</strong></span> <span class='ocrx_word' id='word_1_677' title='bbox 1009 4479 1090 4535; x_wconf 83' lang='lat' dir='ltr'><strong>Ad</strong></span> <span class='ocrx_word' id='word_1_678' title='bbox 1136 4483 1451 4535; x_wconf 82' lang='lat' dir='ltr'><strong>extremum</strong></span> <span class='ocrx_word' id='word_1_679' title='bbox 1492 4491 1594 4549; x_wconf 89' lang='lat' dir='ltr'><strong>ego</strong></span> <span class='ocrx_word' id='word_1_680' title='bbox 1639 4491 1790 4534; x_wconf 90' lang='lat' dir='ltr'><strong>nunc</strong></span> <span class='ocrx_word' id='word_1_681' title='bbox 1829 4477 1899 4532; x_wconf 90' lang='lat' dir='ltr'><strong>ab</strong></span> <span class='ocrx_word' id='word_1_682' title='bbox 1945 4493 2132 4537; x_wconf 90' lang='lat' dir='ltr'><strong>eremo</strong></span> 
     </span>
    </p>
   </div>
   <div class='ocr_carea' id='block_1_93' title="bbox 488 4565 2136 4639">
    <p class='ocr_par' dir='ltr' id='par_1_93' title="bbox 488 4565 2136 4639">
     <span class='ocr_line' id='line_1_93' title="bbox 488 4565 2136 4639; baseline -0.007 -5"><span class='ocrx_word' id='word_1_683' title='bbox 488 4577 640 4634; x_wconf 90' lang='lat' dir='ltr'><strong>veni.</strong></span> <span class='ocrx_word' id='word_1_684' title='bbox 663 4577 802 4630; x_wconf 91' lang='lat' dir='ltr'><strong>Nam</strong></span> <span class='ocrx_word' id='word_1_685' title='bbox 835 4571 933 4627; x_wconf 92' lang='lat' dir='ltr'><strong>ille</strong></span> <span class='ocrx_word' id='word_1_686' title='bbox 964 4570 1104 4639; x_wconf 91' lang='lat' dir='ltr'><strong>ipse,</strong></span> <span class='ocrx_word' id='word_1_687' title='bbox 1135 4567 1234 4638; x_wconf 89' lang='lat' dir='ltr'><strong>qui</strong></span> <span class='ocrx_word' id='word_1_688' title='bbox 1268 4567 1328 4622; x_wconf 91' lang='lat' dir='ltr'><strong>in</strong></span> <span class='ocrx_word' id='word_1_689' title='bbox 1353 4579 1416 4622; x_wconf 91' lang='lat' dir='ltr'><strong>ea</strong></span> <span class='ocrx_word' id='word_1_690' title='bbox 1440 4579 1554 4636; x_wconf 72' lang='lat' dir='ltr'><strong>piae</strong></span> <span class='ocrx_word' id='word_1_691' title='bbox 1581 4565 1850 4622; x_wconf 91' lang='lat' dir='ltr'><strong>omnibus</strong></span> <span class='ocrx_word' id='word_1_692' title='bbox 1875 4565 1990 4623; x_wconf 90' lang='lat' dir='ltr'><strong>fere</strong></span> <span class='ocrx_word' id='word_1_693' title='bbox 2011 4583 2136 4623; x_wconf 86' lang='lat' dir='ltr'><strong>san-</strong></span> 
     </span>
    </p>
   </div>
   <div class='ocr_carea' id='block_1_94' title="bbox 488 4653 2138 4724">
    <p class='ocr_par' dir='ltr' id='par_1_94' title="bbox 488 4653 2138 4724">
     <span class='ocr_line' id='line_1_94' title="bbox 488 4653 2138 4724; baseline -0.006 -2"><span class='ocrx_word' id='word_1_694' title='bbox 488 4666 602 4723; x_wconf 90' lang='lat' dir='ltr'><strong>ctis</strong></span> <span class='ocrx_word' id='word_1_695' title='bbox 623 4660 896 4719; x_wconf 89' lang='lat' dir='ltr'><strong>miracula</strong></span> <span class='ocrx_word' id='word_1_696' title='bbox 919 4656 1284 4714; x_wconf 90' lang='lat' dir='ltr'><strong>facientibus.</strong></span> <span class='ocrx_word' id='word_1_697' title='bbox 1319 4655 1379 4709; x_wconf 89' lang='lat' dir='ltr'><strong>in</strong></span> <span class='ocrx_word' id='word_1_698' title='bbox 1407 4653 1702 4724; x_wconf 89' lang='lat' dir='ltr'><strong>patrandis</strong></span> <span class='ocrx_word' id='word_1_699' title='bbox 1731 4654 2032 4712; x_wconf 89' lang='lat' dir='ltr'><strong>miraculis</strong></span> <span class='ocrx_word' id='word_1_700' title='bbox 2062 4661 2138 4712; x_wconf 84' lang='lat' dir='ltr'><strong>te-</strong></span> 
     </span>
    </p>
   </div>
   <div class='ocr_carea' id='block_1_95' title="bbox 490 4740 2140 4818">
    <p class='ocr_par' dir='ltr' id='par_1_95' title="bbox 490 4740 2140 4818">
     <span class='ocr_line' id='line_1_95' title="bbox 490 4740 2140 4818; baseline -0.007 -7"><span class='ocrx_word' id='word_1_701' title='bbox 490 4750 826 4812; x_wconf 90' lang='lat' dir='ltr'><strong>stimonium</strong></span> <span class='ocrx_word' id='word_1_702' title='bbox 867 4745 1110 4804; x_wconf 88' lang='lat' dir='ltr'><strong>habebat</strong></span> <span class='ocrx_word' id='word_1_703' title='bbox 1151 4740 1384 4818; x_wconf 87' lang='lat' dir='ltr'><strong>[habet],</strong></span> <span class='ocrx_word' id='word_1_704' title='bbox 1417 4743 1484 4798; x_wconf 90' lang='lat' dir='ltr'><strong>ad</strong></span> <span class='ocrx_word' id='word_1_705' title='bbox 1526 4742 1882 4800; x_wconf 89' lang='lat' dir='ltr'><strong>curationem</strong></span> <span class='ocrx_word' id='word_1_706' title='bbox 1922 4745 2140 4800; x_wconf 85' lang='lat' dir='ltr'><strong>exhor—</strong></span> 
     </span>
    </p>
   </div>
   <div class='ocr_carea' id='block_1_96' title="bbox 488 4831 2132 4914">
    <p class='ocr_par' dir='ltr' id='par_1_96' title="bbox 488 4831 2132 4914">
     <span class='ocr_line' id='line_1_96' title="bbox 488 4831 2132 4914; baseline -0.007 -15"><span class='ocrx_word' id='word_1_707' title='bbox 488 4849 618 4899; x_wconf 90' lang='lat' dir='ltr'><strong>tans</strong></span> <span class='ocrx_word' id='word_1_708' title='bbox 659 4837 799 4914; x_wconf 80' lang='lat' dir='ltr'><strong>[Gr.,</strong></span> <span class='ocrx_word' id='word_1_709' title='bbox 839 4837 908 4892; x_wconf 90' lang='lat' dir='ltr'><strong>ad</strong></span> <span class='ocrx_word' id='word_1_710' title='bbox 941 4833 1295 4892; x_wconf 88' lang='lat' dir='ltr'><strong>curationem</strong></span> <span class='ocrx_word' id='word_1_711' title='bbox 1325 4836 1381 4888; x_wconf 91' lang='lat' dir='ltr'><strong>et</strong></span> <span class='ocrx_word' id='word_1_712' title='bbox 1421 4831 1542 4901; x_wconf 89' lang='lat' dir='ltr'><strong>ipse</strong></span> <span class='ocrx_word' id='word_1_713' title='bbox 1573 4832 1723 4888; x_wconf 90' lang='lat' dir='ltr'><strong>nihil</strong></span> <span class='ocrx_word' id='word_1_714' title='bbox 1764 4831 2088 4906; x_wconf 85' lang='lat' dir='ltr'><strong>proficiens]</strong></span> <span class='ocrx_word' id='word_1_715' title='bbox 2121 4851 2132 4888; x_wconf 95' lang='lat'><strong>:</strong></span> 
     </span>
    </p>
   </div>
   <div class='ocr_carea' id='block_1_97' title="bbox 486 4921 2134 5000">
    <p class='ocr_par' dir='ltr' id='par_1_97' title="bbox 486 4921 2134 5000">
     <span class='ocr_line' id='line_1_97' title="bbox 486 4921 2134 5000; baseline -0.007 -13"><span class='ocrx_word' id='word_1_716' title='bbox 486 4930 658 5000; x_wconf 86' lang='lat' dir='ltr'><strong>Vade,</strong></span> <span class='ocrx_word' id='word_1_717' title='bbox 701 4925 913 4997; x_wconf 90' lang='lat' dir='ltr'><strong>inquit,</strong></span> <span class='ocrx_word' id='word_1_718' title='bbox 953 4924 1022 4980; x_wconf 90' lang='lat' dir='ltr'><strong>ad</strong></span> <span class='ocrx_word' id='word_1_719' title='bbox 1071 4925 1340 4978; x_wconf 86' lang='lat' dir='ltr'><strong>Joannem</strong></span> <span class='ocrx_word' id='word_1_720' title='bbox 1403 4921 1787 4991; x_wconf 88' lang='lat' dir='ltr'><strong>patriarcham</strong></span> <span class='ocrx_word' id='word_1_721' title='bbox 1846 4934 2134 4993; x_wconf 83' lang='lat' dir='ltr'><strong>magnum,</strong></span> 
     </span>
    </p>
   </div>
   <div class='ocr_carea' id='block_1_98' title="bbox 489 5012 2140 5091">
    <p class='ocr_par' dir='ltr' id='par_1_98' title="bbox 489 5012 2140 5091">
     <span class='ocr_line' id='line_1_98' title="bbox 489 5012 2140 5091; baseline -0.006 -13"><span class='ocrx_word' id='word_1_722' title='bbox 489 5021 734 5091; x_wconf 86' lang='lat' dir='ltr'><strong>indeque</strong></span> <span class='ocrx_word' id='word_1_723' title='bbox 775 5015 922 5072; x_wconf 92' lang='lat' dir='ltr'><strong>feres</strong></span> <span class='ocrx_word' id='word_1_724' title='bbox 967 5027 1097 5070; x_wconf 91' lang='lat' dir='ltr'><strong>cum</strong></span> <span class='ocrx_word' id='word_1_725' title='bbox 1141 5012 1536 5068; x_wconf 88' lang='lat' dir='ltr'><strong>benedictione</strong></span> <span class='ocrx_word' id='word_1_726' title='bbox 1573 5012 1783 5068; x_wconf 92' lang='lat' dir='ltr'><strong>summi</strong></span> <span class='ocrx_word' id='word_1_727' title='bbox 1823 5013 2140 5069; x_wconf 90' lang='lat' dir='ltr'><strong>sacerdotis</strong></span> 
     </span>
    </p>
   </div>
   <div class='ocr_carea' id='block_1_99' title="bbox 485 5100 2140 5175">
    <p class='ocr_par' dir='ltr' id='par_1_99' title="bbox 485 5100 2140 5175">
     <span class='ocr_line' id='line_1_99' title="bbox 485 5100 2140 5175; baseline -0.006 -8"><span class='ocrx_word' id='word_1_728' title='bbox 485 5109 587 5166; x_wconf 91' lang='lat' dir='ltr'><strong>Dei</strong></span> <span class='ocrx_word' id='word_1_729' title='bbox 617 5103 1026 5175; x_wconf 91' lang='lat' dir='ltr'><strong>omnipotentis</strong></span> <span class='ocrx_word' id='word_1_730' title='bbox 1061 5101 1366 5172; x_wconf 89' lang='lat' dir='ltr'><strong>imaginem</strong></span> <span class='ocrx_word' id='word_1_731' title='bbox 1403 5100 1662 5171; x_wconf 88' lang='lat' dir='ltr'><strong>Virginis</strong></span> <span class='ocrx_word' id='word_1_732' title='bbox 1689 5100 1891 5156; x_wconf 89' lang='lat' dir='ltr'><strong>matris</strong></span> <span class='ocrx_word' id='word_1_733' title='bbox 1918 5102 2019 5157; x_wconf 90' lang='lat' dir='ltr'><strong>Dei</strong></span> <span class='ocrx_word' id='word_1_734' title='bbox 2045 5119 2061 5169; x_wconf 85' lang='lat'><strong>;</strong></span> <span class='ocrx_word' id='word_1_735' title='bbox 2083 5108 2140 5158; x_wconf 92' lang='lat' dir='ltr'><strong>et</strong></span> 
     </span>
    </p>
   </div>
   <div class='ocr_carea' id='block_1_100' title="bbox 488 5187 2140 5270">
    <p class='ocr_par' dir='ltr' id='par_1_100' title="bbox 488 5187 2140 5270">
     <span class='ocr_line' id='line_1_100' title="bbox 488 5187 2140 5270; baseline -0.015 -14"><span class='ocrx_word' id='word_1_736' title='bbox 488 5199 623 5270; x_wconf 87' lang='lat' dir='ltr'><strong>ibis,</strong></span> <span class='ocrx_word' id='word_1_737' title='bbox 649 5200 707 5252; x_wconf 91' lang='lat' dir='ltr'><strong>et</strong></span> <span class='ocrx_word' id='word_1_738' title='bbox 728 5191 982 5265; x_wconf 90' lang='lat' dir='ltr'><strong>portabis</strong></span> <span class='ocrx_word' id='word_1_739' title='bbox 1013 5190 1318 5262; x_wconf 84' lang='lat' dir='ltr'><strong>imaginem</strong></span> <span class='ocrx_word' id='word_1_740' title='bbox 1351 5189 1412 5244; x_wconf 91' lang='lat' dir='ltr'><strong>in</strong></span> <span class='ocrx_word' id='word_1_741' title='bbox 1441 5187 1695 5258; x_wconf 90' lang='lat' dir='ltr'><strong>domum,</strong></span> <span class='ocrx_word' id='word_1_742' title='bbox 1737 5188 1796 5243; x_wconf 90' lang='lat' dir='ltr'><strong>in</strong></span> <span class='ocrx_word' id='word_1_743' title='bbox 1829 5203 1940 5258; x_wconf 91' lang='lat' dir='ltr'><strong>qua</strong></span> <span class='ocrx_word' id='word_1_744' title='bbox 1961 5189 2140 5256; x_wconf 58' lang='lat' dir='ltr'><strong>,habi.</strong></span> 
     </span>
    </p>
   </div>
   <div class='ocr_carea' id='block_1_101' title="bbox 554 5328 2132 5402">
    <p class='ocr_par' dir='ltr' id='par_1_101' title="bbox 554 5328 2132 5402">
     <span class='ocr_line' id='line_1_101' title="bbox 554 5328 2132 5402; baseline -0.005 -8"><span class='ocrx_word' id='word_1_745' title='bbox 554 5351 586 5382; x_wconf 72' lang='grc' dir='ltr'><strong>ιι</strong></span> <span class='ocrx_word' id='word_1_746' title='bbox 610 5339 809 5395; x_wconf 85' lang='lat' dir='ltr'><strong>Exstat</strong></span> <span class='ocrx_word' id='word_1_747' title='bbox 827 5332 1104 5402; x_wconf 89' lang='lat' dir='ltr'><strong>antiquus</strong></span> <span class='ocrx_word' id='word_1_748' title='bbox 1121 5330 1297 5386; x_wconf 82' lang='lat' dir='ltr'><strong>codex</strong></span> <span class='ocrx_word' id='word_1_749' title='bbox 1313 5331 1433 5402; x_wconf 75' lang='lat' dir='ltr'><strong>Vat.</strong></span> <span class='ocrx_word' id='word_1_750' title='bbox 1462 5328 1522 5402; x_wconf 84' lang='lat' dir='ltr'><strong>in</strong></span> <span class='ocrx_word' id='word_1_751' title='bbox 1545 5343 1657 5402; x_wconf 89' lang='lat' dir='ltr'><strong>quo</strong></span> <span class='ocrx_word' id='word_1_752' title='bbox 1687 5329 1877 5384; x_wconf 61' lang='lat' dir='ltr'><strong>multa;</strong></span> <span class='ocrx_word' id='word_1_753' title='bbox 1902 5331 2132 5402; x_wconf 84' lang='lat' dir='ltr'><strong>Patrum</strong></span> 
     </span>
    </p>
   </div>
   <div class='ocr_carea' id='block_1_102' title="bbox 482 5399 2134 5528">
    <p class='ocr_par' dir='ltr' id='par_1_102' title="bbox 482 5399 2134 5528">
     <span class='ocr_line' id='line_1_102' title="bbox 482 5399 2133 5474; baseline -0.007 -5"><span class='ocrx_word' id='word_1_754' title='bbox 482 5409 777 5469; x_wconf 69' lang='lat' dir='ltr'><strong>sententia:</strong></span> <span class='ocrx_word' id='word_1_755' title='bbox 822 5399 1023 5474; x_wconf 66' lang='lat' dir='ltr'><strong>praeter</strong></span> <span class='ocrx_word' id='word_1_756' title='bbox 1061 5415 1156 5456; x_wconf 89' lang='lat' dir='ltr'><strong>eas</strong></span> <span class='ocrx_word' id='word_1_757' title='bbox 1191 5414 1315 5472; x_wconf 65' lang='lat' dir='ltr'><strong>quae</strong></span> <span class='ocrx_word' id='word_1_758' title='bbox 1351 5399 1446 5454; x_wconf 90' lang='lat' dir='ltr'><strong>hic</strong></span> <span class='ocrx_word' id='word_1_759' title='bbox 1495 5399 1795 5468; x_wconf 87' lang='lat' dir='ltr'><strong>habentur,</strong></span> <span class='ocrx_word' id='word_1_760' title='bbox 1834 5406 1890 5456; x_wconf 91' lang='lat' dir='ltr'><strong>et</strong></span> <span class='ocrx_word' id='word_1_761' title='bbox 1925 5401 1983 5456; x_wconf 71' lang='grc' dir='ltr'><strong>Ρη</strong></span> <span class='ocrx_word' id='word_1_762' title='bbox 2030 5403 2133 5458; x_wconf 87' lang='lat' dir='ltr'><strong>hac</strong></span> 
     </span>
     <span class='ocr_line' id='line_1_103' title="bbox 482 5470 2134 5528; baseline 0 0"><span class='ocrx_word' id='word_1_763' title='bbox 482 5481 696 5528; x_wconf 69' lang='lat' dir='ltr'><strong>summio</strong></span> <span class='ocrx_word' id='word_1_764' title='bbox 726 5477 976 5528; x_wconf 67' lang='lat' dir='ltr'><strong>recitatae</strong></span> <span class='ocrx_word' id='word_1_765' title='bbox 1007 5478 1162 5528; x_wconf 88' lang='lat' dir='ltr'><strong>sunt.</strong></span> <span class='ocrx_word' id='word_1_766' title='bbox 1199 5472 1426 5527; x_wconf 63' lang='lat' dir='ltr'><strong>insertae</strong></span> <span class='ocrx_word' id='word_1_767' title='bbox 1453 5470 1740 5525; x_wconf 88' lang='lat' dir='ltr'><strong>videntur.</strong></span> <span class='ocrx_word' id='word_1_768' title='bbox 1774 5471 1915 5527; x_wconf 90' lang='lat' dir='ltr'><strong>Nam</strong></span> <span class='ocrx_word' id='word_1_769' title='bbox 1949 5487 2134 5528; x_wconf 78' lang='lat' dir='ltr'><strong>neque</strong></span> 
     </span>
    </p>
   </div>
   <div class='ocr_carea' id='block_1_103' title="bbox 479 5475 2127 5612">
    <p class='ocr_par' dir='ltr' id='par_1_103' title="bbox 479 5475 2127 5612">
     <span class='ocr_line' id='line_1_104' title="bbox 481 5475 2127 5554; baseline -0.007 -14"><span class='ocrx_word' id='word_1_770' title='bbox 481 5481 696 5554; x_wconf 90' lang='lat' dir='ltr'><strong>synodo</strong></span> <span class='ocrx_word' id='word_1_771' title='bbox 726 5477 976 5534; x_wconf 73' lang='lat' dir='ltr'><strong>recitatae</strong></span> <span class='ocrx_word' id='word_1_772' title='bbox 1007 5478 1162 5545; x_wconf 92' lang='lat' dir='ltr'><strong>sunt,</strong></span> <span class='ocrx_word' id='word_1_773' title='bbox 1199 5475 1426 5527; x_wconf 63' lang='lat' dir='ltr'><strong>insertae</strong></span> <span class='ocrx_word' id='word_1_774' title='bbox 1453 5475 1740 5525; x_wconf 88' lang='lat' dir='ltr'><strong>videntur.</strong></span> <span class='ocrx_word' id='word_1_775' title='bbox 1774 5475 1915 5527; x_wconf 90' lang='lat' dir='ltr'><strong>Nam</strong></span> <span class='ocrx_word' id='word_1_776' title='bbox 1949 5487 2127 5542; x_wconf 89' lang='lat' dir='ltr'><strong>neque</strong></span> 
     </span>
     <span class='ocr_line' id='line_1_105' title="bbox 479 5541 2127 5612; baseline -0.007 -1"><span class='ocrx_word' id='word_1_777' title='bbox 479 5551 672 5610; x_wconf 89' lang='lat' dir='ltr'><strong>ordini</strong></span> <span class='ocrx_word' id='word_1_778' title='bbox 693 5544 1201 5606; x_wconf 88' lang='lat' dir='ltr'><strong>interlocutionum</strong></span> <span class='ocrx_word' id='word_1_779' title='bbox 1223 5541 1566 5612; x_wconf 89' lang='lat' dir='ltr'><strong>respondent</strong></span> <span class='ocrx_word' id='word_1_780' title='bbox 1588 5553 1769 5612; x_wconf 89' lang='lat' dir='ltr'><strong>neque</strong></span> <span class='ocrx_word' id='word_1_781' title='bbox 1787 5542 1844 5598; x_wconf 93' lang='lat' dir='ltr'><strong>in</strong></span> <span class='ocrx_word' id='word_1_782' title='bbox 1867 5543 1986 5600; x_wconf 92' lang='lat' dir='ltr'><strong>ullo</strong></span> <span class='ocrx_word' id='word_1_783' title='bbox 2011 5543 2127 5600; x_wconf 89' lang='lat' dir='ltr'><strong>alio</strong></span> 
     </span>
    </p>
   </div>
   <div class='ocr_carea' id='block_1_104' title="bbox 2246 4478 3884 4554">
    <p class='ocr_par' dir='ltr' id='par_1_104' title="bbox 2246 4478 3884 4554">
     <span class='ocr_line' id='line_1_106' title="bbox 2246 4478 3884 4554; baseline -0.004 -15"><span class='ocrx_word' id='word_1_784' title='bbox 2246 4483 2550 4554; x_wconf 86' lang='lat' dir='ltr'><strong>imaginem</strong></span> <span class='ocrx_word' id='word_1_785' title='bbox 2585 4478 2726 4554; x_wconf 90' lang='lat' dir='ltr'><strong>[Gr.,</strong></span> <span class='ocrx_word' id='word_1_786' title='bbox 2759 4483 2896 4551; x_wconf 90' lang='lat' dir='ltr'><strong>quia</strong></span> <span class='ocrx_word' id='word_1_787' title='bbox 2917 4496 2949 4536; x_wconf 93' lang='lat' dir='ltr'><strong>a</strong></span> <span class='ocrx_word' id='word_1_788' title='bbox 2972 4481 3218 4537; x_wconf 89' lang='lat' dir='ltr'><strong>maximo</strong></span> <span class='ocrx_word' id='word_1_789' title='bbox 3249 4489 3420 4551; x_wconf 89' lang='lat' dir='ltr'><strong>patre</strong></span> <span class='ocrx_word' id='word_1_790' title='bbox 3457 4491 3545 4540; x_wconf 91' lang='lat' dir='ltr'><strong>ut.</strong></span> <span class='ocrx_word' id='word_1_791' title='bbox 3585 4483 3626 4538; x_wconf 92' lang='lat' dir='ltr'><strong>i.</strong></span> <span class='ocrx_word' id='word_1_792' title='bbox 3665 4483 3770 4538; x_wconf 90' lang='lat' dir='ltr'><strong>inc.</strong></span> <span class='ocrx_word' id='word_1_793' title='bbox 3795 4491 3884 4533; x_wconf 86' lang='lat' dir='ltr'><strong>ao—</strong></span> 
     </span>
    </p>
   </div>
   <div class='ocr_carea' id='block_1_105' title="bbox 2244 4564 3884 4643">
    <p class='ocr_par' dir='ltr' id='par_1_105' title="bbox 2244 4564 3884 4643">
     <span class='ocr_line' id='line_1_107' title="bbox 2244 4564 3884 4643; baseline -0.005 -15"><span class='ocrx_word' id='word_1_794' title='bbox 2244 4576 2464 4640; x_wconf 90' lang='lat' dir='ltr'><strong>ceptam</strong></span> <span class='ocrx_word' id='word_1_795' title='bbox 2513 4569 2776 4624; x_wconf 88' lang='lat' dir='ltr'><strong>haberem</strong></span> <span class='ocrx_word' id='word_1_796' title='bbox 2835 4565 3186 4642; x_wconf 88' lang='lat' dir='ltr'><strong>imaginem],</strong></span> <span class='ocrx_word' id='word_1_797' title='bbox 3241 4571 3413 4628; x_wconf 91' lang='lat' dir='ltr'><strong>tenui</strong></span> <span class='ocrx_word' id='word_1_798' title='bbox 3467 4573 3637 4643; x_wconf 89' lang='lat' dir='ltr'><strong>hanc,</strong></span> <span class='ocrx_word' id='word_1_799' title='bbox 3681 4575 3737 4627; x_wconf 92' lang='lat' dir='ltr'><strong>et</strong></span> <span class='ocrx_word' id='word_1_800' title='bbox 3771 4564 3884 4625; x_wconf 87' lang='lat' dir='ltr'><strong>dedi</strong></span> 
     </span>
    </p>
   </div>
   <div class='ocr_carea' id='block_1_106' title="bbox 2246 4655 3887 4730">
    <p class='ocr_par' dir='ltr' id='par_1_106' title="bbox 2246 4655 3887 4730">
     <span class='ocr_line' id='line_1_108' title="bbox 2246 4655 3887 4730; baseline -0.006 -14"><span class='ocrx_word' id='word_1_801' title='bbox 2246 4659 2478 4716; x_wconf 90' lang='lat' dir='ltr'><strong>mulieri</strong></span> <span class='ocrx_word' id='word_1_802' title='bbox 2503 4677 2518 4728; x_wconf 70' lang='grc' dir='ltr'>ς</span> <span class='ocrx_word' id='word_1_803' title='bbox 2541 4671 2814 4728; x_wconf 88' lang='lat' dir='ltr'><strong>orareque</strong></span> <span class='ocrx_word' id='word_1_804' title='bbox 2858 4671 2959 4727; x_wconf 91' lang='lat' dir='ltr'><strong>pro</strong></span> <span class='ocrx_word' id='word_1_805' title='bbox 2995 4657 3180 4729; x_wconf 92' lang='lat' dir='ltr'><strong>nobis,</strong></span> <span class='ocrx_word' id='word_1_806' title='bbox 3215 4663 3272 4714; x_wconf 91' lang='lat' dir='ltr'><strong>et</strong></span> <span class='ocrx_word' id='word_1_807' title='bbox 3303 4661 3660 4729; x_wconf 71' lang='lat' dir='ltr'><strong>patriarcha:</strong></span> <span class='ocrx_word' id='word_1_808' title='bbox 3695 4655 3887 4730; x_wconf 85' lang='lat' dir='ltr'><strong>gratias</strong></span> 
     </span>
    </p>
   </div>
   <div class='ocr_carea' id='block_1_107' title="bbox 2247 4745 3885 4820">
    <p class='ocr_par' dir='ltr' id='par_1_107' title="bbox 2247 4745 3885 4820">
     <span class='ocr_line' id='line_1_109' title="bbox 2247 4745 3885 4820; baseline -0.005 -16"><span class='ocrx_word' id='word_1_809' title='bbox 2247 4748 2458 4804; x_wconf 92' lang='lat' dir='ltr'><strong>multas</strong></span> <span class='ocrx_word' id='word_1_810' title='bbox 2486 4745 2767 4815; x_wconf 85' lang='lat' dir='ltr'><strong>confiteri,</strong></span> <span class='ocrx_word' id='word_1_811' title='bbox 2800 4751 2972 4817; x_wconf 92' lang='lat' dir='ltr'><strong>atque</strong></span> <span class='ocrx_word' id='word_1_812' title='bbox 2999 4746 3160 4801; x_wconf 89' lang='lat' dir='ltr'><strong>abire</strong></span> <span class='ocrx_word' id='word_1_813' title='bbox 3187 4761 3323 4802; x_wconf 88' lang='lat' dir='ltr'><strong>cum</strong></span> <span class='ocrx_word' id='word_1_814' title='bbox 3365 4749 3592 4820; x_wconf 89' lang='lat' dir='ltr'><strong>gaudio</strong></span> <span class='ocrx_word' id='word_1_815' title='bbox 3621 4745 3885 4818; x_wconf 87' lang='lat' dir='ltr'><strong>jubebam.</strong></span> 
     </span>
    </p>
   </div>
   <div class='ocr_carea' id='block_1_108' title="bbox 2246 4828 3890 4908">
    <p class='ocr_par' dir='ltr' id='par_1_108' title="bbox 2246 4828 3890 4908">
     <span class='ocr_line' id='line_1_110' title="bbox 2246 4828 3890 4908; baseline -0.005 -16"><span class='ocrx_word' id='word_1_816' title='bbox 2246 4838 2318 4892; x_wconf 88' lang='lat' dir='ltr'><strong>At</strong></span> <span class='ocrx_word' id='word_1_817' title='bbox 2353 4836 2454 4892; x_wconf 89' lang='lat' dir='ltr'><strong>illa</strong></span> <span class='ocrx_word' id='word_1_818' title='bbox 2485 4833 2838 4890; x_wconf 90' lang='lat' dir='ltr'><strong>liberabatur</strong></span> <span class='ocrx_word' id='word_1_819' title='bbox 2875 4834 3162 4891; x_wconf 89' lang='lat' dir='ltr'><strong>modicum</strong></span> <span class='ocrx_word' id='word_1_820' title='bbox 3200 4830 3348 4908; x_wconf 83' lang='lat' dir='ltr'><strong>[Gr.,</strong></span> <span class='ocrx_word' id='word_1_821' title='bbox 3391 4828 3821 4908; x_wconf 90' lang='lat' dir='ltr'><strong>propemodum]</strong></span> <span class='ocrx_word' id='word_1_822' title='bbox 3845 4835 3890 4883; x_wconf 88' lang='lat' dir='ltr'><strong>et</strong></span> 
     </span>
    </p>
   </div>
   <div class='ocr_carea' id='block_1_109' title="bbox 2251 4915 3889 5000">
    <p class='ocr_par' dir='ltr' id='par_1_109' title="bbox 2251 4915 3889 5000">
     <span class='ocr_line' id='line_1_111' title="bbox 2251 4915 3889 5000; baseline -0.004 -19"><span class='ocrx_word' id='word_1_823' title='bbox 2251 4926 2626 4993; x_wconf 87' lang='lat' dir='ltr'><strong>exsultans,et</strong></span> <span class='ocrx_word' id='word_1_824' title='bbox 2660 4937 2772 4979; x_wconf 90' lang='lat' dir='ltr'><strong>non</strong></span> <span class='ocrx_word' id='word_1_825' title='bbox 2817 4923 3029 4978; x_wconf 89' lang='lat' dir='ltr'><strong>habens</strong></span> <span class='ocrx_word' id='word_1_826' title='bbox 3064 4924 3212 4993; x_wconf 89' lang='lat' dir='ltr'><strong>quod</strong></span> <span class='ocrx_word' id='word_1_827' title='bbox 3255 4922 3484 4982; x_wconf 90' lang='lat' dir='ltr'><strong>faceret</strong></span> <span class='ocrx_word' id='word_1_828' title='bbox 3527 4922 3672 5000; x_wconf 90' lang='lat' dir='ltr'><strong>[Gr.,</strong></span> <span class='ocrx_word' id='word_1_829' title='bbox 3713 4915 3889 4992; x_wconf 83' lang='lat' dir='ltr'><strong>fieret].</strong></span> 
     </span>
    </p>
   </div>
   <div class='ocr_carea' id='block_1_110' title="bbox 2249 5003 3890 5086">
    <p class='ocr_par' dir='ltr' id='par_1_110' title="bbox 2249 5003 3890 5086">
     <span class='ocr_line' id='line_1_112' title="bbox 2249 5003 3890 5086; baseline -0.004 -17"><span class='ocrx_word' id='word_1_830' title='bbox 2249 5015 2407 5070; x_wconf 87' lang='lat' dir='ltr'><strong>Unde</strong></span> <span class='ocrx_word' id='word_1_831' title='bbox 2438 5018 2496 5068; x_wconf 91' lang='lat' dir='ltr'><strong>et</strong></span> <span class='ocrx_word' id='word_1_832' title='bbox 2531 5016 2654 5068; x_wconf 84' lang='lat' dir='ltr'><strong>erat</strong></span> <span class='ocrx_word' id='word_1_833' title='bbox 2691 5003 2997 5082; x_wconf 82' lang='lat' dir='ltr'><strong>utriusque</strong></span> <span class='ocrx_word' id='word_1_834' title='bbox 3031 5011 3196 5082; x_wconf 90' lang='lat' dir='ltr'><strong>quasi</strong></span> <span class='ocrx_word' id='word_1_835' title='bbox 3239 5012 3578 5070; x_wconf 87' lang='lat' dir='ltr'><strong>dimidium</strong></span> <span class='ocrx_word' id='word_1_836' title='bbox 3618 5011 3890 5086; x_wconf 82' lang='lat' dir='ltr'><strong>gaudium.</strong></span> 
     </span>
    </p>
   </div>
   <div class='ocr_carea' id='block_1_111' title="bbox 2247 5095 3896 5174">
    <p class='ocr_par' dir='ltr' id='par_1_111' title="bbox 2247 5095 3896 5174">
     <span class='ocr_line' id='line_1_113' title="bbox 2247 5095 3896 5174; baseline -0.004 -16"><span class='ocrx_word' id='word_1_837' title='bbox 2247 5105 2386 5158; x_wconf 88' lang='lat' dir='ltr'><strong>Nam</strong></span> <span class='ocrx_word' id='word_1_838' title='bbox 2411 5115 2514 5172; x_wconf 85' lang='lat' dir='ltr'><strong>ego</strong></span> <span class='ocrx_word' id='word_1_839' title='bbox 2539 5101 2769 5172; x_wconf 89' lang='lat' dir='ltr'><strong>quidem</strong></span> <span class='ocrx_word' id='word_1_840' title='bbox 2808 5101 3116 5170; x_wconf 84' lang='lat' dir='ltr'><strong>putabatur</strong></span> <span class='ocrx_word' id='word_1_841' title='bbox 3153 5097 3297 5174; x_wconf 82' lang='lat' dir='ltr'><strong>[Gr.,</strong></span> <span class='ocrx_word' id='word_1_842' title='bbox 3341 5104 3624 5172; x_wconf 87' lang='lat' dir='ltr'><strong>putabar,</strong></span> <span class='ocrx_word' id='word_1_843' title='bbox 3666 5117 3778 5163; x_wconf 84' lang='lat' dir='ltr'><strong>seu,</strong></span> <span class='ocrx_word' id='word_1_844' title='bbox 3813 5095 3896 5152; x_wconf 87' lang='lat' dir='ltr'><strong>vi—</strong></span> 
     </span>
    </p>
   </div>
   <div class='ocr_carea' id='block_1_112' title="bbox 2247 5187 3898 5264">
    <p class='ocr_par' dir='ltr' id='par_1_112' title="bbox 2247 5187 3898 5264">
     <span class='ocr_line' id='line_1_114' title="bbox 2247 5187 3898 5264; baseline -0.003 -18"><span class='ocrx_word' id='word_1_845' title='bbox 2247 5187 2464 5264; x_wconf 88' lang='lat' dir='ltr'><strong>debar],</strong></span> <span class='ocrx_word' id='word_1_846' title='bbox 2495 5203 2607 5246; x_wconf 93' lang='lat' dir='ltr'><strong>non</strong></span> <span class='ocrx_word' id='word_1_847' title='bbox 2649 5194 2838 5246; x_wconf 92' lang='lat' dir='ltr'><strong>autem</strong></span> <span class='ocrx_word' id='word_1_848' title='bbox 2873 5189 3204 5262; x_wconf 77' lang='lat' dir='ltr'><strong>gaudebam.</strong></span> <span class='ocrx_word' id='word_1_849' title='bbox 3245 5190 3358 5246; x_wconf 90' lang='lat' dir='ltr'><strong>Illa</strong></span> <span class='ocrx_word' id='word_1_850' title='bbox 3389 5205 3533 5250; x_wconf 89' lang='lat' dir='ltr'><strong>vero</strong></span> <span class='ocrx_word' id='word_1_851' title='bbox 3567 5199 3626 5248; x_wconf 86' lang='lat' dir='ltr'><strong>et</strong></span> <span class='ocrx_word' id='word_1_852' title='bbox 3671 5187 3898 5262; x_wconf 84' lang='lat' dir='ltr'><strong>putaba—</strong></span> 
     </span>
    </p>
   </div>
   <div class='ocr_carea' id='block_1_113' title="bbox 2246 5331 3902 5402">
    <p class='ocr_par' dir='ltr' id='par_1_113' title="bbox 2246 5331 3902 5402">
     <span class='ocr_line' id='line_1_115' title="bbox 2246 5331 3902 5402; baseline -0.004 -13"><span class='ocrx_word' id='word_1_853' title='bbox 2246 5333 2440 5389; x_wconf 89' lang='lat' dir='ltr'><strong>codice</strong></span> <span class='ocrx_word' id='word_1_854' title='bbox 2488 5338 2722 5402; x_wconf 72' lang='lat' dir='ltr'><strong>repertm</strong></span> <span class='ocrx_word' id='word_1_855' title='bbox 2769 5337 2920 5389; x_wconf 88' lang='lat' dir='ltr'><strong>sunt.</strong></span> <span class='ocrx_word' id='word_1_856' title='bbox 2962 5335 3043 5388; x_wconf 87' lang='lat' dir='ltr'><strong>Ex</strong></span> <span class='ocrx_word' id='word_1_857' title='bbox 3085 5331 3324 5389; x_wconf 91' lang='lat' dir='ltr'><strong>insertis</strong></span> <span class='ocrx_word' id='word_1_858' title='bbox 3371 5349 3494 5392; x_wconf 85' lang='lat' dir='ltr'><strong>una</strong></span> <span class='ocrx_word' id='word_1_859' title='bbox 3531 5350 3660 5392; x_wconf 89' lang='lat' dir='ltr'><strong>esse</strong></span> <span class='ocrx_word' id='word_1_860' title='bbox 3695 5333 3902 5389; x_wconf 85' lang='lat' dir='ltr'><strong>videtur</strong></span> 
     </span>
    </p>
   </div>
   <div class='ocr_carea' id='block_1_114' title="bbox 2247 5404 3904 5474">
    <p class='ocr_par' dir='ltr' id='par_1_114' title="bbox 2247 5404 3904 5474">
     <span class='ocr_line' id='line_1_116' title="bbox 2247 5404 3904 5474; baseline -0.001 -15"><span class='ocrx_word' id='word_1_861' title='bbox 2247 5405 2363 5459; x_wconf 68' lang='lat' dir='ltr'><strong>hzec</strong></span> <span class='ocrx_word' id='word_1_862' title='bbox 2395 5404 2618 5474; x_wconf 82' lang='lat' dir='ltr'><strong>Photini</strong></span> <span class='ocrx_word' id='word_1_863' title='bbox 2655 5405 2908 5472; x_wconf 85' lang='lat' dir='ltr'><strong>narratio</strong></span> <span class='ocrx_word' id='word_1_864' title='bbox 2937 5419 3065 5461; x_wconf 91' lang='lat' dir='ltr'><strong>cum</strong></span> <span class='ocrx_word' id='word_1_865' title='bbox 3093 5418 3203 5460; x_wconf 89' lang='lat' dir='ltr'><strong>non</strong></span> <span class='ocrx_word' id='word_1_866' title='bbox 3231 5404 3292 5458; x_wconf 92' lang='lat' dir='ltr'><strong>in</strong></span> <span class='ocrx_word' id='word_1_867' title='bbox 3316 5407 3610 5464; x_wconf 90' lang='lat' dir='ltr'><strong>omnibus</strong></span> <span class='ocrx_word' id='word_1_868' title='bbox 3638 5405 3808 5474; x_wconf 88' lang='lat' dir='ltr'><strong>hujus</strong></span> <span class='ocrx_word' id='word_1_869' title='bbox 3830 5414 3904 5468; x_wconf 84' lang='lat' dir='ltr'><strong>sy-</strong></span> 
     </span>
    </p>
   </div>
   <div class='ocr_carea' id='block_1_115' title="bbox 2245 5473 3284 5548">
    <p class='ocr_par' dir='ltr' id='par_1_115' title="bbox 2245 5473 3284 5548">
     <span class='ocr_line' id='line_1_117' title="bbox 2245 5473 3284 5548; baseline 0 -18"><span class='ocrx_word' id='word_1_870' title='bbox 2245 5475 2378 5530; x_wconf 90' lang='lat' dir='ltr'><strong>nodi</strong></span> <span class='ocrx_word' id='word_1_871' title='bbox 2413 5473 2584 5532; x_wconf 89' lang='lat' dir='ltr'><strong>libris</strong></span> <span class='ocrx_word' id='word_1_872' title='bbox 2617 5475 2859 5548; x_wconf 88' lang='lat' dir='ltr'><strong>legatur.</strong></span> <span class='ocrx_word' id='word_1_873' title='bbox 3275 5486 3284 5494; x_wconf 80' lang='lat'><strong>&#39;</strong></span> 
     </span>
    </p>
   </div>
  </div>
