4012 6162
244 239 334 296 343
953 234 1499 294 INTERPRETATIO
1538 232 1786 291 SYNODI
1816 230 1910 288 VII
1944 229 2347 288 GENERALIS.
2366 263 2440 274 —
2473 235 2674 292 ACTIO
2702 238 2788 292 IV.
3523 232 3630 291 344

242 361 341 425 tur,
369 361 424 410 et
446 353 738 425 gaudebat
764 371 777 407 :
804 352 899 408 sed
922 350 1168 408 intentio
1195 357 1253 408 et
1275 352 1358 408 rei
1390 350 1525 407 ﬁnis
1555 363 1666 405 non
1697 346 1878 403 habe—
1904 345 1963 405 A
1984 340 2185 403 faciem
2228 344 2366 422 [Gr.,
2408 354 2534 421 post
2572 365 2704 407 vero
2742 350 2807 422 f.]
2848 352 3117 423 intuitus,
3160 351 3431 408 arbitrari
3460 351 3631 422 empi-

243 444 320 499 bat
346 442 606 498 initium.
642 444 800 498 Tunc
828 455 961 513 ergo
985 441 1166 496 animi
1196 439 1588 508 defectionem,
1617 450 1744 508 quae
1774 449 1877 491 nos
1988 434 2133 491 hanc
2171 436 2328 493 illam
2352 452 2475 494 esse
2503 453 2630 510 qua:
2654 439 2813 496 olim.
2836 438 3164 510 Apponebat
3189 440 3398 511 quippe
3422 440 3625 511 ethoc,

242 533 574 601 obtinuerat,
647 530 933 586 consolari
994 529 1191 585 taliter
1253 529 1543 598 opinatus,
1591 524 1873 595 acquisivi

239 621 377 676 aliud
423 616 569 693 [Gr.,
602 619 823 687 aliam],
860 618 1248 688 contemplans
1283 622 1340 673 et
1369 620 1657 686 reputans,
1687 626 1873 684 quem,

240 709 471 779 quando,
515 714 574 764 et
598 708 722 779 ubi,
768 714 823 763 et
872 707 929 762 in
961 720 1097 777 quo,
1124 710 1180 761 et
1200 705 1504 776 quomodo,
1530 703 1615 759 vel
1643 715 1755 772 qua
1785 715 1879 756 no-

238 796 314 852 bis
371 797 664 852 mediante
724 795 941 852 abirem
990 795 1261 852 seductus
1315 799 1372 849 et
1422 789 1878 848 circumveniens

240 882 361 960 [Gr.,
406 886 770 941 seduxissem
809 892 866 940 et
910 880 1436 951 circumvenissem]
1481 878 1876 936 mulierculam

238 973 632 1040 miserrimam,
676 978 733 1029 et
780 973 859 1029 ita
903 970 1306 1039 miserabilem,
1335 975 1392 1025 et
1425 972 1613 1025 tantas
1638 966 1878 1023 ﬁducias

237 1062 387 1118 nobis
430 1062 905 1127 commodantem.
960 1061 1204 1117 Maxime
1240 1064 1428 1116 autem
1472 1054 1873 1124 contristabar,

167 1189 170 1192 ι
237 1156 418 1220 utpote
452 1164 730 1221 separans
769 1151 1065 1206 mulierem
1090 1162 1123 1204 a
1162 1148 1462 1204 meliorum
1503 1144 1871 1215 protectione,

234 1244 279 1293 et
318 1252 417 1308 per
453 1238 639 1294 alium
677 1237 817 1293 talia
846 1238 1158 1309 sapientem
1196 1236 1267 1291 ad
1310 1248 1375 1291 ea
1411 1234 1549 1304 [Gr.,
1579 1246 1706 1302 qua:
1729 1246 1875 1302 opus

237 1327 311 1382 illi
358 1332 525 1382 erant
566 1325 945 1395 exhibitione]
991 1339 1117 1396 quae
1158 1323 1413 1379 dealbari
1450 1321 1767 1377 verebatur.
1812 1322 1872 1375 In

236 1416 313 1471 his
350 1431 579 1481 rursus,
630 1422 686 1471 et
725 1420 953 1485 propter
1001 1413 1330 1483 hujusmodi
1376 1410 1785 1479 seductionem,
1817 1414 1874 1463 et

231 1504 406 1560 dicere
433 1510 612 1575 atque
650 1503 934 1559 oblatrare
959 1502 1224 1559 sairitum
1250 1499 1573 1556 existimavi
1603 1517 1616 1552 ε
1651 1504 1706 1553 et
1736 1498 1873 1568 quia

234 1595 341 1664 ipse
378 1607 484 1665 ego
527 1606 560 1647 e
600 1592 890 1648 contrario
945 1590 1286 1646 ﬁrmaverim
1348 1594 1518 1659 atque
1571 1588 1871 1643 locaverim

1989 525 2125 594 quia
2157 527 2306 582 Deus
2345 529 2654 584 mercalem
2697 529 2903 585 domus
2937 542 3068 584 mea:
3093 528 3189 584 det
3218 527 3347 598 tibi,
3374 527 3620 583 domine.

1985 613 2143 670 Tunc
2190 615 2374 687 plane,
2403 622 2540 673 tunc
2582 623 2782 674 suncta
2811 617 3090 689 videbam,
3144 616 3470 687 pariterque
3500 628 3630 687 gau-

1986 701 2127 757 dens
2164 710 2221 758 et
2253 704 2561 776 agonizans
2611 701 2900 778 [certans],
2944 705 3050 761 hoc
3087 705 3273 760 solum
3323 704 3628 773 interroga-

1987 789 2116 845 bam
2145 809 2158 845 :
2194 792 2338 847 Sana
2369 791 2517 848 facta
2554 807 2616 849 es
2642 794 2671 847 ‘?
2704 793 2788 849 vel
2814 813 2826 849 :
2862 792 3156 861 Quomodo
3181 805 3317 848 sana
3344 791 3490 847 facta
3512 805 3575 847 es
3601 791 3629 846 ?

1987 884 2042 932 et
2082 892 2379 935 assumens
2408 885 2623 937 secreto
2654 880 2794 950 [Gr.,
2830 881 2889 936 in
2911 879 3074 949 otio],
3107 879 3395 936 enarravit
3430 879 3629 935 adven-

1987 971 2107 1022 tum
2136 967 2204 1023 ad
2244 968 2550 1040 regionem,
2577 975 2634 1025 et
2664 970 3114 1040 deportationem
3144 967 3505 1045 imaginisgad
3534 967 3632 1022 do-

1987 1068 2139 1110 mum
2174 1069 2335 1112 suam
2360 1075 2372 1111 :
2398 1061 2454 1112 et
2482 1057 2618 1128 quia
2658 1058 2717 1113 in
2759 1058 3043 1113 excelsum
3085 1057 3319 1127 elevata,
3357 1061 3414 1111 et
3437 1067 3631 1125 super-

1987 1143 2170 1211 posita
2210 1152 2296 1200 est
2335 1145 2395 1200 in
2440 1146 2757 1215 parietibus
2791 1145 3077 1202 domicilii
3119 1159 3280 1201 sacro
3323 1144 3536 1215 pariter
3572 1146 3629 1198 et

1982 1233 2399 1289 decentissime.
2433 1234 2506 1289 Ut
2522 1240 2710 1290 autem
2730 1240 2787 1290 et
2816 1248 2913 1305 per
2933 1240 3155 1304 tempus
3185 1232 3452 1304 frequens
3477 1233 3629 1288 ima-

1984 1321 2106 1392 gini
2138 1321 2429 1378 oblatrans
2456 1328 2627 1393 atque
2671 1324 2935 1380 delusum
2990 1324 3317 1395 ﬁgmentum
3360 1319 3499 1396 [Gr.,
3546 1322 3632 1376 in-

1984 1408 2225 1479 sultans,
2274 1424 2340 1466 ac
2374 1410 2489 1467 fere
2527 1413 2875 1483 ﬁgmentum,
2919 1412 3051 1483 etc.]
3090 1413 3420 1481 discerpens
3460 1410 3630 1480 spiri-

1984 1502 2098 1568 tus,
2150 1499 2209 1553 in
2250 1499 2359 1555 ﬁne
2408 1500 2667 1556 insonuit
2697 1502 2837 1571 [Gr.,
2863 1500 3253 1570 discesserit]:
3281 1504 3337 1555 et
3366 1498 3511 1555 facta
3541 1503 3629 1555 est

1986 1585 2151 1642 nobis
2184 1588 2486 1658 medicina,
2529 1589 2699 1657 dixit,
2743 1589 2891 1660 quod
2940 1588 3264 1659 patiebatur
3302 1587 3415 1659 [Gr.
3455 1587 3629 1658 patie-

231 1683 617 1749 stabilitatem,
663 1694 790 1751 qua:
826 1684 949 1735 erat
992 1678 1236 1734 daemoni
1276 1678 1430 1733 circa
1471 1676 1776 1732 hominem.
1806 1678 1874 1731 Et
1906 1676 1955 1736 B
1984 1674 2205 1745 bamur]
2236 1676 2375 1731 olim
2422 1677 2483 1733 in
2508 1678 2762 1733 veritate.
2806 1678 2917 1733 Eos
2959 1677 3113 1733 enim
3144 1678 3244 1751 qui
3288 1676 3507 1732 similia
3538 1690 3629 1746 pa-

230 1774 368 1844 quod
397 1771 587 1828 factus
612 1784 739 1826 sum
764 1770 817 1825 ei
850 1775 906 1824 et
936 1768 1173 1824 materia
1211 1772 1269 1822 et
1290 1766 1514 1822 occasio
1547 1765 1874 1821 calumnia-

232 1876 346 1929 rum
389 1861 701 1930 justarum,
737 1871 847 1913 non
887 1857 1024 1912 dum
1066 1855 1198 1911 dico
1239 1860 1436 1910 contra
1476 1853 1872 1923 memetipsum

234 1950 426 2019 solum,
459 1961 595 2018 ergo
624 1943 766 2020 [Gr.,
809 1945 949 2015 sed],
981 1950 1179 2000 contra
1208 1957 1402 1999 omnes
1445 1941 1675 2019 quidem
1700 1941 1874 1996 Cbri-

235 2038 459 2107 stianos,
490 2041 550 2091 et
571 2040 773 2091 contra
797 2033 1117 2090 sacerdotes
1148 2032 1418 2101 primum,
1445 2043 1511 2086 eo
1543 2030 1691 2101 quod
1723 2043 1872 2086 uxo-

239 2140 341 2183 rem
386 2126 621 2196 quidam
666 2122 956 2194 presbyter
997 2123 1177 2177 altero
1225 2121 1417 2191 typho,
1465 2120 1649 2190 aiunt,
1691 2120 1870 2175 altero

238 2216 493 2285 daemone,
556 2213 657 2283 qui
720 2217 841 2268 erat
890 2211 1182 2279 mendicii,
1232 2209 1672 2279 praejudicavit;
1717 2209 1864 2279 quod

240 2303 373 2360 nihil
415 2301 665 2372 profecto
694 2306 782 2356 est
804 2300 984 2369 aliud,
1019 2312 1187 2370 quam
1215 2298 1276 2353 in
1318 2297 1625 2353 Beelzebub
1665 2298 1869 2366 ejicere

240 2392 367 2446 velle
382 2390 683 2446 damonia.
716 2391 842 2444 Haec
861 2388 1091 2459 quidem
1125 2386 1267 2442 mihi
1312 2393 1369 2441 et
1407 2386 1736 2455 hujusmodi
1771 2386 1871 2441 in-

242 2480 546 2535 desinenter
564 2478 815 2534 animam
846 2477 1101 2549 ingressa
1129 2475 1401 2531 atrociter
1427 2472 1863 2545 conturbabant,

243 2574 290 2623 et
313 2567 653 2636 inﬁciebant,
675 2572 731 2621 et
757 2579 958 2638 magna
995 2568 1319 2634 exspectare
1337 2563 1550 2619 dabant
1579 2564 1725 2619 mala
1754 2570 1868 2621 tam

244 2656 305 2710 ab
334 2656 681 2721 hominibus,
710 2668 879 2725 quam
905 2653 976 2709 ab
1010 2654 1135 2723 ipso
1159 2654 1291 2709 Deo.
1336 2653 1733 2708 Verumtamen
1773 2669 1872 2711 re—

172 2812 177 2821 .
244 2744 558 2816 cogitabam,
600 2748 657 2798 et
697 2741 1000 2798 referebam
1042 2740 1421 2809 mihimetipsi
1447 2741 1868 2798 excusationem

254 2828 728 2904 [simulationem],
772 2835 829 2886 et
889 2830 1192 2901 quamdam
1246 2828 1411 2899 quasi
1457 2829 1870 2887 consolationis

244 2921 579 2990 phantasiam
637 2920 708 2975 ad
763 2933 1010 2990 praesens
1054 2917 1432 2989 imponebam,
1479 2918 1677 2974 dicens
1714 2920 1865 2988 apud

1982 1763 2229 1835 tiuntur,
2262 1764 2441 1834 locus,
2467 1767 2582 1822 imo
2604 1766 2784 1838 ﬁgura
2810 1766 3067 1839 Virginis
3089 1767 3289 1822 matris
3317 1770 3496 1822 curat.
3524 1765 3626 1820 Hic

1981 1856 2066 1905 est
2094 1853 2244 1907 enim
2274 1853 2407 1908 ﬁnis
2426 1868 2630 1909 causa.

2053 1941 2159 1996 Leo
2202 1942 2602 1998 smctissimus
2642 1944 2947 2014 episcopus
2989 1945 3203 2002 Photize
3240 1945 3430 2001 dixit:
3479 1945 3630 2001 Scri-

1982 2034 2140 2100 ptum
2168 2037 2271 2102 est,
2301 2032 2437 2101 quia
2471 2033 2529 2087 in
2568 2032 2794 2088 duobus
2823 2034 2908 2089 vel
2954 2034 3143 2091 tribus
3182 2034 3426 2090 testibus
3451 2034 3627 2091 stabit

1979 2132 2143 2174 omne
2170 2119 2401 2175 verbum
2428 2117 2636 2190 (Matth.
2683 2121 2846 2193 xvm)
2874 2141 2887 2176 :
2921 2127 2977 2177 et
3012 2122 3180 2177 hodie
3207 2121 3453 2177 exhibiti
3488 2127 3625 2177 sunt

1980 2207 2148 2264 nobis
2181 2208 2419 2278 plurimi
2448 2210 2595 2265 sacri
2636 2209 2795 2280 libri,
2820 2210 2920 2281 qui
2961 2215 3175 2266 mentes
3209 2214 3433 2266 nostras
3462 2209 3625 2281 riga-

1978 2302 2201 2366 verunt,
2235 2303 2292 2353 et
2336 2296 2736 2356 satisfecerunt
2773 2298 2846 2355 de
2892 2299 3254 2356 restitutione
3296 2302 3621 2355 sanctarum

1980 2386 2313 2458 imaginum.

2048 2475 2117 2529 Et
2133 2474 2272 2546 legit
2291 2476 2490 2532 Petrus
2516 2476 2693 2532 lector
2715 2496 2728 2531 :

1978 2620 2053 2672 De
2098 2621 2212 2673 vita
2261 2618 2425 2673 beata
2467 2621 2661 2675 Maria:
2698 2621 2997 2690 Egyptiz,
3041 2620 3198 2688 cujus
3241 2621 3459 2675 initium
3501 2624 3579 2674 est
3604 2637 3622 2674 :

2048 2743 2334 2798 Secretum
2371 2743 2522 2814 regis
2557 2743 2740 2805 celare
2776 2743 2988 2801 bonum
3024 2747 3130 2815 est,
3161 2756 3332 2812 opera
3367 2756 3497 2798 vero
3521 2739 3622 2798 Dei

1983 2829 2289 2899 praedicare
2310 2830 2624 2903 gloriosum
2653 2836 2755 2887 est.
2790 2833 2859 2888 Et
2885 2837 3010 2901 post
3029 2832 3144 2889 alia
3172 2830 3367 2887 :Alios
3390 2830 3623 2901 quidem

1981 2919 2253 2988 templum
2282 2919 2541 2987 habebat,
2583 2920 2808 2976 nemine
2834 2920 3216 2991 impediente;
3240 2933 3327 2975 me
3350 2933 3481 2975 vero
3507 2919 3625 2973 mi—

245 3024 351 3064 me:
394 3011 540 3065 Deus
586 3009 740 3063 enim
784 3008 854 3063 de
913 3006 1110 3095 futuro
1160 3005 1331 3095 faciet
1388 3019 1603 3062 curam.
1654 3009 1715 3062 In
1762 3007 1869 3062 hoc
1894 3030 1945 3095 ο
1979 3018 2162 3095 seram
2200 3021 2313 3063 non
2339 3008 2669 3079 recipiebat,
2702 3009 2879 3065 veluti
2920 3010 3163 3080 quadam
3195 3009 3437 3064 militari
3464 3008 3625 3064 mul-

242 3098 435 3168 quippe
468 3110 621 3153 anno
670 3096 823 3151 intra
873 3096 1061 3152 locum
1087 3093 1233 3150 forte
1270 3090 1410 3167 [Gr.,
1438 3096 1499 3149 In
1526 3094 1633 3150 hoc
1659 3095 1870 3166 quippe

245 3185 562 3241 intermedio
586 3191 838 3254 tempore
868 3182 1032 3252 forte]
1078 3183 1244 3239 nobis
1276 3184 1553 3240 morietur
1586 3182 1705 3238 sive
1737 3196 1870 3238 mu—

241 3272 482 3342 liercula,
512 3273 633 3328 sive
673 3273 794 3342 ipse
826 3272 933 3341 vir,
962 3271 1081 3327 sive
1104 3270 1257 3326 alius
1295 3271 1619 3341 quisquam.
1658 3270 1870 3326 Moriar

238 3368 411 3417 autem
434 3361 730 3417 multoties
750 3374 872 3431 ego,
897 3366 953 3415 et
972 3359 1219 3416 cessabit
1244 3360 1343 3430 qui
1378 3356 1517 3434 [Gr.,
1545 3365 1596 3414 et
1630 3375 1711 3414 ms
1734 3361 1864 3423 101.,

239 3450 397 3519 quod]
428 3450 727 3505 tristitiam
768 3447 1063 3503 inferebat.
1098 3447 1280 3520 Igitur
1310 3448 1369 3503 in
1405 3449 1498 3504 his
1537 3454 1673 3504 tunc
1696 3462 1728 3503 a
1757 3449 1870 3518 dy—

238 3537 419 3605 scolis,
451 3551 576 3607 qua
596 3539 751 3593 circa
779 3538 1040 3593 miseram
1064 3536 1359 3592 mulierem
1384 3543 1565 3607 erant,
1592 3542 1656 3592 ut
1681 3537 1862 3597 rebar.

239 3624 519 3696 liberatus,
553 3640 587 3682 a
624 3625 788 3681 rebar
840 3625 1006 3681 turba
1048 3624 1303 3680 liberari.
1350 3626 1482 3680 Post
1517 3638 1697 3680 annos
1740 3639 1867 3681 reor

236 3711 398 3770 ferme
420 3721 535 3771 tres
565 3714 783 3771 stabam
822 3728 991 3785 penes
1026 3714 1180 3784 ipsas
1222 3727 1411 3769 sacras
1449 3718 1640 3783 portas
1676 3714 1864 3786 magni

236 3805 437 3874 templi.
468 3806 539 3860 Et
565 3817 695 3860 ecce
724 3804 931 3860 mulier
968 3803 1197 3858 elevans
1226 3802 1553 3872 supercilia,
1598 3808 1654 3857 et
1694 3802 1868 3857 vehe-

236 3901 437 3949 menter
474 3908 540 3949 ac
586 3892 866 3950 indefesse
910 3892 1290 3963 pronuntians
1329 3898 1386 3948 et
1429 3892 1736 3963 respirans,
1785 3892 1868 3947 in-

235 3983 372 4038 tuita
408 3989 493 4039 est
532 3984 592 4039 in
640 3996 747 4053 me,
790 3988 848 4038 et
889 3982 1203 4051 proximam
1254 3980 1681 4052 interrogabat;
1722 3981 1862 4051 ipse,

235 4079 410 4141 putas,
436 4072 573 4128 est?
610 4072 695 4127 vel
728 4071 866 4142 quid
889 4070 916 4124 ‘?
945 4076 1002 4126 et
1028 4070 1238 4139 locuta,
1261 4070 1431 4125 etiam
1466 4070 1586 4139 ipse
1610 4075 1696 4125 est
1716 4083 1867 4125 vera-

232 4159 399 4229 citer;
427 4161 642 4217 cursim
666 4167 939 4229 movetur,
967 4165 1023 4215 et
1046 4157 1369 4228 procumbit
1390 4157 1532 4212 mihi
1558 4159 1627 4214 ad
1651 4172 1861 4229 genua;

233 4255 284 4302 et
337 4249 472 4305 ﬁexa
518 4248 922 4319 comprehendi
978 4247 1122 4302 mihi
1172 4246 1339 4316 talos,
1383 4252 1439 4301 et
1496 4246 1865 4303 osculabatur

1980 3094 2231 3150 titudine
2250 3095 2317 3150 ad
2348 3096 2452 3151 hoc
2477 3096 2739 3152 ordinata
2769 3098 2851 3152 vel
2878 3099 3061 3169 jussa,
3097 3104 3159 3154 ut
3186 3098 3626 3156 mihiexclude—

1981 3187 2065 3237 ret
2099 3184 2319 3238 aditum
2351 3202 2365 3236 :
2417 3184 2611 3240 taliter
2640 3198 2726 3240 me
2767 3186 3025 3255 quaedam
3058 3186 3246 3242 audax
3291 3182 3431 3259 [Gr.,
3478 3200 3625 3242 con-

1979 3268 2141 3339 ferta]
2194 3271 2530 3339 prohibebat
2576 3272 2778 3328 virtus.
2826 3274 2897 3327 Et
2923 3273 3125 3328 iterum
3169 3274 3300 3329 steti
3325 3274 3384 3328 in
3414 3275 3616 3330 atriis:

1979 3356 2085 3413 hoc
2132 3363 2217 3412 ter
2271 3363 2327 3413 et
2368 3365 2569 3428 quater
2621 3358 2844 3428 patiens
2875 3361 2995 3415 sive
3041 3360 3274 3429 faciens,
3328 3361 3619 3433 deﬁciens,

1978 3444 2129 3500 ultra
2160 3446 2276 3515 jam
2319 3446 2455 3516 pelli
2494 3451 2549 3502 et
2587 3447 2785 3516 repelli
2834 3462 2944 3503 non
2973 3448 3165 3503 valui:
3212 3447 3421 3504 factum
3465 3449 3619 3504 enim

1978 3533 2121 3588 mihi
2165 3538 2252 3590 est
2299 3548 2518 3604 corpus
2553 3549 2666 3604 pra).
2715 3535 2767 3591 vi
2811 3535 3116 3592 defessum.
3172 3536 3447 3592 Desinens
3485 3550 3621 3609 ergo

1976 3623 2204 3693 recessi,
2253 3628 2309 3679 et
2342 3624 2473 3679 steti
2512 3624 2569 3678 in
2613 3625 2857 3694 quodam
2882 3614 3098 3695 angulo
3120 3625 3266 3680 aula:
3296 3624 3492 3694 templi
3521 3643 3534 3679 :
3563 3631 3620 3680 et

1974 3712 2070 3766 vix
2108 3713 2332 3768 tandem
2372 3712 2439 3768 ad
2480 3713 2888 3769 conscientiam
2934 3714 3159 3783 perveni
3200 3727 3383 3770 causae
3414 3712 3621 3783 prohi-

1975 3800 2163 3856 bentis
2223 3815 2310 3856 me
2352 3802 2543 3857 videre
2581 3802 2870 3858 viviﬁcum
2934 3802 3172 3874 lignum.
3214 3803 3426 3872 Tetigit
3465 3802 3618 3859 enim

1976 3889 2119 3945 mihi
2143 3891 2340 3947 oculos
2372 3891 2565 3947 cordis
2584 3905 2768 3947 sermo
2799 3892 3091 3962 salutaris,
3123 3892 3424 3947 ostendens
3450 3891 3617 3962 mihi,

1974 3978 2147 4048 quod,
2166 3991 2389 4035 omnum
2410 3988 2558 4036 esset
2578 3994 2811 4051 cperum
2840 3994 3115 4051 meorum,
3142 3980 3291 4050 quod
3316 3979 3619 4035 introitum

1975 4065 2119 4121 mihi
2148 4066 2464 4123 claudebat.
2497 4069 2652 4139 Coepi
2684 4070 2864 4141 igitur
2890 4071 3021 4125 flere
3048 4082 3114 4124 ac
3139 4068 3424 4140 plangere,
3449 4071 3620 4138 atque

1974 4160 2171 4223 pectus
2236 4156 2638 4227 percutiebam,
2684 4158 2931 4229 gemitus
2971 4172 3039 4213 ex
3084 4154 3364 4227 profundo
3426 4156 3619 4212 cordis

1972 4245 2281 4299 attrahens.
2326 4245 2580 4316 Cumque
2617 4247 2918 4317 plorarem,
2964 4247 3128 4303 video
3168 4247 3239 4302 de
3264 4247 3388 4303 loco
3418 4246 3480 4301 in
3505 4259 3618 4316 quo

234 4336 665 4409 cicumplexans,
695 4343 751 4393 et
781 4338 976 4407 jacens
1002 4337 1061 4391 in
1102 4337 1441 4406 pavimento.
1477 4338 1593 4407 Ego
1632 4336 1859 4406 quidem
1886 4347 1943 4408 D
1974 4333 2213 4403 stabam,
2242 4334 2545 4405 imaginem
2584 4336 2960 4391 sanctissimae
2982 4337 3083 4391 Dei
3103 4336 3419 4391 Genitricis
3441 4335 3620 4391 desu-

236 4424 471 4482 sinebam
498 4427 730 4483 interim
770 4432 827 4481 et
855 4426 1187 4497 gaudebam,
1214 4430 1270 4480 et
1291 4426 1401 4480 huc
1424 4430 1595 4496 atque
1623 4425 1762 4480 illuc
1790 4426 1860 4481 ad

237 4514 419 4570 turbas
461 4513 995 4583 circumspiciebam
1044 4514 1416 4582 praeminens
1477 4510 1737 4587 [delicias
1788 4512 1865 4569 fa-

237 4602 421 4673 ciens],
445 4611 499 4660 et
527 4605 620 4660 his
644 4604 745 4674 qui
789 4602 1237 4658 circumstabant
1267 4603 1544 4671 jacentem
1584 4602 1864 4658 videndus

243 4691 369 4759 [Gr.,
409 4700 457 4750 et
492 4710 593 4749 ms.
649 4694 779 4754 101.,
828 4692 1012 4747 videri
1049 4691 1235 4762 dans],
1275 4696 1331 4747 et
1370 4691 1672 4748 ostendens
1710 4691 1861 4761 quod

240 4793 399 4837 essem
438 4783 638 4855 utique
670 4781 887 4837 alicubi
941 4784 997 4836 et
1022 4780 1143 4851 ipse
1171 4794 1366 4836 eorum
1402 4780 1502 4851 qui
1537 4780 1711 4835 multa
1743 4794 1865 4849 pos-

240 4877 377 4926 sunt.
400 4874 469 4927 At
512 4872 614 4927 illa
638 4870 756 4926 alia
787 4869 1042 4940 quaedam
1080 4883 1204 4939 qua!
1234 4882 1539 4940 egenarum
1561 4875 1742 4941 erant,
1770 4885 1867 4926 sae-

242 4958 359 5026 pius
381 4961 628 5017 allocuta
665 4958 807 5031 (erat
830 4958 983 5013 enim
1030 4957 1179 5029 inde)
1208 4954 1323 5031 [Gr.
1364 4959 1520 5020 add.,
1554 4964 1611 5013 et
1634 4973 1866 5016 veneror

239 5047 533 5117 dominum,
585 5048 800 5117 saepius
832 5047 1057 5116 locuta;
1087 5051 1210 5101 erat
1238 5046 1390 5101 enim
1433 5046 1537 5117 ibi]
1564 5048 1772 5106 deinde
1797 5057 1878 5112 ta.

242 5150 350 5192 men
394 5145 447 5194 et
496 5136 901 5208 constringens
942 5149 1044 5190 nos
1089 5135 1268 5204 valde,
1319 5134 1556 5205 deponit
1592 5138 1646 5193 vi
1700 5142 1877 5212 tergis

242 5227 349 5282 suis
373 5246 385 5280 :
407 5233 463 5283 et
490 5224 749 5296 jacebam
794 5224 1022 5294 cadens,
1055 5223 1212 5278 risus
1240 5220 1427 5279 factus
1458 5224 1593 5280 hinc
1635 5227 1879 5284 circum-

242 5316 505 5371 stantibus
527 5315 774 5371 multum
805 5330 819 5382 ;
850 5318 908 5368 et
926 5312 1022 5373 vix
1054 5326 1167 5382 pra:
1194 5313 1508 5369 reverentia
1539 5328 1873 5387 exsurgens,

241 5403 354 5460 dedi
382 5406 434 5461 ei
465 5406 714 5474 alapam,
735 5406 791 5458 et
821 5403 1067 5458 decanos
1093 5400 1457 5472 vocabam,et
1479 5404 1549 5459 ad
1598 5404 1874 5460 decanum

240 5486 594 5563 [decanicum]
659 5502 857 5561 rapere
909 5488 1246 5546 sceleratum
1294 5490 1580 5559 jubebam.
1629 5496 1768 5551 Nam
1819 5501 1877 5552 et

1975 4436 2074 4491 per
2099 4427 2365 4493 stantem,
2388 4430 2444 4479 et
2471 4423 2565 4479 aio
2593 4425 2661 4479 ad
2692 4437 2813 4479 eam
2842 4424 3329 4481 indeclinabiliter
3352 4426 3612 4480 intuens:

1974 4511 2144 4582 Virgo
2181 4512 2435 4582 domina,
2464 4527 2590 4583 qua:
2625 4515 2802 4570 Deum
2848 4514 3090 4571 Verbum
3134 4515 3447 4572 secundum
3485 4527 3621 4570 car—

1974 4612 2100 4654 nem
2123 4599 2374 4671 genuisti
2404 4619 2418 4669 ;
2452 4602 2583 4657 novi
2621 4602 2872 4674 quidem,
2907 4604 3061 4674 novi,
3094 4604 3244 4674 quod
3277 4617 3389 4659 non
3411 4603 3489 4659 sit
3512 4603 3622 4658 de—

1972 4687 2168 4759 cibile,
2214 4701 2394 4759 neque
2441 4690 2799 4764 rationabile,
2856 4706 2941 4748 me
2986 4694 3067 4749 ita
3104 4692 3393 4750 sordidam
3444 4698 3502 4749 et
3541 4693 3621 4749 ita

1973 4775 2349 4847 luxuriosam,
2380 4778 2683 4850 imaginem
2714 4783 3085 4853 contemplari
3107 4789 3284 4855 tuam,
3317 4796 3443 4854 qua:
3467 4796 3625 4839 sem-

1977 4878 2076 4935 per
2105 4879 2165 4920 es
2211 4866 2383 4937 Virgo
2411 4872 2585 4937 casta,
2612 4883 2823 4941 corpus
2849 4876 2907 4927 et
2929 4873 3178 4942 animam
3210 4873 3423 4930 habens
3449 4886 3624 4929 mun-

1979 4957 2108 5012 dam
2130 4961 2186 5011 et
2216 4957 2590 5027 impollutam.
2612 4964 2837 5020 Justum
2866 4966 3018 5021 enim
3042 4972 3147 5038 est,
3180 4972 3247 5023 ut
3272 4963 3624 5023 luxuriosam

1984 5062 2071 5103 me
2102 5047 2385 5102 munditia
2411 5053 2507 5105 tua
2545 5050 2679 5108 odio
2714 5052 2917 5110 habeat
2945 5059 3002 5109 et
3022 5055 3352 5111 detestetur.
3384 5055 3627 5109 Verum—

1985 5148 2171 5198 tamen
2225 5142 2516 5212 quoniam,
2558 5146 2621 5198 ut
2676 5142 2895 5213 audivi,
2947 5143 3074 5201 ideo
3121 5143 3306 5201 factus
3350 5148 3435 5199 est
3476 5144 3627 5197 Deus

1987 5245 2153 5302 quem
2185 5231 2457 5304 genuisti,
2492 5231 2679 5302 homo,
2726 5238 2789 5289 ut
2813 5238 2972 5290 vocet
2998 5240 3317 5304 peccatores
3339 5232 3407 5287 ad
3438 5230 3661 5309 pmni—g

1986 5320 2223 5376 tentiam
2249 5319 2459 5390 (Matth.
2508 5320 2606 5393 1x),
2637 5322 2923 5378 auxiliare
2966 5323 3132 5393 mihi,
3162 5335 3287 5392 qua:
3314 5317 3433 5376 sola
3477 5330 3624 5386 sum,

1988 5422 2099 5463 non
2147 5408 2359 5465 habens
2396 5423 2736 5481 quemquam
2782 5411 2841 5467 in
2872 5411 3243 5481 adjutorium.
3285 5406 3426 5462 Jube
3455 5404 3627 5459 etiam

1987 5496 2131 5552 mihi
2168 5497 2453 5571 indulgeri
2510 5499 2763 5557 ecclesia}
2817 5499 3156 5569 ingressum,
3208 5509 3276 5551 ne
3318 5492 3504 5561 prives
3542 5504 3631 5546 me
