4018 6166
448 223 556 279 345
1680 219 2035 276 ANASTASI]

2213 217 2634 277 LIOTHECARII
3717 232 3800 289 345

448 345 670 402 visione
694 344 861 416 ligni,
897 343 955 400 in
987 358 1100 416 quo
1125 345 1438 402 secundum
1463 359 1688 402 carnem
1713 344 1916 402 afﬁxus
1947 347 2098 400 Deus
2127 347 2182 406 A
2211 345 2280 400 Et
2306 350 2434 415 post
2465 345 2580 402 alia
2608 363 2623 400 :
2658 345 3001 402 Adolescens
3037 349 3225 402 autem
3259 347 3464 418 gaudio
3497 364 3676 422 magno
3709 369 3807 424 per.

447 446 616 504 quem
657 433 930 506 genuisti,
969 434 1305 506 sanguinem
1339 435 1633 504 proprium
1672 449 1774 504 pro
1811 447 1897 488 me
1938 433 1995 488 in
2019 444 2102 488 reJ
2211 441 2372 504 cepto
2399 435 2458 491 in
2488 435 2598 492 ﬁde
2627 435 2928 492 roboratus
2952 441 3057 506 est,
3089 435 3358 492 similiter
3384 451 3568 495 omnes
3590 442 3678 510 qui
3699 457 3804 500 cum

444 522 828 592 demptionem
865 521 1045 577 dedit.
1075 522 1217 578 Jube
1255 521 1397 578 mihi
1445 523 1705 594 etiamyo
1741 521 1992 591 domina,
2020 523 2103 592 ja-
2209 535 2276 578 eo
2301 527 2498 591 erant;
2545 529 2600 579 et
2627 524 2820 580 eadem
2853 524 3039 580 noctis
3068 523 3207 579 hora
3236 537 3490 581 reversus
3515 531 3567 581 et
3587 540 3699 583 cum
3728 533 3808 586 mi-

448 623 618 666 nuam
656 610 870 680 aperiri
907 610 1312 667 sacratissima:
1340 611 1532 668 crucis
1555 611 1932 668 adorationis.
1960 611 2104 666 Ecce
2213 611 2440 683 litibus,
2473 617 2533 668 et
2567 612 2721 668 venit
2761 613 3168 683 Scythopolim.
3208 614 3276 668 Et
3315 613 3589 670 advocatis
3625 618 3808 675 occulte

447 703 503 754 te
525 700 600 755 do
626 700 761 761 Deo,
795 699 897 770 qui
922 713 992 754 ex
1023 703 1076 755 te
1110 699 1342 772 genitus
1366 705 1472 772 est,
1503 699 1915 769 vadimonium,
1949 699 2099 769 quod
2213 700 2482 758 omnibus
2536 703 2664 758 auri
2723 706 2780 758 et
2821 701 3043 773 argenti
3089 699 3425 768 artiﬁcibus,
3474 701 3810 774 interrogabat

451 787 697 844 ulterius
719 787 878 846 carni
903 787 1040 844 huic
1062 788 1337 858 injuriam
1359 800 1471 844 non
1496 787 1734 845 inferam
1759 801 1857 858 per
1877 794 2100 858 turpem
2211 799 2328 859 eos,
2361 789 2593 846 dicens:
2646 789 2888 847 Potestis
2917 789 3062 846 mihi
3095 787 3278 844 facere
3305 801 3420 859 vas,
3451 790 3592 858 quod
3629 804 3718 862 ego
3741 806 3813 848 vo-

448 889 849 950 quamcunque
871 876 1327 932 commistionem
1353 893 1366 930 :
1395 877 1491 933 sed
1508 890 1638 932 cum
1663 877 1885 949 lignum
1909 875 2103 932 crucis
2214 875 2305 932 bis
2323 890 2544 947 expono
2566 877 2596 932 εἲ
2618 877 2728 947 Qui
2752 879 3016 935 timentes
3035 876 3420 934 austeritatem
3451 877 3580 947 viri,
3603 879 3813 935 consilio

447 965 557 1021 ﬁlii
607 964 695 1021 tui
725 963 943 1036 videro,
977 963 1190 1020 mundo
1227 968 1285 1020 et
1321 964 1416 1020 his
1458 979 1585 1035 qua:
1625 965 1684 1020 in
1726 963 1939 1030 mundo
1969 967 2105 1019 sunt
2215 963 2366 1022 facto
2405 972 2732 1024 statuerunt
2771 980 2962 1024 coram
3010 979 3076 1022 eo
3143 978 3344 1036 unum,
3382 965 3477 1036 qui
3517 971 3629 1020 erat
3665 967 3814 1034 major

444 1053 746 1112 confestim
791 1051 1210 1121 abrenuntiem,
1269 1057 1327 1108 et
1378 1053 1574 1109 statim
1619 1053 1714 1108 ibo
1759 1065 2105 1124 quocunque
2212 1065 2430 1122 eorum,
2458 1054 2735 1111 artiﬁcem
2769 1055 3000 1111 nomine
3023 1054 3295 1123 Marcum,
3321 1051 3601 1108 dicentes:
3631 1051 3814 1108 [steta-

446 1143 595 1213 ipsa,
639 1145 836 1212 utpote
881 1140 1158 1196 salutaris
1197 1141 1367 1196 vades
1411 1141 1574 1212 [vas],
1620 1139 2008 1196 insinuaveris
2048 1143 2106 1195 et
2213 1141 2344 1212 ciet,
2415 1141 2666 1212 domine,
2720 1143 3028 1200 volutatem
3082 1147 3258 1198 tuam.
3319 1141 3387 1196 Et
3420 1145 3564 1209 post
3631 1153 3808 1209 pauca:

441 1231 682 1288 duxeris
721 1241 824 1284 me.
860 1229 962 1284 His
994 1228 1193 1300 dictis,
1240 1241 1306 1284 ac
1345 1229 1430 1286 sic
1474 1231 1718 1300 quadam
1759 1228 2106 1284 certitudine
2213 1230 2438 1287 Marcus
2460 1236 2649 1288 autem
2675 1245 2788 1288 non
2832 1231 3066 1302 parebat
3092 1230 3166 1287 ei.
3198 1229 3534 1287 Adolescens
3559 1241 3681 1284 vero
3703 1243 3813 1298 per-

366 1325 377 1333 ‘
444 1323 726 1389 percepta,
771 1317 904 1381 ﬁdei
939 1315 1179 1388 fervore,
1227 1317 1618 1374 miserationis
1651 1317 1966 1374 Genitricis
2003 1316 2102 1371 Dei
2214 1320 2398 1376 suasit
2429 1320 2541 1392 illi,
2584 1321 2802 1393 dicens,
2843 1321 2942 1391 qui
2971 1333 3154 1392 usque
3181 1320 3249 1376 ad
3281 1323 3512 1375 mortem
3548 1329 3650 1373 non
3681 1316 3814 1372 indi-

443 1407 682 1478 conﬁsa,
735 1414 791 1461 et
838 1419 1065 1462 movens
1113 1405 1388 1476 meipsam
1426 1406 1496 1461 de
1540 1405 1642 1462 illo
1685 1405 1829 1476 loco,
1882 1405 1941 1460 in
1989 1417 2103 1474 quo
2213 1407 2352 1462 cabo
2397 1409 2724 1479 imperatori
2756 1415 3054 1465 secretum.
3086 1407 3194 1476 Qui
3231 1408 3483 1472 credens,
3511 1418 3606 1476 per
3631 1411 3812 1460 noctem

443 1493 603 1551 stans
643 1493 1100 1564 deprecationem
1153 1491 1470 1564 faciebam;
1501 1500 1559 1548 et
1599 1493 1766 1550 venio
1797 1507 2020 1562 rursus,
2046 1495 2102 1546 et
2213 1495 2272 1551 in
2305 1503 2519 1554 secreto
2565 1501 2833 1567 Operatus
2855 1505 2941 1554 est
2974 1511 3198 1553 crucem
3245 1496 3316 1552 de
3359 1501 3584 1566 argento
3605 1497 3657 1547 et
3680 1504 3812 1547 auro.

444 1583 904 1656 ingredientibus
945 1586 1150 1638 memet
1189 1582 1566 1638 commiscui:
1610 1588 1666 1638 et
1696 1596 1806 1638 non
1837 1586 1960 1637 erat
1981 1581 2100 1650 jam
2209 1585 2278 1640 Et
2308 1583 2518 1642 factum
2562 1591 2648 1642 est
2686 1591 2748 1642 ut
2771 1593 3161 1642 consummata
3183 1591 3240 1641 et
3273 1589 3457 1640 erecta
3479 1593 3654 1650 cruce,
3681 1592 3818 1650 appa-

443 1672 603 1729 ullus
632 1672 734 1743 qui
777 1685 865 1728 me
890 1671 1207 1741 impelleret
1234 1677 1290 1726 et
1321 1671 1618 1741 repelleret
1644 1671 1784 1743 [Gr.',
1809 1661 2097 1742 repellere
2127 1658 2178 1719 Β
2211 1680 2398 1729 rerent
2432 1679 2547 1730 tres
2585 1674 2645 1729 in
2688 1688 2753 1730 ea
2802 1675 3114 1746 imagines:
3157 1680 3214 1730 et
3241 1679 3364 1730 erat
3409 1669 3816 1740 superscriptum

443 1761 584 1832 tur],
608 1761 920 1831 nullusque
942 1759 1272 1830 prohiberet
1285 1760 1474 1828 janua:
1495 1761 1977 1832 appropinquare,
1998 1773 2100 1830 per
2206 1762 2480 1818 Hebraica
2509 1763 2762 1819 dictione
2791 1778 3019 1820 sursum
3053 1757 3112 1818 in
3144 1761 3452 1833 principio,
3485 1757 3808 1814 Emmanuel:

441 1864 612 1921 quam
675 1851 738 1905 in
789 1849 1065 1920 templum
1119 1849 1608 1920 ingrediebantur.
1656 1841 2109 1920 Comprehendit
2205 1858 2260 1908 et
2296 1851 2358 1906 in
2411 1853 2673 1923 utrisque
2713 1853 2924 1924 initiis,
2974 1852 3234 1922 Michael,
3279 1858 3338 1908 et
3378 1847 3618 1905 Gabriel.
3650 1845 3814 1902 Voluit

440 1952 574 2020 ergo
610 1939 936 1995 me'horror
958 1943 1014 1994 et
1036 1937 1295 2008 ecstasis,
1333 1941 1390 1993 et
1414 1942 1527 1994 teta
1555 1952 1624 1994 ex
1644 1942 1762 1994 toto
1784 1938 2094 2009 torquebar
2203 1939 2337 2012 ergo
2374 1941 2598 1996 Marcus
2633 1941 2912 1996 reveritus
2956 1939 3146 1996 delere
3191 1937 3486 2010 imagines,
3526 1941 3580 1991 et
3607 1947 3706 1990 non
3735 1945 3855 2018 p07

440 2032 612 2100 atque
659 2027 994 2085 tremebami
1050 2027 1267 2082 Deinde
1317 2040 1446 2082 cum
1491 2027 1869 2097 pervenissem
1904 2027 1972 2082 ad
2011 2029 2094 2097 ja-
2202 2029 2334 2084 tuit.
2383 2031 2585 2084 Manus
2623 2029 2776 2084 enim
2805 2030 2930 2098 ejus
2976 2028 3238 2084 manebat
3271 2026 3449 2083 veluti
3483 2024 3651 2080 arida.
3683 2022 3802 2075 Cum

441 2130 634 2188 nuam,
674 2131 801 2189 qua:
830 2130 1012 2187 usque
1041 2119 1179 2170 tunc
1227 2115 1370 2170 mihi
1424 2113 1610 2172 fuerat
1649 2116 1928 2186 obserata,
1953 2129 2017 2170 ac
2038 2115 2087 2170 si
2201 2123 2389 2173 autem
2419 2117 2607 2190 gallus
2651 2131 2840 2174 vocem
2869 2117 3140 2187 dedisset,
3166 2116 3328 2172 venit
3351 2116 3467 2171 dux
3494 2111 3590 2184 qui
3613 2107 3806 2166 diceba-

441 2205 679 2262 omnino
708 2207 915 2275 virtus,
939 2218 1066 2276 quas
1087 2202 1253 2273 prius
1275 2216 1362 2258 me
1387 2201 1742 2276 impedierat,
1772 2217 1924 2260 nunc
1945 2203 2088 2259 mihi
2201 2210 2297 2262 tur
2319 2206 2648 2262 adolescens
2679 2203 2986 2279 [Neanias],
3013 2206 3082 2262 ad
3114 2205 3351 2262 domum
3380 2201 3570 2273 Marci,
3600 2205 3660 2254 ut
3680 2195 3795 2253 tolle

442 2299 815 2365 praeparasset
869 2295 1209 2369 ingressum,
1271 2297 1352 2351 ita
1415 2295 1542 2352 sine
1593 2293 1784 2350 labore
1835 2294 2091 2364 ingressa
2202 2299 2289 2350 ret
2309 2308 2575 2350 crucem:
2619 2299 2676 2350 et
2699 2295 2898 2352 videns
2935 2307 3079 2366 eam,
3109 2293 3374 2350 adoravit
3410 2290 3593 2359 illam,
3618 2283 3812 2344 etdicit

441 2399 569 2442 sum
597 2403 610 2439 :
667 2384 749 2440 ita
783 2385 937 2442 intra
987 2387 1191 2444 Sancta
1222 2389 1547 2444 sanctorum
1579 2383 1804 2455 ingredi
1825 2382 2000 2454 digna
2019 2379 2097 2436 ef-
2204 2381 2396 2438 Marco
2428 2401 2441 2437 :
2471 2383 2605 2452 Quae
2633 2387 2769 2439 sunt
2811 2383 2930 2439 haec
2955 2381 3148 2452 facies,
3174 2388 3231 2438 et
3268 2395 3401 2453 quae
3429 2372 3810 2448 supercriptio:

441 2472 586 2529 fecta
625 2487 773 2529 sum.
827 2476 965 2530 Nam
1019 2479 1076 2530 et
1097 2475 1380 2531 viviﬁcam
1425 2472 1620 2529 crucis
1655 2471 1933 2527 visionem
1974 2483 2098 2539 pro-
2205 2470 2359 2527 Dicit
2375 2471 2428 2526 ei
2464 2471 2764 2544 :Domine,
2792 2471 2853 2527 in
2883 2485 2949 2528 ea
2979 2472 3137 2542 hora,
3161 2484 3274 2541 qua
3299 2469 3732 2526 consummatum
3747 2465 3820 2514 est

442 2562 648 2630 merui,
672 2561 725 2616 ei
759 2563 858 2616 Dei
890 2562 1010 2618 vidi
1050 2563 1342 2634 mysteria,
1377 2561 1518 2633 quin
1541 2565 1598 2616 et
1631 2573 1800 2631 quam
1839 2559 1918 2615 sit
1943 2555 2116 2630 para-'
2205 2573 2371 2630 opus,
2421 2567 2560 2616 orta:
2602 2567 2738 2616 sunt
2783 2560 2962 2617 iconae
2993 2561 3158 2630 istae;
3207 2564 3266 2615 et
3295 2557 3492 2619 nescio
3535 2553 3704 2622 cujus,
3743 2546 3813 2634 vel

441 2653 538 2705 tus
561 2647 629 2704 ad
659 2649 1084 2720 suscipiendam
1114 2633 1528 2720 paenitentiam.
1563 2649 1878 2718 Projiciens
1904 2647 2098 2718 itaque
2207 2661 2336 2718 quas
2369 2648 2448 2704 sit
2485 2649 2919 2719 superscriptio.
2977 2649 3151 2706 Porro
3191 2649 3524 2704 adolescens
3566 2633 3816 2716 [Neanias]

445 2751 534 2792 me
560 2736 741 2808 ipsam
771 2751 944 2808 super
967 2741 1198 2808 terram,
1239 2743 1298 2794 et
1342 2741 1538 2794 sancto
1582 2737 1686 2792 illo
1735 2737 1970 2792 adorato
2009 2750 2100 2806 pa-
2206 2736 2472 2807 cognovit
2510 2737 2812 2807 quamdam
2852 2737 3126 2792 virtutem
3158 2735 3217 2792 in
3255 2747 3328 2792 ea
3367 2747 3506 2790 esse.
3533 2732 3603 2786 Et
3622 2727 3817 2784 adorata

441 2827 712 2897 vimento,
740 2826 1038 2919 curgebam
1063 2826 1422 2896 postulatura
1449 2825 1748 2897 [egressa],
1772 2837 1941 2894 penes
1974 2837 2096 2880 eam
2207 2837 2395 2895 cruce,
2433 2823 2675 2880 involvit
2699 2837 2975 2896 purpura,
3002 2830 3059 2880 et
3088 2823 3194 2880 ivit
3213 2823 3369 2880 viam
3398 2833 3555 2879 suam
3584 2813 3816 2916 gaudens,

441 2928 568 2986 qua:
597 2915 741 2970 mihi
787 2903 952 2970 ﬁdem
983 2915 1228 2986 dixerat,
1274 2913 1612 2970 accelerans.
1659 2913 1759 2970 Fio
1799 2913 1993 2984 itaque
2035 2913 2095 2968 in
2208 2911 2343 2968 latis
2371 2913 2581 2971 artiﬁci
2605 2915 2792 2968 Marco
2817 2913 3022 2984 pretiis
3052 2911 3348 2983 pluribus,
3373 2916 3431 2967 et
3453 2903 3818 2964 introivitcum

441 3003 545 3059 illo
571 3003 716 3073 loco,
767 3003 826 3058 in
855 3016 969 3073 quo
997 3003 1312 3058 vadimonii
1339 3001 1788 3074 chir0graphum
1815 3001 2095 3071 scriptum
2126 3021 2176 3085 α
2205 2999 2432 3056 duobus
2459 3001 2714 3056 numeris
2743 3000 2804 3056 in
2834 3001 3124 3057 civitatem
3154 3013 3344 3056 suam.

439 3097 526 3148 est
553 3110 567 3146 :
597 3096 652 3147 et
692 3105 838 3164 genu
883 3091 1028 3148 ﬂexo
1074 3104 1264 3148 coram
1313 3091 1678 3148 sanctissima
1720 3091 1954 3169 Virgine
1992 3089 2094 3146 Dei
2135 3078 2176 3085 ⁷
2275 3088 2595 3160 Stephanus
2639 3089 3152 3145 reverendissimus
3199 3087 3516 3144 monachus
3541 3088 3594 3140 et
3634 3078 3813 3136 librum

439 3179 738 3252 genitrice,
767 3179 860 3235 his
885 3193 988 3236 usa
1015 3193 1140 3236 sum
1169 3179 1360 3235 verbis
1386 3198 1399 3234 :
1427 3180 1512 3235 Tu
1533 3179 1787 3250 quidem,
1815 3177 2094 3234 bonitatis
2203 3185 2398 3234 custos
2415 3177 2762 3234 venerabilis
2787 3177 3124 3248 patriarchii
3158 3177 3338 3248 legit:

437 3268 684 3324 amatrix
720 3267 975 3341 domina,
1012 3272 1167 3325 tuam
1208 3269 1270 3324 in
1310 3282 1397 3324 me
1425 3267 1729 3326 ostendisti
1773 3267 2097 3324 misericor-
2213 3339 2248 3341 η
2314 3339 2379 3341 ψ
2643 3340 2648 3341 ί
2701 3339 2722 3341 ῃ
2841 3340 2846 3341 ί
3067 3339 3076 3341 4
3129 3338 3189 3341 ψ
3288 3337 3304 3341 _
3384 3297 3427 3341 _~
3516 3333 3566 3341 __
3707 3325 3767 3341 μ

436 3356 592 3412 diam
620 3371 633 3410 :
656 3361 720 3413 tu
753 3326 1003 3429 indigna:
1028 3371 1139 3414 non
1171 3371 1232 3412 es
1253 3356 1579 3414 abominata
1599 3356 2023 3427 deprecationem

2232 3340 2290 3393 ia:
2313 3339 2440 3394 Vita
2473 3340 2655 3429 sancti
2691 3339 2874 3422 Patris
2892 3339 3076 3419 nostri
3125 3337 3394 3429 fl‘heodori
3415 3326 3819 3429 qrchimandrita:

437 3445 557 3500 vidi
584 3445 848 3518 gloriam,
875 3409 1043 3518 quam
1061 3447 1216 3516 juste
1242 3460 1353 3502 non
1373 3446 1634 3502 videmus
1656 3409 1760 3502 nos
1779 3445 2087 3502 luxuriosi.
2428 3481 2434 3486 -
2593 3409 2914 3473 swenswm’
2940 3424 3098 3478 ⁸³⁸³³³
3122 3414 3344 3464 "unum
3365 3412 3470 3464 est:

437 3533 632 3590 Gloria
687 3535 820 3606 Deo,
855 3535 956 3604 qui
1002 3548 1102 3604 per
1151 3541 1207 3590 te
1253 3540 1612 3604 peccatorum
1643 3533 1890 3601 suscipit
1919 3546 2024 3602 post

2270 3549 2592 3603 Benedictus
2667 3551 2810 3604 Deus
2872 3553 2924 3604 et
2994 3551 3157 3604 Pater
3223 3550 3448 3603 Domini
3507 3541 3672 3599 nostri
3715 3537 3818 3590 Iesu

438 3622 694 3678 tentiam-
736 3622 1080 3710 Quidgenfilgn
1107 3620 1306 3692 habeo,
1345 3620 1653 3710 peccatrix,
1677 3619 1938 3710 amplius
1966 3633 2094 3674 con-
2201 3636 2403 3691 Christi
2442 3634 2520 3707 (ιι
2557 3636 2678 3692 Cor.
2723 3637 2780 3710 Ι).
2821 3638 2892 3693 Et
2935 3643 3063 3708 post
3104 3637 3256 3693 alia:
3297 3638 3443 3695 Cum
3491 3637 3669 3690 autem
3700 3623 3822 3680 esset

438 3711 712 3779 siderare,
757 3709 842 3764 vel
891 3707 1056 3764 fari?
1090 3710 1336 3778 Tempus
1389 3713 1494 3778 est,
1535 3707 1788 3788 domina,
1830 3714 1896 3763 ut
1947 3720 2025 3763 co}

2232 3724 2366 3794 [nasi
2407 3737 2685 3781 annorum
2729 3707 3050 3796 duodecim,
3110 3724 3256 3780 facta
3297 3730 3392 3782 est
3433 3717 3732 3780 mortalitas
3765 3720 3819 3764 ex

441 3797 708 3868 pleantur
741 3799 859 3868 iam
890 3795 1102 3853 foedera
1145 3795 1480 3867 vadimonii.
1527 3795 1624 3851 cui
1668 3795 1834 3884 ﬁdem
1859 3796 2085 3852 dixisti-
2201 3811 2426 3870 bubone
2463 3813 2523 3868 in
2553 3813 2654 3870 illa
2678 3813 2835 3884 villa,
2871 3814 2952 3870 ita
2978 3795 3046 3870 ut
3071 3797 3820 3884 ipseinﬁrmareturpenead

435 3887 600 3941 Nunc
627 3885 812 3940 deduc
851 3898 965 3955 quo
979 3885 1246 3954 jusseris.
1278 3885 1442 3940 Nunc
1465 3887 1588 3940 esto
1628 3883 1772 3938 mihi
1800 3884 2022 3957 magis:

2232 3908 2458 3958 mortem.
2492 3903 2666 3959 Porro
2695 3883 3026 3960 detulerunt
3045 3883 3174 3960 eum
3206 3903 3267 3957 in
3290 3901 3599 3959 oratoriam
3622 3896 3819 3952 domum

438 3972 581 4028 lutis
613 3972 904 4044 magistra,
944 3985 1136 4044 manu,
1163 3973 1381 4029 ducens
1411 3973 1470 4028 in
1495 3972 1645 4029 viam
1675 3973 1887 4044 quaead
1916 3987 2025 4044 [)(Bl

2238 3991 2382 4046 aucti
2429 3991 2664 4047 Joannis
2703 3992 2988 4063 Baptistae,
3023 4005 3152 4062 quae
3185 3998 3310 4047 erat
3345 3992 3512 4061 juxta
3557 3984 3754 4052 villam,
3781 3981 3825 4031 et

433 4061 674 4152 ιθῐιῐίίὶφ
697 4059 921 4152 dirigit-
956 4063 1024 4118 Ει
1058 4076 1189 4152 ομω
1219 4062 1335 4117 hinc
1363 4061 1551 4152 εάηξιρ
1574 4061 1846 4152 βίοβΐθων
1887 4063 2084 4119 θυάίνί
2199 4083 2525 4136 statuerunt
2566 4059 2933 4152 [straverunt]
2979 4059 3112 4136 eum
3164 4081 3235 4136 ad
3281 4059 3586 4137 introitum
3631 4067 3820 4129 altaris.

438 4150 739 4238 (ιιιβιῐιααηι
772 4164 804 4206 ³
847 4149 1014 4222 longe
1055 4150 1432 4206 “amantem:
1473 4150 1532 4206 Si
1563 4151 1861 4207 δοτάἃηθῐη
1891 4158 2090 4209 mms-
2157 4217 2166 4226 κ
2196 4168 2372 4224 Porro
2409 4149 2582 4238 super
2610 4166 2754 4222 illud
2800 4167 2860 4222 in
2893 4149 3248 4237 receptaculo
3285 4165 3483 4224 crucis
3517 4161 3692 4220 stabat
3715 4157 3828 4212 ima-

441 4237 599 4309 ieris)
632 4238 834 4295 bonam
886 4238 1142 4327 iﬂYeﬂieS
1191 4237 1466 4309 Γθίίιιίθιῐι·
1497 4240 1613 4327 Ego
1642 4241 1949 4327 νενοΑῘιεὶηο
1985 4257 2093 4300 νο-
2202 4269 2272 4327 go
2304 4255 2617 4312 Salvatoris
2655 4255 2836 4313 nostri
2861 4257 2995 4312 Jesu
3036 4255 3232 4311 Cristi.
3263 4255 3524 4327 Cumque
3557 4265 3623 4308 ex
3658 4245 3827 4304 dolore

435 4340 554 4417 (ξθῐη
580 4327 842 4417 audiens,
870 4333 927 4382 θι
957 4326 1102 4417 δέξηο
1146 4333 1380 4417 molitm:
1406 4340 1496 4417 ΨΘ
1527 4324 1742 4417 “(fliam
1765 4325 1947 4417 ῖιιίδδβ
1975 4345 2092 4388 (τνθ-
2119 4335 2171 4394 D
2202 4324 2452 4400 bubonis
2495 4345 2873 4415 cruciaretur,
2908 4351 3134 4414 repente
3153 4345 3225 4400 de
3249 4324 3503 4417 imagine
3530 4333 3828 4396 ceciderunt

345 4416 351 4422 ’
435 4415 594 4487 dens,
637 4415 942 4486 lacrymata
971 4413 1232 4486 clamavi,
1266 4420 1322 4470 et
1352 4413 1454 4469 Dei
1481 4414 1748 4486 genitrici
1781 4416 1932 4473 vocif

2238 4447 2372 4504 uper
2408 4447 2536 4488 eum
2563 4432 2714 4488 roris
2743 4413 2940 4504 guttae,
2965 4413 3021 4488 et
3045 4431 3238 4488 statim
3269 4413 3457 4504 gratia
3481 4429 3582 4486 Dei
3605 4440 3635 4482 a
3658 4421 3825 4480 dolore

437 4519 565 4560 sum
597 4521 610 4558 ε
672 4504 773 4560 Dei
822 4503 1096 4592 ςθηητίκ,
1143 4502 1411 4592 dominas
1447 4501 1815 4574 derelinquas
1857 4513 1964 4562 Πιθ-
2020 4509 2088 4563 Et
2197 4501 2507 4588 convaluit,
2536 4526 2593 4576 et
2617 4501 2794 4577 sanus
2817 4501 3052 4577 eﬁeetus
3069 4525 3176 4592 est,
3207 4501 3402 4577 et'ivit
3417 4523 3646 4577 domum
3667 4519 3822 4568 suam-

438 4593 532 4683 Ρίβ
551 4593 748 4664 dictis:
775 4591 928 4648 91M
955 4591 1027 4646 (Ῑθ
1045 4591 1194 4646 εῖνίο
1218 4589 1438 4663 tempus
1465 4595 1522 4646 θί
1543 4599 1870 4649 constanter
1893 4594 2090 4651 ΜΠ)ιῦ
2194 4614 2264 4668 Et
2293 4618 2420 4683 post
2443 4611 2636 4667 brevia
2671 4628 2683 4664 :
2717 4609 2938 4666 Imitari
2985 4589 3172 4682 igitur
3203 4610 3403 4666 volens
3435 4605 3612 4664 David
3646 4603 3701 4658 in
3732 4601 3828 4654 Deo

438 4678 640 4778 ’δίδη
1147 4765 1160 4778 ,
1548 4767 1562 4778 _
1848 4769 1862 4778 _
1930 4776 1935 4778 Α
2074 4775 2080 4778 Α
2195 4678 3200 4778 decibilihymnodia,ccepitdiscere
3221 4693 3828 4778 psalterium.Cumque

503 4768 754 4860 Joannes:
787 4767 1678 4860 ῗθνθνςεξιάίεείωιιξδ,ωοηδοὶῖιξε»
1715 4769 2006 4860 Presbyter
2033 4775 2090 4828 et
2195 4788 2430 4846 diﬁicile
2475 4767 2605 4845 cum
2647 4767 2948 4860 multoque.
2987 4789 3182 4846 labore
3222 4767 3538 4844 didicisset
3574 4771 3825 4850 usquead

435 4855 690 4950 vicarius
717 4855 1100 4950 Qrientalium
1127 4854 1466 4950 pontiﬁcum
1499 4856 1743 4928 sedium,
1773 4858 1926 4915 dixit
1953 4877 1966 4914 :
1992 4860 2094 4915 Ta-
2197 4878 2482 4934 decimum
2524 4885 2768 4950 sextum,
2799 4854 3188 4934 ίάιωίηθηιθω
3227 4877 3515 4933 decimum
3543 4869 3824 4942 septimum

437 4943 546 5001 Ῑθπι
588 4943 896 5038 imaginem
931 4957 1044 5000 4105
1088 4943 1343 5038 ﬁdimus
1389 4943 1686 5038 inﬁmo?
1725 4945 1940 5003 Chris“
1986 4947 2088 5004 Dei
2199 4965 2480 5038 psalmum
2519 4980 2630 5022 non
2661 4943 2880 5022 valebat
2923 4965 3209 5022 memoria:
3233 4962 3646 5022 commendare.
3682 4948 3830 5010 Medi-

436 5032 618 5089 nostri
644 5031 895 5103 civitate,
921 5039 978 5088 et
995 5031 1225 5090 crebius
1253 5045 1375 5088 eam
1407 5032 1801 5090 salutavimus.

2235 5068 2326 5110 ins
2349 5067 2483 5126 ergo
2515 5053 2575 5108 in
2613 5053 2866 5108 oratorio
2896 5053 3077 5109 sancti
3127 5053 3397 5124 martyris
3423 5035 3822 5114 Christophori:

504 5120 824 5213 $391139“
860 5121 974 5176 Deo
1001 5119 1270 5213 aﬂlﬁbilis
1297 5120 1596 5213 ($390998,
1634 5122 1897 5213 ηοῐὲξτίξιε
1917 5127 1982 5213 ,εἴ
2010 5139 2093 5180 ι’θ·
2199 5143 2350 5213 quod
2375 5119 2496 5197 erat
2527 5141 2598 5196 de
2623 5140 2881 5210 proxima
2907 5139 3064 5212 villa,
3113 5147 3169 5196 et
3207 5119 3318 5197 non
3351 5138 3550 5195 Valens
3578 5133 3826 5194 ediscere:

436 5208 794 5266 ferendarius
821 5207 1168 5267 venerabilis
1198 5209 1536 5278 patriachici
1564 5210 1788 5282 secreti,
1821 5210 1998 5282 legit:

2241 5236 2562 5288 rosternens
2589 5207 2650 5285 se
2676 5243 2849 5299 supra
2869 5207 3093 5300 faciem,
3117 5228 3533 5300 deprecabatur
3565 5227 3752 5284 Deum,
3775 5217 3828 5268 ut

436 5318 526 5372 Em
552 5318 813 5386 passione
859 5317 1038 5370 sancti
1077 5317 1337 5385 martyris
1377 5317 1644 5388 Procopii,
1683 5316 1840 5385 cujus
1869 5319 2088 5373 initium
2195 5318 2500 5376 docibilem
2539 5331 2601 5373 se
2644 5315 2852 5374 faceret
2884 5319 2953 5374 ad
2992 5317 3350 5388 psalmorum
3395 5310 3822 5370 meditationem.

1207 5391 1326 5441 ⁸⁸⁸³
1367 5407 1373 5415 “
2195 5410 2370 5464 Porro
2415 5412 2636 5462 amator
2665 5405 2961 5462 hominum
2989 5408 3160 5477 Deus,
3194 5406 3292 5476 qui
3336 5403 3531 5462 dixit:
3577 5398 3756 5455 Petite,
3786 5391 3829 5442 et

504 5497 610 5552 Per
638 5494 742 5552 illa
781 5499 1032 5566 tempora
1086 5493 1343 5566 regnavit
1368 5493 1759 5566 Diocletianus
1789 5502 2080 5566 tyrannus.
2195 5497 2420 5552 dabitur
2440 5495 2590 5551 vobis
2613 5493 2827 5567 (Matth.
2857 5495 2980 5567 vn),
3005 5495 3236 5552 deditei
3272 5492 3604 5566 petitionem
3636 5481 3822 5556 ipsiuS-
