4012 6162
171 253 255 311 317

870 245 1416 302 INTERPRETATIO
1451 245 1700 303 SYNODI
1741 248 1831 304 VII
1867 241 2269 310 GENERALIS.
2307 285 2379 295 --
2414 255 2615 313 ACTIO
2653 259 2741 313 IV.

3397 260 3503 317 348
3577 317 3590 334 4,

173 383 327 448 Itaque
350 374 662 447 surgensde
700 373 1039 442 pavimento,
1069 376 1125 427 et
1154 372 1394 443 imagini
1436 372 1748 428 Salvatoris
1775 374 1831 434 A
1860 376 2238 434 invisibiliter
2290 385 2672 452 oppugnatur,
2707 382 2841 450 imo,
2876 387 2942 438 ut
2990 383 3183 439 verius
3219 385 3500 458 dicamus,

171 467 436 535 intendens,
468 470 521 518 et
573 463 900 532 supplicans
946 461 1127 516 sensit
1167 461 1527 518 dulcedinem
1583 461 1749 516 melle

169 556 432 612 suaviorem
454 553 661 606 illatam
686 551 744 605 in
771 565 834 606 os
855 565 1044 606 suum.
1067 550 1175 619 Qui
1198 549 1390 620 agnita
1416 550 1515 604 Dei
1543 550 1746 620 gratia,

168 652 210 698 et
234 647 454 712 percepta
483 640 801 709 dulcedine,
837 639 1053 710 gratias
1082 639 1201 708 egit
1224 639 1368 694 Deo:
1404 642 1459 693 et
1497 637 1568 692 ab
1611 639 1748 694 hora

170 730 528 788 iﬂafaciliusac
543 728 678 783 bene
693 723 1071 801 [docibilius]
1091 727 1270 782 doctae
1298 726 1584 782 memoria-3
1606 726 1749 796 psal-

170 822 328 876 terium
356 816 793 873 commendabat.

215 910 408 964 Cosmas
455 908 566 961 Deo
624 905 891 961 amabilis
946 905 1226 961 diaconus
1270 909 1327 960 et
1383 903 1751 960 cubuclesius

166 999 278 1069 egit:

167 1103 359 1174 Epistola
387 1101 628 1168 Gregorii
677 1102 1008 1155 sanctissimi
1035 1116 1196 1170 papa:
1231 1102 1460 1174 Romani
1495 1100 1571 1174 qd
1612 1115 1752 1154 san—

213 1176 469 1228 ctissimum
480 1173 828 1235 Germanum,
851 1174 948 1241 qui
960 1175 1146 1240 fuerat
1154 1173 1477 1242 patriarcha
1495 1171 1752 1226 Constan-

215 1245 483 1314 tinopoleos.

212 1351 375 1419 Qualis
401 1355 453 1405 et
481 1364 609 1420 quae
633 1349 939 1405 delectatio
971 1362 1148 1404 meam
1180 1349 1265 1404 sic
1297 1348 1588 1404 laetiﬁcare
1617 1348 1754 1403 ani—

164 1453 271 1494 mam
305 1439 464 1518 novit,
495 1439 653 1493 sicut
683 1438 978 1509 gratiﬁcus
1025 1438 1270 1494 nuntius
1317 1450 1488 1506 super
1518 1441 1616 1492 tuo
1642 1450 1756 1492 no—

163 1532 291 1599 mine,
319 1529 454 1598 quod
490 1527 862 1582 reverendum
895 1540 1085 1582 revera
1131 1527 1275 1581 mihi
1307 1530 1364 1598 et
1395 1524 1755 1596 magniﬁcan-

161 1620 259 1673 dum
303 1617 552 1672 decenter
597 1619 706 1684 est,
740 1629 774 1671 ο
805 1615 1154 1671 sanctiﬁcate
1182 1619 1239 1669 et
1267 1615 1556 1670 divinitus
1585 1613 1755 1669 acte?

159 1709 242 1762 Hoc
263 1707 395 1761 enim
423 1710 479 1761 et
517 1719 675 1760 nunc
698 1718 927 1776 ego'per
959 1703 1323 1760 honorabiles
1371 1705 1596 1758 litteras
1627 1707 1756 1758 tuas
1782 1691 1836 1752 B

159 1795 516 1866 evangelizatus
531 1793 842 1865 exsultavi,
864 1798 920 1848 et
936 1807 1048 1864 pra:
1069 1793 1249 1849 nimio
1267 1793 1498 1864 gaudio,
1537 1790 1754 1860 spiritu

159 1885 424 1940 latiticatus
443 1899 590 1939 sum.
613 1883 831 1939 Deinde
859 1883 916 1938 in
933 1885 1140 1939 ccelum
1164 1883 1471 1937 extendens
1500 1879 1752 1954 oculum,

159 1974 412 2045 gratiarum
437 1971 793 2029 dominatori
823 1972 1081 2028 omnium
1112 1974 1225 2027 Deo
1252 1971 1425 2027 retuli
1458 1970 1749 2025 actiones:

157 2063 228 2131 qui
270 2063 443 2118 taliter
487 2062 668 2117 etiam
701 2062 865 2116 modo
915 2061 1118 2132 voluit,
1153 2064 1210 2116 et
1263 2061 1374 2116 ﬁne
1405 2066 1571 2115 tenus
1596 2058 1759 2114 vobis

157 2155 453 2221 cooperatur,
486 2156 543 2205 et
581 2150 781 2206 omnia
827 2154 1014 2204 vestra
1046 2149 1106 2204 in
1159 2149 1342 2204 lucem
1395 2147 1610 2204 educit.
1645 2149 1758 2201 Hoc

154 2243 267 2296 enim
284 2245 335 2296 et
357 2241 635 2296 orandum
667 2239 809 2294 mihi
830 2243 918 2294 est
937 2242 1108 2294 noctu
1135 2242 1192 2293 et
1229 2237 1504 2304 interdiu,
1534 2240 1591 2292 et
1621 2249 1765 2291 nun-

157 2344 286 2400 quam
312 2330 616 2400 aliquando
646 2329 754 2384 hoc
773 2327 1123 2383 desiderium
1152 2328 1526 2382 deserendum
1552 2339 1673 2381 esse
1696 2325 1760 2380 in

155 2418 337 2475 Christo
364 2419 660 2474 conﬁdens
692 2417 1094 2487 pronuntiabo.
1118 2411 1542 2472 Testimonium
1567 2419 1758 2471 autem

157 2509 364 2576 perhibet
402 2508 656 2563 sermoni
715 2520 854 2574 meo,
887 2520 922 2561 ο
948 2504 1432 2574 superlaudabilis
1477 2509 1533 2559 et
1562 2518 1594 2558 a
1645 2506 1759 2558 Deo

155 2597 329 2666 dilecte,
358 2598 525 2652 etiam
558 2601 679 2652 tuae
728 2609 826 2665 per
873 2609 1092 2650 omnem
1126 2595 1322 2649 horam
1354 2592 1758 2648 benevolentia:

157 2687 448 2742 recordatio:
485 2699 664 2756 quam
698 2684 1092 2739 habitatricem
1122 2683 1335 2739 habens
1370 2683 1428 2737 in
1456 2681 1648 2751 labiis,
1700 2685 1756 2736 et

156 2773 352 2829 dolorem
382 2774 536 2830 verbi
561 2774 716 2828 ferre
742 2787 854 2828 non
880 2772 1091 2840 valens,
1123 2772 1283 2827 illico
1303 2773 1371 2826 ad
1395 2770 1626 2826 aﬁ‘atum
1661 2782 1758 2839 per

159 2854 328 2917 litteras
347 2863 668 2933 properavi.
693 2863 792 2917 Est
810 2862 962 2916 enim
988 2860 1246 2916 debitum
1271 2861 1435 2930 mihi,
1464 2865 1521 2915 et
1542 2859 1758 2916 debitis

158 2951 331 3004 cunctis
360 2952 677 3022 insignius,
707 2955 762 3004 te
787 2948 1017 3004 fratrem
1051 2961 1238 3004 meum
1279 2954 1336 3003 et
1365 2954 1760 3020 propugnato-

1859 467 2032 522 simul
2066 473 2298 539 pugnat,
2326 474 2384 525 et
2409 470 2600 526 hostes
2643 472 2699 525 in
2745 470 2936 542 fugam
2968 473 3174 527 vertit:
3201 487 3266 527 ac
3294 476 3505 531 ubi'sic

1859 555 2083 624 cmpisti
2139 557 2420 628 praelium,
2482 563 2546 614 ut
2596 561 2744 615 Deus
2794 561 2915 629 ipse
2967 560 3074 615 tibi
3122 564 3506 618 monstravit?

1864 657 2101 712 praeesse
2118 647 2454 716 praecipiens
2475 647 2532 703 in
2549 649 2756 703 castris
2774 650 2931 720 regni
2958 649 3173 705 Christi
3193 650 3504 721 gloriosum

1861 745 1990 787 vere
2016 747 2082 788 ac
2113 735 2340 805 insigne
2387 735 2668 808 labarum,
2705 738 2759 792 id
2810 743 2899 794 est
2926 738 3208 793 viviﬁcam
3257 753 3506 810 crucem,

1863 835 2126 893 magnum
2143 829 2340 878 contra
2361 829 2597 881 mortem
2618 826 3038 898 magnitudinis
3056 841 3174 882 sum
3199 832 3504 898 tropaeum:

1865 911 1922 966 in
1956 925 2066 982 quo
2098 913 2294 968 mundi
2327 913 2680 983 quadrifarie
2721 916 2998 972 terminos
3025 917 3507 988 circumscripsit,

1861 995 2222 1056 lineamentis
2250 1001 2631 1073 distinguens.
2679 1004 2893 1059 Deinde
2921 1009 2978 1059 et
3001 1009 3254 1060 sanctam
3297 1007 3514 1079 imagi—

1861 1101 1986 1142 nem
2017 1088 2272 1144 omnium
2301 1090 2547 1146 dominae
2570 1104 2635 1146 ac
2664 1105 2807 1146 verae
2829 1092 2930 1147 Dei
2966 1093 3182 1163 Matris,
3210 1095 3378 1163 cujus
3392 1095 3514 1151 vul-

1862 1180 1983 1231 tum
2011 1177 2220 1233 dlvites
2238 1177 2420 1247 plebis
2443 1179 2918 1248 deprecabuntur.
2945 1182 3167 1236 Etenim
3187 1188 3381 1239 sancta
3401 1188 3506 1256 est,

1861 1265 2338 1334 quemadmodum
2362 1268 2627 1336 patribus
2648 1269 2894 1341 videtur,
2924 1285 3050 1340 quae
3075 1271 3268 1327 taliter
3296 1287 3328 1327 a
3349 1273 3512 1329 vobis

1864 1353 1954 1422 pie
1986 1353 2260 1410 honorata
2309 1356 2520 1411 tribuit
2565 1357 3020 1414 vicissitudines.
3055 1361 3194 1415 Nam
3240 1362 3513 1432 imaginis

1864 1441 2045 1497 honor
2073 1443 2140 1498 ad
2189 1444 2560 1513 principalem
2593 1447 2820 1517 transit,
2873 1449 3184 1504 secundum
3234 1451 3508 1506 Basilium

1864 1544 2150 1601 magnum.
2179 1534 2248 1586 Et
2278 1533 2488 1601 pietate
2515 1539 2602 1589 est
2648 1535 2809 1604 plena
2853 1537 3265 1593 venerabilium
3299 1539 3514 1610 imagi—

1867 1633 2001 1674 num
2031 1633 2225 1691 causa,
2257 1621 2410 1676 sicut
2447 1622 2600 1678 dixit
2647 1623 3121 1693 Chrysostomus:
3163 1627 3277 1697 Ego
3306 1631 3362 1681 et
3385 1639 3511 1682 cera

1869 1706 2152 1778 perfusam
2194 1710 2377 1764 amavi
2436 1712 2715 1780 picturam
2766 1713 2975 1781 pietate
3045 1713 3341 1770 refertam:
3393 1716 3512 1771 vidi

1869 1797 2019 1851 enim
2046 1797 2103 1850 in
2137 1797 2384 1868 imagine
2404 1799 2665 1870 angelum
2689 1813 2900 1856 cuneos
2920 1800 3290 1858 barbarorum
3319 1817 3516 1873 perse—

1869 1891 2154 1954 quentem,
2186 1890 2242 1940 et
2265 1886 2439 1941 David
2472 1887 2763 1943 veritatem
2835 1889 3114 1945 dicentem
3140 1909 3152 1944 :
3182 1893 3423 1963 Domine,
3455 1895 3514 1946 in

1871 1975 2084 2027 civitate
2139 1979 2234 2026 tua
2283 1977 2573 2040 imaginem
2618 1992 2800 2030 eorum
2863 1979 2938 2031 ad
3024 1980 3254 2033 nihilum
3304 1981 3515 2048 redigas

1870 2059 2016 2132 (Psal
2049 2062 2242 2133 Lxxn).
2269 2064 2333 2118 Et
2365 2076 2718 2133 nequaquam
2746 2066 2992 2121 Ecclesia
3018 2067 3248 2138 erravit,
3278 2068 3412 2122 licet
3435 2068 3512 2121 ita

1881 2149 2742 2220 fueritaastimatum.Indulgeat
2779 2155 2950 2222 Deus,
2985 2168 3166 2224 neque
3200 2156 3512 2210 secundum

1873 2239 2141 2310 gentilem
2157 2241 2618 2310 consequentiam
2632 2246 2718 2297 est
2729 2242 2966 2297 traditio
2980 2241 2995 2312 (
3008 2243 3184 2316 absit)
3201 2247 3257 2298 et
3270 2243 3514 2298 intentio

1875 2328 1957 2383 rei
1983 2329 2295 2384 secundum
2322 2330 2460 2398 quid
2487 2330 2778 2401 probatur,
2801 2335 2858 2386 et
2878 2345 3235 2402 nequaquam
3261 2331 3516 2387 conside-

1871 2421 2073 2472 rantur
2097 2431 2222 2486 qua:
2244 2417 2636 2487 perﬁciuntur.
2662 2422 2800 2474 Nam
2827 2433 3007 2490 neque
3030 2420 3087 2474 in
3109 2421 3363 2475 Pancade
3377 2419 3518 2475 civi-

1871 2509 1983 2560 tate
2001 2506 2453 2562 haemorrhoissa:
2471 2507 2562 2576 pie
2597 2513 2761 2563 motae
2793 2509 2852 2563 in
2897 2508 3346 2564 recordationem
3378 2507 3513 2564 facti

1871 2593 1930 2648 in
1957 2607 2016 2648 se
2042 2593 2307 2649 miraculi
2359 2594 2788 2666 repudiabatur,
2830 2609 2958 2651 cum
2999 2601 3121 2651 orta
3153 2602 3301 2652 esset
3343 2596 3515 2652 herba

1868 2683 2022 2737 circa
2054 2682 2220 2751 pedes
2245 2688 2466 2752 statuae,
2503 2697 2629 2754 qum
2649 2684 2716 2738 ad
2745 2697 2809 2739 ea
2842 2685 2898 2738 in
2921 2685 3150 2740 nomine
3182 2685 3409 2740 Domini
3436 2687 3517 2740 Je-

1869 2787 1938 2826 su
1958 2771 2171 2826 Christi
2203 2776 2386 2826 erecta
2411 2776 2532 2826 est:
2566 2778 2622 2827 et
2641 2777 2908 2828 extranea
2933 2779 3074 2836 erat,
3111 2774 3517 2845 incognitaque
3572 2810 3574 2812 τ

1870 2860 2076 2930 specie,
2108 2860 2406 2930 positaque
2431 2861 2698 2915 omnibus
2740 2861 2798 2916 in
2846 2862 3136 2918 variorum
3173 2863 3513 2932 languorum

1870 2948 2182 3003 remedium
2226 2948 2703 3004 condescensione
2725 2955 2781 3004 et
2806 2949 3060 3005 bonitate
3103 2951 3202 3006 Dei
3229 2956 3285 3005 et
3313 2951 3516 3005 Salva—
3623 2966 3625 2968 ·

159 3052 240 3092 rem
264 3040 512 3095 Ecclesia:
568 3025 826 3094 salutare
879 3051 946 3092 ac
992 3037 1233 3108 alloqui,
1285 3041 1340 3092 et
1380 3037 1756 3093 luctaminum
1789 3056 1838 3117 α
1870 3037 2015 3091 toris
2045 3035 2246 3090 nostri.
2280 3038 2394 3090 lmo
2417 3036 2638 3108 legalis,
2668 3039 2731 3092 ut
2750 3039 2867 3105 jam
2911 3034 3059 3111 [ita]
3090 3039 3370 3107 dicamus,
3403 3038 3518 3093 hu—

159 3131 336 3182 tuorum
371 3127 709 3183 collaudare
740 3125 1023 3181 materias.
1075 3126 1314 3180 Etiamsi
1348 3126 1481 3196 quis
1509 3126 1665 3181 dicat
1704 3130 1762 3180 et

155 3214 274 3270 valde
322 3216 767 3271 convenienter:
826 3214 1030 3269 clamet
1082 3214 1276 3283 potius
1325 3227 1389 3268 ea
1445 3214 1761 3282 impietatis

158 3316 433 3374 pnecursor,
465 3304 567 3373 qui
601 3317 757 3358 nunc
778 3316 978 3372 passus
1001 3307 1106 3373 est,
1133 3303 1276 3358 bona
1308 3303 1533 3358 actione
1555 3303 1759 3357 malam

152 3392 376 3446 actionem
408 3393 529 3448 tuis
560 3396 1022 3463 commutaturus
1063 3389 1462 3446 felicitatibus.
1489 3392 1628 3445 Nam
1659 3403 1762 3445 ar—

153 3476 420 3536 bitrabatur
465 3480 789 3536 secundum
823 3479 988 3535 illum
1037 3480 1136 3550 qui
1186 3480 1490 3534 desursum
1517 3479 1754 3544 cedidit,

153 3564 338 3623 tremere
367 3570 540 3626 simul
584 3574 646 3624 et
675 3568 976 3638 prmvalere
1004 3570 1278 3624 adversus
1320 3568 1586 3637 pietatem
1612 3586 1624 3622 :
1660 3568 1755 3623 sed

153 3653 411 3723 impeditur
429 3659 671 3713 caelitus
691 3671 789 3727 spe
805 3656 1138 3713 fraudatus:
1161 3663 1217 3712 et
1235 3657 1506 3713 audiebat
1526 3657 1757 3727 quidem

149 3741 200 3796 ab
218 3745 442 3802 Ecclesia
465 3761 530 3802 ea
554 3761 687 3817 quae
717 3750 775 3801 et
792 3739 1008 3801 Pharao
1039 3746 1204 3815 prius
1234 3745 1534 3817 Egyptius
1560 3750 1762 3816 tyran—

151 3844 251 3894 nus,
277 3836 450 3904 Moyse
477 3836 552 3890 de
599 3835 706 3890 illo
739 3839 974 3890 canente
1001 3853 1013 3889 :
1046 3836 1200 3889 Dixit
1239 3836 1529 3888 inimicus:
1566 3836 1762 3887 Perse-

148 3935 278 3988 quens
296 3924 761 3993 comprehendam,
778 3925 1030 3993 partibor
1049 3925 1246 3993 spolia,
1283 3923 1495 3992 replebo
1520 3925 1762 3976 animam

149 4010 497 4082 meam(E.rod.
531 4012 665 4084 xv).
705 4012 808 4067 Sed
836 4016 890 4067 et
919 4011 1189 4068 audiebat
1215 4026 1339 4082 quae
1386 4017 1443 4066 et
1475 4011 1596 4081 ipse
1623 4011 1760 4066 dia—

149 4093 293 4168 bolus,
306 4115 428 4156 cum
445 4101 785 4172 prophetica
801 4100 887 4156 illi
904 4101 1387 4170 praenuntiaretur
1399 4099 1755 4155 maledictio:

149 4184 392 4254 Propterea
449 4191 699 4244 destruet
741 4194 790 4243 te
838 4192 980 4244 Deus
1026 4192 1086 4243 in
1131 4193 1310 4258 ﬁnem,
1361 4189 1546 4242 evellet
1594 4193 1662 4256 te,
1712 4191 1763 4240 et

148 4276 385 4340 migrabit
422 4283 472 4332 te
497 4279 568 4333 de
599 4279 948 4332 tabernaculo
994 4283 1106 4340 tuo,
1147 4282 1198 4332 et
1232 4278 1472 4330 radicem
1518 4280 1666 4329 tuam
1695 4277 1761 4330 de

1865 3124 2118 3193 jusmodi
2140 3128 2227 3179 est
2245 3124 2302 3178 in
2323 3125 2436 3179 Deo
2458 3125 2702 3194 erectio;
2724 3125 2858 3180 licet
2875 3126 3076 3197 ﬁguris
3099 3126 3279 3197 magis
3293 3127 3519 3198 signan-

1827 3243 1829 3245 ι
1871 3215 1941 3269 da
1989 3210 2140 3286 [Gr.,
2171 3212 2375 3283 ﬁguris
2411 3211 2788 3287 expressior],
2845 3219 2901 3268 et
2931 3214 3144 3269 umbrae
3173 3213 3516 3283 praeferenda

1871 3303 1948 3358 sit
1973 3302 2156 3373 gratia
2180 3308 2236 3356 et
2272 3301 2501 3356 veritas.
2531 3301 2688 3356 Unde
2717 3303 3017 3357 maximam
3049 3303 3258 3358 salutis
3285 3315 3513 3358 causam

1869 3396 2194 3447 sanctorum
2226 3394 2406 3444 caatus
2430 3390 2531 3444 Dei
2562 3391 2810 3444 consilio
2843 3391 2947 3446 hoc
2976 3391 3293 3459 capitulum
3327 3391 3517 3446 tradi-

1867 3476 2118 3552 dit[Gr.,
2141 3479 2195 3532 h.
2219 3491 2340 3547 cap.
2364 3479 2629 3534 Ecclesiae
2654 3479 2798 3533 trad.
2821 3475 2840 3552 ]
2865 3479 2922 3533 in
2961 3479 3358 3534 universorum
3382 3478 3518 3532 vul—

1870 3569 2046 3638 tibus,
2074 3573 2130 3623 et
2157 3569 2412 3624 colorum
2432 3567 2864 3637 operationibus
2892 3566 3268 3622 venerabilem
3295 3571 3352 3621 et
3377 3579 3517 3621 san—

1869 3663 2022 3713 ctum
2048 3658 2425 3713 characterem
2457 3657 2769 3712 secundum
2813 3656 3221 3711 humanitatem
3255 3656 3380 3725 ejus
3413 3654 3513 3724 qui

1871 3746 2026 3801 tollit
2052 3751 2340 3815 peccatum
2366 3745 2586 3815 mundi,
2611 3745 2918 3816 erigamus,
2947 3757 3045 3813 per
3064 3756 3192 3798 eum
3225 3743 3517 3799 humilita-

1872 3835 1949 3890 tis
1999 3835 2399 3890 celsitudinem
2430 3835 2530 3889 Dei
2571 3834 2727 3890 verbi
2759 3833 3205 3902 considerantes,
3233 3832 3376 3889 etad
3411 3845 3518 3886 me-

1871 3923 2109 3979 moriam
2148 3923 2600 3979 conversationis
2629 3923 2686 3977 in
2709 3935 2880 3977 carne
2906 3921 3087 3991 factae,
3117 3927 3230 3976 tam
3251 3919 3519 3996 videlicet

1873 4013 2159 4082 passionis
2191 4013 2317 4082 ejus
2341 4017 2397 4067 et
2427 4012 2701 4068 salutaris
2732 4010 2954 4079 mortis,
2989 4025 3155 4081 quam
3184 4009 3521 4078 redemptio-

1872 4102 1963 4156 nis
1989 4115 2113 4171 quae
2140 4101 2275 4156 hinc
2306 4102 2518 4157 mundo
2548 4101 2741 4156 eﬁ'ecta
2765 4105 2873 4169 est,
2901 4113 3071 4154 manu
3105 4098 3519 4170 quodammodo

1870 4190 2066 4246 ducti:
2108 4194 2164 4245 et
2197 4190 2355 4245 nulla
2393 4195 2478 4245 est
2525 4190 2662 4244 hinc
2703 4203 2735 4244 a
2777 4189 2995 4244 divinis
3040 4187 3419 4256 dissonantia,
3459 4186 3517 4241 Si

1872 4279 2023 4334 enim
2058 4278 2403 4348 prophetica:
2455 4279 2892 4348 praelocutiones
2931 4278 3240 4332 terminum
3284 4276 3520 4330 minime

146 4365 256 4416 terra
279 4365 766 4436 viventium(Psal.
791 4367 894 4438 Li).
921 4369 1002 4421 Ita
1023 4373 1079 4422 et
1106 4366 1204 4421 ille
1235 4371 1437 4435 praeter
1468 4379 1621 4435 spem
1652 4379 1758 4421 co—
1789 4352 1844 4412 D
1880 4373 2267 4439 perceperunt,
2319 4381 2387 4423 ne
2425 4367 2755 4423 scribantur
2786 4380 2874 4421 res
2903 4367 2969 4421 ad
3013 4366 3393 4421 ostensionem
3419 4378 3524 4419 eo—

148 4450 357 4524 natibus,
388 4456 490 4524 qui
523 4456 584 4510 in
606 4468 707 4524 spe
727 4460 906 4525 erant,
936 4453 1249 4511 frustratus
1280 4454 1471 4523 periit,
1508 4467 1754 4524 superno

145 4551 286 4609 agone
313 4549 496 4600 vestro
527 4549 586 4600 et
614 4544 835 4615 robore,
868 4548 1138 4614 apostatze
1169 4549 1432 4599 enervata
1465 4544 1760 4615 impugna-

148 4627 269 4684 tione
293 4633 566 4688 adversus
594 4634 792 4703 Deum,
841 4635 1106 4689 deorsum
1137 4631 1352 4702 eﬁ‘ecta,
1415 4637 1472 4687 et
1526 4633 1594 4687 ad
1654 4646 1764 4687 no-

145 4715 402 4775 vissimum
432 4721 842 4791 propemodum
887 4721 1125 4791 expulsa
1175 4721 1420 4776 exitium
1471 4720 1763 4776 Christum

149 4801 502 4877 impugnantis
531 4808 856 4865 ferocitate:
921 4810 999 4865 ita
1040 4814 1105 4864 ut
1157 4823 1330 4879 super
1375 4822 1440 4864 eo
1469 4809 1767 4878 Scriptura

147 4895 380 4951 veraciter
411 4897 742 4968 impleatur,
777 4912 903 4968 qum
930 4898 1078 4954 dicit
1106 4918 1118 4952 :
1152 4898 1333 4952 Arcus
1365 4899 1594 4965 fortium
1615 4914 1767 4968 supe-

149 4985 269 5034 ratus
289 4990 379 5045 est,
403 4992 455 5039 et
494 4989 703 5055 inﬁrmi
739 4989 968 5041 accincti
1003 4991 1133 5041 sunt
1167 4985 1440 5057 robore(1
1477 4988 1583 5054 Reg
1625 5001 1664 5041 Il
1706 4988 1760 5060 ):

152 5077 293 5132 proco
313 5075 462 5142 quod
481 5074 640 5129 nulla
661 5080 748 5130 est
767 5075 835 5130 ad
855 5075 1143 5130 inﬁrmum
1160 5076 1258 5130 Dei
1285 5076 1529 5131 ﬁrmitas
1551 5075 1766 5131 abomi-

154 5157 360 5215 nationis
396 5176 596 5217 eorum
640 5163 741 5232 qui
791 5163 966 5218 Deum
1018 5164 1375 5235 impugnant,
1409 5169 1466 5219 et
1511 5177 1763 5235 pugnare

157 5246 341 5330 ProDeo
362 5250 637 5305 mundum
655 5256 852 5306 contra
871 5259 1189 5308 msensatos
1209 5253 1418 5330 asserit
1441 5249 1460 5326 [
1481 5254 1762 5323 scriptum

154 5329 260 5403 est].
289 5336 581 5403 Quomodo
604 5354 737 5412 ergo
768 5355 877 5396 non
900 5356 1027 5397 cum
1052 5343 1164 5397 Deo
1189 5357 1468 5414 pugnans,
1495 5358 1527 5398 0
1549 5348 1612 5398 tu
1638 5356 1762 5398 san-

156 5419 380 5494 ctissime,
413 5428 687 5486 adversus
717 5444 813 5485 eos
843 5431 941 5500 qui
972 5431 1099 5486 sine
1127 5433 1240 5486 Deo
1271 5435 1327 5486 et
1355 5436 1553 5487 contra
1583 5429 1758 5486 Deum

159 5516 275 5579 sunt,
302 5517 669 5573 commoveris
693 5516 721 5570 ‘2
742 5518 850 5587 Qui
882 5519 1147 5576 videlicet
1173 5521 1474 5576 inveniunt
1500 5534 1630 5576 eum
1657 5520 1758 5590 qui

1877 4471 2002 4512 rum
2027 4471 2152 4526 qua:
2189 4457 2377 4512 adhuc
2421 4455 2568 4511 facta
2594 4469 2704 4510 non
2755 4459 2921 4509 sunt:
2955 4455 3011 4509 id
3064 4460 3168 4524 est,
3198 4453 3248 4508 si
3277 4466 3389 4508 non
3436 4456 3522 4506 est

1878 4545 2210 4600 incarnatus
2225 4545 2522 4613 Dominus,
2548 4557 2659 4599 non
2683 4543 2957 4598 formetur
2978 4549 3170 4597 sancta
3196 4541 3380 4611 imago
3397 4541 3524 4609 ejus

1876 4633 2186 4688 secundum
2231 4647 2475 4687 carnem.
2527 4632 2585 4687 Si
2629 4646 2738 4687 non
2787 4637 2872 4686 est
2910 4622 3079 4687 natus
3105 4630 3162 4684 in
3199 4629 3521 4685 Bethlehem

1875 4736 1942 4776 ex
1966 4721 2213 4793 gloriosa
2259 4721 2491 4792 Virgine
2519 4721 2616 4775 Dei
2642 4720 2939 4792 genitrice,
2990 4731 3172 4789 neque
3211 4718 3360 4788 magi
3389 4731 3525 4773 mu-

1879 4824 2010 4865 nera
2033 4809 2383 4876 obtulerunt,
2414 4822 2596 4879 neque
2629 4808 2958 4877 pastoribus
2983 4821 3156 4877 supra
3179 4807 3338 4863 stetit
3362 4819 3528 4878 ange'

1879 4901 1991 4970 lus,
2024 4912 2206 4968 neque
2235 4897 2548 4953 multitudo
2589 4897 2839 4952 caelestis
2877 4898 3163 4952 exercitus
3195 4902 3325 4951 nato
3357 4896 3528 4966 hym—
3566 4941 3573 4944 .

1879 5003 2014 5044 num
2037 4985 2278 5057 obtulit(
2297 4987 2491 5040 Matth.
2519 4999 2652 5040 xxv.
2675 4987 2786 5040 Luc
2808 4999 2847 5040 ιι
2871 4985 2927 5058 );
2969 4986 3018 5041 si
3045 5000 3155 5042 non
3180 4985 3238 5040 in
3262 4985 3419 5041 ulnis
3440 4998 3528 5055 ge-

1878 5076 2108 5132 nitricis
2131 5081 2194 5131 ut
2217 5074 2539 5130 infantulus
2569 5073 2876 5146 ferebatur,
2900 5075 3000 5145 qui
3030 5080 3216 5144 portat
3239 5075 3521 5130 universa.

1873 5172 1930 5221 et
1951 5166 2084 5221 lacti
2105 5165 2436 5220 alimoniam
2467 5163 2722 5235 pertulit,
2754 5164 2854 5234 qui
2886 5165 2984 5220 dat
3011 5178 3193 5220 escam
3217 5163 3370 5219 omni
3393 5176 3528 5217 car—-

1873 5256 1932 5309 ni
1961 5274 1972 5309 :
2004 5269 2106 5310 nec
2134 5255 2238 5310 hoc
2271 5253 2566 5325 ﬁguretur.
2608 5253 2666 5308 Si
2705 5267 2816 5308 non
2843 5267 2874 5309 a
2908 5267 3041 5309 sene
3081 5251 3521 5322 suscipiebatur,

1872 5344 1972 5414 qui
2006 5343 2136 5398 vita:
2157 5347 2307 5398 tenet
2328 5343 2713 5413 principatum
2741 5346 2796 5397 et
2819 5344 3042 5414 mortis,
3064 5347 3120 5397 et
3149 5341 3404 5396 omnium
3425 5341 3528 5394 Do-

1871 5433 2064 5487 minus
2109 5445 2205 5501 per
2234 5445 2364 5486 eum
2395 5431 2630 5502 agnitus
2683 5431 2856 5487 simul
2888 5435 2945 5485 et
2988 5429 3348 5500 prmdicatus,
3376 5433 3431 5482 et
3463 5431 3524 5480 ut

1867 5520 2272 5576 demissionem
2329 5520 2680 5589 concederet,
2748 5518 3105 5587 postulatus:
3169 5517 3218 5571 si
3288 5529 3397 5570 non
3461 5513 3516 5566 in
