4012 6162
460 251 568 310 349

1689 241 2044 302 ANASTASII
2095 238 2634 297 BIBLIOTHECARII

3759 240 3866 300 320

460 375 724 448 Egptum
777 385 948 428 causa
987 369 1439 441 dispensationis
1469 367 1734 440 pergebat
1779 377 1952 435 super
1990 376 2109 417 nu—
2133 361 2194 422 A
2221 359 2480 416 visibilia
2508 359 2668 418 visus
2697 367 2846 418 esset
2871 363 2986 420 Deo
3014 364 3402 422 adorationem
3435 365 3652 436 offerre,
3685 371 3744 422 et
3769 381 3868 438 per

459 463 583 518 hem
605 461 780 517 levem
805 459 961 516 omni
1003 458 1228 514 scilicet
1260 457 1478 514 lumine
1499 455 1846 512 illustratam
1873 457 2106 507 matrem
2125 484 2138 494 .

460 563 527 606 ac
557 549 861 604 sanctitate
889 547 1201 616 robustam,
1235 547 1335 616 qui
1363 545 1424 600 in
1463 543 1686 601 excelso
1715 542 1903 598 sedet:
1931 543 1988 594 et
2011 550 2110 592 re—

459 637 550 692 dit
571 651 640 692 ex
687 637 944 708 Egypto,
970 640 1028 691 et
1075 634 1296 690 habitat
1341 632 1650 689 Nazareth:
1692 644 1760 687 ne
1789 629 2109 701 ﬁgurentur

462 725 775 782 coloribus.
807 725 866 780 Si
899 738 1011 780 non
1050 729 1306 780 mortuos
1346 722 1669 793 suscitavit,
1697 725 1754 776 et
1781 719 1964 775 erexit
2003 730 2112 787 pa-

458 813 751 884 ralyticos,
779 817 836 869 et
861 813 1106 884 leprosis
1134 811 1380 882 praebuit
1409 811 1827 883 purgationem,
1858 812 1914 863 et
1931 819 2110 862 caecos

460 901 832 971 illuminavit,
859 901 1066 958 deinde
1089 907 1146 956 et
1169 913 1490 970 expressam
1521 897 1658 954 fecit
1688 897 1943 969 linguam
1977 909 2112 950 mu—

457 995 668 1060 torum,
693 995 748 1045 et
770 989 934 1046 bases
976 989 1316 1046 claudorum
1348 987 1616 1055 ﬁrmavit,
1653 991 1711 1042 et
1738 985 1962 1054 expulit
1987 984 2113 1039 da}—

457 1093 686 1136 mones:
717 1079 832 1134 nisi
861 1078 1088 1148 aperuit
1118 1091 1288 1133 aures
1313 1076 1642 1147 surdorum,
1670 1081 1726 1130 et
1765 1073 1957 1131 omnia
1987 1086 2114 1142 ope-

457 1171 618 1224 ratus
637 1172 722 1222 est
747 1166 1018 1238 gloriosa,
1049 1169 1106 1221 et
1131 1165 1191 1220 in
1215 1167 1328 1220 Deo
1369 1164 1532 1236 signa
1566 1161 1834 1233 perfecit;
1870 1173 1940 1216 ne
1973 1160 2112 1230 pin—

455 1260 698 1328 gantur;
721 1259 778 1310 et
807 1255 922 1310 nisi
955 1253 1274 1324 passionem
1295 1252 1620 1310 voluntarie
1645 1250 1918 1320 suscepit,
1949 1253 2006 1304 et
2027 1249 2110 1303 in-

455 1342 677 1399 fernum
699 1342 990 1413 spoliavit,
1015 1346 1073 1397 et
1097 1354 1338 1413 surgens
1370 1341 1429 1396 in
1453 1340 1660 1396 caelum
1689 1337 1968 1407 ascendit,
2003 1335 2104 1406 qui

453 1434 730 1487 venturus
757 1435 845 1486 est
867 1429 1128 1500 judicare
1158 1429 1317 1487 vivos
1333 1433 1389 1484 et
1410 1432 1698 1484 mortuos:
1738 1440 1921 1497 neque
1950 1426 2107 1497 ﬁgu-

455 1518 750 1590 rent[Gr.,
785 1532 884 1574 nec
915 1517 1264 1587 scribantur,
1301 1529 1402 1572 nec
1433 1513 1794 1587 ﬁgurentur]
1844 1514 2106 1584 scriptu-

454 1621 530 1663 rae
555 1607 639 1663 vel
664 1608 942 1676 historiae,
970 1621 1094 1678 qua:
1123 1607 1232 1662 ista
1267 1610 1555 1677 enarrant,
1586 1610 1700 1660 tam
1728 1617 1828 1674 per
1854 1603 2098 1673 litteras,

2220 448 2410 518 typica
2436 463 2648 506 memor
2663 456 2811 507 esset
2833 453 3104 522 creantis,
3129 458 3186 508 et
3200 467 3309 510 non
3329 455 3574 511 vitulum
3595 457 3872 512 retineret

2219 549 2285 592 ac
2315 553 2540 595 muscas
2581 553 2754 610 super
2801 541 3026 597 tabulas
3077 543 3418 598 testamenti.
3454 544 3680 600 Utinam
3726 559 3874 600 san-

2218 635 2373 687 ctum
2393 627 2573 684 altare
2594 629 2778 702 magis
2793 629 3195 702 desiderasset,
3219 635 3276 686 et
3301 645 3412 688 non
3433 631 3646 689 vitulas
3663 633 3874 688 Sama-

2220 717 2340 774 riae.
2367 717 2597 773 Utinam
2619 717 2959 774 attendisset
2980 717 3168 774 Aaron
3192 719 3433 791 virgam,
3467 726 3524 776 et
3542 735 3656 777 non
3675 721 3873 776 Astar-

2219 811 2350 864 tem.
2380 807 2596 862 Bonum
2628 807 2840 877 quippe
2857 806 3031 862 simul
3063 811 3119 863 et
3141 808 3362 878 justum
3383 815 3532 864 esset
3548 810 3624 881 ei,
3650 817 3870 880 petram

2218 897 2469 952 salutare
2516 909 2641 966 quae
2683 895 2895 952 imbres
2921 896 3209 952 divinitus
3245 897 3424 966 dedit,
3465 903 3520 952 et
3558 912 3671 954 non
3714 899 3867 954 Baal.

2218 985 2448 1040 Utinam
2476 984 2546 1040 ad
2595 984 2814 1056 virgam
2865 985 3044 1056 Moysi
3087 985 3270 1057 magis
3309 986 3562 1042 intuitus
3602 996 3778 1060 esset,
3814 995 3870 1046 et

2219 1087 2422 1130 urnam
2479 1087 2731 1143 auream,
2785 1087 2995 1146 arcam,
3049 1075 3536 1147 propitiatorium,
3589 1078 3867 1148 petalum,

2217 1161 2424 1233 ephod,
2453 1175 2724 1231 mensam,
2753 1161 3183 1219 tabernaculum
3211 1163 3460 1220 interius
3484 1169 3540 1220 et
3573 1167 3864 1224 exterius:

2219 1264 2345 1320 quae
2365 1250 2558 1305 omnia
2599 1250 2658 1305 in
2689 1249 2930 1322 gloriam
2945 1251 3046 1306 Dei
3073 1255 3321 1322 patrata;
3347 1251 3482 1308 licet
3497 1267 3672 1310 manu
3695 1252 3862 1310 facta.

2215 1337 2419 1393 Sancta
2456 1342 2664 1409 tamen,
2709 1337 3150 1409 appellabantur
3183 1345 3530 1412 sanctorum,
3571 1341 3787 1399 deinde
3814 1351 3872 1399 et

2212 1425 2511 1482 cherubim
2537 1426 2857 1498 sculptiles,
2879 1441 3122 1498 quorum
3142 1428 3472 1484 memoriam
3490 1427 3712 1488 faciens
3726 1432 3873 1502 Apo-

2213 1513 2398 1570 stolus
2443 1515 2562 1570 ait:
2609 1515 2894 1570 Cherubim
2933 1517 3120 1583 gloria
3161 1517 3550 1571 adumbrantia
3581 1521 3872 1588 propitia-

2212 1603 2409 1656 torium
2433 1600 2622 1674 (Hebr.
2649 1603 2745 1675 1x)
2773 1621 2790 1658 :
2815 1604 3030 1674 quibus
3051 1609 3107 1660 et
3135 1605 3390 1660 divinam
3414 1606 3542 1662 vehi
3571 1607 3822 1678 gloriam
3837 1622 3868 1663 a

453 1710 624 1767 quam
655 1710 754 1766 per
793 1697 1030 1754 colores.
1086 1695 1178 1766 At,
1211 1695 1262 1750 si
1289 1695 1409 1750 haec
1451 1693 1644 1748 omnia
1689 1691 1836 1748 facta
1861 1696 2016 1760 sunt,
2048 1696 2105 1748 et
2133 1681 2185 1742 Β
2211 1689 2508 1761 Scriptura
2551 1692 2839 1748 docemur.
2879 1692 2938 1747 Si
2967 1692 3062 1747 his
3103 1693 3464 1764 intendisset,
3511 1707 3625 1750 non
3660 1695 3874 1766 utique

454 1798 719 1855 magnum
744 1789 832 1840 est
853 1785 1085 1855 pietatis
1118 1783 1472 1854 mysterium,
1499 1781 1720 1837 utinam
1755 1785 1904 1836 esset
1926 1780 2105 1850 possi-

453 1872 590 1942 bile,
619 1878 682 1930 ut
711 1873 916 1930 coelum
946 1879 1004 1928 et
1029 1877 1180 1928 terra
1222 1877 1278 1927 et
1307 1884 1482 1940 mare,
1514 1867 1833 1924 animantia
1876 1881 2104 1938 quoque

453 1961 646 2018 omnia
662 1966 718 2017 et
743 1961 1015 2032 virgulta,
1032 1964 1089 2016 et
1112 1958 1396 2030 quidquid
1427 1957 1586 2013 aliud
1615 1960 1722 2027 est,
1751 1960 1980 2012 enarret
2001 1955 2102 2011 illa

452 2054 510 2106 et
538 2063 638 2120 per
667 2063 833 2106 voces
860 2053 918 2104 et
951 2063 1051 2120 per
1081 2048 1325 2118 litteras,
1357 2051 1414 2102 et
1444 2060 1542 2116 per
1580 2045 1859 2115 picturas.
1892 2045 2102 2101 Eorum

449 2138 603 2194 enim
626 2152 754 2209 quae
784 2151 896 2193 non
931 2141 1068 2193 sunt
1091 2135 1380 2206 formatio,
1417 2134 1630 2190 idolica
1656 2133 1881 2204 pictura
1907 2133 2106 2189 nomi—

450 2230 645 2296 natur,
673 2240 801 2296 quaa
820 2231 876 2281 et
897 2238 1126 2297 pagana:
1152 2223 1528 2280 fabulationis
1563 2235 1760 2292 poema
1785 2222 1972 2294 ﬁnxit,
1998 2235 2104 2278 eo—

453 2329 580 2370 rum
631 2329 757 2386 quaa
787 2327 1039 2384 unquam
1074 2311 1311 2369 fuerunt
1342 2325 1442 2381 per
1465 2311 1792 2381 essentiam,
1821 2308 2100 2366 facturam

449 2402 804 2472 desipienter
822 2413 1169 2457 asseverans.
1192 2401 1262 2454 Et
1293 2405 1446 2455 certe
1471 2399 1630 2454 nulla
1659 2402 1746 2454 est
1764 2398 2100 2454 condescen-

450 2490 539 2546 sio
567 2490 835 2546 Ecclesia:
861 2488 1080 2544 Christi
1121 2501 1250 2544 cum
1284 2487 1459 2543 idolis
1485 2507 1498 2542 :
1527 2487 1696 2542 absit.
1730 2489 1922 2556 Neque
1946 2486 2100 2542 enim

461 2577 672 2633 vitulas
713 2577 1109 2649 adoravimus,
1139 2590 1323 2647 neque
1343 2575 1591 2632 vitulum
1616 2576 1675 2630 in
1703 2575 1922 2632 Choreb
1953 2574 2103 2632 fudi-

455 2680 604 2736 mus,
637 2677 821 2736 neque
836 2679 868 2720 a
900 2665 1068 2720 nobis
1087 2668 1347 2720 creatura
1375 2666 1526 2720 Deus
1545 2664 1824 2720 aestimata
1843 2669 1964 2720 est:
2001 2664 2096 2720 sed

449 2767 632 2825 neque
669 2768 874 2810 rursus
919 2753 1182 2823 sculptili
1234 2753 1608 2822 procidimus,
1658 2757 1714 2809 et
1757 2753 2100 2823 Beelphegor

447 2842 668 2898 initiati
702 2855 924 2912 sumus,
949 2854 1132 2911 neque
1153 2847 1417 2897 natorum
1442 2841 1730 2897 occisores
1759 2845 1860 2896 aut
1885 2839 2100 2896 sacriﬁ-

445 2935 668 2986 catores
697 2928 936 3000 fuimus,
968 2933 1069 2986 aut
1093 2929 1315 2984 occulta
1342 2929 1613 3000 mysteria
1642 2928 2090 2985 celebravimus:

2216 1778 2392 1834 idolis
2421 1779 2781 1848 procidissct.
2814 1780 2995 1846 Omne
3025 1792 3268 1851 namque
3307 1795 3454 1851 Opus
3479 1781 3627 1853 quod
3661 1783 3724 1838 in
3756 1797 3874 1840 no-

2213 1866 2366 1922 mine
2410 1868 2650 1924 Domine
2698 1868 2778 1938 fit,
2839 1868 3154 1938 pretiosum
3205 1874 3262 1924 et
3322 1877 3582 1927 sanctum
3629 1877 3740 1928 est.
3805 1874 3874 1928 Et

2213 1955 2352 2024 quid
2406 1969 2552 2026 opus
2608 1960 2694 2012 est
2745 1956 3045 2026 epistolam
3110 1958 3170 2014 in
3221 1958 3454 2030 longum
3505 1959 3874 2016 extendere?

2210 2047 2268 2098 et
2314 2045 2556 2100 maxime
2617 2045 2690 2100 ad
2741 2045 2928 2102 virum
2979 2047 3092 2102 Deo
3147 2047 3444 2120 placitum,
3496 2054 3550 2104 et
3595 2063 3701 2106 vas
3741 2050 3877 2106 ele-

2212 2138 2368 2190 ctum
2419 2146 2452 2188 a
2505 2133 2644 2204 Deo,
2712 2135 2956 2208 gratiam
3021 2135 3287 2205 adeptum
3353 2137 3620 2209 spiritus,
3683 2143 3744 2194 et
3810 2139 3876 2195 in

2213 2219 2494 2291 profunda
2540 2221 2871 2278 divinorum
2917 2223 3248 2296 dogmatum
3306 2225 3583 2280 valentem
3641 2228 3878 2298 prospi-

2210 2322 2355 2380 cere,
2387 2315 2558 2380 atque
2576 2311 2690 2366 Deo
2719 2310 2958 2366 ductore
2981 2312 3344 2369 considerare
3374 2327 3654 2370 summam
3682 2316 3878 2372 scien-

2211 2397 2308 2453 tiae
2357 2398 2751 2454 altitudinem.
2806 2401 3012 2456 Verum
3045 2401 3180 2457 hinc
3227 2403 3295 2458 ad
3351 2405 3711 2473 propositum
3768 2419 3878 2462 re-

2209 2485 2462 2554 deamus,
2543 2487 3010 2559 prepugnatricis
3067 2494 3198 2560 tum,
3262 2504 3295 2545 ο
3361 2491 3748 2565 sanctissime,
3815 2499 3877 2548 et

2209 2573 2468 2629 omnium
2497 2574 2961 2632 Christianorum
2987 2577 3234 2633 dominae
3257 2579 3786 2651 magniﬁcationes:
3815 2587 3876 2638 et

2209 2661 2402 2731 qualis
2418 2661 2543 2732 ipsa
2559 2667 2824 2720 ostensus
2847 2663 3030 2720 fueris
3048 2666 3106 2720 in
3128 2667 3356 2722 cunctis
3375 2667 3446 2722 ab
3474 2667 3574 2724 illa
3597 2669 3875 2726 directus

2207 2754 2263 2804 et
2287 2749 2556 2820 salvatus,
2589 2760 2644 2806 et
2677 2757 2877 2808 contra
2908 2753 3177 2811 inimicos
3200 2754 3556 2812 confortatus
3573 2757 3879 2814 admiran-

2207 2841 2308 2893 tes.
2340 2837 2431 2893 Illi
2471 2853 2603 2895 vero
2641 2841 2742 2910 qui
2768 2854 2837 2896 ex
2867 2841 3048 2897 multo
3066 2843 3184 2912 jam
3221 2849 3470 2914 tempore
3495 2849 3695 2901 contra
3731 2859 3864 2902 eam

2206 2925 2537 2982 debacchati
2611 2933 2765 2997 sunt,
2843 2934 3000 2984 tanto
3075 2931 3415 2988 invenerunt
3471 2933 3866 3004 resistentem,

447 3031 631 3089 neque
663 3018 816 3074 ﬁlios
858 3023 1084 3074 nostros
1110 3022 1168 3073 et
1197 3017 1348 3074 ﬁlias
1378 3017 1804 3074 immolavimus
1841 3030 2092 3088 unquam
2125 3022 2174 3085 α
2209 3020 2422 3083 quanto
2450 3015 2790 3072 invenerunt
2819 3017 2932 3072 sibi
2961 3020 3460 3076 contradicentem.
3493 3022 3562 3076 Et
3601 3022 3710 3078 hoc
3737 3024 3870 3079 mi-

447 3105 898 3175 daamonibusmt
941 3106 1001 3161 in
1042 3119 1144 3161 nos
1173 3119 1237 3161 ea
1261 3119 1388 3176 qua:
1425 3118 1456 3160 a
1481 3105 1780 3162 Salomone
1806 3105 2092 3161 idolorum

443 3193 768 3252 cultoribus
793 3194 948 3250 dicta
975 3192 1238 3264 sunt(III
1253 3197 1379 3262 Reg.
1404 3193 1919 3266 x1,)assumantur.
1944 3196 2098 3248 Nun-

449 3283 588 3353 quid
619 3297 653 3339 a
682 3283 851 3339 nobis
894 3281 1104 3338 infecta
1139 3287 1226 3339 est
1255 3287 1404 3340 terra
1449 3283 1508 3338 in
1539 3282 1973 3354 sanguinibus‘?
2007 3281 2091 3337 vel

445 3370 751 3442 imaginem
781 3371 843 3426 in
893 3371 1102 3440 templo
1132 3369 1393 3440 fecimus,
1441 3369 1829 3441 quadriforme
1875 3370 2097 3426 haben—

443 3463 554 3516 tem
582 3459 822 3530 idolum,
840 3465 898 3514 et
918 3459 1062 3514 hanc
1081 3459 1448 3515 adoravimus
1461 3458 1490 3512 εἴ
1509 3459 1782 3530 Nunquid
1805 3459 2095 3514 abomina-

446 3547 657 3604 tionem
687 3547 1009 3618 repentium
1039 3552 1097 3602 et
1117 3561 1382 3616 pecorum
1416 3559 1590 3616 supra
1631 3559 1858 3602 murum
1891 3547 2086 3611 templi

440 3635 813 3706 depinximus
831 3635 860 3689 ‘I
882 3635 996 3691 Aut
1017 3635 1226 3690 iterum
1249 3648 1352 3690 nos
1375 3633 1633 3690 Ezechiel
1659 3633 1804 3689 vidit
1829 3634 2096 3706 plangen-

446 3729 531 3779 tes
581 3722 920 3792 Adonidem,
954 3726 1012 3777 ct
1055 3722 1350 3777 incensum
1392 3722 1500 3778 soli
1542 3721 1838 3778 offerentes
1869 3720 2084 3792 (Ezech.

437 3825 540 3866 vm
554 3810 592 3882 ),
613 3810 684 3865 de
709 3809 922 3880 quibus
942 3809 1089 3865 dicit
1106 3809 1414 3879 Apostolus
1439 3829 1450 3864 :
1487 3809 1805 3864 Ser-nierum
1829 3819 2092 3865 creatura.o

430 3899 618 3968 potius
651 3913 817 3966 quam
869 3895 1306 3968 Creatori(Ro-m.
1365 3896 1436 3970 1).
1481 3899 1727 3954 Putasne
1779 3898 2091 3954 statuimus

439 3985 720 4057 imagines
737 3984 982 4040 duarum
1003 3982 1446 4041 fornicariarum
1471 3986 1531 4042 in
1552 3987 1808 4058 Egypto,
1827 3986 1966 4042 Oola
1985 3986 2092 4042 sci-

439 4073 576 4129 licet
601 4076 659 4128 et
680 4071 900 4144 Ooliab,
938 4078 994 4128 et
1021 4086 1117 4130 eas
1151 4073 1520 4130 adoravimus
1555 4072 1772 4147 (Ezech.
1820 4074 2091 4146 xxxui)?

434 4161 520 4217 An
554 4176 758 4218 rursus
787 4174 818 4217 a
849 4161 1016 4217 nobis
1040 4162 1326 4218 sacrificia
1351 4163 1443 4219 Bel
1481 4163 1540 4218 in
1576 4163 1876 4235 Babylone,
1905 4169 1962 4219 et
1989 4165 2090 4218 Da-

435 4263 546 4321 gon
581 4249 639 4305 in
683 4248 982 4306 Palaestina
1027 4249 1217 4306 oblata
1273 4248 1918 4325 sunt(Dan.x1v)?vel
1950 4251 2088 4308 aliis

2207 3116 2334 3157 rum
2363 3117 2472 3158 non
2491 3109 2594 3159 est.
2619 3105 2678 3160 Si
2696 3105 2849 3160 enim
2867 3106 3129 3162 Bethulia
3149 3122 3246 3178 per
3269 3122 3496 3165 manum
3515 3110 3720 3166 Iudith
3740 3126 3872 3168 mu-

2207 3189 2372 3246 lieris
2399 3191 2744 3248 Israelitidis
2769 3193 3118 3266 salvabatur,
3151 3197 3319 3266 cujus
3347 3212 3493 3268 opus
3530 3199 3871 3258 Holofernis

2207 3281 2518 3350 peremptio
2550 3281 2696 3337 fuit:
2727 3287 2784 3338 et
2810 3282 2953 3339 hanc
2987 3285 3342 3341 salvatricem
3392 3288 3588 3359 Israel,
3619 3290 3724 3358 qui
3761 3305 3870 3360 per

2207 3369 2356 3424 idem
2400 3375 2626 3440 tempus
2678 3369 2930 3442 fuerunt,
2996 3373 3623 3450 praedicaveruntUud,
3670 3381 3862 3453 xm):

2204 3459 2488 3528 quomodo
2517 3472 2626 3514 non
2657 3465 2946 3528 Oporteret
2969 3462 3221 3531 amplius
3247 3471 3398 3519 tuam
3435 3465 3866 3534 amplissimam

2203 3546 2562 3601 sanctitatem
2603 3547 2707 3602 tali
2757 3549 3198 3620 propugnatrice
3237 3565 3395 3606 usam
3437 3555 3670 3624 aggredi
3721 3555 3870 3614 ﬁdei

2204 3634 2416 3700 hostes,
2444 3639 2501 3690 et
2527 3635 2770 3692 victoria
2799 3651 3072 3694 coronare
3096 3639 3384 3708 subjectos
3402 3641 3430 3694 ?
3465 3642 3569 3697 Sed
3595 3644 3866 3711 ejusdem

2202 3721 2730 3791 supplicationibus
2777 3730 2834 3780 et
2879 3726 3136 3782 omnium
3183 3733 3511 3784 sanctorum
3564 3735 3769 3799 potens
3799 3733 3865 3792 in

2203 3809 2399 3878 prmlio
2428 3811 2578 3866 Deus
2622 3818 2834 3883 noster,
2865 3812 3035 3870 fortis
3057 3819 3110 3870 et
3136 3815 3521 3889 longanimus,
3545 3819 3647 3888 qui
3680 3821 3870 3880 dedu-

2199 3899 2288 3954 xit
2304 3904 2358 3954 te
2376 3912 2548 3969 super
2568 3901 2774 3970 Joseph
2803 3909 2866 3958 ut
2881 3917 3059 3974 ovem,
3100 3905 3390 3961 custodiat
3407 3913 3460 3961 te
3483 3908 3862 3967 sanctissime

2201 3988 2262 4042 in
2279 4001 2461 4044 annos
2479 3987 2756 4061 prolixos,
2780 3991 3060 4047 universae
3083 3992 3424 4051 Christianae
3444 3995 3585 4051 bene
3601 4009 3867 4067 operan—

2199 4082 2309 4132 tem
2367 4079 2806 4147 conversationi,
2873 4085 2929 4135 et
2977 4095 3139 4138 sacro
3191 4084 3396 4139 canoni
3453 4084 3866 4156 obtemperare

2197 4171 2435 4222 cunctos
2462 4165 2756 4222 docentem
2785 4172 2842 4223 et
2874 4168 3226 4240 incitantem,
3267 4177 3326 4226 et
3347 4173 3640 4228 custodire
3667 4173 3868 4245 depo-

2197 4253 2373 4308 situm
2407 4255 2555 4324 quod
2604 4267 2637 4310 a
2685 4255 2951 4312 Patribus
2991 4259 3388 4329 suscepimus;
3429 4268 3860 4322 convertentem

433 4339 555 4395 diis
587 4337 844 4411 gentium
877 4338 1280 4408 procidimus?
1305 4341 1426 4394 Non
1453 4346 1591 4396 sunt
1619 4339 1753 4411 haec,
1781 4354 1894 4397 non
1916 4347 2083 4398 sunt:
2111 4336 2168 4398 D
2195 4354 2292 4397 eos
2322 4341 2422 4411 qui
2453 4343 2522 4397 ad
2565 4343 2850 4400 modicum
2878 4344 3016 4414 quid
3052 4359 3162 4401 non
3188 4346 3619 4405 intellexerunt:
3653 4366 3689 4407 ο
3715 4353 3862 4425 juge

433 4425 820 4483 calumnietur
853 4425 1082 4482 nullus:
1127 4426 1398 4496 quoniam
1446 4427 1504 4482 in
1533 4427 1694 4484 nullo
1736 4441 1932 4484 eorum
1960 4444 2086 4500 quae

431 4515 758 4571 consistunt
777 4519 834 4570 et
851 4513 996 4570 facta
1030 4520 1188 4586 sunt,
1212 4529 1415 4571 nomen
1446 4517 1596 4586 quod
1619 4521 1704 4572 est
1725 4531 1896 4587 super
1920 4532 2086 4574 omne

433 4616 636 4658 nomen
670 4602 918 4672 populus
961 4602 1179 4658 Christi
1231 4616 1413 4673 usque
1468 4603 1656 4674 hodie,
1714 4609 1916 4674 praeter
1945 4621 2087 4662 san-

429 4695 578 4746 ctam
609 4690 893 4746 viviﬁcam
922 4691 1285 4762 Trinitatem,
1316 4691 1518 4762 coluit,
1554 4692 1637 4749 vel
1669 4693 2078 4766 servivit[Gr.,

431 4777 603 4834 latria
623 4777 924 4848 adoravit]
952 4797 964 4832 z
990 4778 1162 4834 absit.
1192 4781 1331 4834 Nam
1363 4781 1567 4837 modus
1595 4782 1880 4838 idolatriaa
1907 4783 2085 4838 mani-

429 4863 608 4922 festus
628 4871 732 4922 esl'.
759 4865 1109 4923 Christianis
1128 4871 1317 4924 autem
1345 4869 1447 4924 Dei
1469 4869 1797 4927 cultoribus
1820 4871 2078 4927 omnium

427 4953 753 5010 dominator
773 4958 859 5010 est
875 4955 1220 5012 adorandus.
1245 4959 1418 5014 Porro
1445 4958 1496 5014 si
1521 4959 1654 5028 quis
1667 4961 1693 5012 J
1700 4959 1906 5014 udaico
1925 4973 2081 5016 more

429 5041 498 5098 ad
530 5042 952 5098 accusationem
981 5048 1187 5110 motus,
1231 5059 1356 5116 qua:
1382 5046 1520 5102 olim
1559 5052 1758 5102 contra
1791 5047 2076 5104 idolorum

426 5130 679 5186 cultores
707 5129 862 5186 dicta
885 5137 1038 5203 sunt,
1065 5132 1465 5202 diﬁamaverit,
1489 5139 1545 5188 et
1571 5134 1956 5195 idololatriam
1981 5138 2080 5192 Ec-

425 5218 616 5275 clesiae
641 5223 848 5274 nostra:
877 5220 1212 5289 ascripserit
1232 5235 1300 5276 ex
1316 5221 1728 5279 venerabilium
1759 5223 2075 5295 imaginum

425 5307 630 5364 deiﬁco
645 5311 703 5363 et
728 5306 983 5363 mirabili
1006 5308 1074 5362 ad
1101 5309 1336 5364 meliora
1355 5309 1590 5379 ducatu,
1617 5311 1764 5366 nihil
1782 5311 1941 5368 aliud
1971 5327 2076 5369 ar—

427 5395 730 5469 bitremur,
758 5409 928 5467 quam
967 5401 1030 5452 ut
1058 5397 1222 5452 canis
1266 5397 1453 5466 latret,
1487 5403 1543 5453 et
1587 5399 1645 5454 in
1678 5398 1854 5456 funda
1881 5403 2079 5470 procul

427 5485 686 5556 abjectus
713 5485 917 5542 audiat
939 5485 1094 5542 sicut
1139 5485 1370 5542 Iudaeus
1399 5505 1412 5541 :
1443 5485 1672 5543 Utinam
1699 5494 1756 5544 et
1783 5490 1952 5546 Israel
1985 5506 2085 5562 per

2195 4429 2474 4500 gaudium
2507 4437 2785 4500 nostrum,
2813 4437 2870 4488 et
2900 4434 3224 4490 communis
3255 4436 3483 4492 utilitas
3505 4445 3562 4493 et
3588 4438 3856 4513 refectio,

2195 4517 2558 4574 sanctissime
2586 4525 2642 4574 et
2667 4521 2938 4577 omnibus
2960 4521 3312 4580 Christianis
3339 4525 3625 4582 amabilis.

2262 4607 2532 4663 Tarasius
2583 4609 2985 4666 sanctissimus
3035 4613 3361 4682 patriarcha
3389 4614 3577 4670 dixit:
3617 4617 3856 4674 Petrum

2190 4694 2455 4751 divinum
2497 4697 2819 4766 apostolum
2850 4699 3171 4771 aemulatus,
3201 4701 3340 4757 tuba
3381 4703 3594 4759 cecinit
3617 4705 3794 4763 nobis
3820 4722 3857 4764 a

2192 4784 2368 4840 Roma
2399 4785 2694 4841 veritatem
2720 4787 2891 4842 etiam
2923 4789 3088 4843 Pater
3122 4787 3230 4844 iste
3259 4789 3478 4847 beatus.

2261 4872 2593 4930 Theodorus
2609 4872 2630 4946 [
2646 4875 2737 4929 G-r.
2764 4876 3158 4947 Theodosius]
3193 4879 3710 4938 reverendissimus
3735 4895 3860 4940 mo-

2196 4961 2415 5016 nachus
2443 4967 2498 5016 et
2528 4963 2790 5020 notarius
2821 4964 2997 5035 legit:

2193 5067 2441 5143 Epistolq-
2461 5065 2718 5143 Germani
2762 5069 3075 5143 beatissimi.
3114 5074 3212 5141 qui
3233 5075 3346 5140 fuit
3357 5075 3680 5143 patriarcha
3715 5076 3860 5132 Con-

2265 5139 2708 5208 stantinopoleos,
2759 5140 2834 5194 ad
2881 5139 3144 5196 Joannem
3194 5139 3500 5214 episcopum
3542 5146 3859 5203 Sunaden—

2265 5224 2391 5263 sem.

2263 5313 2574 5384 Epistolam
2609 5321 2808 5371 vestra:
2845 5318 2958 5374 Deo
2982 5319 3362 5376 amabilitatis
3403 5322 3646 5378 tradidit
3676 5324 3855 5381 nobis

2192 5403 2463 5460 Tarasius
2487 5403 2987 5464 laudabilissimus
3011 5403 3313 5476 patricius,
3342 5411 3403 5466 in
3435 5426 3547 5482 qua
3571 5414 3856 5470 contine-

2192 5494 2362 5551 batur
2377 5492 2446 5549 de
2463 5494 2576 5550 Deo
2603 5493 2838 5550 amabili
2866 5496 3132 5568 episcopo
3148 5499 3412 5555 Nacoliaa.
3435 5501 3853 5573 Signiﬁcamus
