  <div class='ocr_page' id='page_1' title='image "/cluster/home/n/w/nwhite01/storage/ocr_20150623/129/hvd.32044054759907/166.png"; bbox 0 0 4018 6166; ppageno 0'>
   <div class='ocr_carea' id='block_1_1' title="bbox 153 255 229 313">
    <p class='ocr_par' dir='ltr' id='par_1_1' title="bbox 153 255 229 313">
     <span class='ocr_line' id='line_1_1' title="bbox 153 255 229 313; baseline -0.026 0"><span class='ocrx_word' id='word_1_1' title='bbox 153 255 229 313; x_wconf 74' lang='grc'><strong>321</strong></span> 
     </span>
    </p>
   </div>
   <div class='ocr_carea' id='block_1_2' title="bbox 865 254 2725 317">
    <p class='ocr_par' dir='ltr' id='par_1_2' title="bbox 865 254 2725 317">
     <span class='ocr_line' id='line_1_2' title="bbox 865 254 2725 317; baseline 0.002 -6"><span class='ocrx_word' id='word_1_2' title='bbox 865 257 1408 314; x_wconf 80' lang='lat' dir='ltr'><strong>INTERPRETATIO</strong></span> <span class='ocrx_word' id='word_1_3' title='bbox 1445 257 1691 313; x_wconf 89' lang='lat' dir='ltr'><strong>SYNODI</strong></span> <span class='ocrx_word' id='word_1_4' title='bbox 1730 254 1822 310; x_wconf 85' lang='lat' dir='ltr'><strong>VII</strong></span> <span class='ocrx_word' id='word_1_5' title='bbox 1859 256 2260 315; x_wconf 78' lang='lat' dir='ltr'><strong>GENERALIS.</strong></span> <span class='ocrx_word' id='word_1_6' title='bbox 2293 291 2366 301; x_wconf 89' lang='lat'><strong>——</strong></span> <span class='ocrx_word' id='word_1_7' title='bbox 2401 261 2601 317; x_wconf 89' lang='lat' dir='ltr'><strong>ACTIO</strong></span> <span class='ocrx_word' id='word_1_8' title='bbox 2639 263 2725 317; x_wconf 89' lang='lat' dir='ltr'><strong>1V.</strong></span> 
     </span>
    </p>
   </div>
   <div class='ocr_carea' id='block_1_3' title="bbox 3382 259 3491 318">
    <p class='ocr_par' dir='ltr' id='par_1_3' title="bbox 3382 259 3491 318">
     <span class='ocr_line' id='line_1_3' title="bbox 3382 259 3491 318; baseline 0 0"><span class='ocrx_word' id='word_1_9' title='bbox 3382 259 3491 318; x_wconf 72' lang='grc'><strong>322</strong></span> 
     </span>
    </p>
   </div>
   <div class='ocr_carea' id='block_1_4' title="bbox 152 376 1717 470">
    <p class='ocr_par' dir='ltr' id='par_1_4' title="bbox 152 376 1717 453">
     <span class='ocr_line' id='line_1_4' title="bbox 152 376 1717 453; baseline 0.001 -21"><span class='ocrx_word' id='word_1_10' title='bbox 152 391 255 448; x_wconf 83' lang='lat' dir='ltr'><strong>ergo</strong></span> <span class='ocrx_word' id='word_1_11' title='bbox 277 378 339 445; x_wconf 85' lang='lat' dir='ltr'><strong>ei,</strong></span> <span class='ocrx_word' id='word_1_12' title='bbox 382 376 515 453; x_wconf 88' lang='lat' dir='ltr'><strong>quod</strong></span> <span class='ocrx_word' id='word_1_13' title='bbox 564 382 962 449; x_wconf 87' lang='lat' dir='ltr'><strong>etantequam</strong></span> <span class='ocrx_word' id='word_1_14' title='bbox 1010 380 1460 449; x_wconf 90' lang='lat' dir='ltr'><strong>suscepissemus</strong></span> <span class='ocrx_word' id='word_1_15' title='bbox 1501 379 1717 435; x_wconf 81' lang='lat' dir='ltr'><strong>litteras</strong></span> 
     </span>
    </p>
   </div>
   <div class='ocr_carea' id='block_1_5' title="bbox 1825 376 3485 470">
    <p class='ocr_par' dir='ltr' id='par_1_5' title="bbox 1841 394 3485 470">
     <span class='ocr_line' id='line_1_5' title="bbox 1841 394 3485 470; baseline 0.004 -21"><span class='ocrx_word' id='word_1_16' title='bbox 1841 394 2153 451; x_wconf 91' lang='lat' dir='ltr'><strong>humanum</strong></span> <span class='ocrx_word' id='word_1_17' title='bbox 2207 397 2332 466; x_wconf 87' lang='lat' dir='ltr'><strong>ejus</strong></span> <span class='ocrx_word' id='word_1_18' title='bbox 2389 398 2769 453; x_wconf 79' lang='lat' dir='ltr'><strong>characterem</strong></span> <span class='ocrx_word' id='word_1_19' title='bbox 2797 440 2811 467; x_wconf 92' lang='lat'><strong>,</strong></span> <span class='ocrx_word' id='word_1_20' title='bbox 2859 403 2917 453; x_wconf 89' lang='lat' dir='ltr'><strong>et</strong></span> <span class='ocrx_word' id='word_1_21' title='bbox 2960 399 3221 454; x_wconf 71' lang='lat' dir='ltr'><strong>humanae</strong></span> <span class='ocrx_word' id='word_1_22' title='bbox 3271 400 3485 470; x_wconf 85' lang='lat' dir='ltr'><strong>speciei</strong></span> 
     </span>
    </p>
   </div>
   <div class='ocr_carea' id='block_1_6' title="bbox 154 466 1723 538">
    <p class='ocr_par' dir='ltr' id='par_1_6' title="bbox 154 466 1723 538">
     <span class='ocr_line' id='line_1_6' title="bbox 154 466 1723 538; baseline 0.004 -22"><span class='ocrx_word' id='word_1_23' title='bbox 154 470 306 519; x_wconf 69' lang='lat' dir='ltr'><strong>vestra:</strong></span> <span class='ocrx_word' id='word_1_24' title='bbox 332 466 430 520; x_wconf 90' lang='lat' dir='ltr'><strong>Deo</strong></span> <span class='ocrx_word' id='word_1_25' title='bbox 462 466 857 537; x_wconf 86' lang='lat' dir='ltr'><strong>amabilitatis,</strong></span> <span class='ocrx_word' id='word_1_26' title='bbox 891 482 1021 523; x_wconf 92' lang='lat' dir='ltr'><strong>cum</strong></span> <span class='ocrx_word' id='word_1_27' title='bbox 1052 468 1165 525; x_wconf 90' lang='lat' dir='ltr'><strong>huc</strong></span> <span class='ocrx_word' id='word_1_28' title='bbox 1191 469 1538 538; x_wconf 89' lang='lat' dir='ltr'><strong>pervenisset</strong></span> <span class='ocrx_word' id='word_1_29' title='bbox 1574 468 1723 523; x_wconf 92' lang='lat' dir='ltr'><strong>idem</strong></span> 
     </span>
    </p>
   </div>
   <div class='ocr_carea' id='block_1_7' title="bbox 154 553 1726 627">
    <p class='ocr_par' dir='ltr' id='par_1_7' title="bbox 154 553 1726 627">
     <span class='ocr_line' id='line_1_7' title="bbox 154 553 1726 627; baseline 0.003 -20"><span class='ocrx_word' id='word_1_30' title='bbox 154 553 245 621; x_wconf 86' lang='lat' dir='ltr'><strong>ipse</strong></span> <span class='ocrx_word' id='word_1_31' title='bbox 268 554 360 608; x_wconf 91' lang='lat' dir='ltr'><strong>Deo</strong></span> <span class='ocrx_word' id='word_1_32' title='bbox 386 553 642 609; x_wconf 81' lang='lat' dir='ltr'><strong>amabilis</strong></span> <span class='ocrx_word' id='word_1_33' title='bbox 669 554 994 627; x_wconf 87' lang='lat' dir='ltr'><strong>episcopus,</strong></span> <span class='ocrx_word' id='word_1_34' title='bbox 1023 557 1090 612; x_wconf 92' lang='lat' dir='ltr'><strong>ad</strong></span> <span class='ocrx_word' id='word_1_35' title='bbox 1123 570 1436 612; x_wconf 81' lang='lat' dir='ltr'><strong>sermonem</strong></span> <span class='ocrx_word' id='word_1_36' title='bbox 1465 557 1726 612; x_wconf 86' lang='lat' dir='ltr'><strong>venimus</strong></span> 
     </span>
    </p>
   </div>
   <div class='ocr_carea' id='block_1_8' title="bbox 151 641 1726 715">
    <p class='ocr_par' dir='ltr' id='par_1_8' title="bbox 151 641 1726 715">
     <span class='ocr_line' id='line_1_8' title="bbox 151 641 1726 715; baseline 0.003 -20"><span class='ocrx_word' id='word_1_37' title='bbox 151 655 246 695; x_wconf 86' lang='lat' dir='ltr'><strong>cum</strong></span> <span class='ocrx_word' id='word_1_38' title='bbox 268 655 338 709; x_wconf 90' lang='lat' dir='ltr'><strong>eo,</strong></span> <span class='ocrx_word' id='word_1_39' title='bbox 365 641 737 709; x_wconf 89' lang='lat' dir='ltr'><strong>dijudicantes</strong></span> <span class='ocrx_word' id='word_1_40' title='bbox 767 657 997 701; x_wconf 90' lang='lat' dir='ltr'><strong>sensum</strong></span> <span class='ocrx_word' id='word_1_41' title='bbox 1029 646 1175 715; x_wconf 87' lang='lat' dir='ltr'><strong>ejus,</strong></span> <span class='ocrx_word' id='word_1_42' title='bbox 1203 644 1395 715; x_wconf 85' lang='lat' dir='ltr'><strong>qualis</strong></span> <span class='ocrx_word' id='word_1_43' title='bbox 1421 644 1726 700; x_wconf 83' lang='lat' dir='ltr'><strong>haberetur</strong></span> 
     </span>
    </p>
   </div>
   <div class='ocr_carea' id='block_1_9' title="bbox 151 730 1725 802">
    <p class='ocr_par' dir='ltr' id='par_1_9' title="bbox 151 730 1725 802">
     <span class='ocr_line' id='line_1_9' title="bbox 151 730 1725 802; baseline 0.003 -18"><span class='ocrx_word' id='word_1_44' title='bbox 151 730 409 784; x_wconf 67' lang='lat' dir='ltr'><strong>sentientis:</strong></span> <span class='ocrx_word' id='word_1_45' title='bbox 424 744 589 799; x_wconf 87' lang='lat' dir='ltr'><strong>super</strong></span> <span class='ocrx_word' id='word_1_46' title='bbox 610 731 703 787; x_wconf 89' lang='lat' dir='ltr'><strong>his</strong></span> <span class='ocrx_word' id='word_1_47' title='bbox 720 747 847 802; x_wconf 83' lang='lat' dir='ltr'><strong>quae</strong></span> <span class='ocrx_word' id='word_1_48' title='bbox 875 733 1244 790; x_wconf 83' lang='lat' dir='ltr'><strong>audieramus</strong></span> <span class='ocrx_word' id='word_1_49' title='bbox 1261 735 1332 789; x_wconf 92' lang='lat' dir='ltr'><strong>de</strong></span> <span class='ocrx_word' id='word_1_50' title='bbox 1351 733 1452 788; x_wconf 91' lang='lat' dir='ltr'><strong>illo</strong></span> <span class='ocrx_word' id='word_1_51' title='bbox 1472 752 1484 787; x_wconf 87' lang='lat'>:</span> <span class='ocrx_word' id='word_1_52' title='bbox 1506 738 1563 789; x_wconf 89' lang='lat' dir='ltr'><strong>et</strong></span> <span class='ocrx_word' id='word_1_53' title='bbox 1581 734 1725 789; x_wconf 90' lang='lat' dir='ltr'><strong>hanc</strong></span> 
     </span>
    </p>
   </div>
   <div class='ocr_carea' id='block_1_10' title="bbox 150 818 1727 892">
    <p class='ocr_par' dir='ltr' id='par_1_10' title="bbox 150 818 1727 892">
     <span class='ocr_line' id='line_1_10' title="bbox 150 818 1727 892; baseline 0.003 -19"><span class='ocrx_word' id='word_1_54' title='bbox 150 818 275 874; x_wconf 87' lang='lat' dir='ltr'><strong>nobis</strong></span> <span class='ocrx_word' id='word_1_55' title='bbox 287 819 562 888; x_wconf 86' lang='lat' dir='ltr'><strong>proposuit</strong></span> <span class='ocrx_word' id='word_1_56' title='bbox 591 821 955 877; x_wconf 88' lang='lat' dir='ltr'><strong>traditionem</strong></span> <span class='ocrx_word' id='word_1_57' title='bbox 977 822 995 892; x_wconf 91' lang='lat'>[</span> <span class='ocrx_word' id='word_1_58' title='bbox 1016 822 1133 891; x_wconf 82' lang='lat' dir='ltr'><strong>Gr.,</strong></span> <span class='ocrx_word' id='word_1_59' title='bbox 1156 822 1455 891; x_wconf 85' lang='lat' dir='ltr'><strong>rationem,</strong></span> <span class='ocrx_word' id='word_1_60' title='bbox 1480 836 1579 878; x_wconf 92' lang='lat' dir='ltr'><strong>seu</strong></span> <span class='ocrx_word' id='word_1_61' title='bbox 1597 836 1727 892; x_wconf 56' lang='lat' dir='ltr'><strong>apo.</strong></span> 
     </span>
    </p>
   </div>
   <div class='ocr_carea' id='block_1_11' title="bbox 149 908 1727 981">
    <p class='ocr_par' dir='ltr' id='par_1_11' title="bbox 149 908 1727 981">
     <span class='ocr_line' id='line_1_11' title="bbox 149 908 1727 981; baseline 0.004 -20"><span class='ocrx_word' id='word_1_62' title='bbox 149 908 340 978; x_wconf 82' lang='lat' dir='ltr'><strong>logiam:</strong></span> <span class='ocrx_word' id='word_1_63' title='bbox 383 908 652 963; x_wconf 88' lang='lat' dir='ltr'><strong>rationem</strong></span> <span class='ocrx_word' id='word_1_64' title='bbox 682 910 841 963; x_wconf 83' lang='lat' dir='ltr'><strong>habet</strong></span> <span class='ocrx_word' id='word_1_65' title='bbox 875 926 973 965; x_wconf 85' lang='lat' dir='ltr'><strong>ms.</strong></span> <span class='ocrx_word' id='word_1_66' title='bbox 1009 911 1155 980; x_wconf 85' lang='lat' dir='ltr'><strong>Jol.]</strong></span> <span class='ocrx_word' id='word_1_67' title='bbox 1188 909 1604 981; x_wconf 86' lang='lat' dir='ltr'><strong>(opportunum</strong></span> <span class='ocrx_word' id='word_1_68' title='bbox 1640 915 1727 967; x_wconf 91' lang='lat' dir='ltr'><strong>est</strong></span> 
     </span>
    </p>
   </div>
   <div class='ocr_carea' id='block_1_12' title="bbox 146 997 1727 1071">
    <p class='ocr_par' dir='ltr' id='par_1_12' title="bbox 146 997 1727 1071">
     <span class='ocr_line' id='line_1_12' title="bbox 146 997 1727 1071; baseline 0.003 -21"><span class='ocrx_word' id='word_1_69' title='bbox 146 997 275 1065; x_wconf 83' lang='lat' dir='ltr'><strong>enim,</strong></span> <span class='ocrx_word' id='word_1_70' title='bbox 301 1000 355 1050; x_wconf 90' lang='lat' dir='ltr'><strong>ut</strong></span> <span class='ocrx_word' id='word_1_71' title='bbox 400 997 587 1052; x_wconf 86' lang='lat' dir='ltr'><strong>omnia</strong></span> <span class='ocrx_word' id='word_1_72' title='bbox 632 997 929 1054; x_wconf 89' lang='lat' dir='ltr'><strong>subtiliter</strong></span> <span class='ocrx_word' id='word_1_73' title='bbox 982 999 1375 1071; x_wconf 90' lang='lat' dir='ltr'><strong>signiﬁcemus</strong></span> <span class='ocrx_word' id='word_1_74' title='bbox 1411 1001 1525 1054; x_wconf 92' lang='lat' dir='ltr'><strong>Deo</strong></span> <span class='ocrx_word' id='word_1_75' title='bbox 1561 1013 1727 1055; x_wconf 88' lang='lat' dir='ltr'><strong>ama-</strong></span> 
     </span>
    </p>
   </div>
   <div class='ocr_carea' id='block_1_13' title="bbox 146 1083 1727 1156">
    <p class='ocr_par' dir='ltr' id='par_1_13' title="bbox 146 1083 1727 1156">
     <span class='ocr_line' id='line_1_13' title="bbox 146 1083 1727 1156; baseline 0.003 -19"><span class='ocrx_word' id='word_1_76' title='bbox 146 1083 310 1138; x_wconf 84' lang='lat' dir='ltr'><strong>bilitati</strong></span> <span class='ocrx_word' id='word_1_77' title='bbox 334 1084 467 1156; x_wconf 59' lang='lat' dir='ltr'><strong>tuae)</strong></span> <span class='ocrx_word' id='word_1_78' title='bbox 496 1085 649 1154; x_wconf 90' lang='lat' dir='ltr'><strong>quod</strong></span> <span class='ocrx_word' id='word_1_79' title='bbox 683 1086 1212 1142; x_wconf 88' lang='lat' dir='ltr'><strong>audissetdivinam</strong></span> <span class='ocrx_word' id='word_1_80' title='bbox 1246 1088 1600 1156; x_wconf 90' lang='lat' dir='ltr'><strong>Scripturam</strong></span> <span class='ocrx_word' id='word_1_81' title='bbox 1623 1087 1727 1142; x_wconf 84' lang='lat' dir='ltr'><strong>di—</strong></span> 
     </span>
    </p>
   </div>
   <div class='ocr_carea' id='block_1_14' title="bbox 143 1174 1725 1246">
    <p class='ocr_par' dir='ltr' id='par_1_14' title="bbox 143 1174 1725 1246">
     <span class='ocr_line' id='line_1_14' title="bbox 143 1174 1725 1246; baseline 0.002 -21"><span class='ocrx_word' id='word_1_82' title='bbox 143 1176 339 1227; x_wconf 63' lang='lat' dir='ltr'><strong>cantem:</strong></span> <span class='ocrx_word' id='word_1_83' title='bbox 369 1174 481 1227; x_wconf 83' lang='lat' dir='ltr'><strong>Non</strong></span> <span class='ocrx_word' id='word_1_84' title='bbox 524 1176 695 1240; x_wconf 72' lang='lat' dir='ltr'><strong>facies</strong></span> <span class='ocrx_word' id='word_1_85' title='bbox 737 1191 941 1229; x_wconf 85' lang='lat' dir='ltr'><strong>onmem</strong></span> <span class='ocrx_word' id='word_1_86' title='bbox 970 1176 1403 1246; x_wconf 75' lang='lat' dir='ltr'><strong>similitudinem,</strong></span> <span class='ocrx_word' id='word_1_87' title='bbox 1462 1176 1537 1229; x_wconf 87' lang='lat' dir='ltr'><strong>ad</strong></span> <span class='ocrx_word' id='word_1_88' title='bbox 1581 1176 1725 1229; x_wconf 80' lang='lat' dir='ltr'><strong>ado—</strong></span> 
     </span>
    </p>
   </div>
   <div class='ocr_carea' id='block_1_15' title="bbox 143 1261 1725 1333">
    <p class='ocr_par' dir='ltr' id='par_1_15' title="bbox 143 1261 1725 1333">
     <span class='ocr_line' id='line_1_15' title="bbox 143 1261 1725 1333; baseline 0.003 -21"><span class='ocrx_word' id='word_1_89' title='bbox 143 1261 322 1313; x_wconf 81' lang='lat' dir='ltr'><strong>randum</strong></span> <span class='ocrx_word' id='word_1_90' title='bbox 358 1277 483 1331; x_wconf 76' lang='lat' dir='ltr'><strong>eam,</strong></span> <span class='ocrx_word' id='word_1_91' title='bbox 552 1278 736 1316; x_wconf 83' lang='lat' dir='ltr'><strong>eorum</strong></span> <span class='ocrx_word' id='word_1_92' title='bbox 783 1280 902 1332; x_wconf 73' lang='lat' dir='ltr'><strong>qua:</strong></span> <span class='ocrx_word' id='word_1_93' title='bbox 942 1280 1159 1318; x_wconf 78' lang='lat' dir='ltr'><strong>sursum</strong></span> <span class='ocrx_word' id='word_1_94' title='bbox 1196 1267 1253 1318; x_wconf 77' lang='lat' dir='ltr'><strong>in</strong></span> <span class='ocrx_word' id='word_1_95' title='bbox 1297 1267 1428 1321; x_wconf 68' lang='lat' dir='ltr'><strong>caelo</strong></span> <span class='ocrx_word' id='word_1_96' title='bbox 1472 1270 1522 1319; x_wconf 82' lang='lat' dir='ltr'><strong>et</strong></span> <span class='ocrx_word' id='word_1_97' title='bbox 1562 1280 1725 1333; x_wconf 83' lang='lat' dir='ltr'><strong>super</strong></span> 
     </span>
    </p>
   </div>
   <div class='ocr_carea' id='block_1_16' title="bbox 142 1348 1723 1424">
    <p class='ocr_par' dir='ltr' id='par_1_16' title="bbox 142 1348 1723 1424">
     <span class='ocr_line' id='line_1_16' title="bbox 142 1348 1723 1424; baseline 0.003 -22"><span class='ocrx_word' id='word_1_98' title='bbox 142 1354 290 1403; x_wconf 71' lang='lat' dir='ltr'><strong>terram</strong></span> <span class='ocrx_word' id='word_1_99' title='bbox 322 1354 436 1403; x_wconf 83' lang='lat' dir='ltr'><strong>sunt</strong></span> <span class='ocrx_word' id='word_1_100' title='bbox 483 1348 695 1419; x_wconf 69' lang='lat' dir='ltr'><strong>(Emod.</strong></span> <span class='ocrx_word' id='word_1_101' title='bbox 740 1351 875 1423; x_wconf 83' lang='lat' dir='ltr'><strong>xx).</strong></span> <span class='ocrx_word' id='word_1_102' title='bbox 924 1352 1131 1409; x_wconf 86' lang='lat' dir='ltr'><strong>Contra</strong></span> <span class='ocrx_word' id='word_1_103' title='bbox 1165 1353 1319 1424; x_wconf 86' lang='lat' dir='ltr'><strong>[Gr.,</strong></span> <span class='ocrx_word' id='word_1_104' title='bbox 1366 1352 1575 1423; x_wconf 80' lang='lat' dir='ltr'><strong>Juxta]</strong></span> <span class='ocrx_word' id='word_1_105' title='bbox 1619 1353 1723 1408; x_wconf 92' lang='lat' dir='ltr'><strong>hoc</strong></span> 
     </span>
    </p>
   </div>
   <div class='ocr_carea' id='block_1_17' title="bbox 138 1437 1718 1513">
    <p class='ocr_par' dir='ltr' id='par_1_17' title="bbox 138 1437 1718 1513">
     <span class='ocr_line' id='line_1_17' title="bbox 138 1437 1718 1513; baseline 0.004 -22"><span class='ocrx_word' id='word_1_106' title='bbox 138 1437 250 1492; x_wconf 74' lang='lat' dir='ltr'><strong>dixit</strong></span> <span class='ocrx_word' id='word_1_107' title='bbox 294 1439 413 1508; x_wconf 88' lang='lat' dir='ltr'><strong>quia</strong></span> <span class='ocrx_word' id='word_1_108' title='bbox 453 1452 568 1495; x_wconf 88' lang='lat' dir='ltr'><strong>non</strong></span> <span class='ocrx_word' id='word_1_109' title='bbox 601 1446 823 1510; x_wconf 81' lang='lat' dir='ltr'><strong>Oportet</strong></span> <span class='ocrx_word' id='word_1_110' title='bbox 862 1443 1097 1497; x_wconf 87' lang='lat' dir='ltr'><strong>adorare</strong></span> <span class='ocrx_word' id='word_1_111' title='bbox 1127 1441 1468 1513; x_wconf 87' lang='lat' dir='ltr'><strong>manufacta,</strong></span> <span class='ocrx_word' id='word_1_112' title='bbox 1509 1442 1564 1497; x_wconf 90' lang='lat' dir='ltr'><strong>id</strong></span> <span class='ocrx_word' id='word_1_113' title='bbox 1615 1447 1718 1512; x_wconf 90' lang='lat' dir='ltr'><strong>est,</strong></span> 
     </span>
    </p>
   </div>
   <div class='ocr_carea' id='block_1_18' title="bbox 138 1526 1724 1595">
    <p class='ocr_par' dir='ltr' id='par_1_18' title="bbox 138 1526 1724 1595">
     <span class='ocr_line' id='line_1_18' title="bbox 138 1526 1724 1595; baseline 0.002 -15"><span class='ocrx_word' id='word_1_114' title='bbox 138 1539 229 1595; x_wconf 68' lang='lat' dir='ltr'><strong>qua</strong></span> <span class='ocrx_word' id='word_1_115' title='bbox 265 1526 324 1581; x_wconf 84' lang='lat' dir='ltr'><strong>ab</strong></span> <span class='ocrx_word' id='word_1_116' title='bbox 370 1527 705 1585; x_wconf 90' lang='lat' dir='ltr'><strong>hominibus</strong></span> <span class='ocrx_word' id='word_1_117' title='bbox 774 1536 910 1586; x_wconf 89' lang='lat' dir='ltr'><strong>sunt</strong></span> <span class='ocrx_word' id='word_1_118' title='bbox 982 1529 1255 1586; x_wconf 89' lang='lat' dir='ltr'><strong>confecta.</strong></span> <span class='ocrx_word' id='word_1_119' title='bbox 1304 1532 1444 1585; x_wconf 89' lang='lat' dir='ltr'><strong>Nam</strong></span> <span class='ocrx_word' id='word_1_120' title='bbox 1496 1536 1724 1585; x_wconf 90' lang='lat' dir='ltr'><strong>sanctos</strong></span> 
     </span>
    </p>
   </div>
   <div class='ocr_carea' id='block_1_19' title="bbox 134 1614 1722 1691">
    <p class='ocr_par' dir='ltr' id='par_1_19' title="bbox 134 1614 1722 1691">
     <span class='ocr_line' id='line_1_19' title="bbox 134 1614 1722 1691; baseline 0.003 -23"><span class='ocrx_word' id='word_1_121' title='bbox 134 1614 295 1670; x_wconf 83' lang='lat' dir='ltr'><strong>Christi</strong></span> <span class='ocrx_word' id='word_1_122' title='bbox 324 1621 610 1687; x_wconf 80' lang='lat' dir='ltr'><strong>martyres,</strong></span> <span class='ocrx_word' id='word_1_123' title='bbox 645 1631 804 1674; x_wconf 89' lang='lat' dir='ltr'><strong>veras</strong></span> <span class='ocrx_word' id='word_1_124' title='bbox 832 1618 962 1674; x_wconf 81' lang='lat' dir='ltr'><strong>fidei</strong></span> <span class='ocrx_word' id='word_1_125' title='bbox 996 1619 1351 1691; x_wconf 81' lang='lat' dir='ltr'><strong>margaritas,</strong></span> <span class='ocrx_word' id='word_1_126' title='bbox 1403 1619 1559 1674; x_wconf 90' lang='lat' dir='ltr'><strong>omni</strong></span> <span class='ocrx_word' id='word_1_127' title='bbox 1610 1618 1722 1672; x_wconf 92' lang='lat' dir='ltr'><strong>ho—</strong></span> 
     </span>
    </p>
   </div>
   <div class='ocr_carea' id='block_1_20' title="bbox 1840 485 3484 555">
    <p class='ocr_par' dir='ltr' id='par_1_20' title="bbox 1840 485 3484 555">
     <span class='ocr_line' id='line_1_20' title="bbox 1840 485 3484 555; baseline 0.003 -19"><span class='ocrx_word' id='word_1_128' title='bbox 1840 496 2008 550; x_wconf 86' lang='lat' dir='ltr'><strong>quam</strong></span> <span class='ocrx_word' id='word_1_129' title='bbox 2034 497 2130 551; x_wconf 92' lang='lat' dir='ltr'><strong>per</strong></span> <span class='ocrx_word' id='word_1_130' title='bbox 2153 496 2378 540; x_wconf 88' lang='lat' dir='ltr'><strong>carnem</strong></span> <span class='ocrx_word' id='word_1_131' title='bbox 2404 485 2675 554; x_wconf 86' lang='lat' dir='ltr'><strong>suscepit,</strong></span> <span class='ocrx_word' id='word_1_132' title='bbox 2708 485 3034 555; x_wconf 83' lang='lat' dir='ltr'><strong>imaginem,</strong></span> <span class='ocrx_word' id='word_1_133' title='bbox 3061 490 3118 540; x_wconf 88' lang='lat' dir='ltr'><strong>et</strong></span> <span class='ocrx_word' id='word_1_134' title='bbox 3138 499 3250 541; x_wconf 92' lang='lat' dir='ltr'><strong>non</strong></span> <span class='ocrx_word' id='word_1_135' title='bbox 3273 487 3484 541; x_wconf 91' lang='lat' dir='ltr'><strong>incom-</strong></span> 
     </span>
    </p>
   </div>
   <div class='ocr_carea' id='block_1_21' title="bbox 1842 570 3477 644">
    <p class='ocr_par' dir='ltr' id='par_1_21' title="bbox 1842 570 3477 644">
     <span class='ocr_line' id='line_1_21' title="bbox 1842 570 3477 644; baseline 0.002 -20"><span class='ocrx_word' id='word_1_136' title='bbox 1842 570 2247 638; x_wconf 89' lang='lat' dir='ltr'><strong>prehensibilis</strong></span> <span class='ocrx_word' id='word_1_137' title='bbox 2267 574 2410 642; x_wconf 87' lang='lat' dir='ltr'><strong>ejus,</strong></span> <span class='ocrx_word' id='word_1_138' title='bbox 2434 579 2491 628; x_wconf 92' lang='lat' dir='ltr'><strong>et</strong></span> <span class='ocrx_word' id='word_1_139' title='bbox 2512 572 2832 628; x_wconf 87' lang='lat' dir='ltr'><strong>invisibilis</strong></span> <span class='ocrx_word' id='word_1_140' title='bbox 2859 573 3114 641; x_wconf 88' lang='lat' dir='ltr'><strong>deitatis,</strong></span> <span class='ocrx_word' id='word_1_141' title='bbox 3151 572 3477 644; x_wconf 83' lang='lat' dir='ltr'><strong>formantes,</strong></span> 
     </span>
    </p>
   </div>
   <div class='ocr_carea' id='block_1_22' title="bbox 1838 657 3490 734">
    <p class='ocr_par' dir='ltr' id='par_1_22' title="bbox 1838 657 3490 734">
     <span class='ocr_line' id='line_1_22' title="bbox 1838 657 3490 734; baseline 0.003 -23"><span class='ocrx_word' id='word_1_142' title='bbox 1838 658 1971 713; x_wconf 90' lang='lat' dir='ltr'><strong>hinc</strong></span> <span class='ocrx_word' id='word_1_143' title='bbox 2001 674 2127 729; x_wconf 65' lang='lat' dir='ltr'><strong>qua:</strong></span> <span class='ocrx_word' id='word_1_144' title='bbox 2155 666 2291 715; x_wconf 91' lang='lat' dir='ltr'><strong>sunt</strong></span> <span class='ocrx_word' id='word_1_145' title='bbox 2332 661 2461 717; x_wconf 87' lang='lat' dir='ltr'><strong>ﬁdei</strong></span> <span class='ocrx_word' id='word_1_146' title='bbox 2503 666 2906 730; x_wconf 68' lang='lat' dir='ltr'><strong>repraesentare</strong></span> <span class='ocrx_word' id='word_1_147' title='bbox 2950 674 3219 733; x_wconf 89' lang='lat' dir='ltr'><strong>urgemur</strong></span> <span class='ocrx_word' id='word_1_148' title='bbox 3261 657 3490 734; x_wconf 88' lang='lat' dir='ltr'><strong>[satagi-</strong></span> 
     </span>
    </p>
   </div>
   <div class='ocr_carea' id='block_1_23' title="bbox 1837 743 3483 820">
    <p class='ocr_par' dir='ltr' id='par_1_23' title="bbox 1837 743 3483 820">
     <span class='ocr_line' id='line_1_23' title="bbox 1837 743 3483 820; baseline 0.003 -21"><span class='ocrx_word' id='word_1_149' title='bbox 1837 743 2007 820; x_wconf 91' lang='lat' dir='ltr'><strong>mus],</strong></span> <span class='ocrx_word' id='word_1_150' title='bbox 2041 749 2401 805; x_wconf 89' lang='lat' dir='ltr'><strong>ostendentes</strong></span> <span class='ocrx_word' id='word_1_151' title='bbox 2431 750 2581 819; x_wconf 90' lang='lat' dir='ltr'><strong>quod</strong></span> <span class='ocrx_word' id='word_1_152' title='bbox 2614 763 2725 805; x_wconf 91' lang='lat' dir='ltr'><strong>non</strong></span> <span class='ocrx_word' id='word_1_153' title='bbox 2760 762 2860 819; x_wconf 91' lang='lat' dir='ltr'><strong>per</strong></span> <span class='ocrx_word' id='word_1_154' title='bbox 2890 749 3248 819; x_wconf 86' lang='lat' dir='ltr'><strong>phantasiam</strong></span> <span class='ocrx_word' id='word_1_155' title='bbox 3278 754 3336 804; x_wconf 91' lang='lat' dir='ltr'><strong>et</strong></span> <span class='ocrx_word' id='word_1_156' title='bbox 3363 763 3483 804; x_wconf 89' lang='lat' dir='ltr'><strong>um-</strong></span> 
     </span>
    </p>
   </div>
   <div class='ocr_carea' id='block_1_24' title="bbox 1834 832 3484 908">
    <p class='ocr_par' dir='ltr' id='par_1_24' title="bbox 1834 832 3484 908">
     <span class='ocr_line' id='line_1_24' title="bbox 1834 832 3484 908; baseline 0.003 -20"><span class='ocrx_word' id='word_1_157' title='bbox 1834 832 2050 890; x_wconf 89' lang='lat' dir='ltr'><strong>bratice</strong></span> <span class='ocrx_word' id='word_1_158' title='bbox 2079 841 2340 891; x_wconf 90' lang='lat' dir='ltr'><strong>naturam</strong></span> <span class='ocrx_word' id='word_1_159' title='bbox 2370 843 2619 893; x_wconf 90' lang='lat' dir='ltr'><strong>nostram</strong></span> <span class='ocrx_word' id='word_1_160' title='bbox 2651 838 2764 893; x_wconf 90' lang='lat' dir='ltr'><strong>sibi</strong></span> <span class='ocrx_word' id='word_1_161' title='bbox 2800 838 3071 908; x_wconf 91' lang='lat' dir='ltr'><strong>univerit,</strong></span> <span class='ocrx_word' id='word_1_162' title='bbox 3106 838 3484 908; x_wconf 85' lang='lat' dir='ltr'><strong>quemadmo-</strong></span> 
     </span>
    </p>
   </div>
   <div class='ocr_carea' id='block_1_25' title="bbox 1833 922 3479 997">
    <p class='ocr_par' dir='ltr' id='par_1_25' title="bbox 1833 922 3479 997">
     <span class='ocr_line' id='line_1_25' title="bbox 1833 922 3479 997; baseline 0.003 -19"><span class='ocrx_word' id='word_1_163' title='bbox 1833 922 1968 978; x_wconf 90' lang='lat' dir='ltr'><strong>dum</strong></span> <span class='ocrx_word' id='word_1_164' title='bbox 2027 925 2261 993; x_wconf 91' lang='lat' dir='ltr'><strong>quidam</strong></span> <span class='ocrx_word' id='word_1_165' title='bbox 2312 926 2685 997; x_wconf 90' lang='lat' dir='ltr'><strong>antiquorum</strong></span> <span class='ocrx_word' id='word_1_166' title='bbox 2758 927 3158 983; x_wconf 66' lang='lat' dir='ltr'><strong>haereticorum</strong></span> <span class='ocrx_word' id='word_1_167' title='bbox 3222 931 3479 983; x_wconf 87' lang='lat' dir='ltr'><strong>errantes</strong></span> 
     </span>
    </p>
   </div>
   <div class='ocr_carea' id='block_1_26' title="bbox 1831 1010 3484 1085">
    <p class='ocr_par' dir='ltr' id='par_1_26' title="bbox 1831 1010 3484 1085">
     <span class='ocr_line' id='line_1_26' title="bbox 1831 1010 3484 1085; baseline 0.003 -19"><span class='ocrx_word' id='word_1_168' title='bbox 1831 1010 2391 1083; x_wconf 85' lang='lat' dir='ltr'><strong>dogmatizaverunt:</strong></span> <span class='ocrx_word' id='word_1_169' title='bbox 2419 1015 2515 1071; x_wconf 92' lang='lat' dir='ltr'><strong>sed</strong></span> <span class='ocrx_word' id='word_1_170' title='bbox 2540 1015 2689 1085; x_wconf 91' lang='lat' dir='ltr'><strong>quod</strong></span> <span class='ocrx_word' id='word_1_171' title='bbox 2714 1015 2838 1084; x_wconf 90' lang='lat' dir='ltr'><strong>ipsa</strong></span> <span class='ocrx_word' id='word_1_172' title='bbox 2860 1028 2920 1070; x_wconf 90' lang='lat' dir='ltr'><strong>re</strong></span> <span class='ocrx_word' id='word_1_173' title='bbox 2939 1028 3005 1070; x_wconf 91' lang='lat' dir='ltr'><strong>ac</strong></span> <span class='ocrx_word' id='word_1_174' title='bbox 3033 1015 3268 1070; x_wconf 85' lang='lat' dir='ltr'><strong>veritate</strong></span> <span class='ocrx_word' id='word_1_175' title='bbox 3316 1014 3484 1071; x_wconf 91' lang='lat' dir='ltr'><strong>homo</strong></span> 
     </span>
    </p>
   </div>
   <div class='ocr_carea' id='block_1_27' title="bbox 1832 1098 3478 1175">
    <p class='ocr_par' dir='ltr' id='par_1_27' title="bbox 1832 1098 3478 1175">
     <span class='ocr_line' id='line_1_27' title="bbox 1832 1098 3478 1175; baseline 0.003 -21"><span class='ocrx_word' id='word_1_176' title='bbox 1832 1098 1912 1154; x_wconf 91' lang='lat' dir='ltr'><strong>sit</strong></span> <span class='ocrx_word' id='word_1_177' title='bbox 1942 1099 2223 1169; x_wconf 89' lang='lat' dir='ltr'><strong>perfectus</strong></span> <span class='ocrx_word' id='word_1_178' title='bbox 2253 1116 2353 1172; x_wconf 91' lang='lat' dir='ltr'><strong>per</strong></span> <span class='ocrx_word' id='word_1_179' title='bbox 2381 1103 2593 1173; x_wconf 89' lang='lat' dir='ltr'><strong>omnia,</strong></span> <span class='ocrx_word' id='word_1_180' title='bbox 2625 1106 2859 1173; x_wconf 90' lang='lat' dir='ltr'><strong>excepto</strong></span> <span class='ocrx_word' id='word_1_181' title='bbox 2888 1103 3011 1159; x_wconf 90' lang='lat' dir='ltr'><strong>solo</strong></span> <span class='ocrx_word' id='word_1_182' title='bbox 3042 1108 3291 1174; x_wconf 88' lang='lat' dir='ltr'><strong>peccato,</strong></span> <span class='ocrx_word' id='word_1_183' title='bbox 3327 1104 3478 1175; x_wconf 91' lang='lat' dir='ltr'><strong>quod</strong></span> 
     </span>
    </p>
   </div>
   <div class='ocr_carea' id='block_1_28' title="bbox 1832 1188 3479 1248">
    <p class='ocr_par' dir='ltr' id='par_1_28' title="bbox 1832 1188 3479 1248">
     <span class='ocr_line' id='line_1_28' title="bbox 1832 1188 3479 1248; baseline 0.004 -6"><span class='ocrx_word' id='word_1_184' title='bbox 1832 1188 2173 1244; x_wconf 89' lang='lat' dir='ltr'><strong>seminatum</strong></span> <span class='ocrx_word' id='word_1_185' title='bbox 2199 1197 2285 1245; x_wconf 90' lang='lat' dir='ltr'><strong>est</strong></span> <span class='ocrx_word' id='word_1_186' title='bbox 2316 1190 2481 1247; x_wconf 90' lang='lat' dir='ltr'><strong>nobis</strong></span> <span class='ocrx_word' id='word_1_187' title='bbox 2500 1205 2567 1246; x_wconf 88' lang='lat' dir='ltr'><strong>ex</strong></span> <span class='ocrx_word' id='word_1_188' title='bbox 2592 1191 2850 1248; x_wconf 91' lang='lat' dir='ltr'><strong>inimico.</strong></span> <span class='ocrx_word' id='word_1_189' title='bbox 2879 1192 2980 1248; x_wconf 86' lang='lat' dir='ltr'><strong>Est</strong></span> <span class='ocrx_word' id='word_1_190' title='bbox 3006 1192 3111 1247; x_wconf 89' lang='lat' dir='ltr'><strong>hoc</strong></span> <span class='ocrx_word' id='word_1_191' title='bbox 3135 1205 3309 1248; x_wconf 90' lang='lat' dir='ltr'><strong>sensu</strong></span> <span class='ocrx_word' id='word_1_192' title='bbox 3341 1196 3479 1248; x_wconf 56' lang='lat' dir='ltr'><strong>tutae</strong></span> 
     </span>
    </p>
   </div>
   <div class='ocr_carea' id='block_1_29' title="bbox 1833 1276 3482 1350">
    <p class='ocr_par' dir='ltr' id='par_1_29' title="bbox 1833 1276 3482 1350">
     <span class='ocr_line' id='line_1_29' title="bbox 1833 1276 3482 1350; baseline 0.004 -20"><span class='ocrx_word' id='word_1_193' title='bbox 1833 1276 1964 1331; x_wconf 90' lang='lat' dir='ltr'><strong>ﬁdei</strong></span> <span class='ocrx_word' id='word_1_194' title='bbox 2002 1290 2169 1347; x_wconf 88' lang='lat' dir='ltr'><strong>quam</strong></span> <span class='ocrx_word' id='word_1_195' title='bbox 2203 1278 2264 1333; x_wconf 91' lang='lat' dir='ltr'><strong>in</strong></span> <span class='ocrx_word' id='word_1_196' title='bbox 2296 1278 2461 1334; x_wconf 91' lang='lat' dir='ltr'><strong>illum</strong></span> <span class='ocrx_word' id='word_1_197' title='bbox 2500 1279 2791 1350; x_wconf 89' lang='lat' dir='ltr'><strong>habemus,</strong></span> <span class='ocrx_word' id='word_1_198' title='bbox 2825 1284 3034 1336; x_wconf 59' lang='lat' dir='ltr'><strong>sancta</strong></span> <span class='ocrx_word' id='word_1_199' title='bbox 3067 1280 3257 1349; x_wconf 89' lang='lat' dir='ltr'><strong>ipsius</strong></span> <span class='ocrx_word' id='word_1_200' title='bbox 3286 1280 3482 1336; x_wconf 92' lang='lat' dir='ltr'><strong>carnis</strong></span> 
     </span>
    </p>
   </div>
   <div class='ocr_carea' id='block_1_30' title="bbox 1830 1364 3476 1438">
    <p class='ocr_par' dir='ltr' id='par_1_30' title="bbox 1830 1364 3476 1438">
     <span class='ocr_line' id='line_1_30' title="bbox 1830 1364 3476 1438; baseline 0.003 -19"><span class='ocrx_word' id='word_1_201' title='bbox 1830 1364 2209 1420; x_wconf 87' lang='lat' dir='ltr'><strong>characterem</strong></span> <span class='ocrx_word' id='word_1_202' title='bbox 2241 1367 2299 1421; x_wconf 91' lang='lat' dir='ltr'><strong>in</strong></span> <span class='ocrx_word' id='word_1_203' title='bbox 2327 1367 2681 1438; x_wconf 82' lang='lat' dir='ltr'><strong>imaginibus</strong></span> <span class='ocrx_word' id='word_1_204' title='bbox 2709 1366 3036 1435; x_wconf 84' lang='lat' dir='ltr'><strong>formantes,</strong></span> <span class='ocrx_word' id='word_1_205' title='bbox 3060 1373 3116 1423; x_wconf 92' lang='lat' dir='ltr'><strong>et</strong></span> <span class='ocrx_word' id='word_1_206' title='bbox 3136 1368 3476 1437; x_wconf 88' lang='lat' dir='ltr'><strong>salutamus,</strong></span> 
     </span>
    </p>
   </div>
   <div class='ocr_carea' id='block_1_31' title="bbox 1829 1452 3484 1526">
    <p class='ocr_par' dir='ltr' id='par_1_31' title="bbox 1829 1452 3484 1526">
     <span class='ocr_line' id='line_1_31' title="bbox 1829 1452 3484 1526; baseline 0.002 -20"><span class='ocrx_word' id='word_1_207' title='bbox 1829 1456 1886 1506; x_wconf 91' lang='lat' dir='ltr'><strong>et</strong></span> <span class='ocrx_word' id='word_1_208' title='bbox 1905 1452 2161 1509; x_wconf 89' lang='lat' dir='ltr'><strong>omnium</strong></span> <span class='ocrx_word' id='word_1_209' title='bbox 2191 1454 2353 1509; x_wconf 89' lang='lat' dir='ltr'><strong>cultu</strong></span> <span class='ocrx_word' id='word_1_210' title='bbox 2379 1467 2445 1510; x_wconf 91' lang='lat' dir='ltr'><strong>ac</strong></span> <span class='ocrx_word' id='word_1_211' title='bbox 2473 1454 2685 1511; x_wconf 91' lang='lat' dir='ltr'><strong>honore</strong></span> <span class='ocrx_word' id='word_1_212' title='bbox 2713 1456 2934 1511; x_wconf 90' lang='lat' dir='ltr'><strong>decenti</strong></span> <span class='ocrx_word' id='word_1_213' title='bbox 2964 1455 3203 1526; x_wconf 89' lang='lat' dir='ltr'><strong>dignum</strong></span> <span class='ocrx_word' id='word_1_214' title='bbox 3230 1456 3484 1511; x_wconf 90' lang='lat' dir='ltr'><strong>decerni-</strong></span> 
     </span>
    </p>
   </div>
   <div class='ocr_carea' id='block_1_32' title="bbox 1832 1541 3478 1609">
    <p class='ocr_par' dir='ltr' id='par_1_32' title="bbox 1832 1541 3478 1609">
     <span class='ocr_line' id='line_1_32' title="bbox 1832 1541 3478 1609; baseline 0.003 -15"><span class='ocrx_word' id='word_1_215' title='bbox 1832 1554 1976 1609; x_wconf 90' lang='lat' dir='ltr'><strong>mus,</strong></span> <span class='ocrx_word' id='word_1_216' title='bbox 2006 1541 2066 1596; x_wconf 90' lang='lat' dir='ltr'><strong>in</strong></span> <span class='ocrx_word' id='word_1_217' title='bbox 2098 1542 2548 1598; x_wconf 85' lang='lat' dir='ltr'><strong>recordationem</strong></span> <span class='ocrx_word' id='word_1_218' title='bbox 2582 1543 2718 1599; x_wconf 92' lang='lat' dir='ltr'><strong>hinc</strong></span> <span class='ocrx_word' id='word_1_219' title='bbox 2753 1543 3044 1599; x_wconf 90' lang='lat' dir='ltr'><strong>venientes</strong></span> <span class='ocrx_word' id='word_1_220' title='bbox 3077 1543 3288 1599; x_wconf 67' lang='lat' dir='ltr'><strong>divinae</strong></span> <span class='ocrx_word' id='word_1_221' title='bbox 3310 1543 3478 1599; x_wconf 90' lang='lat' dir='ltr'><strong>illius</strong></span> 
     </span>
    </p>
   </div>
   <div class='ocr_carea' id='block_1_33' title="bbox 1827 1628 3483 1687">
    <p class='ocr_par' dir='ltr' id='par_1_33' title="bbox 1827 1628 3483 1687">
     <span class='ocr_line' id='line_1_33' title="bbox 1827 1628 3483 1687; baseline 0.002 -5"><span class='ocrx_word' id='word_1_222' title='bbox 1827 1633 1883 1683; x_wconf 91' lang='lat' dir='ltr'><strong>et</strong></span> <span class='ocrx_word' id='word_1_223' title='bbox 1903 1628 2140 1685; x_wconf 72' lang='lat' dir='ltr'><strong>viviﬁca:</strong></span> <span class='ocrx_word' id='word_1_224' title='bbox 2168 1643 2233 1685; x_wconf 90' lang='lat' dir='ltr'><strong>ac</strong></span> <span class='ocrx_word' id='word_1_225' title='bbox 2264 1630 2574 1686; x_wconf 87' lang='lat' dir='ltr'><strong>ineﬁ&#39;abilis</strong></span> <span class='ocrx_word' id='word_1_226' title='bbox 2601 1631 3037 1687; x_wconf 87' lang='lat' dir='ltr'><strong>incarnationis.</strong></span> <span class='ocrx_word' id='word_1_227' title='bbox 3081 1631 3367 1686; x_wconf 89' lang='lat' dir='ltr'><strong>Similiter</strong></span> <span class='ocrx_word' id='word_1_228' title='bbox 3385 1644 3483 1686; x_wconf 85' lang='lat' dir='ltr'><strong>au-</strong></span> 
     </span>
    </p>
   </div>
   <div class='ocr_carea' id='block_1_34' title="bbox 134 1703 3477 1788">
    <p class='ocr_par' dir='ltr' id='par_1_34' title="bbox 134 1703 3477 1788">
     <span class='ocr_line' id='line_1_34' title="bbox 134 1703 3477 1788; baseline 0.004 -31"><span class='ocrx_word' id='word_1_229' title='bbox 134 1716 234 1758; x_wconf 87' lang='lat' dir='ltr'><strong>nore</strong></span> <span class='ocrx_word' id='word_1_230' title='bbox 254 1703 436 1775; x_wconf 88' lang='lat' dir='ltr'><strong>dignos</strong></span> <span class='ocrx_word' id='word_1_231' title='bbox 458 1706 836 1775; x_wconf 84' lang='lat' dir='ltr'><strong>arbitramur,</strong></span> <span class='ocrx_word' id='word_1_232' title='bbox 871 1713 926 1763; x_wconf 92' lang='lat' dir='ltr'><strong>et</strong></span> <span class='ocrx_word' id='word_1_233' title='bbox 951 1708 1391 1763; x_wconf 91' lang='lat' dir='ltr'><strong>intercessiones</strong></span> <span class='ocrx_word' id='word_1_234' title='bbox 1416 1720 1611 1762; x_wconf 92' lang='lat' dir='ltr'><strong>eorum</strong></span> <span class='ocrx_word' id='word_1_235' title='bbox 1636 1706 1716 1760; x_wconf 84' lang='lat' dir='ltr'><strong>in-</strong></span> <span class='ocrx_word' id='word_1_236' title='bbox 1745 1709 1797 1769; x_wconf 90' lang='grc' dir='ltr'>Β</span> <span class='ocrx_word' id='word_1_237' title='bbox 1828 1720 1938 1771; x_wconf 66' lang='lat' dir='ltr'><strong>tem</strong></span> <span class='ocrx_word' id='word_1_238' title='bbox 1986 1721 2043 1771; x_wconf 74' lang='grc' dir='ltr'><strong>ει</strong></span> <span class='ocrx_word' id='word_1_239' title='bbox 2086 1717 2435 1773; x_wconf 47' lang='lat' dir='ltr'><strong>intemeratas</strong></span> <span class='ocrx_word' id='word_1_240' title='bbox 2484 1718 2796 1774; x_wconf 78' lang='lat' dir='ltr'><strong>secundum</strong></span> <span class='ocrx_word' id='word_1_241' title='bbox 2836 1732 3063 1774; x_wconf 73' lang='lat' dir='ltr'><strong>carnem</strong></span> <span class='ocrx_word' id='word_1_242' title='bbox 3106 1719 3310 1774; x_wconf 79' lang='lat' dir='ltr'><strong>matris</strong></span> <span class='ocrx_word' id='word_1_243' title='bbox 3351 1719 3477 1788; x_wconf 82' lang='lat' dir='ltr'><strong>ejus</strong></span> 
     </span>
    </p>
   </div>
   <div class='ocr_carea' id='block_1_35' title="bbox 132 1793 1717 1867">
    <p class='ocr_par' dir='ltr' id='par_1_35' title="bbox 132 1793 1717 1867">
     <span class='ocr_line' id='line_1_35' title="bbox 132 1793 1717 1867; baseline 0.004 -24"><span class='ocrx_word' id='word_1_244' title='bbox 132 1805 357 1848; x_wconf 83' lang='lat' dir='ltr'><strong>vocamus.</strong></span> <span class='ocrx_word' id='word_1_245' title='bbox 401 1793 489 1849; x_wconf 82' lang='lat' dir='ltr'><strong>Ad</strong></span> <span class='ocrx_word' id='word_1_246' title='bbox 523 1794 641 1849; x_wconf 64' lang='lat' dir='ltr'><strong>haec</strong></span> <span class='ocrx_word' id='word_1_247' title='bbox 673 1795 858 1867; x_wconf 82' lang='lat' dir='ltr'><strong>igitur</strong></span> <span class='ocrx_word' id='word_1_248' title='bbox 888 1810 992 1851; x_wconf 92' lang='lat' dir='ltr'><strong>nos</strong></span> <span class='ocrx_word' id='word_1_249' title='bbox 1034 1795 1436 1865; x_wconf 90' lang='lat' dir='ltr'><strong>respondimus</strong></span> <span class='ocrx_word' id='word_1_250' title='bbox 1459 1795 1549 1850; x_wconf 91' lang='lat' dir='ltr'><strong>ei:</strong></span> <span class='ocrx_word' id='word_1_251' title='bbox 1581 1794 1717 1865; x_wconf 88' lang='lat' dir='ltr'><strong>quia</strong></span> 
     </span>
    </p>
   </div>
   <div class='ocr_carea' id='block_1_36' title="bbox 132 1877 1718 1941">
    <p class='ocr_par' dir='ltr' id='par_1_36' title="bbox 132 1877 1718 1941">
     <span class='ocr_line' id='line_1_36' title="bbox 132 1877 1718 1941; baseline 0.004 -9"><span class='ocrx_word' id='word_1_252' title='bbox 132 1877 526 1938; x_wconf 85' lang='lat' dir='ltr'><strong>Christianorum</strong></span> <span class='ocrx_word' id='word_1_253' title='bbox 553 1882 694 1939; x_wconf 89' lang='lat' dir='ltr'><strong>ﬁdes</strong></span> <span class='ocrx_word' id='word_1_254' title='bbox 708 1889 765 1939; x_wconf 88' lang='lat' dir='ltr'><strong>et</strong></span> <span class='ocrx_word' id='word_1_255' title='bbox 780 1885 973 1941; x_wconf 91' lang='lat' dir='ltr'><strong>cultus</strong></span> <span class='ocrx_word' id='word_1_256' title='bbox 999 1890 1054 1939; x_wconf 91' lang='lat' dir='ltr'><strong>et</strong></span> <span class='ocrx_word' id='word_1_257' title='bbox 1070 1884 1330 1940; x_wconf 90' lang='lat' dir='ltr'><strong>adoratio</strong></span> <span class='ocrx_word' id='word_1_258' title='bbox 1358 1885 1418 1939; x_wconf 91' lang='lat' dir='ltr'><strong>in</strong></span> <span class='ocrx_word' id='word_1_259' title='bbox 1438 1896 1614 1939; x_wconf 92' lang='lat' dir='ltr'><strong>unum</strong></span> <span class='ocrx_word' id='word_1_260' title='bbox 1632 1887 1718 1939; x_wconf 90' lang='lat' dir='ltr'><strong>est</strong></span> 
     </span>
    </p>
   </div>
   <div class='ocr_carea' id='block_1_37' title="bbox 131 1969 1717 2043">
    <p class='ocr_par' dir='ltr' id='par_1_37' title="bbox 131 1969 1717 2043">
     <span class='ocr_line' id='line_1_37' title="bbox 131 1969 1717 2043; baseline 0.003 -22"><span class='ocrx_word' id='word_1_261' title='bbox 131 1974 169 2021; x_wconf 88' lang='lat' dir='ltr'><strong>et</strong></span> <span class='ocrx_word' id='word_1_262' title='bbox 184 1969 332 2025; x_wconf 88' lang='lat' dir='ltr'><strong>solum</strong></span> <span class='ocrx_word' id='word_1_263' title='bbox 356 1972 553 2043; x_wconf 90' lang='lat' dir='ltr'><strong>Deum,</strong></span> <span class='ocrx_word' id='word_1_264' title='bbox 595 1972 750 2028; x_wconf 90' lang='lat' dir='ltr'><strong>sicut</strong></span> <span class='ocrx_word' id='word_1_265' title='bbox 783 1974 1061 2043; x_wconf 90' lang='lat' dir='ltr'><strong>scriptum</strong></span> <span class='ocrx_word' id='word_1_266' title='bbox 1087 1978 1209 2029; x_wconf 90' lang='lat' dir='ltr'><strong>est:</strong></span> <span class='ocrx_word' id='word_1_267' title='bbox 1234 1975 1520 2028; x_wconf 84' lang='lat' dir='ltr'><strong>Dominum</strong></span> <span class='ocrx_word' id='word_1_268' title='bbox 1546 1974 1717 2026; x_wconf 83' lang='lat' dir='ltr'><strong>Deum</strong></span> 
     </span>
    </p>
   </div>
   <div class='ocr_carea' id='block_1_38' title="bbox 133 2058 1718 2132">
    <p class='ocr_par' dir='ltr' id='par_1_38' title="bbox 133 2058 1718 2132">
     <span class='ocr_line' id='line_1_38' title="bbox 133 2058 1718 2132; baseline 0.004 -23"><span class='ocrx_word' id='word_1_269' title='bbox 133 2058 518 2119; x_wconf 78' lang='lat' dir='ltr'><strong>tuumadornbis,</strong></span> <span class='ocrx_word' id='word_1_270' title='bbox 551 2066 602 2114; x_wconf 82' lang='lat' dir='ltr'><strong>et</strong></span> <span class='ocrx_word' id='word_1_271' title='bbox 624 2063 735 2130; x_wconf 78' lang='lat' dir='ltr'><strong>ipsi</strong></span> <span class='ocrx_word' id='word_1_272' title='bbox 753 2063 855 2115; x_wconf 81' lang='lat' dir='ltr'><strong>soli</strong></span> <span class='ocrx_word' id='word_1_273' title='bbox 885 2060 1118 2131; x_wconf 78' lang='lat' dir='ltr'><strong>seruies(</strong></span> <span class='ocrx_word' id='word_1_274' title='bbox 1136 2065 1290 2116; x_wconf 85' lang='lat' dir='ltr'><strong>Deut.</strong></span> <span class='ocrx_word' id='word_1_275' title='bbox 1320 2061 1445 2131; x_wconf 82' lang='lat' dir='ltr'><strong>v1);</strong></span> <span class='ocrx_word' id='word_1_276' title='bbox 1472 2065 1527 2116; x_wconf 88' lang='lat' dir='ltr'><strong>et</strong></span> <span class='ocrx_word' id='word_1_277' title='bbox 1548 2060 1718 2132; x_wconf 90' lang='lat' dir='ltr'><strong>glori-</strong></span> 
     </span>
    </p>
   </div>
   <div class='ocr_carea' id='block_1_39' title="bbox 130 2144 1718 2220">
    <p class='ocr_par' dir='ltr' id='par_1_39' title="bbox 130 2144 1718 2220">
     <span class='ocr_line' id='line_1_39' title="bbox 130 2144 1718 2220; baseline 0.004 -23"><span class='ocrx_word' id='word_1_278' title='bbox 130 2144 272 2201; x_wconf 83' lang='lat' dir='ltr'><strong>ﬁcatio</strong></span> <span class='ocrx_word' id='word_1_279' title='bbox 290 2154 495 2218; x_wconf 89' lang='lat' dir='ltr'><strong>nostra,</strong></span> <span class='ocrx_word' id='word_1_280' title='bbox 520 2154 576 2204; x_wconf 91' lang='lat' dir='ltr'><strong>et</strong></span> <span class='ocrx_word' id='word_1_281' title='bbox 597 2148 936 2219; x_wconf 90' lang='lat' dir='ltr'><strong>obsequium</strong></span> <span class='ocrx_word' id='word_1_282' title='bbox 972 2155 1226 2206; x_wconf 90' lang='lat' dir='ltr'><strong>nostrum</strong></span> <span class='ocrx_word' id='word_1_283' title='bbox 1258 2150 1369 2220; x_wconf 92' lang='lat' dir='ltr'><strong>ipsi</strong></span> <span class='ocrx_word' id='word_1_284' title='bbox 1402 2150 1509 2205; x_wconf 92' lang='lat' dir='ltr'><strong>soli</strong></span> <span class='ocrx_word' id='word_1_285' title='bbox 1543 2148 1718 2205; x_wconf 84' lang='lat' dir='ltr'><strong>oﬁ‘er—</strong></span> 
     </span>
    </p>
   </div>
   <div class='ocr_carea' id='block_1_40' title="bbox 129 2237 1717 2309">
    <p class='ocr_par' dir='ltr' id='par_1_40' title="bbox 129 2237 1717 2309">
     <span class='ocr_line' id='line_1_40' title="bbox 129 2237 1717 2309; baseline 0.004 -24"><span class='ocrx_word' id='word_1_286' title='bbox 129 2237 197 2287; x_wconf 86' lang='lat' dir='ltr'><strong>tur</strong></span> <span class='ocrx_word' id='word_1_287' title='bbox 213 2238 302 2288; x_wconf 90' lang='lat' dir='ltr'><strong>tam</strong></span> <span class='ocrx_word' id='word_1_288' title='bbox 318 2249 345 2290; x_wconf 90' lang='lat' dir='ltr'><strong>a</strong></span> <span class='ocrx_word' id='word_1_289' title='bbox 364 2238 584 2293; x_wconf 88' lang='lat' dir='ltr'><strong>sanctis</strong></span> <span class='ocrx_word' id='word_1_290' title='bbox 608 2238 707 2308; x_wconf 89' lang='lat' dir='ltr'><strong>qui</strong></span> <span class='ocrx_word' id='word_1_291' title='bbox 731 2239 789 2293; x_wconf 90' lang='lat' dir='ltr'><strong>in</strong></span> <span class='ocrx_word' id='word_1_292' title='bbox 812 2239 974 2294; x_wconf 61' lang='lat' dir='ltr'><strong>caelis</strong></span> <span class='ocrx_word' id='word_1_293' title='bbox 991 2243 1145 2309; x_wconf 92' lang='lat' dir='ltr'><strong>sunt,</strong></span> <span class='ocrx_word' id='word_1_294' title='bbox 1164 2244 1218 2294; x_wconf 87' lang='lat' dir='ltr'><strong>et</strong></span> <span class='ocrx_word' id='word_1_295' title='bbox 1244 2238 1717 2308; x_wconf 85' lang='lat' dir='ltr'><strong>intelligibilibus</strong></span> 
     </span>
    </p>
   </div>
   <div class='ocr_carea' id='block_1_41' title="bbox 127 2321 1716 2399">
    <p class='ocr_par' dir='ltr' id='par_1_41' title="bbox 127 2321 1716 2399">
     <span class='ocr_line' id='line_1_41' title="bbox 127 2321 1716 2399; baseline 0.004 -25"><span class='ocrx_word' id='word_1_296' title='bbox 127 2321 646 2397; x_wconf 81' lang='lat' dir='ltr'><strong>incorporalibusque</strong></span> <span class='ocrx_word' id='word_1_297' title='bbox 681 2327 1019 2399; x_wconf 84' lang='lat' dir='ltr'><strong>virtutibus,</strong></span> <span class='ocrx_word' id='word_1_298' title='bbox 1057 2342 1225 2399; x_wconf 90' lang='lat' dir='ltr'><strong>quam</strong></span> <span class='ocrx_word' id='word_1_299' title='bbox 1264 2327 1335 2383; x_wconf 90' lang='lat' dir='ltr'><strong>ab</strong></span> <span class='ocrx_word' id='word_1_300' title='bbox 1371 2328 1477 2398; x_wconf 92' lang='lat' dir='ltr'><strong>eis,</strong></span> <span class='ocrx_word' id='word_1_301' title='bbox 1522 2326 1621 2397; x_wconf 90' lang='lat' dir='ltr'><strong>qui</strong></span> <span class='ocrx_word' id='word_1_302' title='bbox 1656 2326 1716 2380; x_wconf 93' lang='lat' dir='ltr'><strong>in</strong></span> 
     </span>
    </p>
   </div>
   <div class='ocr_carea' id='block_1_42' title="bbox 125 2412 1710 2490">
    <p class='ocr_par' dir='ltr' id='par_1_42' title="bbox 125 2412 1710 2490">
     <span class='ocr_line' id='line_1_42' title="bbox 125 2412 1710 2490; baseline 0.004 -28"><span class='ocrx_word' id='word_1_303' title='bbox 125 2412 235 2465; x_wconf 84' lang='lat' dir='ltr'><strong>terra</strong></span> <span class='ocrx_word' id='word_1_304' title='bbox 251 2427 363 2468; x_wconf 90' lang='lat' dir='ltr'><strong>cum</strong></span> <span class='ocrx_word' id='word_1_305' title='bbox 387 2420 585 2470; x_wconf 87' lang='lat' dir='ltr'><strong>essent</strong></span> <span class='ocrx_word' id='word_1_306' title='bbox 604 2412 623 2489; x_wconf 93' lang='lat'>[</span> <span class='ocrx_word' id='word_1_307' title='bbox 640 2414 815 2490; x_wconf 87' lang='lat' dir='ltr'><strong>sint],</strong></span> <span class='ocrx_word' id='word_1_308' title='bbox 841 2417 988 2471; x_wconf 88' lang='lat' dir='ltr'><strong>viam</strong></span> <span class='ocrx_word' id='word_1_309' title='bbox 1012 2423 1398 2487; x_wconf 89' lang='lat' dir='ltr'><strong>cognoverunt</strong></span> <span class='ocrx_word' id='word_1_310' title='bbox 1419 2416 1710 2472; x_wconf 84' lang='lat' dir='ltr'><strong>veritatis:</strong></span> 
     </span>
    </p>
   </div>
   <div class='ocr_carea' id='block_1_43' title="bbox 124 2502 1769 2577">
    <p class='ocr_par' dir='ltr' id='par_1_43' title="bbox 124 2502 1769 2577">
     <span class='ocr_line' id='line_1_43' title="bbox 124 2502 1769 2577; baseline 0.002 -22"><span class='ocrx_word' id='word_1_311' title='bbox 124 2502 539 2567; x_wconf 83' lang='lat' dir='ltr'><strong>quemadmodum</strong></span> <span class='ocrx_word' id='word_1_312' title='bbox 580 2510 636 2560; x_wconf 91' lang='lat' dir='ltr'><strong>et</strong></span> <span class='ocrx_word' id='word_1_313' title='bbox 668 2505 726 2560; x_wconf 91' lang='lat' dir='ltr'><strong>in</strong></span> <span class='ocrx_word' id='word_1_314' title='bbox 769 2506 1030 2561; x_wconf 87' lang='lat' dir='ltr'><strong>ecclesiis</strong></span> <span class='ocrx_word' id='word_1_315' title='bbox 1066 2506 1304 2576; x_wconf 88' lang='lat' dir='ltr'><strong>Christi,</strong></span> <span class='ocrx_word' id='word_1_316' title='bbox 1351 2520 1474 2577; x_wconf 66' lang='lat' dir='ltr'><strong>quae</strong></span> <span class='ocrx_word' id='word_1_317' title='bbox 1502 2505 1715 2575; x_wconf 91' lang='lat' dir='ltr'><strong>ubique</strong></span> <span class='ocrx_word' id='word_1_318' title='bbox 1748 2554 1769 2573; x_wconf 71' lang='grc'>,</span> 
     </span>
    </p>
   </div>
   <div class='ocr_carea' id='block_1_44' title="bbox 127 2588 1717 2665">
    <p class='ocr_par' dir='ltr' id='par_1_44' title="bbox 127 2588 1717 2665">
     <span class='ocr_line' id='line_1_44' title="bbox 127 2588 1717 2665; baseline 0.005 -24"><span class='ocrx_word' id='word_1_319' title='bbox 127 2588 274 2653; x_wconf 67' lang='lat' dir='ltr'><strong>posita:</strong></span> <span class='ocrx_word' id='word_1_320' title='bbox 298 2598 442 2664; x_wconf 89' lang='lat' dir='ltr'><strong>sunt,</strong></span> <span class='ocrx_word' id='word_1_321' title='bbox 469 2597 674 2649; x_wconf 88' lang='lat' dir='ltr'><strong>sancta</strong></span> <span class='ocrx_word' id='word_1_322' title='bbox 701 2593 970 2649; x_wconf 90' lang='lat' dir='ltr'><strong>laudatur</strong></span> <span class='ocrx_word' id='word_1_323' title='bbox 999 2599 1055 2649; x_wconf 92' lang='lat' dir='ltr'><strong>et</strong></span> <span class='ocrx_word' id='word_1_324' title='bbox 1075 2594 1432 2665; x_wconf 87' lang='lat' dir='ltr'><strong>gloriﬁcatur</strong></span> <span class='ocrx_word' id='word_1_325' title='bbox 1462 2594 1717 2649; x_wconf 87' lang='lat' dir='ltr'><strong>Trinitas</strong></span> 
     </span>
    </p>
   </div>
   <div class='ocr_carea' id='block_1_45' title="bbox 126 2674 1712 2752">
    <p class='ocr_par' dir='ltr' id='par_1_45' title="bbox 126 2674 1712 2752">
     <span class='ocr_line' id='line_1_45' title="bbox 126 2674 1712 2752; baseline 0.006 -24"><span class='ocrx_word' id='word_1_326' title='bbox 126 2674 165 2729; x_wconf 85' lang='lat' dir='ltr'><strong>in</strong></span> <span class='ocrx_word' id='word_1_327' title='bbox 188 2677 433 2747; x_wconf 79' lang='lat' dir='ltr'><strong>singulari</strong></span> <span class='ocrx_word' id='word_1_328' title='bbox 451 2680 855 2736; x_wconf 90' lang='lat' dir='ltr'><strong>dominatione</strong></span> <span class='ocrx_word' id='word_1_329' title='bbox 874 2695 939 2736; x_wconf 92' lang='lat' dir='ltr'><strong>ac</strong></span> <span class='ocrx_word' id='word_1_330' title='bbox 956 2682 1201 2737; x_wconf 88' lang='lat' dir='ltr'><strong>deitate:</strong></span> <span class='ocrx_word' id='word_1_331' title='bbox 1232 2683 1543 2737; x_wconf 90' lang='lat' dir='ltr'><strong>secundum</strong></span> <span class='ocrx_word' id='word_1_332' title='bbox 1564 2682 1712 2752; x_wconf 88' lang='lat' dir='ltr'><strong>quod</strong></span> 
     </span>
    </p>
   </div>
   <div class='ocr_carea' id='block_1_46' title="bbox 123 2769 1717 2842">
    <p class='ocr_par' dir='ltr' id='par_1_46' title="bbox 123 2769 1717 2842">
     <span class='ocr_line' id='line_1_46' title="bbox 123 2769 1717 2842; baseline 0.007 -26"><span class='ocrx_word' id='word_1_333' title='bbox 123 2771 160 2818; x_wconf 83' lang='lat' dir='ltr'><strong>et</strong></span> <span class='ocrx_word' id='word_1_334' title='bbox 180 2780 301 2822; x_wconf 90' lang='lat' dir='ltr'><strong>unus</strong></span> <span class='ocrx_word' id='word_1_335' title='bbox 329 2782 357 2822; x_wconf 88' lang='lat' dir='ltr'><strong>a</strong></span> <span class='ocrx_word' id='word_1_336' title='bbox 392 2769 570 2826; x_wconf 91' lang='lat' dir='ltr'><strong>nobis</strong></span> <span class='ocrx_word' id='word_1_337' title='bbox 592 2771 744 2827; x_wconf 91' lang='lat' dir='ltr'><strong>Deus</strong></span> <span class='ocrx_word' id='word_1_338' title='bbox 790 2770 1133 2839; x_wconf 64' lang='lat' dir='ltr'><strong>praedicatur</strong></span> <span class='ocrx_word' id='word_1_339' title='bbox 1161 2775 1216 2826; x_wconf 90' lang='lat' dir='ltr'><strong>et</strong></span> <span class='ocrx_word' id='word_1_340' title='bbox 1246 2785 1357 2826; x_wconf 89' lang='lat' dir='ltr'><strong>non</strong></span> <span class='ocrx_word' id='word_1_341' title='bbox 1397 2776 1483 2827; x_wconf 90' lang='lat' dir='ltr'><strong>est</strong></span> <span class='ocrx_word' id='word_1_342' title='bbox 1514 2777 1717 2842; x_wconf 64' lang='lat' dir='ltr'><strong>praeter</strong></span> 
     </span>
    </p>
   </div>
   <div class='ocr_carea' id='block_1_47' title="bbox 125 2858 1715 2931">
    <p class='ocr_par' dir='ltr' id='par_1_47' title="bbox 125 2858 1715 2931">
     <span class='ocr_line' id='line_1_47' title="bbox 125 2858 1715 2931; baseline 0.007 -26"><span class='ocrx_word' id='word_1_343' title='bbox 125 2865 212 2909; x_wconf 88' lang='lat' dir='ltr'><strong>eum</strong></span> <span class='ocrx_word' id='word_1_344' title='bbox 244 2858 326 2926; x_wconf 88' lang='lat' dir='ltr'><strong>qui</strong></span> <span class='ocrx_word' id='word_1_345' title='bbox 351 2858 688 2915; x_wconf 86' lang='lat' dir='ltr'><strong>dominetur</strong></span> <span class='ocrx_word' id='word_1_346' title='bbox 718 2859 778 2914; x_wconf 91' lang='lat' dir='ltr'><strong>in</strong></span> <span class='ocrx_word' id='word_1_347' title='bbox 819 2865 1112 2928; x_wconf 88' lang='lat' dir='ltr'><strong>potentatu</strong></span> <span class='ocrx_word' id='word_1_348' title='bbox 1156 2874 1261 2916; x_wconf 93' lang='lat' dir='ltr'><strong>suo</strong></span> <span class='ocrx_word' id='word_1_349' title='bbox 1301 2860 1528 2931; x_wconf 67' lang='lat' dir='ltr'><strong>SthulO,</strong></span> <span class='ocrx_word' id='word_1_350' title='bbox 1564 2866 1620 2916; x_wconf 93' lang='lat' dir='ltr'><strong>et</strong></span> <span class='ocrx_word' id='word_1_351' title='bbox 1647 2876 1715 2917; x_wconf 88' lang='lat' dir='ltr'><strong>ex</strong></span> 
     </span>
    </p>
   </div>
   <div class='ocr_carea' id='block_1_48' title="bbox 124 2948 1716 3021">
    <p class='ocr_par' dir='ltr' id='par_1_48' title="bbox 124 2948 1716 3021">
     <span class='ocr_line' id='line_1_48' title="bbox 124 2948 1716 3021; baseline 0.008 -28"><span class='ocrx_word' id='word_1_352' title='bbox 124 2954 201 2997; x_wconf 86' lang='lat' dir='ltr'><strong>non</strong></span> <span class='ocrx_word' id='word_1_353' title='bbox 223 2948 569 3003; x_wconf 72' lang='lat' dir='ltr'><strong>exstantibus</strong></span> <span class='ocrx_word' id='word_1_354' title='bbox 608 2948 820 3017; x_wconf 88' lang='lat' dir='ltr'><strong>omnia,</strong></span> <span class='ocrx_word' id='word_1_355' title='bbox 870 2954 933 3003; x_wconf 91' lang='lat' dir='ltr'><strong>ut</strong></span> <span class='ocrx_word' id='word_1_356' title='bbox 959 2953 1166 3017; x_wconf 81' lang='lat' dir='ltr'><strong>essent,</strong></span> <span class='ocrx_word' id='word_1_357' title='bbox 1211 2949 1504 3019; x_wconf 85' lang='lat' dir='ltr'><strong>produxit,</strong></span> <span class='ocrx_word' id='word_1_358' title='bbox 1558 2948 1716 3021; x_wconf 88' lang='lat' dir='ltr'><strong>quot-</strong></span> 
     </span>
    </p>
   </div>
   <div class='ocr_carea' id='block_1_49' title="bbox 1826 1804 3483 1879">
    <p class='ocr_par' dir='ltr' id='par_1_49' title="bbox 1826 1804 3483 1879">
     <span class='ocr_line' id='line_1_49' title="bbox 1826 1804 3483 1879; baseline 0.002 -21"><span class='ocrx_word' id='word_1_359' title='bbox 1826 1807 2034 1859; x_wconf 72' lang='lat' dir='ltr'><strong>sancta:</strong></span> <span class='ocrx_word' id='word_1_360' title='bbox 2051 1804 2149 1860; x_wconf 92' lang='lat' dir='ltr'><strong>Dei</strong></span> <span class='ocrx_word' id='word_1_361' title='bbox 2168 1805 2471 1876; x_wconf 87' lang='lat' dir='ltr'><strong>genitricis</strong></span> <span class='ocrx_word' id='word_1_362' title='bbox 2485 1806 2651 1875; x_wconf 82' lang='lat' dir='ltr'><strong>juxta</strong></span> <span class='ocrx_word' id='word_1_363' title='bbox 2672 1806 2930 1862; x_wconf 91' lang='lat' dir='ltr'><strong>eumdem</strong></span> <span class='ocrx_word' id='word_1_364' title='bbox 2960 1806 3187 1862; x_wconf 89' lang='lat' dir='ltr'><strong>modum</strong></span> <span class='ocrx_word' id='word_1_365' title='bbox 3216 1806 3483 1879; x_wconf 84' lang='lat' dir='ltr'><strong>depingi-</strong></span> 
     </span>
    </p>
   </div>
   <div class='ocr_carea' id='block_1_50' title="bbox 1828 1892 3479 1964">
    <p class='ocr_par' dir='ltr' id='par_1_50' title="bbox 1828 1892 3479 1964">
     <span class='ocr_line' id='line_1_50' title="bbox 1828 1892 3479 1964; baseline 0.002 -19"><span class='ocrx_word' id='word_1_366' title='bbox 1828 1905 1954 1946; x_wconf 90' lang='lat' dir='ltr'><strong>mus</strong></span> <span class='ocrx_word' id='word_1_367' title='bbox 1987 1892 2458 1963; x_wconf 91' lang='lat' dir='ltr'><strong>similitudinem,</strong></span> <span class='ocrx_word' id='word_1_368' title='bbox 2501 1894 2881 1964; x_wconf 90' lang='lat' dir='ltr'><strong>ostendentes,</strong></span> <span class='ocrx_word' id='word_1_369' title='bbox 2923 1894 3061 1963; x_wconf 82' lang='lat' dir='ltr'><strong>quia</strong></span> <span class='ocrx_word' id='word_1_370' title='bbox 3098 1907 3230 1950; x_wconf 90' lang='lat' dir='ltr'><strong>cum</strong></span> <span class='ocrx_word' id='word_1_371' title='bbox 3269 1893 3479 1949; x_wconf 89' lang='lat' dir='ltr'><strong>mulier</strong></span> 
     </span>
    </p>
   </div>
   <div class='ocr_carea' id='block_1_51' title="bbox 1825 1979 3479 2049">
    <p class='ocr_par' dir='ltr' id='par_1_51' title="bbox 1825 1979 3479 2049">
     <span class='ocr_line' id='line_1_51' title="bbox 1825 1979 3479 2049; baseline 0.002 -15"><span class='ocrx_word' id='word_1_372' title='bbox 1825 1984 1973 2034; x_wconf 88' lang='lat' dir='ltr'><strong>esset</strong></span> <span class='ocrx_word' id='word_1_373' title='bbox 2002 1983 2225 2049; x_wconf 89' lang='lat' dir='ltr'><strong>natura,</strong></span> <span class='ocrx_word' id='word_1_374' title='bbox 2258 1987 2311 2036; x_wconf 91' lang='lat' dir='ltr'><strong>et</strong></span> <span class='ocrx_word' id='word_1_375' title='bbox 2342 1988 2611 2037; x_wconf 85' lang='lat' dir='ltr'><strong>extranea</strong></span> <span class='ocrx_word' id='word_1_376' title='bbox 2642 1994 2841 2037; x_wconf 71' lang='lat' dir='ltr'><strong>massa:</strong></span> <span class='ocrx_word' id='word_1_377' title='bbox 2870 1987 3079 2038; x_wconf 64' lang='lat' dir='ltr'><strong>nostra:</strong></span> <span class='ocrx_word' id='word_1_378' title='bbox 3111 1981 3351 2037; x_wconf 91' lang='lat' dir='ltr'><strong>minime</strong></span> <span class='ocrx_word' id='word_1_379' title='bbox 3384 1979 3479 2037; x_wconf 89' lang='lat' dir='ltr'><strong>fa—</strong></span> 
     </span>
    </p>
   </div>
   <div class='ocr_carea' id='block_1_52' title="bbox 1825 2068 3478 2140">
    <p class='ocr_par' dir='ltr' id='par_1_52' title="bbox 1825 2068 3478 2140">
     <span class='ocr_line' id='line_1_52' title="bbox 1825 2068 3478 2140; baseline 0.004 -19"><span class='ocrx_word' id='word_1_380' title='bbox 1825 2070 1934 2136; x_wconf 89' lang='lat' dir='ltr'><strong>cta,</strong></span> <span class='ocrx_word' id='word_1_381' title='bbox 1960 2069 2137 2124; x_wconf 91' lang='lat' dir='ltr'><strong>Deum</strong></span> <span class='ocrx_word' id='word_1_382' title='bbox 2178 2068 2532 2124; x_wconf 90' lang='lat' dir='ltr'><strong>invisibilem</strong></span> <span class='ocrx_word' id='word_1_383' title='bbox 2559 2074 2614 2123; x_wconf 92' lang='lat' dir='ltr'><strong>et</strong></span> <span class='ocrx_word' id='word_1_384' title='bbox 2637 2075 2844 2124; x_wconf 89' lang='lat' dir='ltr'><strong>cuncta</strong></span> <span class='ocrx_word' id='word_1_385' title='bbox 2881 2070 3263 2126; x_wconf 89' lang='lat' dir='ltr'><strong>moderantem</strong></span> <span class='ocrx_word' id='word_1_386' title='bbox 3302 2084 3478 2140; x_wconf 77' lang='lat' dir='ltr'><strong>super</strong></span> 
     </span>
    </p>
   </div>
   <div class='ocr_carea' id='block_1_53' title="bbox 1824 2156 3476 2229">
    <p class='ocr_par' dir='ltr' id='par_1_53' title="bbox 1824 2156 3476 2229">
     <span class='ocr_line' id='line_1_53' title="bbox 1824 2156 3476 2229; baseline 0.002 -19"><span class='ocrx_word' id='word_1_387' title='bbox 1824 2167 2044 2210; x_wconf 92' lang='lat' dir='ltr'><strong>omnem</strong></span> <span class='ocrx_word' id='word_1_388' title='bbox 2089 2169 2318 2213; x_wconf 90' lang='lat' dir='ltr'><strong>sensum</strong></span> <span class='ocrx_word' id='word_1_389' title='bbox 2357 2161 2415 2211; x_wconf 91' lang='lat' dir='ltr'><strong>et</strong></span> <span class='ocrx_word' id='word_1_390' title='bbox 2457 2156 2752 2212; x_wconf 88' lang='lat' dir='ltr'><strong>hominum</strong></span> <span class='ocrx_word' id='word_1_391' title='bbox 2793 2162 2850 2212; x_wconf 92' lang='lat' dir='ltr'><strong>et</strong></span> <span class='ocrx_word' id='word_1_392' title='bbox 2886 2156 3221 2229; x_wconf 87' lang='lat' dir='ltr'><strong>angelorum</strong></span> <span class='ocrx_word' id='word_1_393' title='bbox 3270 2157 3330 2212; x_wconf 90' lang='lat' dir='ltr'><strong>in</strong></span> <span class='ocrx_word' id='word_1_394' title='bbox 3370 2171 3476 2213; x_wconf 90' lang='lat' dir='ltr'><strong>suo</strong></span> 
     </span>
    </p>
   </div>
   <div class='ocr_carea' id='block_1_54' title="bbox 1824 2244 3474 2315">
    <p class='ocr_par' dir='ltr' id='par_1_54' title="bbox 1824 2244 3474 2315">
     <span class='ocr_line' id='line_1_54' title="bbox 1824 2244 3474 2315; baseline 0.001 -17"><span class='ocrx_word' id='word_1_395' title='bbox 1824 2244 2086 2313; x_wconf 89' lang='lat' dir='ltr'><strong>concepit</strong></span> <span class='ocrx_word' id='word_1_396' title='bbox 2116 2248 2298 2313; x_wconf 89' lang='lat' dir='ltr'><strong>utero,</strong></span> <span class='ocrx_word' id='word_1_397' title='bbox 2322 2249 2378 2300; x_wconf 90' lang='lat' dir='ltr'><strong>et</strong></span> <span class='ocrx_word' id='word_1_398' title='bbox 2401 2258 2469 2300; x_wconf 86' lang='lat' dir='ltr'><strong>ex</strong></span> <span class='ocrx_word' id='word_1_399' title='bbox 2494 2258 2554 2300; x_wconf 92' lang='lat' dir='ltr'><strong>se</strong></span> <span class='ocrx_word' id='word_1_400' title='bbox 2586 2245 2943 2300; x_wconf 90' lang='lat' dir='ltr'><strong>incarnatum</strong></span> <span class='ocrx_word' id='word_1_401' title='bbox 2977 2245 3216 2315; x_wconf 90' lang='lat' dir='ltr'><strong>peperit.</strong></span> <span class='ocrx_word' id='word_1_402' title='bbox 3249 2245 3474 2301; x_wconf 91' lang='lat' dir='ltr'><strong>Etenim</strong></span> 
     </span>
    </p>
   </div>
   <div class='ocr_carea' id='block_1_55' title="bbox 1827 2332 3476 2400">
    <p class='ocr_par' dir='ltr' id='par_1_55' title="bbox 1827 2332 3476 2400">
     <span class='ocr_line' id='line_1_55' title="bbox 1827 2332 3476 2400; baseline 0.003 -16"><span class='ocrx_word' id='word_1_403' title='bbox 1827 2335 1892 2385; x_wconf 91' lang='lat' dir='ltr'><strong>ut</strong></span> <span class='ocrx_word' id='word_1_404' title='bbox 1929 2332 2156 2400; x_wconf 91' lang='lat' dir='ltr'><strong>proprie</strong></span> <span class='ocrx_word' id='word_1_405' title='bbox 2198 2345 2263 2387; x_wconf 93' lang='lat' dir='ltr'><strong>ac</strong></span> <span class='ocrx_word' id='word_1_406' title='bbox 2315 2332 2592 2387; x_wconf 90' lang='lat' dir='ltr'><strong>veraciter</strong></span> <span class='ocrx_word' id='word_1_407' title='bbox 2632 2338 2865 2387; x_wconf 89' lang='lat' dir='ltr'><strong>matrem</strong></span> <span class='ocrx_word' id='word_1_408' title='bbox 2913 2333 3013 2387; x_wconf 92' lang='lat' dir='ltr'><strong>Dei</strong></span> <span class='ocrx_word' id='word_1_409' title='bbox 3064 2333 3182 2387; x_wconf 89' lang='lat' dir='ltr'><strong>veri</strong></span> <span class='ocrx_word' id='word_1_410' title='bbox 3226 2332 3476 2389; x_wconf 90' lang='lat' dir='ltr'><strong>colimus</strong></span> 
     </span>
    </p>
   </div>
   <div class='ocr_carea' id='block_1_56' title="bbox 1823 2420 3473 2491">
    <p class='ocr_par' dir='ltr' id='par_1_56' title="bbox 1823 2420 3473 2491">
     <span class='ocr_line' id='line_1_56' title="bbox 1823 2420 3473 2491; baseline 0.001 -18"><span class='ocrx_word' id='word_1_411' title='bbox 1823 2432 1966 2491; x_wconf 92' lang='lat' dir='ltr'><strong>eam,</strong></span> <span class='ocrx_word' id='word_1_412' title='bbox 1995 2424 2052 2474; x_wconf 93' lang='lat' dir='ltr'><strong>et</strong></span> <span class='ocrx_word' id='word_1_413' title='bbox 2081 2420 2538 2491; x_wconf 87' lang='lat' dir='ltr'><strong>magniﬁcamus,</strong></span> <span class='ocrx_word' id='word_1_414' title='bbox 2569 2425 2627 2475; x_wconf 91' lang='lat' dir='ltr'><strong>et</strong></span> <span class='ocrx_word' id='word_1_415' title='bbox 2656 2421 2810 2476; x_wconf 91' lang='lat' dir='ltr'><strong>omni</strong></span> <span class='ocrx_word' id='word_1_416' title='bbox 2840 2420 3063 2475; x_wconf 90' lang='lat' dir='ltr'><strong>visibili</strong></span> <span class='ocrx_word' id='word_1_417' title='bbox 3089 2434 3155 2475; x_wconf 91' lang='lat' dir='ltr'><strong>ac</strong></span> <span class='ocrx_word' id='word_1_418' title='bbox 3186 2420 3473 2476; x_wconf 90' lang='lat' dir='ltr'><strong>invisibili</strong></span> 
     </span>
    </p>
   </div>
   <div class='ocr_carea' id='block_1_57' title="bbox 1823 2508 3476 2578">
    <p class='ocr_par' dir='ltr' id='par_1_57' title="bbox 1823 2508 3476 2578">
     <span class='ocr_line' id='line_1_57' title="bbox 1823 2508 3476 2578; baseline 0.001 -16"><span class='ocrx_word' id='word_1_419' title='bbox 1823 2512 2083 2563; x_wconf 90' lang='lat' dir='ltr'><strong>creatura</strong></span> <span class='ocrx_word' id='word_1_420' title='bbox 2117 2508 2470 2577; x_wconf 89' lang='lat' dir='ltr'><strong>superiorem</strong></span> <span class='ocrx_word' id='word_1_421' title='bbox 2500 2508 2869 2564; x_wconf 90' lang='lat' dir='ltr'><strong>arbitramur.</strong></span> <span class='ocrx_word' id='word_1_422' title='bbox 2901 2510 2968 2562; x_wconf 92' lang='lat' dir='ltr'><strong>Et</strong></span> <span class='ocrx_word' id='word_1_423' title='bbox 2992 2512 3221 2564; x_wconf 90' lang='lat' dir='ltr'><strong>sanctos</strong></span> <span class='ocrx_word' id='word_1_424' title='bbox 3246 2521 3476 2578; x_wconf 91' lang='lat' dir='ltr'><strong>quoque</strong></span> 
     </span>
    </p>
   </div>
   <div class='ocr_carea' id='block_1_58' title="bbox 1824 2596 3476 2667">
    <p class='ocr_par' dir='ltr' id='par_1_58' title="bbox 1824 2596 3476 2667">
     <span class='ocr_line' id='line_1_58' title="bbox 1824 2596 3476 2667; baseline 0.001 -17"><span class='ocrx_word' id='word_1_425' title='bbox 1824 2600 2099 2666; x_wconf 89' lang='lat' dir='ltr'><strong>martyres</strong></span> <span class='ocrx_word' id='word_1_426' title='bbox 2130 2596 2370 2665; x_wconf 90' lang='lat' dir='ltr'><strong>Christi,</strong></span> <span class='ocrx_word' id='word_1_427' title='bbox 2402 2596 2690 2666; x_wconf 90' lang='lat' dir='ltr'><strong>apostolos</strong></span> <span class='ocrx_word' id='word_1_428' title='bbox 2713 2600 2771 2651; x_wconf 88' lang='lat' dir='ltr'><strong>et</strong></span> <span class='ocrx_word' id='word_1_429' title='bbox 2799 2596 3124 2667; x_wconf 89' lang='lat' dir='ltr'><strong>prophetas,</strong></span> <span class='ocrx_word' id='word_1_430' title='bbox 3171 2609 3476 2652; x_wconf 90' lang='lat' dir='ltr'><strong>conservos</strong></span> 
     </span>
    </p>
   </div>
   <div class='ocr_carea' id='block_1_59' title="bbox 1826 2682 3478 2755">
    <p class='ocr_par' dir='ltr' id='par_1_59' title="bbox 1826 2682 3478 2755">
     <span class='ocr_line' id='line_1_59' title="bbox 1826 2682 3478 2755; baseline 0 -15"><span class='ocrx_word' id='word_1_431' title='bbox 1826 2684 2056 2755; x_wconf 90' lang='lat' dir='ltr'><strong>quidem</strong></span> <span class='ocrx_word' id='word_1_432' title='bbox 2110 2690 2337 2740; x_wconf 90' lang='lat' dir='ltr'><strong>nostros</strong></span> <span class='ocrx_word' id='word_1_433' title='bbox 2387 2689 2443 2739; x_wconf 91' lang='lat' dir='ltr'><strong>et</strong></span> <span class='ocrx_word' id='word_1_434' title='bbox 2493 2698 2657 2739; x_wconf 91' lang='lat' dir='ltr'><strong>veros</strong></span> <span class='ocrx_word' id='word_1_435' title='bbox 2699 2683 2945 2739; x_wconf 85' lang='lat' dir='ltr'><strong>famulos</strong></span> <span class='ocrx_word' id='word_1_436' title='bbox 2983 2684 3083 2739; x_wconf 91' lang='lat' dir='ltr'><strong>Dei</strong></span> <span class='ocrx_word' id='word_1_437' title='bbox 3135 2682 3335 2755; x_wconf 89' lang='lat' dir='ltr'><strong>factos,</strong></span> <span class='ocrx_word' id='word_1_438' title='bbox 3387 2697 3478 2740; x_wconf 87' lang='lat' dir='ltr'><strong>ac-</strong></span> 
     </span>
    </p>
   </div>
   <div class='ocr_carea' id='block_1_60' title="bbox 1824 2771 3475 2843">
    <p class='ocr_par' dir='ltr' id='par_1_60' title="bbox 1824 2771 3475 2843">
     <span class='ocr_line' id='line_1_60' title="bbox 1824 2771 3475 2843; baseline 0 -17"><span class='ocrx_word' id='word_1_439' title='bbox 1824 2772 2094 2843; x_wconf 91' lang='lat' dir='ltr'><strong>tibusque</strong></span> <span class='ocrx_word' id='word_1_440' title='bbox 2151 2771 2319 2828; x_wconf 91' lang='lat' dir='ltr'><strong>bonis</strong></span> <span class='ocrx_word' id='word_1_441' title='bbox 2360 2777 2417 2827; x_wconf 92' lang='lat' dir='ltr'><strong>et</strong></span> <span class='ocrx_word' id='word_1_442' title='bbox 2465 2772 2869 2842; x_wconf 75' lang='lat' dir='ltr'><strong>prmdicatione</strong></span> <span class='ocrx_word' id='word_1_443' title='bbox 2922 2771 3202 2841; x_wconf 87' lang='lat' dir='ltr'><strong>veritatis,</strong></span> <span class='ocrx_word' id='word_1_444' title='bbox 3257 2776 3315 2827; x_wconf 92' lang='lat' dir='ltr'><strong>et</strong></span> <span class='ocrx_word' id='word_1_445' title='bbox 3364 2786 3475 2842; x_wconf 92' lang='lat' dir='ltr'><strong>pa-</strong></span> 
     </span>
    </p>
   </div>
   <div class='ocr_carea' id='block_1_61' title="bbox 1824 2860 3476 2930">
    <p class='ocr_par' dir='ltr' id='par_1_61' title="bbox 1824 2860 3476 2930">
     <span class='ocr_line' id='line_1_61' title="bbox 1824 2860 3476 2930; baseline 0.001 -16"><span class='ocrx_word' id='word_1_446' title='bbox 1824 2860 2027 2915; x_wconf 90' lang='lat' dir='ltr'><strong>tientia</strong></span> <span class='ocrx_word' id='word_1_447' title='bbox 2079 2860 2141 2915; x_wconf 91' lang='lat' dir='ltr'><strong>in</strong></span> <span class='ocrx_word' id='word_1_448' title='bbox 2194 2860 2581 2930; x_wconf 89' lang='lat' dir='ltr'><strong>passionibus,</strong></span> <span class='ocrx_word' id='word_1_449' title='bbox 2643 2873 2785 2930; x_wconf 89' lang='lat' dir='ltr'><strong>quas</strong></span> <span class='ocrx_word' id='word_1_450' title='bbox 2834 2874 2937 2930; x_wconf 91' lang='lat' dir='ltr'><strong>pro</strong></span> <span class='ocrx_word' id='word_1_451' title='bbox 2992 2860 3116 2930; x_wconf 90' lang='lat' dir='ltr'><strong>ipso</strong></span> <span class='ocrx_word' id='word_1_452' title='bbox 3166 2861 3279 2915; x_wconf 92' lang='lat' dir='ltr'><strong>Deo</strong></span> <span class='ocrx_word' id='word_1_453' title='bbox 3340 2874 3476 2930; x_wconf 89' lang='lat' dir='ltr'><strong>per-</strong></span> 
     </span>
    </p>
   </div>
   <div class='ocr_carea' id='block_1_62' title="bbox 1822 2947 3475 3018">
    <p class='ocr_par' dir='ltr' id='par_1_62' title="bbox 1822 2947 3475 3018">
     <span class='ocr_line' id='line_1_62' title="bbox 1822 2947 3475 3018; baseline 0.001 -16"><span class='ocrx_word' id='word_1_454' title='bbox 1822 2948 2101 3015; x_wconf 88' lang='lat' dir='ltr'><strong>tulerunt,</strong></span> <span class='ocrx_word' id='word_1_455' title='bbox 2142 2947 2408 3017; x_wconf 90' lang='lat' dir='ltr'><strong>probatos</strong></span> <span class='ocrx_word' id='word_1_456' title='bbox 2436 2954 2492 3004; x_wconf 90' lang='lat' dir='ltr'><strong>et</strong></span> <span class='ocrx_word' id='word_1_457' title='bbox 2518 2948 2735 3004; x_wconf 89' lang='lat' dir='ltr'><strong>amicos</strong></span> <span class='ocrx_word' id='word_1_458' title='bbox 2776 2948 2875 3003; x_wconf 93' lang='lat' dir='ltr'><strong>Dei</strong></span> <span class='ocrx_word' id='word_1_459' title='bbox 2907 2954 3186 3018; x_wconf 90' lang='lat' dir='ltr'><strong>ostensos,</strong></span> <span class='ocrx_word' id='word_1_460' title='bbox 3230 2952 3288 3002; x_wconf 91' lang='lat' dir='ltr'><strong>et</strong></span> <span class='ocrx_word' id='word_1_461' title='bbox 3316 2948 3475 3004; x_wconf 82' lang='lat' dir='ltr'><strong>mni-</strong></span> 
     </span>
    </p>
   </div>
   <div class='ocr_carea' id='block_1_63' title="bbox 124 3027 3475 3106">
    <p class='ocr_par' dir='ltr' id='par_1_63' title="bbox 124 3027 3475 3106">
     <span class='ocr_line' id='line_1_63' title="bbox 124 3027 3475 3106; baseline 0.003 -24"><span class='ocrx_word' id='word_1_462' title='bbox 124 3043 174 3096; x_wconf 84' lang='lat' dir='ltr'><strong>qu</strong></span> <span class='ocrx_word' id='word_1_463' title='bbox 203 3034 487 3091; x_wconf 89' lang='lat' dir='ltr'><strong>tvisibilia</strong></span> <span class='ocrx_word' id='word_1_464' title='bbox 545 3034 869 3090; x_wconf 89' lang='lat' dir='ltr'><strong>invisibilia</strong></span> <span class='ocrx_word' id='word_1_465' title='bbox 908 3040 1077 3106; x_wconf 84' lang='lat' dir='ltr'><strong>sunt;</strong></span> <span class='ocrx_word' id='word_1_466' title='bbox 1122 3037 1177 3091; x_wconf 90' lang='lat' dir='ltr'><strong>id</strong></span> <span class='ocrx_word' id='word_1_467' title='bbox 1204 3042 1308 3104; x_wconf 90' lang='lat' dir='ltr'><strong>est,</strong></span> <span class='ocrx_word' id='word_1_468' title='bbox 1346 3038 1507 3092; x_wconf 89' lang='lat' dir='ltr'><strong>Pater</strong></span> <span class='ocrx_word' id='word_1_469' title='bbox 1528 3043 1584 3092; x_wconf 91' lang='lat' dir='ltr'><strong>et</strong></span> <span class='ocrx_word' id='word_1_470' title='bbox 1613 3038 1717 3093; x_wconf 82' lang='lat' dir='ltr'><strong>Fi—</strong></span> <span class='ocrx_word' id='word_1_471' title='bbox 1741 3027 1789 3087; x_wconf 86' lang='lat' dir='ltr'><strong>C</strong></span> <span class='ocrx_word' id='word_1_472' title='bbox 1824 3040 1936 3090; x_wconf 91' lang='lat' dir='ltr'><strong>tam</strong></span> <span class='ocrx_word' id='word_1_473' title='bbox 1982 3036 2251 3092; x_wconf 86' lang='lat' dir='ltr'><strong>ﬁduciam</strong></span> <span class='ocrx_word' id='word_1_474' title='bbox 2292 3037 2441 3105; x_wconf 90' lang='lat' dir='ltr'><strong>apud</strong></span> <span class='ocrx_word' id='word_1_475' title='bbox 2482 3050 2613 3092; x_wconf 90' lang='lat' dir='ltr'><strong>eum</strong></span> <span class='ocrx_word' id='word_1_476' title='bbox 2651 3040 2990 3092; x_wconf 88' lang='lat' dir='ltr'><strong>consecutos</strong></span> <span class='ocrx_word' id='word_1_477' title='bbox 3033 3036 3389 3092; x_wconf 85' lang='lat' dir='ltr'><strong>admiramur</strong></span> <span class='ocrx_word' id='word_1_478' title='bbox 3418 3040 3475 3091; x_wconf 90' lang='lat' dir='ltr'><strong>et</strong></span> 
     </span>
    </p>
   </div>
   <div class='ocr_carea' id='block_1_64' title="bbox 123 3115 1716 3192">
    <p class='ocr_par' dir='ltr' id='par_1_64' title="bbox 123 3115 1716 3192">
     <span class='ocr_line' id='line_1_64' title="bbox 123 3115 1716 3192; baseline 0.008 -23"><span class='ocrx_word' id='word_1_479' title='bbox 123 3115 203 3173; x_wconf 89' lang='lat' dir='ltr'><strong>lius</strong></span> <span class='ocrx_word' id='word_1_480' title='bbox 217 3126 263 3175; x_wconf 88' lang='lat' dir='ltr'><strong>et</strong></span> <span class='ocrx_word' id='word_1_481' title='bbox 285 3123 540 3192; x_wconf 89' lang='lat' dir='ltr'><strong>Spiritus</strong></span> <span class='ocrx_word' id='word_1_482' title='bbox 570 3128 822 3192; x_wconf 87' lang='lat' dir='ltr'><strong>sanctus,</strong></span> <span class='ocrx_word' id='word_1_483' title='bbox 852 3130 1049 3180; x_wconf 87' lang='lat' dir='ltr'><strong>sancta</strong></span> <span class='ocrx_word' id='word_1_484' title='bbox 1073 3125 1297 3180; x_wconf 89' lang='lat' dir='ltr'><strong>scilicet</strong></span> <span class='ocrx_word' id='word_1_485' title='bbox 1329 3125 1716 3181; x_wconf 89' lang='lat' dir='ltr'><strong>consubstan—</strong></span> 
     </span>
    </p>
   </div>
   <div class='ocr_carea' id='block_1_65' title="bbox 124 3206 1712 3286">
    <p class='ocr_par' dir='ltr' id='par_1_65' title="bbox 124 3206 1712 3286">
     <span class='ocr_line' id='line_1_65' title="bbox 124 3206 1712 3286; baseline 0.009 -30"><span class='ocrx_word' id='word_1_486' title='bbox 124 3206 237 3263; x_wconf 82' lang='lat' dir='ltr'><strong>tialis</strong></span> <span class='ocrx_word' id='word_1_487' title='bbox 255 3217 302 3265; x_wconf 93' lang='lat' dir='ltr'><strong>et</strong></span> <span class='ocrx_word' id='word_1_488' title='bbox 326 3212 557 3268; x_wconf 87' lang='lat' dir='ltr'><strong>viviﬁca</strong></span> <span class='ocrx_word' id='word_1_489' title='bbox 594 3212 864 3268; x_wconf 90' lang='lat' dir='ltr'><strong>Trinitas.</strong></span> <span class='ocrx_word' id='word_1_490' title='bbox 894 3215 954 3267; x_wconf 90' lang='lat' dir='ltr'><em>In</em></span> <span class='ocrx_word' id='word_1_491' title='bbox 995 3227 1164 3283; x_wconf 91' lang='lat' dir='ltr'><strong>quam</strong></span> <span class='ocrx_word' id='word_1_492' title='bbox 1200 3213 1372 3269; x_wconf 90' lang='lat' dir='ltr'><strong>etiam</strong></span> <span class='ocrx_word' id='word_1_493' title='bbox 1400 3215 1712 3286; x_wconf 90' lang='lat' dir='ltr'><strong>credentes,</strong></span> 
     </span>
    </p>
   </div>
   <div class='ocr_carea' id='block_1_66' title="bbox 119 3300 1719 3371">
    <p class='ocr_par' dir='ltr' id='par_1_66' title="bbox 119 3300 1719 3371">
     <span class='ocr_line' id='line_1_66' title="bbox 119 3300 1719 3371; baseline 0.008 -24"><span class='ocrx_word' id='word_1_494' title='bbox 119 3300 155 3348; x_wconf 77' lang='lat' dir='ltr'><strong>et</strong></span> <span class='ocrx_word' id='word_1_495' title='bbox 169 3312 304 3366; x_wconf 88' lang='lat' dir='ltr'><strong>quam</strong></span> <span class='ocrx_word' id='word_1_496' title='bbox 332 3302 695 3360; x_wconf 83' lang='lat' dir='ltr'><strong>conﬁtentes.</strong></span> <span class='ocrx_word' id='word_1_497' title='bbox 722 3300 995 3371; x_wconf 84' lang='lat' dir='ltr'><strong>baptizati</strong></span> <span class='ocrx_word' id='word_1_498' title='bbox 1029 3315 1229 3358; x_wconf 90' lang='lat' dir='ltr'><strong>sumus</strong></span> <span class='ocrx_word' id='word_1_499' title='bbox 1267 3303 1325 3359; x_wconf 90' lang='lat' dir='ltr'><strong>in</strong></span> <span class='ocrx_word' id='word_1_500' title='bbox 1369 3303 1598 3359; x_wconf 91' lang='lat' dir='ltr'><strong>nomine</strong></span> <span class='ocrx_word' id='word_1_501' title='bbox 1623 3305 1719 3359; x_wconf 90' lang='lat' dir='ltr'><strong>Pa-</strong></span> 
     </span>
    </p>
   </div>
   <div class='ocr_carea' id='block_1_67' title="bbox 120 3384 1719 3464">
    <p class='ocr_par' dir='ltr' id='par_1_67' title="bbox 120 3384 1719 3464">
     <span class='ocr_line' id='line_1_67' title="bbox 120 3384 1719 3464; baseline 0.007 -27"><span class='ocrx_word' id='word_1_502' title='bbox 120 3384 196 3440; x_wconf 85' lang='lat' dir='ltr'><strong>tris</strong></span> <span class='ocrx_word' id='word_1_503' title='bbox 213 3387 397 3445; x_wconf 85' lang='lat' dir='ltr'><strong>etFilii</strong></span> <span class='ocrx_word' id='word_1_504' title='bbox 422 3395 479 3446; x_wconf 91' lang='lat' dir='ltr'><strong>et</strong></span> <span class='ocrx_word' id='word_1_505' title='bbox 500 3390 764 3459; x_wconf 86' lang='lat' dir='ltr'><strong>Spiritus</strong></span> <span class='ocrx_word' id='word_1_506' title='bbox 785 3391 965 3446; x_wconf 89' lang='lat' dir='ltr'><strong>sancti</strong></span> <span class='ocrx_word' id='word_1_507' title='bbox 994 3389 1215 3462; x_wconf 78' lang='lat' dir='ltr'><strong>(Matth.</strong></span> <span class='ocrx_word' id='word_1_508' title='bbox 1247 3406 1427 3447; x_wconf 83' lang='lat' dir='ltr'><strong>xxvm</strong></span> <span class='ocrx_word' id='word_1_509' title='bbox 1449 3392 1485 3464; x_wconf 91' lang='lat'><strong>),</strong></span> <span class='ocrx_word' id='word_1_510' title='bbox 1513 3406 1719 3462; x_wconf 88' lang='lat' dir='ltr'><strong>quem-</strong></span> 
     </span>
    </p>
   </div>
   <div class='ocr_carea' id='block_1_68' title="bbox 119 3473 1719 3551">
    <p class='ocr_par' dir='ltr' id='par_1_68' title="bbox 119 3473 1719 3551">
     <span class='ocr_line' id='line_1_68' title="bbox 119 3473 1719 3551; baseline 0.008 -26"><span class='ocrx_word' id='word_1_511' title='bbox 119 3473 363 3533; x_wconf 87' lang='lat' dir='ltr'><strong>admodum</strong></span> <span class='ocrx_word' id='word_1_512' title='bbox 393 3479 649 3535; x_wconf 88' lang='lat' dir='ltr'><strong>tradidit</strong></span> <span class='ocrx_word' id='word_1_513' title='bbox 685 3479 805 3547; x_wconf 90' lang='lat' dir='ltr'><strong>ipse</strong></span> <span class='ocrx_word' id='word_1_514' title='bbox 848 3480 1000 3535; x_wconf 91' lang='lat' dir='ltr'><strong>Deus</strong></span> <span class='ocrx_word' id='word_1_515' title='bbox 1030 3480 1296 3551; x_wconf 80' lang='lat' dir='ltr'><strong>Verbum,</strong></span> <span class='ocrx_word' id='word_1_516' title='bbox 1327 3481 1426 3551; x_wconf 91' lang='lat' dir='ltr'><strong>qui</strong></span> <span class='ocrx_word' id='word_1_517' title='bbox 1462 3480 1719 3538; x_wconf 88' lang='lat' dir='ltr'><strong>incarna-</strong></span> 
     </span>
    </p>
   </div>
   <div class='ocr_carea' id='block_1_69' title="bbox 117 3564 1713 3640">
    <p class='ocr_par' dir='ltr' id='par_1_69' title="bbox 117 3564 1713 3640">
     <span class='ocr_line' id='line_1_69' title="bbox 117 3564 1713 3640; baseline 0.008 -27"><span class='ocrx_word' id='word_1_518' title='bbox 117 3564 182 3616; x_wconf 86' lang='lat' dir='ltr'><strong>tus</strong></span> <span class='ocrx_word' id='word_1_519' title='bbox 200 3571 285 3631; x_wconf 86' lang='lat' dir='ltr'><strong>est,</strong></span> <span class='ocrx_word' id='word_1_520' title='bbox 303 3568 499 3623; x_wconf 91' lang='lat' dir='ltr'><strong>Domin</strong></span> <span class='ocrx_word' id='word_1_521' title='bbox 512 3583 585 3623; x_wconf 88' lang='lat' dir='ltr'><strong>us</strong></span> <span class='ocrx_word' id='word_1_522' title='bbox 603 3567 870 3623; x_wconf 89' lang='lat' dir='ltr'><strong>videlicet</strong></span> <span class='ocrx_word' id='word_1_523' title='bbox 912 3574 1103 3623; x_wconf 91' lang='lat' dir='ltr'><strong>noster</strong></span> <span class='ocrx_word' id='word_1_524' title='bbox 1121 3570 1282 3625; x_wconf 87' lang='lat' dir='ltr'><strong>Jesus</strong></span> <span class='ocrx_word' id='word_1_525' title='bbox 1300 3569 1585 3637; x_wconf 91' lang='lat' dir='ltr'><strong>Christus,</strong></span> <span class='ocrx_word' id='word_1_526' title='bbox 1614 3570 1713 3640; x_wconf 92' lang='lat' dir='ltr'><strong>qui</strong></span> 
     </span>
    </p>
   </div>
   <div class='ocr_carea' id='block_1_70' title="bbox 116 3657 1719 3727">
    <p class='ocr_par' dir='ltr' id='par_1_70' title="bbox 116 3657 1719 3727">
     <span class='ocr_line' id='line_1_70' title="bbox 116 3657 1719 3727; baseline 0.007 -24"><span class='ocrx_word' id='word_1_527' title='bbox 116 3664 223 3707; x_wconf 90' lang='lat' dir='ltr'><strong>unus</strong></span> <span class='ocrx_word' id='word_1_528' title='bbox 241 3660 316 3710; x_wconf 88' lang='lat' dir='ltr'><strong>est</strong></span> <span class='ocrx_word' id='word_1_529' title='bbox 354 3657 618 3726; x_wconf 89' lang='lat' dir='ltr'><strong>ejusdem</strong></span> <span class='ocrx_word' id='word_1_530' title='bbox 661 3662 869 3711; x_wconf 69' lang='lat' dir='ltr'><strong>sanctm</strong></span> <span class='ocrx_word' id='word_1_531' title='bbox 902 3660 965 3711; x_wconf 91' lang='lat' dir='ltr'><strong>et</strong></span> <span class='ocrx_word' id='word_1_532' title='bbox 988 3657 1592 3727; x_wconf 89' lang='lat' dir='ltr'><strong>incomprehensibilis</strong></span> <span class='ocrx_word' id='word_1_533' title='bbox 1616 3659 1719 3714; x_wconf 89' lang='lat' dir='ltr'><strong>di—</strong></span> 
     </span>
    </p>
   </div>
   <div class='ocr_carea' id='block_1_71' title="bbox 113 3738 1716 3820">
    <p class='ocr_par' dir='ltr' id='par_1_71' title="bbox 113 3738 1716 3820">
     <span class='ocr_line' id='line_1_71' title="bbox 113 3738 1716 3820; baseline 0.008 -32"><span class='ocrx_word' id='word_1_534' title='bbox 113 3738 219 3794; x_wconf 73' lang='lat' dir='ltr'><strong>vinae</strong></span> <span class='ocrx_word' id='word_1_535' title='bbox 236 3743 530 3800; x_wconf 82' lang='lat' dir='ltr'><strong>Trinitatis</strong></span> <span class='ocrx_word' id='word_1_536' title='bbox 556 3763 568 3798; x_wconf 89' lang='lat'>:</span> <span class='ocrx_word' id='word_1_537' title='bbox 600 3748 657 3799; x_wconf 92' lang='lat' dir='ltr'><strong>et</strong></span> <span class='ocrx_word' id='word_1_538' title='bbox 684 3758 794 3800; x_wconf 91' lang='lat' dir='ltr'><strong>non</strong></span> <span class='ocrx_word' id='word_1_539' title='bbox 824 3749 1118 3799; x_wconf 87' lang='lat' dir='ltr'><strong>creaturas</strong></span> <span class='ocrx_word' id='word_1_540' title='bbox 1164 3745 1471 3801; x_wconf 81' lang='lat' dir='ltr'><strong>adoramus</strong></span> <span class='ocrx_word' id='word_1_541' title='bbox 1510 3745 1716 3820; x_wconf 90' lang='lat' dir='ltr'><strong>(absit)</strong></span> 
     </span>
    </p>
   </div>
   <div class='ocr_carea' id='block_1_72' title="bbox 113 3832 1710 3907">
    <p class='ocr_par' dir='ltr' id='par_1_72' title="bbox 113 3832 1710 3907">
     <span class='ocr_line' id='line_1_72' title="bbox 113 3832 1710 3907; baseline 0.004 -23"><span class='ocrx_word' id='word_1_542' title='bbox 113 3838 251 3897; x_wconf 77' lang='lat' dir='ltr'><strong>neque</strong></span> <span class='ocrx_word' id='word_1_543' title='bbox 286 3832 575 3889; x_wconf 89' lang='lat' dir='ltr'><strong>culturam</strong></span> <span class='ocrx_word' id='word_1_544' title='bbox 624 3848 749 3903; x_wconf 72' lang='lat' dir='ltr'><strong>qua:</strong></span> <span class='ocrx_word' id='word_1_545' title='bbox 777 3832 995 3888; x_wconf 70' lang='lat' dir='ltr'><strong>deitime</strong></span> <span class='ocrx_word' id='word_1_546' title='bbox 1014 3833 1400 3890; x_wconf 89' lang='lat' dir='ltr'><strong>dominationi</strong></span> <span class='ocrx_word' id='word_1_547' title='bbox 1451 3834 1710 3907; x_wconf 88' lang='lat' dir='ltr'><strong>debetur,</strong></span> 
     </span>
    </p>
   </div>
   <div class='ocr_carea' id='block_1_73' title="bbox 111 3914 1714 3994">
    <p class='ocr_par' dir='ltr' id='par_1_73' title="bbox 111 3914 1714 3994">
     <span class='ocr_line' id='line_1_73' title="bbox 111 3914 1714 3994; baseline 0.009 -28"><span class='ocrx_word' id='word_1_548' title='bbox 111 3914 157 3967; x_wconf 81' lang='lat' dir='ltr'><strong>ad</strong></span> <span class='ocrx_word' id='word_1_549' title='bbox 198 3932 474 3977; x_wconf 84' lang='lat' dir='ltr'><strong>conservos</strong></span> <span class='ocrx_word' id='word_1_550' title='bbox 532 3922 902 3977; x_wconf 87' lang='lat' dir='ltr'><strong>inﬁectimus.</strong></span> <span class='ocrx_word' id='word_1_551' title='bbox 953 3921 1148 3991; x_wconf 88' lang='lat' dir='ltr'><strong>Neque</strong></span> <span class='ocrx_word' id='word_1_552' title='bbox 1198 3922 1352 3977; x_wconf 91' lang='lat' dir='ltr'><strong>enim</strong></span> <span class='ocrx_word' id='word_1_553' title='bbox 1413 3935 1571 3994; x_wconf 90' lang='lat' dir='ltr'><strong>reges</strong></span> <span class='ocrx_word' id='word_1_554' title='bbox 1627 3924 1714 3980; x_wconf 91' lang='lat' dir='ltr'><strong>vel</strong></span> 
     </span>
    </p>
   </div>
   <div class='ocr_carea' id='block_1_74' title="bbox 112 4003 1712 4080">
    <p class='ocr_par' dir='ltr' id='par_1_74' title="bbox 112 4003 1712 4080">
     <span class='ocr_line' id='line_1_74' title="bbox 112 4003 1712 4080; baseline 0.007 -24"><span class='ocrx_word' id='word_1_555' title='bbox 112 4003 346 4077; x_wconf 87' lang='lat' dir='ltr'><strong>principes</strong></span> <span class='ocrx_word' id='word_1_556' title='bbox 374 4011 433 4065; x_wconf 90' lang='lat' dir='ltr'><strong>in</strong></span> <span class='ocrx_word' id='word_1_557' title='bbox 460 4017 625 4066; x_wconf 70' lang='lat' dir='ltr'><strong>terra</strong></span> <span class='ocrx_word' id='word_1_558' title='bbox 654 4010 977 4080; x_wconf 90' lang='lat' dir='ltr'><strong>adorantes,</strong></span> <span class='ocrx_word' id='word_1_559' title='bbox 1011 4010 1286 4079; x_wconf 72' lang='lat' dir='ltr'><strong>aequalem</strong></span> <span class='ocrx_word' id='word_1_560' title='bbox 1318 4010 1712 4067; x_wconf 90' lang='lat' dir='ltr'><strong>adorationem</strong></span> 
     </span>
    </p>
   </div>
   <div class='ocr_carea' id='block_1_75' title="bbox 110 4092 1711 4168">
    <p class='ocr_par' dir='ltr' id='par_1_75' title="bbox 110 4092 1711 4168">
     <span class='ocr_line' id='line_1_75' title="bbox 110 4092 1711 4168; baseline 0.004 -19"><span class='ocrx_word' id='word_1_561' title='bbox 110 4092 145 4143; x_wconf 84' lang='lat' dir='ltr'><strong>ei</strong></span> <span class='ocrx_word' id='word_1_562' title='bbox 176 4108 317 4162; x_wconf 88' lang='lat' dir='ltr'><strong>quam</strong></span> <span class='ocrx_word' id='word_1_563' title='bbox 350 4100 461 4154; x_wconf 90' lang='lat' dir='ltr'><strong>Deo</strong></span> <span class='ocrx_word' id='word_1_564' title='bbox 500 4096 865 4168; x_wconf 83' lang='lat' dir='ltr'><strong>exhibemus,</strong></span> <span class='ocrx_word' id='word_1_565' title='bbox 902 4097 1086 4153; x_wconf 87' lang='lat' dir='ltr'><strong>facere</strong></span> <span class='ocrx_word' id='word_1_566' title='bbox 1131 4099 1444 4154; x_wconf 90' lang='lat' dir='ltr'><strong>noscimur.</strong></span> <span class='ocrx_word' id='word_1_567' title='bbox 1487 4100 1711 4155; x_wconf 90' lang='lat' dir='ltr'><strong>Etenim</strong></span> 
     </span>
    </p>
   </div>
   <div class='ocr_carea' id='block_1_76' title="bbox 112 4177 1713 4256">
    <p class='ocr_par' dir='ltr' id='par_1_76' title="bbox 112 4177 1713 4256">
     <span class='ocr_line' id='line_1_76' title="bbox 112 4177 1713 4256; baseline 0.008 -26"><span class='ocrx_word' id='word_1_568' title='bbox 112 4177 282 4237; x_wconf 69' lang='lat' dir='ltr'><strong>Nathan</strong></span> <span class='ocrx_word' id='word_1_569' title='bbox 318 4187 658 4256; x_wconf 87' lang='lat' dir='ltr'><strong>prophetam</strong></span> <span class='ocrx_word' id='word_1_570' title='bbox 713 4190 935 4240; x_wconf 88' lang='lat' dir='ltr'><strong>constat</strong></span> <span class='ocrx_word' id='word_1_571' title='bbox 979 4199 1152 4255; x_wconf 87' lang='lat' dir='ltr'><strong>super</strong></span> <span class='ocrx_word' id='word_1_572' title='bbox 1195 4191 1400 4241; x_wconf 90' lang='lat' dir='ltr'><strong>terram</strong></span> <span class='ocrx_word' id='word_1_573' title='bbox 1447 4187 1713 4243; x_wconf 89' lang='lat' dir='ltr'><strong>adorasse</strong></span> 
     </span>
    </p>
   </div>
   <div class='ocr_carea' id='block_1_77' title="bbox 110 4265 1744 4346">
    <p class='ocr_par' dir='ltr' id='par_1_77' title="bbox 110 4265 1744 4346">
     <span class='ocr_line' id='line_1_77' title="bbox 110 4265 1744 4346; baseline 0.007 -28"><span class='ocrx_word' id='word_1_574' title='bbox 110 4265 239 4323; x_wconf 79' lang='lat' dir='ltr'><strong>David</strong></span> <span class='ocrx_word' id='word_1_575' title='bbox 260 4272 548 4329; x_wconf 89' lang='lat' dir='ltr'><strong>hominem</strong></span> <span class='ocrx_word' id='word_1_576' title='bbox 577 4273 910 4328; x_wconf 85' lang='lat' dir='ltr'><strong>existentem</strong></span> <span class='ocrx_word' id='word_1_577' title='bbox 932 4280 988 4328; x_wconf 91' lang='lat' dir='ltr'><strong>et</strong></span> <span class='ocrx_word' id='word_1_578' title='bbox 1008 4286 1193 4345; x_wconf 88' lang='lat' dir='ltr'><strong>regem</strong></span> <span class='ocrx_word' id='word_1_579' title='bbox 1211 4271 1227 4344; x_wconf 90' lang='lat'><strong>(</strong></span> <span class='ocrx_word' id='word_1_580' title='bbox 1245 4276 1333 4328; x_wconf 92' lang='lat' dir='ltr'><strong>III</strong></span> <span class='ocrx_word' id='word_1_581' title='bbox 1352 4277 1478 4341; x_wconf 77' lang='lat' dir='ltr'><strong>Reg.</strong></span> <span class='ocrx_word' id='word_1_582' title='bbox 1509 4273 1589 4346; x_wconf 81' lang='lat'><strong>1);</strong></span> <span class='ocrx_word' id='word_1_583' title='bbox 1613 4274 1709 4330; x_wconf 91' lang='lat' dir='ltr'><strong>sed</strong></span> <span class='ocrx_word' id='word_1_584' title='bbox 1740 4296 1744 4301; x_wconf 88' lang='grc'><strong>·</strong></span> 
     </span>
    </p>
   </div>
   <div class='ocr_carea' id='block_1_78' title="bbox 1824 3122 3470 3194">
    <p class='ocr_par' dir='ltr' id='par_1_78' title="bbox 1824 3122 3470 3194">
     <span class='ocr_line' id='line_1_78' title="bbox 1824 3122 3470 3194; baseline 0.001 -16"><span class='ocrx_word' id='word_1_585' title='bbox 1824 3122 2237 3193; x_wconf 86' lang='lat' dir='ltr'><strong>heatiﬁcamus,</strong></span> <span class='ocrx_word' id='word_1_586' title='bbox 2265 3128 2321 3179; x_wconf 93' lang='lat' dir='ltr'><strong>et</strong></span> <span class='ocrx_word' id='word_1_587' title='bbox 2345 3124 2413 3179; x_wconf 91' lang='lat' dir='ltr'><strong>ad</strong></span> <span class='ocrx_word' id='word_1_588' title='bbox 2439 3125 2884 3180; x_wconf 90' lang='lat' dir='ltr'><strong>recordationem</strong></span> <span class='ocrx_word' id='word_1_589' title='bbox 2917 3123 3224 3179; x_wconf 88' lang='lat' dir='ltr'><strong>virilitatis</strong></span> <span class='ocrx_word' id='word_1_590' title='bbox 3253 3138 3470 3194; x_wconf 90' lang='lat' dir='ltr'><strong>eorum,</strong></span> 
     </span>
    </p>
   </div>
   <div class='ocr_carea' id='block_1_79' title="bbox 1824 3211 3474 3283">
    <p class='ocr_par' dir='ltr' id='par_1_79' title="bbox 1824 3211 3474 3283">
     <span class='ocr_line' id='line_1_79' title="bbox 1824 3211 3474 3283; baseline 0.001 -17"><span class='ocrx_word' id='word_1_591' title='bbox 1824 3224 1889 3266; x_wconf 90' lang='lat' dir='ltr'><strong>ac</strong></span> <span class='ocrx_word' id='word_1_592' title='bbox 1928 3225 2207 3283; x_wconf 63' lang='lat' dir='ltr'><strong>germanae</strong></span> <span class='ocrx_word' id='word_1_593' title='bbox 2256 3211 2409 3267; x_wconf 88' lang='lat' dir='ltr'><strong>circa</strong></span> <span class='ocrx_word' id='word_1_594' title='bbox 2450 3214 2628 3267; x_wconf 91' lang='lat' dir='ltr'><strong>Deum</strong></span> <span class='ocrx_word' id='word_1_595' title='bbox 2683 3211 3003 3282; x_wconf 88' lang='lat' dir='ltr'><strong>servitutis,</strong></span> <span class='ocrx_word' id='word_1_596' title='bbox 3050 3211 3474 3268; x_wconf 90' lang='lat' dir='ltr'><strong>similitudines</strong></span> 
     </span>
    </p>
   </div>
   <div class='ocr_carea' id='block_1_80' title="bbox 1824 3299 3474 3371">
    <p class='ocr_par' dir='ltr' id='par_1_80' title="bbox 1824 3299 3474 3371">
     <span class='ocr_line' id='line_1_80' title="bbox 1824 3299 3474 3371; baseline 0.001 -17"><span class='ocrx_word' id='word_1_597' title='bbox 1824 3312 2020 3354; x_wconf 88' lang='lat' dir='ltr'><strong>eorum</strong></span> <span class='ocrx_word' id='word_1_598' title='bbox 2045 3299 2450 3371; x_wconf 87' lang='lat' dir='ltr'><strong>depingimus:</strong></span> <span class='ocrx_word' id='word_1_599' title='bbox 2476 3313 2587 3354; x_wconf 91' lang='lat' dir='ltr'><strong>non</strong></span> <span class='ocrx_word' id='word_1_600' title='bbox 2618 3313 2715 3356; x_wconf 91' lang='lat' dir='ltr'><strong>eos</strong></span> <span class='ocrx_word' id='word_1_601' title='bbox 2747 3305 2811 3355; x_wconf 91' lang='lat' dir='ltr'><strong>ut</strong></span> <span class='ocrx_word' id='word_1_602' title='bbox 2834 3300 3046 3355; x_wconf 62' lang='lat' dir='ltr'><strong>divina!</strong></span> <span class='ocrx_word' id='word_1_603' title='bbox 3077 3304 3297 3355; x_wconf 73' lang='lat' dir='ltr'><strong>naturae</strong></span> <span class='ocrx_word' id='word_1_604' title='bbox 3327 3314 3474 3356; x_wconf 92' lang='lat' dir='ltr'><strong>com-</strong></span> 
     </span>
    </p>
   </div>
   <div class='ocr_carea' id='block_1_81' title="bbox 1827 3387 3474 3459">
    <p class='ocr_par' dir='ltr' id='par_1_81' title="bbox 1827 3387 3474 3459">
     <span class='ocr_line' id='line_1_81' title="bbox 1827 3387 3474 3459; baseline 0 -17"><span class='ocrx_word' id='word_1_605' title='bbox 1827 3387 2212 3443; x_wconf 89' lang='lat' dir='ltr'><strong>municatores</strong></span> <span class='ocrx_word' id='word_1_606' title='bbox 2242 3387 2697 3456; x_wconf 89' lang='lat' dir='ltr'><strong>pronuntiantes,</strong></span> <span class='ocrx_word' id='word_1_607' title='bbox 2730 3387 2987 3442; x_wconf 91' lang='lat' dir='ltr'><strong>debitum</strong></span> <span class='ocrx_word' id='word_1_608' title='bbox 3027 3387 3245 3442; x_wconf 67' lang='lat' dir='ltr'><strong>deiﬁcaa</strong></span> <span class='ocrx_word' id='word_1_609' title='bbox 3276 3388 3474 3459; x_wconf 69' lang='lat' dir='ltr'><strong>gloriae</strong></span> 
     </span>
    </p>
   </div>
   <div class='ocr_carea' id='block_1_82' title="bbox 1825 3474 3476 3545">
    <p class='ocr_par' dir='ltr' id='par_1_82' title="bbox 1825 3474 3476 3545">
     <span class='ocr_line' id='line_1_82' title="bbox 1825 3474 3476 3545; baseline -0.001 -15"><span class='ocrx_word' id='word_1_610' title='bbox 1825 3480 1995 3545; x_wconf 91' lang='lat' dir='ltr'><strong>atque</strong></span> <span class='ocrx_word' id='word_1_611' title='bbox 2017 3475 2282 3544; x_wconf 89' lang='lat' dir='ltr'><strong>potestati</strong></span> <span class='ocrx_word' id='word_1_612' title='bbox 2315 3475 2587 3530; x_wconf 89' lang='lat' dir='ltr'><strong>honorem</strong></span> <span class='ocrx_word' id='word_1_613' title='bbox 2606 3480 2664 3529; x_wconf 92' lang='lat' dir='ltr'><strong>et</strong></span> <span class='ocrx_word' id='word_1_614' title='bbox 2691 3474 3082 3529; x_wconf 89' lang='lat' dir='ltr'><strong>adorationem</strong></span> <span class='ocrx_word' id='word_1_615' title='bbox 3112 3474 3235 3529; x_wconf 92' lang='lat' dir='ltr'><strong>illis</strong></span> <span class='ocrx_word' id='word_1_616' title='bbox 3262 3474 3476 3544; x_wconf 90' lang='lat' dir='ltr'><strong>impen-</strong></span> 
     </span>
    </p>
   </div>
   <div class='ocr_carea' id='block_1_83' title="bbox 1825 3561 3475 3633">
    <p class='ocr_par' dir='ltr' id='par_1_83' title="bbox 1825 3561 3475 3633">
     <span class='ocr_line' id='line_1_83' title="bbox 1825 3561 3475 3633; baseline -0.002 -14"><span class='ocrx_word' id='word_1_617' title='bbox 1825 3562 2050 3632; x_wconf 83' lang='lat' dir='ltr'><strong>dimus;</strong></span> <span class='ocrx_word' id='word_1_618' title='bbox 2079 3563 2175 3618; x_wconf 91' lang='lat' dir='ltr'><strong>sed</strong></span> <span class='ocrx_word' id='word_1_619' title='bbox 2197 3576 2445 3619; x_wconf 90' lang='lat' dir='ltr'><strong>amorem</strong></span> <span class='ocrx_word' id='word_1_620' title='bbox 2477 3566 2757 3633; x_wconf 91' lang='lat' dir='ltr'><strong>nostrum,</strong></span> <span class='ocrx_word' id='word_1_621' title='bbox 2790 3575 2955 3632; x_wconf 92' lang='lat' dir='ltr'><strong>quem</strong></span> <span class='ocrx_word' id='word_1_622' title='bbox 2987 3562 3141 3617; x_wconf 88' lang='lat' dir='ltr'><strong>circa</strong></span> <span class='ocrx_word' id='word_1_623' title='bbox 3165 3574 3262 3617; x_wconf 92' lang='lat' dir='ltr'><strong>eos</strong></span> <span class='ocrx_word' id='word_1_624' title='bbox 3293 3561 3475 3617; x_wconf 86' lang='lat' dir='ltr'><strong>habe-</strong></span> 
     </span>
    </p>
   </div>
   <div class='ocr_carea' id='block_1_84' title="bbox 1826 3650 3472 3722">
    <p class='ocr_par' dir='ltr' id='par_1_84' title="bbox 1826 3650 3472 3722">
     <span class='ocr_line' id='line_1_84' title="bbox 1826 3650 3472 3722; baseline -0.001 -15"><span class='ocrx_word' id='word_1_625' title='bbox 1826 3666 1973 3722; x_wconf 91' lang='lat' dir='ltr'><strong>mus,</strong></span> <span class='ocrx_word' id='word_1_626' title='bbox 2008 3666 2105 3721; x_wconf 85' lang='lat' dir='ltr'><strong>per</strong></span> <span class='ocrx_word' id='word_1_627' title='bbox 2130 3652 2236 3707; x_wconf 92' lang='lat' dir='ltr'><strong>hoc</strong></span> <span class='ocrx_word' id='word_1_628' title='bbox 2264 3652 2738 3716; x_wconf 87' lang='lat' dir='ltr'><strong>demonstrantes,</strong></span> <span class='ocrx_word' id='word_1_629' title='bbox 2773 3664 2900 3721; x_wconf 77' lang='lat' dir='ltr'><strong>quae</strong></span> <span class='ocrx_word' id='word_1_630' title='bbox 2925 3663 3024 3720; x_wconf 92' lang='lat' dir='ltr'><strong>per</strong></span> <span class='ocrx_word' id='word_1_631' title='bbox 3051 3650 3317 3706; x_wconf 90' lang='lat' dir='ltr'><strong>auditum</strong></span> <span class='ocrx_word' id='word_1_632' title='bbox 3342 3663 3472 3706; x_wconf 90' lang='lat' dir='ltr'><strong>vera</strong></span> 
     </span>
    </p>
   </div>
   <div class='ocr_carea' id='block_1_85' title="bbox 1824 3738 3469 3812">
    <p class='ocr_par' dir='ltr' id='par_1_85' title="bbox 1824 3738 3469 3812">
     <span class='ocr_line' id='line_1_85' title="bbox 1824 3738 3469 3812; baseline -0.002 -15"><span class='ocrx_word' id='word_1_633' title='bbox 1824 3754 1946 3798; x_wconf 88' lang='lat' dir='ltr'><strong>esse</strong></span> <span class='ocrx_word' id='word_1_634' title='bbox 1978 3741 2285 3812; x_wconf 88' lang='lat' dir='ltr'><strong>credimus,</strong></span> <span class='ocrx_word' id='word_1_635' title='bbox 2331 3742 2447 3796; x_wconf 69' lang='lat' dir='ltr'><strong>haac</strong></span> <span class='ocrx_word' id='word_1_636' title='bbox 2472 3746 2528 3796; x_wconf 93' lang='lat' dir='ltr'><strong>et</strong></span> <span class='ocrx_word' id='word_1_637' title='bbox 2568 3754 2667 3810; x_wconf 90' lang='lat' dir='ltr'><strong>per</strong></span> <span class='ocrx_word' id='word_1_638' title='bbox 2706 3740 2946 3810; x_wconf 65' lang='lat' dir='ltr'><strong>pictura:</strong></span> <span class='ocrx_word' id='word_1_639' title='bbox 2981 3739 3362 3795; x_wconf 87' lang='lat' dir='ltr'><strong>imitationem</strong></span> <span class='ocrx_word' id='word_1_640' title='bbox 3400 3738 3469 3795; x_wconf 94' lang='lat' dir='ltr'><strong>ad</strong></span> 
     </span>
    </p>
   </div>
   <div class='ocr_carea' id='block_1_86' title="bbox 1824 3829 3469 3887">
    <p class='ocr_par' dir='ltr' id='par_1_86' title="bbox 1824 3829 3469 3887">
     <span class='ocr_line' id='line_1_86' title="bbox 1824 3829 3469 3887; baseline -0.002 -1"><span class='ocrx_word' id='word_1_641' title='bbox 1824 3831 2132 3887; x_wconf 90' lang='lat' dir='ltr'><strong>ﬁrmiorem</strong></span> <span class='ocrx_word' id='word_1_642' title='bbox 2157 3830 2564 3887; x_wconf 89' lang='lat' dir='ltr'><strong>certitudinem</strong></span> <span class='ocrx_word' id='word_1_643' title='bbox 2599 3835 2849 3886; x_wconf 90' lang='lat' dir='ltr'><strong>nostram</strong></span> <span class='ocrx_word' id='word_1_644' title='bbox 2881 3832 3211 3886; x_wconf 90' lang='lat' dir='ltr'><strong>statuimus.</strong></span> <span class='ocrx_word' id='word_1_645' title='bbox 3243 3829 3469 3885; x_wconf 90' lang='lat' dir='ltr'><strong>Etenim</strong></span> 
     </span>
    </p>
   </div>
   <div class='ocr_carea' id='block_1_87' title="bbox 1822 3918 3472 3990">
    <p class='ocr_par' dir='ltr' id='par_1_87' title="bbox 1822 3918 3472 3990">
     <span class='ocr_line' id='line_1_87' title="bbox 1822 3918 3472 3990; baseline -0.001 -16"><span class='ocrx_word' id='word_1_646' title='bbox 1822 3932 1991 3974; x_wconf 89' lang='lat' dir='ltr'><strong>carne</strong></span> <span class='ocrx_word' id='word_1_647' title='bbox 2015 3932 2081 3974; x_wconf 92' lang='lat' dir='ltr'><strong>ac</strong></span> <span class='ocrx_word' id='word_1_648' title='bbox 2110 3918 2391 3990; x_wconf 90' lang='lat' dir='ltr'><strong>sanguine</strong></span> <span class='ocrx_word' id='word_1_649' title='bbox 2425 3918 2687 3988; x_wconf 86' lang='lat' dir='ltr'><strong>connexi,</strong></span> <span class='ocrx_word' id='word_1_650' title='bbox 2721 3923 2779 3973; x_wconf 89' lang='lat' dir='ltr'><strong>et</strong></span> <span class='ocrx_word' id='word_1_651' title='bbox 2809 3932 2906 3987; x_wconf 92' lang='lat' dir='ltr'><strong>per</strong></span> <span class='ocrx_word' id='word_1_652' title='bbox 2940 3918 3219 3974; x_wconf 91' lang='lat' dir='ltr'><strong>visionem</strong></span> <span class='ocrx_word' id='word_1_653' title='bbox 3248 3931 3313 3973; x_wconf 90' lang='lat' dir='ltr'><strong>ea</strong></span> <span class='ocrx_word' id='word_1_654' title='bbox 3344 3930 3472 3987; x_wconf 72' lang='lat' dir='ltr'><strong>qua:</strong></span> 
     </span>
    </p>
   </div>
   <div class='ocr_carea' id='block_1_88' title="bbox 1822 4006 3474 4076">
    <p class='ocr_par' dir='ltr' id='par_1_88' title="bbox 1822 4006 3474 4076">
     <span class='ocr_line' id='line_1_88' title="bbox 1822 4006 3474 4076; baseline -0.001 -14"><span class='ocrx_word' id='word_1_655' title='bbox 1822 4008 2027 4062; x_wconf 68' lang='lat' dir='ltr'><strong>anima:</strong></span> <span class='ocrx_word' id='word_1_656' title='bbox 2057 4006 2385 4063; x_wconf 87' lang='lat' dir='ltr'><strong>satisfacere</strong></span> <span class='ocrx_word' id='word_1_657' title='bbox 2425 4011 2684 4076; x_wconf 89' lang='lat' dir='ltr'><strong>possunt,</strong></span> <span class='ocrx_word' id='word_1_658' title='bbox 2717 4007 3039 4063; x_wconf 91' lang='lat' dir='ltr'><strong>certissime</strong></span> <span class='ocrx_word' id='word_1_659' title='bbox 3068 4019 3300 4063; x_wconf 90' lang='lat' dir='ltr'><strong>noscere</strong></span> <span class='ocrx_word' id='word_1_660' title='bbox 3326 4020 3474 4062; x_wconf 88' lang='lat' dir='ltr'><strong>com-</strong></span> 
     </span>
    </p>
   </div>
   <div class='ocr_carea' id='block_1_89' title="bbox 1824 4092 3467 4169">
    <p class='ocr_par' dir='ltr' id='par_1_89' title="bbox 1824 4092 3467 4169">
     <span class='ocr_line' id='line_1_89' title="bbox 1824 4092 3467 4169; baseline -0.001 -19"><span class='ocrx_word' id='word_1_661' title='bbox 1824 4095 2093 4164; x_wconf 89' lang='lat' dir='ltr'><strong>pellimur</strong></span> <span class='ocrx_word' id='word_1_662' title='bbox 2125 4092 2259 4169; x_wconf 84' lang='lat' dir='ltr'><strong>[Gr.,</strong></span> <span class='ocrx_word' id='word_1_663' title='bbox 2291 4096 2462 4150; x_wconf 91' lang='lat' dir='ltr'><strong>etiam</strong></span> <span class='ocrx_word' id='word_1_664' title='bbox 2492 4108 2589 4165; x_wconf 90' lang='lat' dir='ltr'><strong>per</strong></span> <span class='ocrx_word' id='word_1_665' title='bbox 2619 4095 2724 4150; x_wconf 90' lang='lat' dir='ltr'><strong>vis.</strong></span> <span class='ocrx_word' id='word_1_666' title='bbox 2762 4095 2983 4165; x_wconf 90' lang='lat' dir='ltr'><strong>plenam</strong></span> <span class='ocrx_word' id='word_1_667' title='bbox 3014 4096 3221 4150; x_wconf 55' lang='lat' dir='ltr'><strong>animae</strong></span> <span class='ocrx_word' id='word_1_668' title='bbox 3258 4098 3467 4151; x_wconf 59' lang='lat' dir='ltr'><strong>nostra;</strong></span> 
     </span>
    </p>
   </div>
   <div class='ocr_carea' id='block_1_90' title="bbox 1820 4179 3468 4255">
    <p class='ocr_par' dir='ltr' id='par_1_90' title="bbox 1820 4179 3468 4255">
     <span class='ocr_line' id='line_1_90' title="bbox 1820 4179 3468 4255; baseline -0.001 -17"><span class='ocrx_word' id='word_1_669' title='bbox 1820 4184 2226 4239; x_wconf 90' lang='lat' dir='ltr'><strong>certitudinem</strong></span> <span class='ocrx_word' id='word_1_670' title='bbox 2280 4182 2616 4239; x_wconf 88' lang='lat' dir='ltr'><strong>conﬁrmare</strong></span> <span class='ocrx_word' id='word_1_671' title='bbox 2668 4179 3009 4255; x_wconf 91' lang='lat' dir='ltr'><strong>studemus].</strong></span> <span class='ocrx_word' id='word_1_672' title='bbox 3064 4184 3203 4237; x_wconf 91' lang='lat' dir='ltr'><strong>Nam</strong></span> <span class='ocrx_word' id='word_1_673' title='bbox 3247 4186 3304 4237; x_wconf 88' lang='lat' dir='ltr'><strong>et</strong></span> <span class='ocrx_word' id='word_1_674' title='bbox 3355 4181 3468 4251; x_wconf 91' lang='lat' dir='ltr'><strong>ipsi</strong></span> 
     </span>
    </p>
   </div>
   <div class='ocr_carea' id='block_1_91' title="bbox 1821 4271 3470 4340">
    <p class='ocr_par' dir='ltr' id='par_1_91' title="bbox 1821 4271 3470 4340">
     <span class='ocr_line' id='line_1_91' title="bbox 1821 4271 3470 4340; baseline -0.001 -13"><span class='ocrx_word' id='word_1_675' title='bbox 1821 4272 2004 4328; x_wconf 90' lang='lat' dir='ltr'><strong>sancti</strong></span> <span class='ocrx_word' id='word_1_676' title='bbox 2034 4272 2135 4327; x_wconf 90' lang='lat' dir='ltr'><strong>Dei</strong></span> <span class='ocrx_word' id='word_1_677' title='bbox 2160 4272 2217 4326; x_wconf 91' lang='lat' dir='ltr'><strong>in</strong></span> <span class='ocrx_word' id='word_1_678' title='bbox 2238 4285 2416 4327; x_wconf 91' lang='lat' dir='ltr'><strong>unum</strong></span> <span class='ocrx_word' id='word_1_679' title='bbox 2438 4276 2495 4327; x_wconf 90' lang='lat' dir='ltr'><strong>et</strong></span> <span class='ocrx_word' id='word_1_680' title='bbox 2519 4271 2705 4327; x_wconf 91' lang='lat' dir='ltr'><strong>solum</strong></span> <span class='ocrx_word' id='word_1_681' title='bbox 2731 4272 2907 4326; x_wconf 91' lang='lat' dir='ltr'><strong>Deum</strong></span> <span class='ocrx_word' id='word_1_682' title='bbox 2938 4271 3268 4326; x_wconf 87' lang='lat' dir='ltr'><strong>servitutem</strong></span> <span class='ocrx_word' id='word_1_683' title='bbox 3297 4275 3470 4340; x_wconf 91' lang='lat' dir='ltr'><strong>atque</strong></span> 
     </span>
    </p>
   </div>
   <div class='ocr_carea' id='block_1_92' title="bbox 112 4358 3462 4433">
    <p class='ocr_par' dir='ltr' id='par_1_92' title="bbox 112 4358 3462 4433">
     <span class='ocr_line' id='line_1_92' title="bbox 112 4358 3462 4433; baseline 0.002 -26"><span class='ocrx_word' id='word_1_684' title='bbox 112 4365 191 4409; x_wconf 83' lang='lat' dir='ltr'><strong>non</strong></span> <span class='ocrx_word' id='word_1_685' title='bbox 218 4358 329 4415; x_wconf 90' lang='lat' dir='ltr'><strong>ideo</strong></span> <span class='ocrx_word' id='word_1_686' title='bbox 345 4361 742 4432; x_wconf 87' lang='lat' dir='ltr'><strong>accusabitur,</strong></span> <span class='ocrx_word' id='word_1_687' title='bbox 767 4363 935 4430; x_wconf 91' lang='lat' dir='ltr'><strong>quasi</strong></span> <span class='ocrx_word' id='word_1_688' title='bbox 970 4362 1069 4432; x_wconf 89' lang='lat' dir='ltr'><strong>qui</strong></span> <span class='ocrx_word' id='word_1_689' title='bbox 1100 4361 1389 4417; x_wconf 92' lang='lat' dir='ltr'><strong>hominem</strong></span> <span class='ocrx_word' id='word_1_690' title='bbox 1412 4367 1712 4418; x_wconf 89' lang='lat' dir='ltr'><strong>veneratus</strong></span> <span class='ocrx_word' id='word_1_691' title='bbox 1738 4368 1791 4429; x_wconf 89' lang='lat' dir='ltr'><strong>D</strong></span> <span class='ocrx_word' id='word_1_692' title='bbox 1821 4360 2292 4433; x_wconf 85' lang='lat' dir='ltr'><strong>gloriﬁcationem</strong></span> <span class='ocrx_word' id='word_1_693' title='bbox 2328 4364 2385 4415; x_wconf 92' lang='lat' dir='ltr'><strong>et</strong></span> <span class='ocrx_word' id='word_1_694' title='bbox 2412 4360 2801 4416; x_wconf 90' lang='lat' dir='ltr'><strong>adorationem</strong></span> <span class='ocrx_word' id='word_1_695' title='bbox 2844 4362 3260 4428; x_wconf 87' lang='lat' dir='ltr'><strong>conservantes,</strong></span> <span class='ocrx_word' id='word_1_696' title='bbox 3306 4363 3363 4413; x_wconf 91' lang='lat' dir='ltr'><strong>et</strong></span> <span class='ocrx_word' id='word_1_697' title='bbox 3394 4358 3462 4413; x_wconf 91' lang='lat' dir='ltr'><strong>ad</strong></span> 
     </span>
    </p>
   </div>
   <div class='ocr_carea' id='block_1_93' title="bbox 108 4442 1712 4523">
    <p class='ocr_par' dir='ltr' id='par_1_93' title="bbox 108 4442 1712 4523">
     <span class='ocr_line' id='line_1_93' title="bbox 108 4442 1712 4523; baseline 0.009 -31"><span class='ocrx_word' id='word_1_698' title='bbox 108 4442 162 4495; x_wconf 84' lang='lat' dir='ltr'><strong>sit</strong></span> <span class='ocrx_word' id='word_1_699' title='bbox 194 4454 376 4513; x_wconf 64' lang='lat' dir='ltr'><strong>praeter</strong></span> <span class='ocrx_word' id='word_1_700' title='bbox 402 4451 611 4505; x_wconf 88' lang='lat' dir='ltr'><strong>Deum.</strong></span> <span class='ocrx_word' id='word_1_701' title='bbox 658 4451 850 4520; x_wconf 81' lang='lat' dir='ltr'><strong>Neque</strong></span> <span class='ocrx_word' id='word_1_702' title='bbox 884 4450 1201 4521; x_wconf 89' lang='lat' dir='ltr'><strong>imaginum</strong></span> <span class='ocrx_word' id='word_1_703' title='bbox 1253 4448 1552 4523; x_wconf 85' lang='lat' dir='ltr'><strong>facturam,</strong></span> <span class='ocrx_word' id='word_1_704' title='bbox 1586 4465 1712 4521; x_wconf 67' lang='lat' dir='ltr'><strong>quae</strong></span> 
     </span>
    </p>
   </div>
   <div class='ocr_carea' id='block_1_94' title="bbox 111 4537 1709 4609">
    <p class='ocr_par' dir='ltr' id='par_1_94' title="bbox 111 4537 1709 4609">
     <span class='ocr_line' id='line_1_94' title="bbox 111 4537 1709 4609; baseline 0 -15"><span class='ocrx_word' id='word_1_705' title='bbox 111 4542 179 4594; x_wconf 48' lang='lat' dir='ltr'><strong>iter</strong></span> <span class='ocrx_word' id='word_1_706' title='bbox 201 4547 367 4591; x_wconf 87' lang='lat' dir='ltr'><strong>ceram</strong></span> <span class='ocrx_word' id='word_1_707' title='bbox 421 4544 480 4594; x_wconf 88' lang='lat' dir='ltr'><strong>et</strong></span> <span class='ocrx_word' id='word_1_708' title='bbox 522 4539 746 4594; x_wconf 89' lang='lat' dir='ltr'><strong>colores</strong></span> <span class='ocrx_word' id='word_1_709' title='bbox 788 4537 1127 4609; x_wconf 88' lang='lat' dir='ltr'><strong>formantur,</strong></span> <span class='ocrx_word' id='word_1_710' title='bbox 1178 4539 1240 4594; x_wconf 91' lang='lat' dir='ltr'><strong>in</strong></span> <span class='ocrx_word' id='word_1_711' title='bbox 1280 4538 1709 4595; x_wconf 89' lang='lat' dir='ltr'><strong>subversionem</strong></span> 
     </span>
    </p>
   </div>
   <div class='ocr_carea' id='block_1_95' title="bbox 106 4618 1712 4697">
    <p class='ocr_par' dir='ltr' id='par_1_95' title="bbox 106 4618 1712 4697">
     <span class='ocr_line' id='line_1_95' title="bbox 106 4618 1712 4697; baseline 0.001 -14"><span class='ocrx_word' id='word_1_712' title='bbox 106 4618 425 4683; x_wconf 63' lang='lat' dir='ltr'><strong>Dedmtionis</strong></span> <span class='ocrx_word' id='word_1_713' title='bbox 455 4640 591 4697; x_wconf 73' lang='lat' dir='ltr'><strong>qua:</strong></span> <span class='ocrx_word' id='word_1_714' title='bbox 610 4627 764 4681; x_wconf 90' lang='lat' dir='ltr'><strong>circa</strong></span> <span class='ocrx_word' id='word_1_715' title='bbox 796 4626 1060 4682; x_wconf 91' lang='lat' dir='ltr'><strong>divinum</strong></span> <span class='ocrx_word' id='word_1_716' title='bbox 1078 4625 1326 4683; x_wconf 84' lang='lat' dir='ltr'><strong>eﬁicitur</strong></span> <span class='ocrx_word' id='word_1_717' title='bbox 1351 4627 1595 4696; x_wconf 91' lang='lat' dir='ltr'><strong>cultum,</strong></span> <span class='ocrx_word' id='word_1_718' title='bbox 1618 4629 1712 4684; x_wconf 89' lang='lat' dir='ltr'><strong>ad-</strong></span> 
     </span>
    </p>
   </div>
   <div class='ocr_carea' id='block_1_96' title="bbox 108 4707 1708 4787">
    <p class='ocr_par' dir='ltr' id='par_1_96' title="bbox 108 4707 1708 4787">
     <span class='ocr_line' id='line_1_96' title="bbox 108 4707 1708 4787; baseline 0.009 -30"><span class='ocrx_word' id='word_1_719' title='bbox 108 4707 360 4769; x_wconf 88' lang='lat' dir='ltr'><strong>mittimus.</strong></span> <span class='ocrx_word' id='word_1_720' title='bbox 383 4717 586 4785; x_wconf 77' lang='lat' dir='ltr'><strong>Neque</strong></span> <span class='ocrx_word' id='word_1_721' title='bbox 605 4714 756 4769; x_wconf 92' lang='lat' dir='ltr'><strong>enim</strong></span> <span class='ocrx_word' id='word_1_722' title='bbox 786 4714 1373 4771; x_wconf 82' lang='lat' dir='ltr'><strong>invisibilisdeitatis</strong></span> <span class='ocrx_word' id='word_1_723' title='bbox 1398 4715 1708 4787; x_wconf 89' lang='lat' dir='ltr'><strong>imaginem</strong></span> 
     </span>
    </p>
   </div>
   <div class='ocr_carea' id='block_1_97' title="bbox 105 4795 1707 4874">
    <p class='ocr_par' dir='ltr' id='par_1_97' title="bbox 105 4795 1707 4874">
     <span class='ocr_line' id='line_1_97' title="bbox 105 4795 1707 4874; baseline 0.009 -30"><span class='ocrx_word' id='word_1_724' title='bbox 105 4795 605 4873; x_wconf 83' lang='lat' dir='ltr'><strong>etsimilitudinem,</strong></span> <span class='ocrx_word' id='word_1_725' title='bbox 660 4804 743 4858; x_wconf 88' lang='lat' dir='ltr'><strong>vel</strong></span> <span class='ocrx_word' id='word_1_726' title='bbox 775 4802 1003 4859; x_wconf 88' lang='lat' dir='ltr'><strong>schema</strong></span> <span class='ocrx_word' id='word_1_727' title='bbox 1031 4803 1117 4859; x_wconf 90' lang='lat' dir='ltr'><strong>vel</strong></span> <span class='ocrx_word' id='word_1_728' title='bbox 1152 4802 1393 4874; x_wconf 87' lang='lat' dir='ltr'><strong>ﬁguram</strong></span> <span class='ocrx_word' id='word_1_729' title='bbox 1446 4802 1707 4874; x_wconf 89' lang='lat' dir='ltr'><strong>aliquam</strong></span> 
     </span>
    </p>
   </div>
   <div class='ocr_carea' id='block_1_98' title="bbox 108 4877 1704 4962">
    <p class='ocr_par' dir='ltr' id='par_1_98' title="bbox 108 4877 1704 4962">
     <span class='ocr_line' id='line_1_98' title="bbox 108 4877 1704 4962; baseline 0.009 -30"><span class='ocrx_word' id='word_1_730' title='bbox 108 4877 385 4958; x_wconf 79' lang='lat' dir='ltr'><strong>formamus,</strong></span> <span class='ocrx_word' id='word_1_731' title='bbox 410 4904 591 4961; x_wconf 87' lang='lat' dir='ltr'><strong>quam</strong></span> <span class='ocrx_word' id='word_1_732' title='bbox 622 4905 690 4946; x_wconf 91' lang='lat' dir='ltr'><strong>ne</strong></span> <span class='ocrx_word' id='word_1_733' title='bbox 721 4892 978 4961; x_wconf 91' lang='lat' dir='ltr'><strong>ipsorum</strong></span> <span class='ocrx_word' id='word_1_734' title='bbox 1009 4895 1339 4948; x_wconf 89' lang='lat' dir='ltr'><strong>sanctorum</strong></span> <span class='ocrx_word' id='word_1_735' title='bbox 1368 4891 1704 4962; x_wconf 89' lang='lat' dir='ltr'><strong>angelorum</strong></span> 
     </span>
    </p>
   </div>
   <div class='ocr_carea' id='block_1_99' title="bbox 108 4970 1707 5052">
    <p class='ocr_par' dir='ltr' id='par_1_99' title="bbox 108 4970 1707 5052">
     <span class='ocr_line' id='line_1_99' title="bbox 108 4970 1707 5052; baseline 0.008 -27"><span class='ocrx_word' id='word_1_736' title='bbox 108 4970 332 5034; x_wconf 82' lang='lat' dir='ltr'><strong>sublimes</strong></span> <span class='ocrx_word' id='word_1_737' title='bbox 359 4980 603 5036; x_wconf 90' lang='lat' dir='ltr'><strong>ordines</strong></span> <span class='ocrx_word' id='word_1_738' title='bbox 630 4981 994 5037; x_wconf 89' lang='lat' dir='ltr'><strong>considerare</strong></span> <span class='ocrx_word' id='word_1_739' title='bbox 1022 4986 1077 5035; x_wconf 92' lang='lat' dir='ltr'><strong>et</strong></span> <span class='ocrx_word' id='word_1_740' title='bbox 1104 4980 1449 5052; x_wconf 86' lang='lat' dir='ltr'><strong>investigare</strong></span> <span class='ocrx_word' id='word_1_741' title='bbox 1476 4981 1707 5050; x_wconf 89' lang='lat' dir='ltr'><strong>penitus</strong></span> 
     </span>
    </p>
   </div>
   <div class='ocr_carea' id='block_1_100' title="bbox 108 5060 1705 5140">
    <p class='ocr_par' dir='ltr' id='par_1_100' title="bbox 108 5060 1705 5140">
     <span class='ocr_line' id='line_1_100' title="bbox 108 5060 1705 5140; baseline 0.006 -26"><span class='ocrx_word' id='word_1_742' title='bbox 108 5060 259 5118; x_wconf 63' lang='lat' dir='ltr'><strong>Valeat.</strong></span> <span class='ocrx_word' id='word_1_743' title='bbox 286 5066 388 5121; x_wconf 87' lang='lat' dir='ltr'><strong>Sed</strong></span> <span class='ocrx_word' id='word_1_744' title='bbox 442 5069 721 5138; x_wconf 84' lang='lat' dir='ltr'><strong>quoniam</strong></span> <span class='ocrx_word' id='word_1_745' title='bbox 763 5068 1099 5140; x_wconf 90' lang='lat' dir='ltr'><strong>unigenitus</strong></span> <span class='ocrx_word' id='word_1_746' title='bbox 1145 5068 1356 5140; x_wconf 88' lang='lat' dir='ltr'><strong>Filius,</strong></span> <span class='ocrx_word' id='word_1_747' title='bbox 1395 5069 1495 5139; x_wconf 91' lang='lat' dir='ltr'><strong>qui</strong></span> <span class='ocrx_word' id='word_1_748' title='bbox 1527 5072 1614 5124; x_wconf 91' lang='lat' dir='ltr'><strong>est</strong></span> <span class='ocrx_word' id='word_1_749' title='bbox 1646 5069 1705 5124; x_wconf 92' lang='lat' dir='ltr'><strong>in</strong></span> 
     </span>
    </p>
   </div>
   <div class='ocr_carea' id='block_1_101' title="bbox 112 5144 1705 5228">
    <p class='ocr_par' dir='ltr' id='par_1_101' title="bbox 112 5144 1705 5228">
     <span class='ocr_line' id='line_1_101' title="bbox 112 5144 1705 5228; baseline 0.01 -32"><span class='ocrx_word' id='word_1_750' title='bbox 112 5144 205 5203; x_wconf 82' lang='lat' dir='ltr'><strong>sinu</strong></span> <span class='ocrx_word' id='word_1_751' title='bbox 228 5153 423 5223; x_wconf 85' lang='lat' dir='ltr'><strong>Patris,</strong></span> <span class='ocrx_word' id='word_1_752' title='bbox 456 5170 731 5212; x_wconf 86' lang='lat' dir='ltr'><strong>revocans</strong></span> <span class='ocrx_word' id='word_1_753' title='bbox 756 5157 1053 5226; x_wconf 90' lang='lat' dir='ltr'><strong>proprium</strong></span> <span class='ocrx_word' id='word_1_754' title='bbox 1086 5157 1416 5228; x_wconf 89' lang='lat' dir='ltr'><strong>ﬁgmentum</strong></span> <span class='ocrx_word' id='word_1_755' title='bbox 1447 5170 1479 5211; x_wconf 92' lang='lat' dir='ltr'><strong>a</strong></span> <span class='ocrx_word' id='word_1_756' title='bbox 1504 5158 1705 5213; x_wconf 88' lang='lat' dir='ltr'><strong>mortis</strong></span> 
     </span>
    </p>
   </div>
   <div class='ocr_carea' id='block_1_102' title="bbox 111 5232 1708 5315">
    <p class='ocr_par' dir='ltr' id='par_1_102' title="bbox 111 5232 1708 5315">
     <span class='ocr_line' id='line_1_102' title="bbox 111 5232 1708 5315; baseline 0.006 -23"><span class='ocrx_word' id='word_1_757' title='bbox 111 5232 439 5313; x_wconf 72' lang='lat' dir='ltr'><strong>damnatione,</strong></span> <span class='ocrx_word' id='word_1_758' title='bbox 487 5244 845 5314; x_wconf 88' lang='lat' dir='ltr'><strong>beneplacito</strong></span> <span class='ocrx_word' id='word_1_759' title='bbox 884 5246 1070 5300; x_wconf 85' lang='lat' dir='ltr'><strong>Patris</strong></span> <span class='ocrx_word' id='word_1_760' title='bbox 1112 5244 1408 5315; x_wconf 88' lang='lat' dir='ltr'><strong>sanctique</strong></span> <span class='ocrx_word' id='word_1_761' title='bbox 1453 5245 1708 5315; x_wconf 90' lang='lat' dir='ltr'><strong>Spiritus</strong></span> 
     </span>
    </p>
   </div>
   <div class='ocr_carea' id='block_1_103' title="bbox 116 5316 1708 5403">
    <p class='ocr_par' dir='ltr' id='par_1_103' title="bbox 116 5316 1708 5403">
     <span class='ocr_line' id='line_1_103' title="bbox 116 5316 1708 5403; baseline 0.008 -27"><span class='ocrx_word' id='word_1_762' title='bbox 116 5316 234 5381; x_wconf 79' lang='lat' dir='ltr'><strong>homo</strong></span> <span class='ocrx_word' id='word_1_763' title='bbox 253 5330 451 5402; x_wconf 88' lang='lat' dir='ltr'><strong>dignat</strong></span> <span class='ocrx_word' id='word_1_764' title='bbox 500 5348 531 5387; x_wconf 87' lang='lat' dir='ltr'><strong>s</strong></span> <span class='ocrx_word' id='word_1_765' title='bbox 555 5339 639 5387; x_wconf 90' lang='lat' dir='ltr'><strong>est</strong></span> <span class='ocrx_word' id='word_1_766' title='bbox 664 5332 810 5403; x_wconf 90' lang='lat' dir='ltr'><strong>ﬁeri,</strong></span> <span class='ocrx_word' id='word_1_767' title='bbox 839 5332 1113 5388; x_wconf 90' lang='lat' dir='ltr'><strong>similiter</strong></span> <span class='ocrx_word' id='word_1_768' title='bbox 1138 5332 1299 5389; x_wconf 85' lang='lat' dir='ltr'><strong>nobis</strong></span> <span class='ocrx_word' id='word_1_769' title='bbox 1329 5333 1708 5402; x_wconf 84' lang='lat' dir='ltr'><strong>participatus</strong></span> 
     </span>
    </p>
   </div>
   <div class='ocr_carea' id='block_1_104' title="bbox 112 5415 1702 5492">
    <p class='ocr_par' dir='ltr' id='par_1_104' title="bbox 112 5415 1702 5492">
     <span class='ocr_line' id='line_1_104' title="bbox 112 5415 1702 5492; baseline 0.005 -25"><span class='ocrx_word' id='word_1_770' title='bbox 112 5415 254 5470; x_wconf 68' lang='lat' dir='ltr'><strong>mnis</strong></span> <span class='ocrx_word' id='word_1_771' title='bbox 273 5425 324 5473; x_wconf 89' lang='lat' dir='ltr'><strong>et</strong></span> <span class='ocrx_word' id='word_1_772' title='bbox 348 5421 682 5492; x_wconf 84' lang='lat' dir='ltr'><strong>sanguinis,</strong></span> <span class='ocrx_word' id='word_1_773' title='bbox 704 5421 789 5475; x_wconf 93' lang='lat' dir='ltr'><strong>uti</strong></span> <span class='ocrx_word' id='word_1_774' title='bbox 810 5434 1049 5492; x_wconf 91' lang='lat' dir='ltr'><strong>magnus</strong></span> <span class='ocrx_word' id='word_1_775' title='bbox 1067 5421 1152 5476; x_wconf 90' lang='lat' dir='ltr'><strong>ait</strong></span> <span class='ocrx_word' id='word_1_776' title='bbox 1178 5420 1487 5490; x_wconf 86' lang='lat' dir='ltr'><strong>Apostolus</strong></span> <span class='ocrx_word' id='word_1_777' title='bbox 1507 5418 1702 5490; x_wconf 82' lang='lat' dir='ltr'><strong>(Hebr.</strong></span> 
     </span>
    </p>
   </div>
   <div class='ocr_carea' id='block_1_105' title="bbox 116 5504 1706 5591">
    <p class='ocr_par' dir='ltr' id='par_1_105' title="bbox 116 5504 1706 5591">
     <span class='ocr_line' id='line_1_105' title="bbox 116 5504 1706 5591; baseline -0.001 -24"><span class='ocrx_word' id='word_1_778' title='bbox 116 5508 151 5545; x_wconf 58' lang='lat'><strong>1&quot;</strong></span> <span class='ocrx_word' id='word_1_779' title='bbox 167 5504 193 5568; x_wconf 63' lang='grc' dir='ltr'><strong>ξιτ</strong></span> <span class='ocrx_word' id='word_1_780' title='bbox 216 5519 302 5572; x_wconf 78' lang='lat' dir='ltr'><strong>per</strong></span> <span class='ocrx_word' id='word_1_781' title='bbox 326 5511 529 5565; x_wconf 90' lang='lat' dir='ltr'><strong>omnia</strong></span> <span class='ocrx_word' id='word_1_782' title='bbox 561 5509 775 5565; x_wconf 89' lang='lat' dir='ltr'><strong>similis</strong></span> <span class='ocrx_word' id='word_1_783' title='bbox 795 5508 962 5565; x_wconf 88' lang='lat' dir='ltr'><strong>nobis</strong></span> <span class='ocrx_word' id='word_1_784' title='bbox 992 5507 1178 5565; x_wconf 90' lang='lat' dir='ltr'><strong>factus</strong></span> <span class='ocrx_word' id='word_1_785' title='bbox 1205 5507 1423 5580; x_wconf 88' lang='lat' dir='ltr'><strong>absque</strong></span> <span class='ocrx_word' id='word_1_786' title='bbox 1443 5513 1706 5591; x_wconf 83' lang='lat' dir='ltr'><strong>peccato:</strong></span> 
     </span>
    </p>
   </div>
   <div class='ocr_carea' id='block_1_106' title="bbox 1823 4444 3469 4519">
    <p class='ocr_par' dir='ltr' id='par_1_106' title="bbox 1823 4444 3469 4519">
     <span class='ocr_line' id='line_1_106' title="bbox 1823 4444 3469 4519; baseline -0.002 -15"><span class='ocrx_word' id='word_1_787' title='bbox 1823 4450 1928 4505; x_wconf 91' lang='lat' dir='ltr'><strong>hoc</strong></span> <span class='ocrx_word' id='word_1_788' title='bbox 1950 4463 2145 4505; x_wconf 89' lang='lat' dir='ltr'><strong>omnes</strong></span> <span class='ocrx_word' id='word_1_789' title='bbox 2165 4450 2502 4505; x_wconf 88' lang='lat' dir='ltr'><strong>advocantes</strong></span> <span class='ocrx_word' id='word_1_790' title='bbox 2530 4452 2702 4519; x_wconf 89' lang='lat' dir='ltr'><strong>atque</strong></span> <span class='ocrx_word' id='word_1_791' title='bbox 2729 4448 3015 4519; x_wconf 82' lang='lat' dir='ltr'><strong>docentes,</strong></span> <span class='ocrx_word' id='word_1_792' title='bbox 3048 4459 3217 4503; x_wconf 91' lang='lat' dir='ltr'><strong>suum</strong></span> <span class='ocrx_word' id='word_1_793' title='bbox 3247 4444 3469 4502; x_wconf 88' lang='lat' dir='ltr'><strong>eﬁ‘ude—</strong></span> 
     </span>
    </p>
   </div>
   <div class='ocr_carea' id='block_1_107' title="bbox 1821 4532 3467 4608">
    <p class='ocr_par' dir='ltr' id='par_1_107' title="bbox 1821 4532 3467 4608">
     <span class='ocr_line' id='line_1_107' title="bbox 1821 4532 3467 4608; baseline -0.002 -17"><span class='ocrx_word' id='word_1_794' title='bbox 1821 4541 1958 4593; x_wconf 92' lang='lat' dir='ltr'><strong>runt</strong></span> <span class='ocrx_word' id='word_1_795' title='bbox 1987 4538 2343 4608; x_wconf 89' lang='lat' dir='ltr'><strong>sanguinem,</strong></span> <span class='ocrx_word' id='word_1_796' title='bbox 2377 4540 2433 4592; x_wconf 91' lang='lat' dir='ltr'><strong>et</strong></span> <span class='ocrx_word' id='word_1_797' title='bbox 2460 4550 2604 4592; x_wconf 70' lang='lat' dir='ltr'><strong>verae</strong></span> <span class='ocrx_word' id='word_1_798' title='bbox 2642 4534 3021 4591; x_wconf 87' lang='lat' dir='ltr'><strong>confessionis</strong></span> <span class='ocrx_word' id='word_1_799' title='bbox 3057 4546 3266 4590; x_wconf 89' lang='lat' dir='ltr'><strong>corona</strong></span> <span class='ocrx_word' id='word_1_800' title='bbox 3306 4532 3467 4589; x_wconf 91' lang='lat' dir='ltr'><strong>redi-</strong></span> 
     </span>
    </p>
   </div>
   <div class='ocr_carea' id='block_1_108' title="bbox 1821 4621 3461 4692">
    <p class='ocr_par' dir='ltr' id='par_1_108' title="bbox 1821 4621 3461 4692">
     <span class='ocr_line' id='line_1_108' title="bbox 1821 4621 3461 4692; baseline -0.002 -13"><span class='ocrx_word' id='word_1_801' title='bbox 1821 4624 1950 4679; x_wconf 93' lang='lat' dir='ltr'><strong>miti</strong></span> <span class='ocrx_word' id='word_1_802' title='bbox 1990 4629 2144 4680; x_wconf 90' lang='lat' dir='ltr'><strong>sunt.</strong></span> <span class='ocrx_word' id='word_1_803' title='bbox 2173 4624 2277 4679; x_wconf 90' lang='lat' dir='ltr'><strong>Hic</strong></span> <span class='ocrx_word' id='word_1_804' title='bbox 2311 4628 2398 4680; x_wconf 92' lang='lat' dir='ltr'><strong>est</strong></span> <span class='ocrx_word' id='word_1_805' title='bbox 2436 4624 2639 4680; x_wconf 90' lang='lat' dir='ltr'><strong>modus</strong></span> <span class='ocrx_word' id='word_1_806' title='bbox 2674 4621 3064 4678; x_wconf 88' lang='lat' dir='ltr'><strong>faciendarum</strong></span> <span class='ocrx_word' id='word_1_807' title='bbox 3106 4621 3461 4692; x_wconf 86' lang='lat' dir='ltr'><strong>imaginum:</strong></span> 
     </span>
    </p>
   </div>
   <div class='ocr_carea' id='block_1_109' title="bbox 1819 4709 3461 4783">
    <p class='ocr_par' dir='ltr' id='par_1_109' title="bbox 1819 4709 3461 4783">
     <span class='ocr_line' id='line_1_109' title="bbox 1819 4709 3461 4783; baseline -0.002 -14"><span class='ocrx_word' id='word_1_808' title='bbox 1819 4727 1932 4769; x_wconf 89' lang='lat' dir='ltr'><strong>non</strong></span> <span class='ocrx_word' id='word_1_809' title='bbox 1955 4726 2067 4783; x_wconf 91' lang='lat' dir='ltr'><strong>quo</strong></span> <span class='ocrx_word' id='word_1_810' title='bbox 2089 4712 2378 4769; x_wconf 90' lang='lat' dir='ltr'><strong>decentem</strong></span> <span class='ocrx_word' id='word_1_811' title='bbox 2402 4710 2972 4782; x_wconf 89' lang='lat' dir='ltr'><strong>incomprehensibili</strong></span> <span class='ocrx_word' id='word_1_812' title='bbox 2996 4715 3052 4765; x_wconf 92' lang='lat' dir='ltr'><strong>et</strong></span> <span class='ocrx_word' id='word_1_813' title='bbox 3072 4709 3461 4766; x_wconf 88' lang='lat' dir='ltr'><strong>inaccessibili</strong></span> 
     </span>
    </p>
   </div>
   <div class='ocr_carea' id='block_1_110' title="bbox 1817 4796 3469 4870">
    <p class='ocr_par' dir='ltr' id='par_1_110' title="bbox 1817 4796 3469 4870">
     <span class='ocr_line' id='line_1_110' title="bbox 1817 4796 3469 4870; baseline -0.001 -14"><span class='ocrx_word' id='word_1_814' title='bbox 1817 4801 2020 4857; x_wconf 89' lang='lat' dir='ltr'><strong>deitati</strong></span> <span class='ocrx_word' id='word_1_815' title='bbox 2055 4800 2116 4855; x_wconf 92' lang='lat' dir='ltr'><strong>in</strong></span> <span class='ocrx_word' id='word_1_816' title='bbox 2146 4800 2362 4870; x_wconf 88' lang='lat' dir='ltr'><strong>spiritu</strong></span> <span class='ocrx_word' id='word_1_817' title='bbox 2392 4804 2448 4855; x_wconf 90' lang='lat' dir='ltr'><strong>et</strong></span> <span class='ocrx_word' id='word_1_818' title='bbox 2475 4800 2715 4855; x_wconf 90' lang='lat' dir='ltr'><strong>veritate</strong></span> <span class='ocrx_word' id='word_1_819' title='bbox 2742 4798 3134 4855; x_wconf 88' lang='lat' dir='ltr'><strong>adorationem</strong></span> <span class='ocrx_word' id='word_1_820' title='bbox 3165 4796 3469 4854; x_wconf 87' lang='lat' dir='ltr'><strong>transfera-</strong></span> 
     </span>
    </p>
   </div>
   <div class='ocr_carea' id='block_1_111' title="bbox 1819 4885 3469 4959">
    <p class='ocr_par' dir='ltr' id='par_1_111' title="bbox 1819 4885 3469 4959">
     <span class='ocr_line' id='line_1_111' title="bbox 1819 4885 3469 4959; baseline -0.002 -14"><span class='ocrx_word' id='word_1_821' title='bbox 1819 4903 1946 4945; x_wconf 90' lang='lat' dir='ltr'><strong>mus</strong></span> <span class='ocrx_word' id='word_1_822' title='bbox 1972 4889 2030 4943; x_wconf 93' lang='lat' dir='ltr'><strong>in</strong></span> <span class='ocrx_word' id='word_1_823' title='bbox 2064 4885 2418 4943; x_wconf 89' lang='lat' dir='ltr'><strong>manufactas</strong></span> <span class='ocrx_word' id='word_1_824' title='bbox 2450 4888 2750 4959; x_wconf 89' lang='lat' dir='ltr'><strong>imagines,</strong></span> <span class='ocrx_word' id='word_1_825' title='bbox 2784 4886 2869 4942; x_wconf 88' lang='lat' dir='ltr'><strong>vel</strong></span> <span class='ocrx_word' id='word_1_826' title='bbox 2897 4886 3042 4941; x_wconf 89' lang='lat' dir='ltr'><strong>artis</strong></span> <span class='ocrx_word' id='word_1_827' title='bbox 3070 4899 3241 4956; x_wconf 89' lang='lat' dir='ltr'><strong>opera</strong></span> <span class='ocrx_word' id='word_1_828' title='bbox 3271 4886 3469 4942; x_wconf 89' lang='lat' dir='ltr'><strong>homi—</strong></span> 
     </span>
    </p>
   </div>
   <div class='ocr_carea' id='block_1_112' title="bbox 1818 4973 3467 5047">
    <p class='ocr_par' dir='ltr' id='par_1_112' title="bbox 1818 4973 3467 5047">
     <span class='ocr_line' id='line_1_112' title="bbox 1818 4973 3467 5047; baseline -0.001 -16"><span class='ocrx_word' id='word_1_829' title='bbox 1818 4991 1973 5047; x_wconf 91' lang='lat' dir='ltr'><strong>num,</strong></span> <span class='ocrx_word' id='word_1_830' title='bbox 2005 4976 2092 5031; x_wconf 88' lang='lat' dir='ltr'><strong>vel</strong></span> <span class='ocrx_word' id='word_1_831' title='bbox 2124 4975 2360 5031; x_wconf 90' lang='lat' dir='ltr'><strong>omnino</strong></span> <span class='ocrx_word' id='word_1_832' title='bbox 2392 4975 2451 5030; x_wconf 91' lang='lat' dir='ltr'><strong>in</strong></span> <span class='ocrx_word' id='word_1_833' title='bbox 2482 4988 2576 5030; x_wconf 91' lang='lat' dir='ltr'><strong>eas</strong></span> <span class='ocrx_word' id='word_1_834' title='bbox 2605 4989 2728 5045; x_wconf 65' lang='lat' dir='ltr'><strong>quae</strong></span> <span class='ocrx_word' id='word_1_835' title='bbox 2760 4987 2792 5029; x_wconf 93' lang='lat' dir='ltr'><strong>a</strong></span> <span class='ocrx_word' id='word_1_836' title='bbox 2820 4976 2934 5030; x_wconf 88' lang='lat' dir='ltr'><strong>Deo</strong></span> <span class='ocrx_word' id='word_1_837' title='bbox 2965 4973 3123 5029; x_wconf 71' lang='lat' dir='ltr'><strong>factas</strong></span> <span class='ocrx_word' id='word_1_838' title='bbox 3154 4978 3290 5030; x_wconf 91' lang='lat' dir='ltr'><strong>sunt</strong></span> <span class='ocrx_word' id='word_1_839' title='bbox 3317 4986 3467 5030; x_wconf 87' lang='lat' dir='ltr'><strong>crea-</strong></span> 
     </span>
    </p>
   </div>
   <div class='ocr_carea' id='block_1_113' title="bbox 1815 5061 3461 5128">
    <p class='ocr_par' dir='ltr' id='par_1_113' title="bbox 1815 5061 3461 5128">
     <span class='ocr_line' id='line_1_113' title="bbox 1815 5061 3461 5128; baseline -0.002 -8"><span class='ocrx_word' id='word_1_840' title='bbox 1815 5070 1960 5120; x_wconf 65' lang='lat' dir='ltr'><strong>tura:</strong></span> <span class='ocrx_word' id='word_1_841' title='bbox 1990 5064 2110 5119; x_wconf 87' lang='lat' dir='ltr'><strong>sive</strong></span> <span class='ocrx_word' id='word_1_842' title='bbox 2146 5063 2206 5119; x_wconf 90' lang='lat' dir='ltr'><strong>in</strong></span> <span class='ocrx_word' id='word_1_843' title='bbox 2247 5062 2603 5128; x_wconf 87' lang='lat' dir='ltr'><strong>visibilibus,</strong></span> <span class='ocrx_word' id='word_1_844' title='bbox 2648 5061 2767 5117; x_wconf 91' lang='lat' dir='ltr'><strong>sive</strong></span> <span class='ocrx_word' id='word_1_845' title='bbox 2793 5061 2852 5116; x_wconf 92' lang='lat' dir='ltr'><strong>in</strong></span> <span class='ocrx_word' id='word_1_846' title='bbox 2896 5061 3296 5118; x_wconf 90' lang='lat' dir='ltr'><strong>invisibilibus</strong></span> <span class='ocrx_word' id='word_1_847' title='bbox 3321 5080 3334 5116; x_wconf 87' lang='lat'><strong>:</strong></span> <span class='ocrx_word' id='word_1_848' title='bbox 3364 5061 3461 5119; x_wconf 91' lang='lat' dir='ltr'><strong>sed</strong></span> 
     </span>
    </p>
   </div>
   <div class='ocr_carea' id='block_1_114' title="bbox 1815 5149 3465 5224">
    <p class='ocr_par' dir='ltr' id='par_1_114' title="bbox 1815 5149 3465 5224">
     <span class='ocr_line' id='line_1_114' title="bbox 1815 5149 3465 5224; baseline -0.002 -16"><span class='ocrx_word' id='word_1_849' title='bbox 1815 5167 1928 5224; x_wconf 91' lang='lat' dir='ltr'><strong>quo</strong></span> <span class='ocrx_word' id='word_1_850' title='bbox 1952 5152 2343 5223; x_wconf 88' lang='lat' dir='ltr'><strong>dilectionem,</strong></span> <span class='ocrx_word' id='word_1_851' title='bbox 2368 5164 2536 5222; x_wconf 90' lang='lat' dir='ltr'><strong>quam</strong></span> <span class='ocrx_word' id='word_1_852' title='bbox 2557 5151 2710 5220; x_wconf 88' lang='lat' dir='ltr'><strong>juste</strong></span> <span class='ocrx_word' id='word_1_853' title='bbox 2736 5149 3096 5219; x_wconf 90' lang='lat' dir='ltr'><strong>possidemus</strong></span> <span class='ocrx_word' id='word_1_854' title='bbox 3124 5150 3279 5205; x_wconf 90' lang='lat' dir='ltr'><strong>circa</strong></span> <span class='ocrx_word' id='word_1_855' title='bbox 3304 5164 3465 5207; x_wconf 91' lang='lat' dir='ltr'><strong>veros</strong></span> 
     </span>
    </p>
   </div>
   <div class='ocr_carea' id='block_1_115' title="bbox 1815 5238 3461 5310">
    <p class='ocr_par' dir='ltr' id='par_1_115' title="bbox 1815 5238 3461 5310">
     <span class='ocr_line' id='line_1_115' title="bbox 1815 5238 3461 5310; baseline -0.002 -13"><span class='ocrx_word' id='word_1_856' title='bbox 1815 5255 2008 5297; x_wconf 90' lang='lat' dir='ltr'><strong>servos</strong></span> <span class='ocrx_word' id='word_1_857' title='bbox 2046 5240 2146 5295; x_wconf 92' lang='lat' dir='ltr'><strong>Dei</strong></span> <span class='ocrx_word' id='word_1_858' title='bbox 2190 5240 2395 5310; x_wconf 91' lang='lat' dir='ltr'><strong>nostri,</strong></span> <span class='ocrx_word' id='word_1_859' title='bbox 2439 5254 2538 5310; x_wconf 92' lang='lat' dir='ltr'><strong>per</strong></span> <span class='ocrx_word' id='word_1_860' title='bbox 2578 5238 2745 5294; x_wconf 89' lang='lat' dir='ltr'><strong>talem</strong></span> <span class='ocrx_word' id='word_1_861' title='bbox 2787 5238 3015 5294; x_wconf 91' lang='lat' dir='ltr'><strong>modum</strong></span> <span class='ocrx_word' id='word_1_862' title='bbox 3061 5242 3461 5307; x_wconf 86' lang='lat' dir='ltr'><strong>monstrantes,</strong></span> 
     </span>
    </p>
   </div>
   <div class='ocr_carea' id='block_1_116' title="bbox 1817 5325 3465 5399">
    <p class='ocr_par' dir='ltr' id='par_1_116' title="bbox 1817 5325 3465 5399">
     <span class='ocr_line' id='line_1_116' title="bbox 1817 5325 3465 5399; baseline -0.002 -14"><span class='ocrx_word' id='word_1_863' title='bbox 1817 5344 1915 5399; x_wconf 88' lang='lat' dir='ltr'><strong>per</strong></span> <span class='ocrx_word' id='word_1_864' title='bbox 1942 5329 2176 5384; x_wconf 91' lang='lat' dir='ltr'><strong>illorum</strong></span> <span class='ocrx_word' id='word_1_865' title='bbox 2215 5328 2482 5383; x_wconf 89' lang='lat' dir='ltr'><strong>honorem</strong></span> <span class='ocrx_word' id='word_1_866' title='bbox 2514 5329 2570 5383; x_wconf 93' lang='lat' dir='ltr'><strong>in</strong></span> <span class='ocrx_word' id='word_1_867' title='bbox 2596 5329 2772 5382; x_wconf 89' lang='lat' dir='ltr'><strong>Deum</strong></span> <span class='ocrx_word' id='word_1_868' title='bbox 2810 5328 2909 5399; x_wconf 91' lang='lat' dir='ltr'><strong>qui</strong></span> <span class='ocrx_word' id='word_1_869' title='bbox 2940 5327 3011 5384; x_wconf 91' lang='lat' dir='ltr'><strong>ab</strong></span> <span class='ocrx_word' id='word_1_870' title='bbox 3040 5327 3131 5383; x_wconf 90' lang='lat' dir='ltr'><strong>his</strong></span> <span class='ocrx_word' id='word_1_871' title='bbox 3170 5325 3465 5399; x_wconf 85' lang='lat' dir='ltr'><strong>gloriﬁca—</strong></span> 
     </span>
    </p>
   </div>
   <div class='ocr_carea' id='block_1_117' title="bbox 1818 5415 3463 5487">
    <p class='ocr_par' dir='ltr' id='par_1_117' title="bbox 1818 5415 3463 5487">
     <span class='ocr_line' id='line_1_117' title="bbox 1818 5415 3463 5487; baseline -0.004 -13"><span class='ocrx_word' id='word_1_872' title='bbox 1818 5424 1912 5473; x_wconf 90' lang='lat' dir='ltr'><strong>tus</strong></span> <span class='ocrx_word' id='word_1_873' title='bbox 1931 5422 2016 5474; x_wconf 92' lang='lat' dir='ltr'><strong>est</strong></span> <span class='ocrx_word' id='word_1_874' title='bbox 2044 5422 2100 5472; x_wconf 88' lang='lat' dir='ltr'><strong>et</strong></span> <span class='ocrx_word' id='word_1_875' title='bbox 2124 5417 2257 5472; x_wconf 91' lang='lat' dir='ltr'><strong>illos</strong></span> <span class='ocrx_word' id='word_1_876' title='bbox 2287 5416 2631 5487; x_wconf 86' lang='lat' dir='ltr'><strong>gloriﬁcavit</strong></span> <span class='ocrx_word' id='word_1_877' title='bbox 2655 5416 2710 5471; x_wconf 92' lang='lat' dir='ltr'><strong>in</strong></span> <span class='ocrx_word' id='word_1_878' title='bbox 2739 5416 3096 5473; x_wconf 87' lang='lat' dir='ltr'><strong>confessione</strong></span> <span class='ocrx_word' id='word_1_879' title='bbox 3123 5415 3463 5471; x_wconf 89' lang='lat' dir='ltr'><strong>dominatio-</strong></span> 
     </span>
    </p>
   </div>
   <div class='ocr_carea' id='block_1_118' title="bbox 1820 5502 3463 5577">
    <p class='ocr_par' dir='ltr' id='par_1_118' title="bbox 1820 5502 3463 5577">
     <span class='ocr_line' id='line_1_118' title="bbox 1820 5502 3463 5577; baseline -0.005 -14"><span class='ocrx_word' id='word_1_880' title='bbox 1820 5507 1913 5563; x_wconf 88' lang='lat' dir='ltr'><strong>nis</strong></span> <span class='ocrx_word' id='word_1_881' title='bbox 1954 5507 2099 5576; x_wconf 90' lang='lat' dir='ltr'><strong>ejus,</strong></span> <span class='ocrx_word' id='word_1_882' title='bbox 2143 5505 2616 5577; x_wconf 87' lang='lat' dir='ltr'><strong>gloriﬁcationem</strong></span> <span class='ocrx_word' id='word_1_883' title='bbox 2658 5509 2716 5560; x_wconf 91' lang='lat' dir='ltr'><strong>et</strong></span> <span class='ocrx_word' id='word_1_884' title='bbox 2746 5505 2966 5561; x_wconf 90' lang='lat' dir='ltr'><strong>cultum</strong></span> <span class='ocrx_word' id='word_1_885' title='bbox 3013 5502 3363 5559; x_wconf 85' lang='lat' dir='ltr'><strong>referamus:</strong></span> <span class='ocrx_word' id='word_1_886' title='bbox 3400 5506 3463 5557; x_wconf 91' lang='lat' dir='ltr'><strong>ut</strong></span> 
     </span>
    </p>
   </div>
  </div>
