4012 6162
489 246 595 304 323

1732 246 2085 303 ANASTASII
2127 242 2666 303 BlBLIOTHECARII

3785 253 3889 314 324

483 377 541 426 et
568 385 668 428 nos
695 371 1012 427 imitatores
1040 373 1342 430 virilitatis
1370 388 1567 431 eorum
1592 379 1648 430 et
1671 375 1980 430 charitasis
2005 388 2131 445 quae
2160 369 2221 430 A
2247 376 2506 431 notarius
2530 384 2586 431 et
2607 378 2981 449 scevophylax
3012 364 3422 439 venerabilium
3469 384 3893 454 patriarchico—
3983 457 3986 460 ἢ

489 459 547 514 in
568 461 744 514 Deum
769 464 873 530 est,
905 475 1002 528 per
1023 460 1167 517 bona
1193 476 1362 532 opera
1387 467 1443 518 et
1469 461 1906 533 refragationem
1931 468 2127 518 contra

486 547 627 601 vitia
655 548 1130 611 demonstremur.
1167 552 1334 606 Juxta
1370 557 1510 623 ergo
1539 551 1691 607 hunc
1721 552 1948 606 modum
1978 551 2130 605 ima-

485 635 685 705 ginum
731 634 1037 692 fracturam
1081 639 1141 693 in
1181 639 1431 694 Ecclesia
1470 639 1684 696 Christi
1729 639 1873 709 fieri,
1917 643 1973 694 et
2016 653 2125 694 non

484 723 719 779 aliunde
731 738 834 780 nos
849 740 973 795 qua
987 732 1122 782 sunt
1138 726 1346 783 salutis
1362 733 1704 797 exspectare,
1726 728 2127 799 unusquisque

483 811 804 867 certissime
837 814 1075 884 noverit,
1112 820 1223 870 tam
1251 815 1311 870 in
1341 815 1563 871 visibili
1599 817 1829 888 mundo,
1863 830 2030 886 quam
2067 815 2125 870 in

485 897 682 958 futuro
720 901 946 972 saeculo,
991 903 1105 957 nisi
1137 917 1168 958 a
1198 903 1322 959 solo
1353 903 1651 974 unigenito
1681 904 1830 960 Filio
1863 905 1962 959 Dei
2015 917 2126 959 una

484 1002 614 1043 cum
634 989 798 1044 Patre
817 995 875 1044 et
896 990 1118 1059 Spiritu
1144 997 1361 1063 sancto,
1394 993 1495 1062 qui
1528 992 1730 1048 divina
1761 994 1908 1048 dona
1945 991 2130 1062 largi—

487 1080 599 1132 tur.
624 1078 816 1147 Neque
836 1077 989 1132 enim
1015 1078 1174 1134 aliud
1203 1093 1405 1135 nomen
1426 1086 1513 1136 est
1538 1081 1736 1137 datum
1773 1079 2126 1148 hominibus,

486 1165 547 1220 in
578 1180 691 1236 quo
735 1179 838 1222 nos
881 1166 1067 1222 salvos
1106 1167 1226 1224 ﬁeri
1265 1174 1522 1238 oporteat
1559 1167 1700 1239 (Act.
1743 1167 1837 1240 ιν).
1875 1170 2049 1224 Porro
2075 1171 2131 1222 et

485 1253 536 1308 si
557 1254 786 1309 Domini
817 1258 873 1308 et
891 1254 1201 1311 Salvatoris
1237 1257 1441 1326 nostri,
1470 1263 1526 1312 et
1554 1257 1900 1313 intemeratae
1931 1255 2132 1311 Matris

484 1341 629 1410 ejus,
673 1356 797 1411 quae
821 1356 949 1397 vere
971 1343 1071 1398 Dei
1113 1344 1366 1414 genitrix
1403 1349 1508 1408 est,
1546 1350 1602 1400 et
1651 1350 1976 1401 sanctorum
2005 1345 2130 1414 ejus

487 1428 764 1501 imagines
812 1431 1148 1502 salutamus,
1196 1433 1292 1488 sed
1345 1447 1456 1489 non
1507 1434 1820 1490 secundum
1870 1433 2128 1489 eumdem

484 1516 747 1573 ati’ectum
776 1519 948 1574 etiam
983 1519 1145 1575 ﬁdem
1177 1521 1331 1576 circa
1365 1522 1496 1577 illos
1529 1522 1683 1591 ipsos
1715 1522 2005 1578 habemus.
2034 1523 2130 1575 Ve-

487 1611 804 1662 rumtamen
833 1609 1010 1664 Deum
1050 1609 1279 1678 quidem
1324 1611 1587 1666 novimus
1622 1607 1757 1683 [Gr.,
1796 1611 1974 1666 Deum
2006 1609 2132 1680 qui-

485 1693 610 1748 dem
640 1694 801 1750 illum
833 1693 983 1770 nov.]
1012 1697 1138 1752 sine
1165 1697 1338 1752 initio
1359 1703 1415 1753 et
1442 1698 1756 1769 inﬁnitum,
1780 1704 1837 1754 et
1868 1699 1927 1754 in
1960 1713 2130 1755 manu

523 1783 677 1838 mnia
711 1784 1116 1856 continentem,
1161 1783 1545 1856 factoremque
1579 1794 1837 1843 nostrum
1867 1794 1923 1842 et
1943 1788 2133 1842 omnis

489 1876 780 1943 creaturae,
823 1877 878 1928 et
907 1874 1183 1928 veraciter
1219 1875 1554 1931 salvatorem
1593 1878 1790 1946 Deum,
1834 1875 2131 1931 habentem

492 1965 821 2029 potestatem
854 1962 913 2016 in
939 1962 1076 2016 CERIO
1100 1968 1156 2017 et
1181 1963 1240 2018 in
1264 1968 1436 2035 terra,
1469 1978 1570 2033 pro
1601 1978 1803 2035 genere
1833 1965 2130 2020 hominum

491 2047 847 2112 incarnatum
881 2048 1077 2106 fuisse.
1113 2052 1283 2107 Porro
1316 2052 1461 2107 hanc
1494 2053 1782 2124 ancillam,
1815 2058 1872 2110 et
1903 2054 2130 2123 proprie

491 2139 724 2190 matrem
760 2137 904 2207 ejus,
943 2151 1009 2192 ac
1046 2138 1508 2195 intercessionem
1550 2141 2003 2210 potentissimam
2043 2156 2132 2213 ge-

490 2223 646 2278 neris
668 2225 849 2278 nostri
878 2225 1247 2295 suscipimus.
1279 2227 1447 2282 Illum
1475 2228 1705 2297 quidem
1733 2234 1796 2285 ut
1814 2229 2130 2287 dominato-

491 2326 627 2383 rem,
658 2318 714 2367 et
751 2327 873 2383 quae
908 2314 1116 2370 salutis
1155 2322 1361 2371 nostrae
1397 2322 1532 2372 sunt
1570 2319 1915 2375 tribuentem
1944 2322 2128 2387 ghanc

486 2414 617 2455 vero
665 2407 729 2456 ut
777 2407 1026 2457 materne
1075 2418 1173 2471 pro
1226 2404 1393 2459 nobis
1442 2410 1717 2473 petentem
1759 2415 1859 2463 :et
1905 2416 2130 2466 sanctos

487 2494 1012 2559 omnes,.-tanquam
1057 2505 1356 2546 conservos
1391 2493 1620 2562 quidem
1661 2501 1906 2567 nostros,
1943 2502 2000 2553 et
2035 2512 2130 2554 no-

487 2582 620 2632 stra}
650 2582 867 2633 natura:
904 2579 1300 2650 consistentes,
1340 2581 1434 2636 sed
1464 2582 1749 2650 placentes
1776 2587 1910 2655 Deo,
1942 2600 2130 2656 quem-

487 2665 790 2720 admodum
827 2667 1161 2735 praedictum
1187 2674 1290 2739 est,
1315 2677 1371 2725 et
1389 2685 1691 2740 supernam
1728 2676 2126 2731 conﬁdentiam

486 2760 542 2810 et
566 2754 977 2810 beatitudinem
1009 2757 1159 2825 apud
1186 2771 1314 2812 eum
1345 2759 1599 2831 adeptos,
1628 2769 1685 2818 et
1713 2765 1953 2838 gratiam
1984 2779 2129 2820 con—

488 2849 712 2899 secutos
753 2856 785 2898 a
821 2845 935 2898 Deo
987 2845 1054 2899 ad
1116 2845 1559 2904 ministrandum
1622 2851 1788 2906 nobis
1852 2853 2126 2909 beneﬁcia

491 2931 695 3001 ipsius,
760 2931 1150 3002 sanitatesque
1213 2936 1562 3007 passionum,
1621 2944 1678 2994 et
1739 2941 2125 3009 periculorum

2163 1703 2215 1764 B

485 3019 805 3088 ereptiones
839 3019 898 3073 in
937 3020 1295 3078 invocatione
1331 3025 1430 3079 Dei
1465 3027 1669 3098 nostri,
1707 3042 1836 3083 cum
1876 3045 1973 3098 per
2003 3045 2129 3085 me—
2157 3021 2205 3080 Ο

489 3106 726 3162 moriam
760 3121 956 3162 eorum
994 3108 1053 3162 in
1082 3109 1308 3179 hymnis
1332 3117 1388 3167 et
1406 3115 1669 3186 canticis,
1712 3116 2123 3172 beatitudinem

485 3201 543 3252 et
595 3195 861 3251 honorem
926 3195 1178 3265 ipsorum
1247 3201 1571 3258 recolimus.
1641 3205 1910 3261 Memoria
1972 3207 2124 3261 enim

482 3285 791 3355 justorum,
808 3285 1175 3354 utScriptura
1194 3287 1404 3361 inquit,
1419 3304 1548 3345 cum
1569 3291 1840 3349 laudibus
1855 3293 2026 3364 (Prov.
2047 3294 2120 3366 x).

485 3373 612 3428 Haec
645 3373 836 3428 omnia
869 3374 986 3442 jam
1028 3377 1398 3444 exposuimus
1423 3380 1538 3448 jam
1577 3379 1693 3436 fato
1734 3384 1846 3438 Deo
1888 3383 2120 3438 amabili

483 3460 749 3530 episcopo
778 3461 1024 3517 Nacolia:
1051 3480 1062 3515 :
1091 3479 1216 3533 quae
1244 3473 1301 3521 et
1327 3468 1602 3540 suscepit,
1634 3474 1690 3524 et
1719 3469 2011 3539 professus
2039 3476 2126 3526 est

485 3555 752 3619 tanquam
787 3563 974 3606 coram
1018 3552 1132 3606 Deo
1172 3554 1572 3611 universorum
1612 3558 1697 3611 sic
1732 3572 1793 3612 se
1821 3564 2030 3629 tenere,
2068 3563 2126 3612 et

485 3638 633 3693 nihil
661 3639 820 3693 aliud
841 3639 1031 3693 dicere
1052 3639 1136 3693 vel
1160 3655 1328 3711 agere
1346 3643 1414 3696 ad
1439 3644 1909 3701 scandalizandos
1936 3661 2124 3715 popu-

486 3725 589 3795 los,
631 3727 716 3781 vel
757 3726 1106 3780 turbationis
1153 3729 1239 3782 eis
1285 3742 1513 3785 causam
1565 3735 1967 3800 praestandum.
2010 3737 2123 3790 Hoc

483 3826 616 3883 ergo
641 3813 828 3868 sciens
856 3815 970 3868 Deo
1003 3814 1331 3872 amabilitas
1365 3823 1568 3888 vestra,
1602 3833 1784 3890 neque
1823 3824 1934 3878 Deo
1961 3837 2126 3878 ama-

484 3898 656 3953 bilem
705 3900 980 3968 synodum
1020 3915 1180 3956 suam
1225 3905 1416 3958 vexari
1462 3904 1655 3978 faciat,
1671 3921 1877 3978 meque
1915 3911 1975 3965 in
2017 3912 2123 3969 hoc

483 3986 814 4042 scandalum
843 3987 894 4041 ei
927 3987 1158 4058 aliquod
1194 3989 1310 4045 ﬁat.
1353 3993 1454 4048 Sed
1499 3994 1570 4049 de
1606 4002 1808 4053 caetero
1845 4000 2122 4055 accersito

481 4087 567 4142 eo,
591 4079 645 4128 et
667 4075 1041 4142 praesentibus
1081 4077 1294 4133 litteris
1335 4083 1550 4138 nostris
1585 4083 1750 4140 lectis
1783 4087 2125 4144 satisfactio.

483 4176 664 4232 neque
687 4175 998 4219 consensus
1021 4165 1146 4234 ejus
1170 4180 1268 4236 per
1296 4181 1390 4223 eas
1415 4165 1562 4242 [Gr.,
1590 4171 1650 4226 in
1683 4171 1813 4247 his]
1839 4181 2119 4245 percepta,

481 4254 676 4307 exoret
705 4251 944 4321 quidem.
967 4267 1066 4322 pro
1110 4255 1456 4324 Optimorum
1496 4260 1860 4327 dominorum
1887 4270 2124 4322 nostro-

483 4354 610 4395 rum
661 4345 718 4395 et
770 4340 1175 4410 imperatorum
1216 4344 1574 4418 longmvitate
1626 4355 1797 4420 atque
1843 4353 2116 4411 victoria:
2151 4357 2203 4418 D

485 4429 732 4498 postulet
754 4434 942 4486 autem
985 4438 1040 4487 et
1075 4433 1540 4490 Christianorum
1574 4438 1724 4507 plebi
1776 4455 1965 4511 pacem
1995 4446 2116 4518 Dei,

479 4532 605 4588 quae
623 4524 926 4588 exsuperat
943 4534 1165 4576 omnem
1187 4536 1415 4578 sensum
1437 4523 1674 4596 (Philip.
1706 4530 1812 4603 1v).

553 4607 822 4663 Tarasius
877 4610 1278 4667 sanctissimus
1328 4615 1651 4682 patriarcha
1711 4619 1900 4676 dixit:
1959 4623 2121 4679 Pater

483 4700 674 4750 noster
719 4701 948 4752 sanctus
994 4699 1310 4756 Germanus
1361 4707 1671 4762 concordat
1718 4723 1848 4766 cum
1900 4711 2122 4780 praede-

481 4784 806 4839 cessoribus
834 4786 1218 4844 sanctissimis
1244 4791 1529 4850 Patribus.

551 4871 750 4927 Sancta
783 4874 1033 4944 synodus
1069 4877 1251 4933 dixit:
1292 4881 1443 4953 Vere,
1484 4885 1733 4958 domine,
1761 4887 1819 4942 in
1852 4889 2119 4947 omnibus

481 4961 804 5017 concordat.

551 5049 820 5105 Tarasius
845 5055 1246 5113 sanctissimus
1264 5059 1587 5128 patriarcha
1607 5063 1759 5120 dixit
1783 5085 1795 5120 :
1819 5068 1928 5123 Has
1955 5069 2121 5126 litte—

482 5150 574 5191 ras
599 5139 919 5207 suscipiens
965 5146 1324 5202 Nacoliensis
1355 5149 1678 5223 abscondit,
1713 5159 1769 5208 et
1800 5169 1908 5212 non
1959 5160 2118 5215 dedit

480 5239 576 5282 eas
623 5229 1058 5296 metropolitano
1113 5249 1235 5290 suo.
1286 5235 1366 5290 Ad
1409 5237 1514 5293 hoc
1555 5240 1760 5296 iterum
1801 5246 2005 5302 scribit
2046 5250 2114 5304 ad

480 5315 866 5371 Nacoliensem
910 5317 1110 5375 beatus
1146 5323 1478 5380 Germanus.
1531 5328 1767 5384 Initium
1798 5333 1949 5388 enim
1995 5335 2120 5392 hae—

482 5416 668 5458 reseos
697 5417 764 5458 ex
787 5404 890 5461 illo
921 5404 1049 5462 fuit.

548 5492 876 5550 Theodorus
914 5489 1255 5573 [Theodos]
1308 5501 1422 5558 Deo
1477 5503 1748 5563 amabilis
1814 5510 2111 5588 diaconus,

2245 477 2370 518 rum
2389 466 2794 538 oratoriorum,
2820 469 2992 540 legit:

2239 584 2500 651 Ejusdem
2539 588 2718 642 Patris
2765 592 2939 643 nostri
2974 598 3174 645 sanctae
3214 596 3480 647 memoria:
3513 593 3768 648 Germani
3819 597 3896 648 ad

2547 657 2960 715 Constantinum
2999 665 3301 732 qﬁscrqmm
3329 666 3584 719 Nacoliw.

2307 779 2549 836 Joannes
2576 781 2690 838 Deo
2731 783 3000 840 amabilis
3032 787 3448 856 Synadensium
3491 789 3898 858 metropolita-

2241 879 2347 919 nus
2371 867 2608 937 scripsit
2637 869 2825 941 nobis,
2854 872 3002 941 quod
3034 886 3146 927 non
3180 873 3422 928 tradidit
3447 875 3558 929 sibi
3594 877 3710 932 Deo
3731 890 3899 932 ama—

2240 950 2440 1009 bilitas
2463 959 2560 1012 tua
2580 957 2802 1014 litteras
2827 965 3051 1015 nostras
3076 979 3087 1014 :
3115 960 3173 1015 in
3202 960 3417 1030 quibus
3436 977 3546 1019 non
3579 964 3901 1020 mediocri-

2243 1049 2327 1100 ter
2342 1059 2515 1115 super
2538 1050 2590 1100 te
2611 1048 2938 1103 contristati
2957 1063 3178 1119 sumus,
3209 1064 3274 1106 eo
3303 1053 3452 1129 quod
3497 1055 3901 1123 postposueris

2242 1138 2307 1188 ut
2337 1133 2538 1206 liquet,
2572 1140 2627 1190 et
2673 1136 2774 1191 Dei
2805 1150 3053 1192 amorem
3087 1134 3237 1211 [Gr.,
3286 1139 3590 1215 timorem]
3634 1149 3696 1197 et
3723 1142 3905 1198 debi-

2241 1227 2361 1278 tum
2395 1223 2668 1279 membris
2691 1224 2907 1280 Christi
2935 1225 3006 1280 ab
3049 1225 3348 1284 alterutris
3387 1242 3633 1286 amorem
3676 1231 3906 1300 pariter

2240 1315 2295 1364 et
2328 1309 2617 1368 honorem.
2652 1314 2833 1383 Hujus
2863 1319 2944 1372 rei
2982 1315 3166 1388 gratia
3208 1331 3305 1386 per
3336 1324 3640 1387 praesentes
3666 1314 3907 1375 litteras

2243 1405 2466 1456 nostras
2499 1403 2862 1473 praecipimus
2899 1408 3011 1463 Deo
3057 1407 3404 1463 amabilitati
3437 1411 3568 1478 tuae,
3603 1413 3669 1463 ut
3697 1409 3906 1463 statim

2243 1499 2340 1555 per
2371 1491 2728 1559 semetipsam
2781 1495 2877 1549 det
2916 1495 3244 1564 praedictam
3289 1496 3589 1566 epistolam
3634 1502 3906 1552 nostram

2244 1576 2516 1643 praedicto
2540 1580 2652 1635 Deo
2681 1581 2916 1636 amabili
2961 1583 3396 1653 metropolitano
3422 1599 3546 1655 suo,
3570 1588 3628 1640 et
3668 1599 3910 1641 omnem

2242 1663 2293 1718 ei
2327 1665 2591 1722 honorem
2622 1669 2933 1742 impendat,
2957 1679 3012 1727 et
3037 1673 3327 1741 subjaceat
3355 1675 3407 1729 ei
3437 1673 3754 1731 secundum
3801 1690 3912 1732 or-

2242 1753 2433 1808 dinem
2463 1755 2563 1825 qui
2606 1758 2876 1814 condecet
2927 1761 3274 1833 sacerdotes:
3305 1767 3363 1816 et
3413 1764 3912 1832 quemadmodum

2244 1855 2531 1898 sermones
2580 1850 2806 1902 nostros
2843 1848 2956 1904 Deo
2998 1849 3330 1905 amabilitas
3379 1855 3475 1906 tua
3508 1853 3796 1921 suscepit,
3854 1859 3914 1907 et

2243 1928 2346 1985 hos
2383 1932 2589 1987 sectari
2636 1933 2889 2003 professa
2919 1942 3023 2008 est,
3081 1945 3425 2008 permaneat,
3473 1953 3583 1994 non
3634 1941 3699 1995 in
3722 1955 3915 1996 sensu

2242 2031 2346 2073 suo
2376 2018 2694 2076 abundans.
2727 2024 2848 2078 Non
2897 2025 3051 2080 enim
3087 2026 3331 2098 ignorat,
3364 2041 3466 2082 nec
3495 2027 3912 2093 obliviscitur,

2242 2112 2308 2162 ut
2334 2108 2752 2175 existimamus,
2785 2113 2921 2182 quia
2951 2119 3007 2168 et
3038 2129 3138 2184 pro
3167 2115 3627 2172 abrenuntiando
3652 2118 3911 2187 episco-

2243 2200 2376 2264 patu
2409 2199 2644 2267 proprio
2675 2214 2777 2256 nos
2812 2203 3051 2274 rogavit,
3093 2205 3448 2274 praetendens
3495 2205 3913 2262 incursionem

2243 2285 2506 2341 meditari
2573 2295 2771 2344 contra
2818 2303 2896 2359 se,
2956 2291 3015 2346 in
3056 2293 3287 2362 quibus,
3342 2298 3407 2350 ut
3450 2293 3681 2349 dicebat
3749 2296 3914 2366 ipsa,

2243 2386 2353 2428 non
2383 2380 2505 2429 erat
2533 2377 2764 2432 conscia
2788 2396 2800 2431 :
2824 2377 3110 2435 aﬁirmaus
3133 2381 3283 2436 nihil
3315 2382 3385 2437 ad
3411 2383 3684 2451 injuriam
3706 2385 3919 2440 Domi-

2241 2461 2300 2515 ni
2333 2463 2417 2517 vel
2460 2471 2789 2521 sanctorum
2839 2467 2964 2536 ejus
2996 2475 3233 2537 propter
3251 2469 3451 2526 horum
3489 2471 3814 2542 imaginem
3851 2488 3919 2529 se

2239 2550 2430 2606 dicere
2459 2553 2542 2608 vel
2576 2567 2758 2625 agere,
2783 2556 2880 2611 sed
2913 2557 3304 2613 tantummodo
3341 2559 3649 2628 Scripturae
3683 2564 3914 2618 sectari

2241 2641 2656 2714 magisterium,
2702 2657 2767 2699 eo
2821 2646 2970 2715 quod
3005 2645 3153 2701 nihil
3210 2647 3267 2702 in
3299 2650 3583 2705 creaturis
3621 2651 3917 2709 divinum

2240 2735 2524 2785 mereatur
2560 2729 2848 2788 honorem.
2893 2735 3050 2804 Quod
3095 2741 3151 2790 et
3195 2750 3296 2792 nos
3341 2738 3421 2792 ita
3451 2751 3510 2794 se
3541 2738 3755 2796 habere
3805 2743 3923 2798 di-

2237 2816 2510 2889 dicimus,
2540 2825 2596 2874 et
2640 2821 2880 2877 ﬁrmiter
2928 2823 3240 2899 retinemus
3275 2830 3330 2880 et
3367 2826 3723 2895 profitemur.
3761 2830 3918 2899 Quae

2237 2910 2424 2960 autem
2453 2907 2666 2977 scripta
2696 2915 2833 2965 sunt
2857 2924 2888 2965 a
2918 2910 3085 2966 nobis
3114 2913 3182 2967 ad
3211 2914 3328 2982 jam
3357 2922 3734 2971 memoratum
3786 2919 3919 2974 Deo

2237 2993 2537 3050 amabilem
2570 2999 2990 3068 metropolitam
3017 3001 3162 3072 ejus,
3191 3001 3436 3073 legimus
3465 3005 3515 3059 ei
3542 3023 3554 3057 :
3599 3010 3661 3060 et
3701 3006 3766 3062 in
3811 3009 3918 3064 his

2239 3096 2564 3152 permanere
2595 3085 2846 3154 professa
2871 3095 2990 3158 est;
3023 3094 3079 3144 et
3103 3091 3447 3160 exemplaria
3483 3093 3912 3162 hujuscemodi

2235 3172 2490 3240 epistolae
2540 3174 2889 3243 przebuimus
2921 3178 2995 3233 ei.
3042 3179 3122 3233 Ne
3168 3193 3302 3251 ergo
3350 3181 3493 3236 velis
3549 3184 3917 3242 scandalum

2237 3260 2362 3315 ﬁeri
2416 3261 2567 3330 plebi
2615 3265 2832 3333 experti
2879 3267 3182 3339 malorum,
3225 3282 3543 3326 memorans
3570 3273 3917 3330 terminum

2229 3348 2442 3417 judicii
2462 3352 2704 3424 domini,
2728 3355 2878 3424 quod
2897 3355 3068 3410 etiam
3090 3356 3182 3413 his
3199 3358 3298 3426 qui
3324 3373 3500 3414 unum
3529 3360 3910 3428 pusillorum

2235 3437 2642 3508 scandalizant,
2720 3441 2931 3497 inferre
2979 3444 3232 3501 minatus
3301 3452 3386 3501 est
3434 3445 3659 3515 (Matth.
3718 3463 3916 3522 xvm,

2254 3526 2426 3578 Marc.
2476 3539 2534 3580 1x
2560 3528 2689 3582 Luc.
2721 3543 2840 3584 xvu
2865 3530 2900 3603 ).
2952 3533 3068 3588 Hoc
3097 3541 3286 3590 autem
3337 3535 3501 3606 sciat,
3527 3537 3679 3606 quod
3707 3537 3922 3595 donec

2233 3613 2531 3681 epistolam
2560 3622 2808 3672 nostram
2853 3619 3124 3676 tribuerit
3146 3623 3258 3678 Deo
3297 3623 3719 3681 amabilissimo
3771 3643 3923 3684 me—

2233 3699 2583 3768 tropolitano
2633 3718 2759 3775 suo,
2804 3720 2872 3760 ex
2900 3709 3245 3765 auctoritate
3270 3715 3479 3767 sancta:
3533 3726 3599 3767 ac
3623 3716 3928 3770 consub—

2233 3788 2526 3874 stantialis
2568 3792 2870 3850 Trinitatis
2914 3809 3024 3851 non
3094 3798 3298 3854 habeat
3350 3805 3687 3868 potestatem
3736 3819 3926 3874 qua—

2235 3873 2574 3948 lemcunque
2601 3882 2930 3954 contingere
2951 3887 3301 3942 sacerdotale
3340 3887 3610 3944 oﬂicium.
3646 3873 3928 3960 Oportet

2233 3968 2423 4020 autem
2451 3969 2633 4040 magis
2665 3983 2774 4026 non
2803 3973 3094 4029 austerius
3123 3989 3244 4031 eam
3275 3977 3527 4048 aggredi,
3571 3992 3748 4048 quam
3785 3995 3927 4037 non

2233 4059 2543 4110 correctam
2605 4057 2891 4115 divinitus
2961 4061 3267 4120 referendae
3329 4066 3693 4122 damnationi
3769 4082 3926 4125 eam

2237 4136 2256 4213 [
2277 4139 2462 4216 ream]
2504 4145 2779 4201 deserere.

2303 4231 2574 4290 Tarasius
2599 4236 3000 4295 sanctissimus
3024 4242 3350 4310 patriarcha
3374 4243 3556 4298 dixit:
3608 4245 3816 4304 Sicuti
3856 4257 3936 4306 et.

2236 4319 2496 4393 praedixi,
2522 4321 2744 4396 fratres,
2772 4324 3128 4384 introductio
3146 4330 3320 4386 illata:
3338 4333 3610 4387 novitatis
3625 4333 3936 4404 hujusex

2235 4407 2506 4476 praedicto
2528 4410 2670 4482 viro,
2701 4412 2756 4467 id
2784 4418 2871 4468 est
2894 4415 3160 4486 episcopo
3189 4419 3453 4491 Nacolize,
3480 4419 3629 4476 facta
3664 4430 3780 4480 est.

2301 4496 2713 4556 Constantinus
2761 4502 2876 4558 Deo
2913 4503 3184 4561 amabilis
3212 4507 3491 4565 diaconus
3517 4515 3577 4565 et
3615 4515 3938 4572 notarius

2231 4582 2373 4655 legit
2389 4603 2401 4639 :

2301 4708 2571 4791 Epistola‘
2599 4715 2850 4767 Germani
2889 4717 3125 4791 episcopi
3166 4717 3703 4791 Constantinopoleos
3734 4727 3832 4780 ad

2507 4782 2760 4839 Thomam
2812 4782 3116 4857 qaiscopu-m
3172 4782 3597 4861 Claudiopoleos.

2299 4902 2463 4958 Dixit
2489 4903 2548 4958 in
2577 4907 2820 4975 quodam
2848 4907 3212 4979 eloquiorum
3243 4927 3477 4969 suorum
3501 4914 3626 4970 loco
3659 4919 3948 4988 sapien-

2231 4989 2496 5048 tissimus
2515 4993 2796 5050 Salomon:
2812 4997 3003 5051 Frater
3015 5001 3112 5067 qui
3126 5001 3429 5069 adjuvatur
3447 5019 3480 5056 a
3497 5007 3698 5070 fratre,
3718 5018 3950 5076 quasi

2231 5079 2422 5134 civitas
2450 5083 2608 5149 ﬁrma
2633 5087 2683 5135 et
2711 5083 2859 5137 alta:
2899 5087 3043 5140 valet
3069 5093 3250 5142 autem
3279 5092 3416 5144 sicut
3446 5093 3582 5144 seris
3602 5097 3948 5156 munitur);

2226 5183 2454 5234 regnum
2483 5166 2668 5240 (Prov.
2702 5186 2842 5227 xvm
2860 5172 2892 5245 ).
2919 5175 3034 5246 Ego
3057 5183 3245 5233 autem
3277 5193 3386 5234 non
3401 5194 3469 5234 ex
3487 5180 3579 5236 his
3596 5183 3698 5250 qui
3719 5185 3833 5255 adj
3847 5204 3961 5244 ιι-

2228 5268 2358 5309 vare
2390 5263 2616 5327 posunt,
2662 5267 2864 5316 memet
2906 5264 3266 5337 existimans,
3315 5269 3409 5322 sed
3436 5269 3631 5338 potius
3653 5285 3723 5326 ex
3764 5274 3958 5333 illis

2227 5342 2328 5411 qui
2347 5344 2413 5397 ad
2417 5345 2636 5412 jutorio
2648 5353 2830 5420 egent,
2850 5357 3178 5419 praesentem
3192 5367 3424 5410 exarare
3436 5355 3450 5409 l
3462 5356 3691 5413 itteram
3709 5363 3788 5418 ad
3809 5379 3964 5421 ve-

2227 5434 2402 5484 stram
2435 5433 2639 5489 studui
2688 5435 2802 5492 Deo
2837 5436 3275 5514 amabilitatem,
3310 5443 3732 5515 cogitationum
3771 5466 3957 5514 non

2228 5517 2415 5576 ferens
2438 5521 2776 5581 molestiam.
2806 5527 3074 5596 Quaedam
3104 5531 3259 5586 enim
3285 5546 3407 5590 eam
3437 5534 3622 5604 egisse
3648 5540 3851 5597 audiv
3869 5546 3902 5600 i
3927 5594 3956 5619 ,
