4018 6166
168 259 269 317 325

944 264 1496 321 INTERPRETATIO'
1533 264 1783 320 SYNODI
1821 264 1915 320 VII
1951 265 2448 326 GENERALIS.—
2483 272 2685 330 ACTIO
2722 277 2809 331 Ν.

3480 274 3587 336 3Ξ6

168 418 285 474 (ωε
315 403 366 457 si
398 403 652 473 quidem,
684 408 747 459 ιη
776 406 1088 462 secundum
1113 408 1448 479 deiloquum
1481 408 1822 481 Gregorium
1856 390 2149 451 AChristi
2181 396 2445 452 Ecclesia:
2481 398 2553 453 ab
2580 401 2909 457 inﬁdelibus
2933 401 3183 458 collectae
3213 407 3367 473 sunt,
3399 403 3583 461 facere

166 493 441 559 dicamus,
478 492 770 548 mendacia
799 507 954 549 aura:
993 494 1211 565 ferant;
1244 501 1302 552 at
1333 497 1383 551 si
1430 498 1673 568 veracia,
1708 512 1827 553 un-
1932 484 2220 555 debentes,
2260 487 2432 542 θῐίέὶω
2474 488 2648 556 huius
2688 490 3066 546 venerabilem
3115 496 3286 561 atque
3325 492 3580 550 diVinam

164 581 332 651 dique
372 586 615 636 mentem
649 595 829 636 meam
859 581 1124 639 confusio
1172 586 1621 655 comprehendit.
1651 588 1823 643 Putas

164 670 306 726 enim
335 670 489 740 quod
533 674 591 725 et
634 670 779 740 ipsa,
828 673 1139 729 secundum
1172 674 1483 730 multorum
1515 675 1820 748 desidiam,

162 758 493 814 dilectionis
504 759 872 827 jucunditate
897 759 1072 816 labiis
1093 761 1513 837 tantumJuerit
1536 776 1636 818 usa
1663 760 1820 836 [Gr.,

164 847 221 902 ﬁt
250 843 524 919 illicita],
546 852 733 903 etnon
760 848 820 903 in
844 847 1187 917 profundum
1210 851 1568 907 descenderit
1586 853 1810 923 mentis,

162 935 550 991 existimantis
592 935 862 991 videlicet
907 938 1057 1007 quod
1091 952 1203 993 non
1236 939 1459 995 sincera
1501 940 1811 997 dilectione

159 1023 303 1079 circa
337 1023 502 1079 illam
534 1024 884 1096 ﬁagremus?
903 1026 988 1081 vel
1019 1025 1129 1083 hoc
1167 1028 1398 1098 quidem
1432 1042 1810 1102 nequaquam,

158 1111 241 1168 sed
267 1112 624 1181 imperitiam
646 1119 897 1170 nostram
917 1119 973 1170 et
994 1116 1310 1188 pigritiam,
1330 1123 1385 1172 et
1406 1118 1812 1190 negligentiam

156 1200 299 1255 circa
326 1214 397 1255 ea
424 1215 549 1271 quae
585 1203 699 1257 Deo
729 1208 866 1257 sunt
895 1203 1124 1274 placita,
1155 1205 1413 1276 respuit;
1460 1212 1658 1276 utpote
1684 1212 1811 1277 quae

158 1289 368 1344 nullam
415 1302 611 1345 curam
656 1292 896 1362 gesserit
944 1291 1005 1348 in
1060 1295 1469 1363 perscrutanda
1516 1295 1809 1351 voluntate

154 1377 365 1445 divina,
420 1378 734 1434 secundum
780 1380 1056 1436 traditum
1091 1381 1258 1438 nobis
1290 1396 1388 1452 per
1418 1396 1608 1439 sacras
1645 1384 1809 1439 Scri—

157 1469 347 1536 pturas
368 1471 632 1521 sanctum
666 1468 991 1523 mandatum
1011 1469 1040 1522 ‘?
1063 1470 1178 1525 Aut
1209 1471 1413 1527 horum
1441 1486 1549 1527 non
1573 1472 1804 1543 quidem

153 1560 230 1609 est
257 1558 394 1623 apta
424 1554 705 1625 suspicio,
731 1555 874 1611 illud
898 1571 1028 1613 vero
1057 1546 1297 1615 fortasse
1317 1560 1666 1629 opinandum
1698 1566 1801 1631 est,

154 1646 210 1697 ut
252 1642 496 1697 meliore
535 1642 649 1697 sibi
696 1641 842 1699 facta
884 1646 1228 1702 revelatione
1259 1645 1433 1719 (piget
1478 1653 1665 1703 autem
1718 1664 1805 1705 me

1932 574 2227 629 ostendere
2255 575 2731 632 immobilitatem.
2761 578 2874 633 Hoc
2906 578 3087 650 igitur
3118 579 3177 635 in
3203 581 3406 650 primis
3435 584 3584 639 scire

1933 667 2174 734 oportet,
2199 664 2336 733 quia
2361 678 2474 721 non
2502 670 2723 721 tantum
2746 680 2917 736 nunc,
2942 668 3037 723 sed
3062 666 3387 739 frequenter
3409 671 3581 726 etiam

1929 750 2109 805 Judaei
2129 751 2269 807 talia
2290 752 2458 809 nobis
2479 754 2801 811 intulerunt
2825 756 2882 810 in
2907 757 3299 829 opprobrium,
3321 763 3377 814 et
3399 759 3459 814 hi
3481 759 3581 830 qui

1930 852 2058 893 vere
2086 838 2428 897 idololatriae
2458 843 2709 900 cultores
2736 845 3015 917 existunt,
3041 847 3369 917 vituperare
3393 847 3578 903 solum

1931 926 2320 985 intemeratam
2363 937 2419 986 et
2467 930 2721 990 divinam
2773 933 2939 988 ﬁdem
2988 939 3239 990 nostram
3283 939 3572 1007 conantes,

1926 1020 1983 1069 et
2013 1029 2143 1087 non,
2183 1024 2245 1073 ut
2285 1018 2628 1075 manufactis
2661 1020 3020 1078 intenderent
3052 1018 3206 1096 [Gr.,
3240 1037 3351 1079 non
3381 1023 3579 1080 inten—

1924 1102 2129 1159 datur:
2164 1106 2265 1176 al.,
2302 1120 2412 1163 non
2446 1100 2865 1183 intenderent],
2902 1116 3284 1183 perurgentes.
3319 1112 3427 1168 Ubi
3455 1113 3580 1169 illis

1921 1205 2087 1248 omne
2124 1194 2382 1250 studium
2416 1200 2473 1251 et
2500 1196 2694 1253 cultus
2714 1211 2886 1267 super
2930 1198 3035 1254 hoc
3079 1199 3393 1270 perﬁcitur,
3426 1201 3578 1257 nihil

1922 1278 2015 1334 his
2067 1296 2192 1351 qua:
2225 1283 2493 1339 videntur
2534 1291 2591 1340 et
2636 1286 2986 1357 sentiuntur,
3020 1288 3307 1345 excelsius
3345 1304 3576 1359 ponere,

1918 1370 2014 1424 sed
2034 1369 2289 1426 divinam
2322 1378 2583 1429 naturam
2606 1375 2761 1430 varie
2789 1375 3118 1448 humiliare,
3150 1383 3251 1433 aut
3280 1378 3403 1434 loco
3434 1393 3571 1449 quo~

1916 1458 2047 1513 dam
2063 1459 2578 1539 circumcludentes
2596 1463 2995 1520 universorum
3020 1466 3417 1536 inspectricem
3446 1469 3573 1537 ejus

1917 1547 2354 1618 providentiam,
2399 1556 2501 1611 aut
2520 1552 2917 1617 corporalibus
2946 1554 3339 1623 speciﬁcantes
3367 1554 3572 1613 formis

1915 1649 2059 1705 quos
2085 1649 2195 1691 non
2220 1638 2553 1708 ignobiliter
2569 1640 2802 1711 quidam
2829 1643 3268 1711 prmdecessores
3294 1646 3474 1701 nostri
3503 1650 3569 1701 ut

150 1731 331 1786 dicere
351 1730 606 1786 elatione
627 1733 868 1802 quadam
890 1731 1488 1809 etprudentia[sensu
1511 1736 1796 1812 tumido]:
1837 1729 1887 1789 Β
1917 1736 2086 1812 (ἔληθε
2129 1729 2335 1795 ιῐιιιίοδν
2397 1732 2459 1782 ιιι
2528 1742 2657 1785 Cum
2702 1729 2996 1800 Scriptura
3041 1732 3386 1806 dixerimus:
3430 1747 3572 1789 vane

150 1818 402 1874 charitas
449 1819 604 1875 enim
650 1820 861 1876 malum
910 1836 1021 1877 non
1053 1823 1285 1895 cogitat.
1332 1830 1395 1879 ut
1445 1825 1529 1881 ait
1567 1826 1803 1882 divinus

150 1906 457 1976 Apostolus
485 1902 551 1980 [Ι
577 1907 695 1962 Cor.
730 1906 911 1983 xm])
944 1910 1003 1964 in
1036 1910 1203 1966 talem
1245 1912 1537 1968 devenerit
1562 1913 1804 1969 satisfa—

149 1995 414 2066 ctionem,
449 2007 620 2065 quam
654 1995 1018 2053 manifestare
1048 1998 1215 2055 nobis
1241 2012 1309 2055 ex
1342 2002 1676 2057 necessitate
1694 2002 1803 2057 de—

148 2081 263 2137 beat
291 2078 431 2155 [Gr.
457 2081 684 2157 debet].
704 2085 877 2141 Porro
897 2084 1045 2142 facta
1068 2092 1155 2142 est
1176 2087 1342 2143 nobis
1370 2102 1437 2144 ex
1466 2089 1796 2158 hujusmodi

148 2171 582 2242 suspicionibus
624 2168 777 2245 [Gr.,
824 2174 1151 2244 hujusmodi
1206 2176 1637 2252 suspicionum]
1686 2192 1795 2234 non

150 2259 572 2317 irrationabilis
612 2262 865 2318 occasio:
903 2264 1038 2333 quia
1078 2269 1329 2335 tempore
1379 2266 1559 2321 multo
1592 2266 1803 2338 degens

144 2349 283 2417 apud
314 2363 427 2404 nos
455 2354 642 2405 vestra
670 2352 783 2407 Deo
812 2351 1141 2408 amabilitas
1182 2357 1239 2409 et
1265 2367 1641 2425 commorans,
1675 2370 1803 2426 quae

145 2437 307 2492 etiam
337 2437 687 2494 litteralium
712 2452 1118 2509 nonnunquam
1141 2441 1441 2499 verborum
1463 2448 1518 2499 et
1541 2446 1805 2515 quaestio-

148 2538 271 2580 num
306 2521 663 2599 [Scriptum
695 2541 806 2583 non
845 2529 1257 2585 sententiarum
1288 2536 1343 2586 et
1373 2529 1513 2606 qu.]
1551 2533 1805 2589 interro—

146 2613 405 2683 gationes
439 2628 779 2684 proponens,
814 2615 1037 2671 nullum
1072 2631 1386 2675 sermonem
1430 2622 1607 2677 movit
1635 2621 1804 2678 nobis

146 2700 461 2771 aliquando
491 2715 563 2757 ne
607 2703 959 2775 imaginibus
988 2705 1108 2761 sive
1154 2712 1478 2764 sanctorum
1524 2710 1801 2783 virorum,

147 2789 254 2844 sive
286 2790 485 2860 ipsius
515 2791 744 2847 Domini
774 2797 829 2847 et
856 2792 1167 2850 Salvatoris
1197 2796 1378 2851 nostri
1408 2798 1539 2854 Jesu
1560 2798 1802 2858 Christi,

146 2884 192 2932 et
234 2879 563 2934 secundum
607 2893 832 2935 carnem
880 2882 1005 2950 ejus
1044 2887 1253 2939 sancta:
1294 2888 1351 2939 et
1397 2886 1675 2942 veraciter
1701 2888 1805 2943 Dei

148 2966 447 3035 genitricis
473 2968 695 3023 Mariae:
731 2982 912 3039 neque
942 2974 1213 3041 tanquam
1239 2972 1561 3045 inquirens,
1611 2979 1668 3030 et
1690 2989 1808 3031 cer-

1929 1810 2203 1868 latrantes
2231 1814 2301 1869 ab
2338 1816 2476 1871 ovili
2502 1817 2715 1872 Christi
2751 1819 3120 1889 repulerunt:
3172 1835 3419 1892 quorum
3458 1835 3572 1878 non
3638 1860 3647 1873 .

1912 1899 2080 1956 nobis
2118 1908 2253 1957 sunt
2284 1918 2395 1973 prae
2436 1905 2701 1963 manibus
2732 1909 2943 1963 studia.
2978 1909 3083 1964 Sed
3116 1914 3173 1965 et
3201 1910 3271 1965 de
3317 1912 3571 1982 propriis

1913 1988 2111 2058 impiis
2153 1989 2661 2050 adinventionibus
2708 1996 2969 2052 veritatis
3012 2011 3196 2054 sermo
3256 1998 3360 2054 hos
3409 2013 3574 2055 com-

1912 2090 2137 2146 pescere
2168 2076 2331 2133 facit:
2369 2094 2611 2149 quorum
2639 2082 2869 2152 quidem
2901 2085 3055 2141 alius
3088 2085 3346 2154 publicat
3390 2098 3569 2160 paga—

1915 2179 2117 2221 norum
2151 2166 2598 2224 immolationem
2623 2175 2679 2224 et
2706 2169 3029 2228 fabularum
3066 2174 3487 2243 turpitudinem
3519 2181 3576 2232 et

1913 2255 2376 2311 exsecrationem.
2410 2257 2631 2313 Judzeos
2660 2264 2848 2315 autem
2875 2261 3031 2317 alius
3055 2262 3391 2318 erubescere
3412 2262 3572 2332 facit,

1913 2344 2063 2413 quod
2090 2358 2199 2399 non
2227 2344 2411 2400 solum
2438 2351 2626 2414 patres
2645 2360 2841 2403 eorum
2862 2348 2931 2403 ad
2957 2348 3109 2404 idola
3135 2350 3386 2420 prolapsi
3409 2356 3565 2417 sunt,

1911 2432 2280 2502 exprobrans,
2328 2434 2423 2489 sed
2464 2440 2520 2489 et
2570 2436 2719 2504 quod
2766 2442 2963 2491 contra
3008 2436 3205 2509 legem,
3261 2452 3433 2509 quam
3474 2439 3564 2494 illi

1913 2526 2101 2578 tenere
2132 2536 2190 2577 se
2218 2522 2560 2593 gloriantur,
2597 2530 2802 2596 agant:
2839 2526 2935 2581 sed
2967 2526 3091 2582 loco
3130 2527 3377 2597 quodam
3413 2524 3568 2601 [Gr.,

1913 2624 2043 2666 cum
2071 2611 2170 2666 illa
2197 2610 2321 2667 loco
2345 2608 2437 2686 q.]
2469 2612 2706 2668 deﬁnito
2730 2626 2794 2669 ea
2821 2629 2947 2684 qua:
2968 2615 3286 2685 typicarum
3310 2621 3447 2672 sunt
3477 2617 3572 2673 ho-

1915 2698 2177 2769 stiarum,
2210 2698 2411 2755 offerre
2442 2701 2776 2773 decreverit,
2821 2703 2919 2758 isti
2953 2703 3013 2758 in
3056 2705 3211 2760 omni
3253 2705 3376 2761 loco
3410 2705 3572 2763 orbis

1916 2792 2198 2843 terrarum
2253 2789 2358 2845 hoc
2408 2802 2575 2865 agere
2614 2805 2724 2846 non
2770 2791 3102 2864 detrectent,
3144 2799 3471 2850 consuetam
3506 2795 3567 2850 in

1917 2883 2175 2932 sanctum
2214 2877 2495 2947 Spiritum
2537 2880 2830 2948 perﬁdiam
2884 2885 3113 2950 paterna
3164 2882 3573 2952 consequentia

1913 2964 2361 3021 adinvenientes.
2396 2971 2453 3022 et
2473 2967 2577 3023 hoc
2608 2969 2774 3025 modo
2807 2969 3166 3026 immolantes
3186 2970 3486 3027 dmmoniis
3515 2975 3573 3026 et

148 3054 454 3110 titudinem
487 3055 745 3112 invenire
772 3057 986 3126 volens,
1016 3059 1072 3114 id
1097 3064 1181 3115 est
1214 3060 1590 3134 interrogans,
1612 3063 1805 3134 qualis

1916 3066 2027 3108 non
2060 3054 2192 3108 Deo.
2225 3053 2366 3109 Vera
2394 3054 2548 3109 enim
2589 3056 2657 3111 ad
2690 3069 2883 3112 verum
2912 3058 3090 3113 Deum
3122 3059 3369 3116 servitus
3398 3063 3571 3129 atque

147 3142 304 3199 nobis
330 3144 405 3199 de
425 3144 532 3199 hoc
553 3158 755 3201 sensus
782 3146 1088 3202 existeret:
1118 3153 1174 3203 et
1202 3149 1252 3204 si
1276 3152 1586 3207 secundum
1618 3153 1807 3209 ratio-

149 3244 259 3286 nem
290 3237 450 3287 esset
474 3233 625 3302 quod
652 3234 711 3289 in
743 3234 836 3291 his
865 3234 1043 3306 ﬁeret,
1075 3236 1289 3293 nullam
1317 3238 1374 3294 in
1404 3237 1633 3296 ferendo
1652 3242 1805 3297 dam-

152 3319 437 3375 nationem
489 3320 600 3375 ista
646 3319 1026 3378 facientibus:
1088 3324 1183 3379 sed
1229 3338 1412 3395 neque
1466 3327 1536 3382 ad
1583 3327 1801 3384 firmam

146 3407 597 3463 satisfactionem
628 3409 947 3479 abjectione
984 3417 1041 3467 et
1084 3413 1525 3483 interemptione
1560 3417 1798 3489 dignum

149 3493 480 3563 hujusmodi
522 3496 759 3566 ducens,
778 3498 845 3553 ad
870 3499 1181 3555 consilium
1214 3502 1378 3557 nobis
1402 3504 1799 3573 accipiendum

148 3584 387 3639 tradidit
416 3586 781 3655 semetipsam
805 3592 996 3643 utrum
1031 3583 1185 3660 [Gr.,
1219 3587 1316 3663 ut]
1361 3595 1417 3646 et
1455 3606 1560 3648 nos
1589 3593 1804 3649 similis

147 3683 345 3727 sensus
385 3685 683 3729 essemus:
714 3673 809 3728 sed
836 3674 907 3730 de
937 3674 1031 3730 his
1058 3676 1292 3734 omnino
1324 3678 1382 3733 in
1423 3677 1656 3736 silentio
1685 3695 1807 3750 per-

147 3755 285 3814 fecto
326 3773 390 3814 se
419 3760 629 3827 sciens,
680 3760 738 3815 in
790 3761 1022 3818 civitate
1068 3762 1171 3819 sua
1202 3766 1366 3834 quasi
1404 3780 1472 3822 ex
1512 3770 1800 3825 communi

145 3844 405 3917 dogmate
434 3847 889 3904 etindubitabili
922 3851 1165 3920 quadam
1204 3853 1620 3925 disceptatione
1653 3856 1804 3911 ima—

146 3933 341 4004 ginum
390 3935 831 4007 depositionem,
863 3938 1017 3993 sicut
1043 3932 1580 4013 didicimus,fecit:
1615 3945 1665 4000 si
1702 3959 1805 4001 ve—

150 4021 281 4077 ritas
316 4022 399 4077 ita
428 4036 491 4078 se
526 4023 694 4079 habet
744 4025 952 4081 iterum
995 4027 1271 4084 dicemus.
1314 4031 1537 4087 Etenim
1574 4046 1687 4088 non
1716 4036 1804 4089 est

149 4108 309 4165 nobis
361 4109 555 4181 facilis
584 4112 814 4168 animus
848 4115 917 4170 ad
949 4116 1292 4173 credendum
1348 4118 1672 4175 inconsulte
1711 4120 1803 4176 his

146 4199 237 4265 qui
288 4199 495 4255 crebro
533 4201 812 4258 dicuntur
846 4204 1144 4261 detrahere
1187 4206 1483 4275 proximis.
1526 4210 1804 4265 Necessa—

147 4285 291 4342 rium
331 4294 605 4357 ponentes
628 4286 795 4363 [add.
827 4308 895 4346 ea:
918 4296 1013 4351 Gr.
1047 4312 1064 4348 :
1094 4295 1199 4352 Sed
1231 4308 1333 4351 nos
1364 4309 1483 4352 nec.
1511 4311 1640 4367 pon.
1663 4295 1707 4373 ],
1742 4299 1800 4354 in

143 4377 486 4432 tractatione
532 4383 590 4433 et
636 4376 886 4436 fraterna
929 4382 1261 4452 probatione
1306 4396 1371 4439 ea
1438 4399 1563 4455 quae
1600 4401 1803 4445 sensus

147 4465 327 4520 nostri
363 4470 518 4529 sunt,
553 4466 939 4541 manifestare,
966 4469 1265 4526 subtiliter
1316 4471 1418 4529 illa
1434 4484 1566 4544 quae
1589 4476 1659 4531 de
1696 4476 1804 4532 hoc

145 4559 297 4624 sunt,
333 4554 768 4611 consideramus
785 4558 1050 4629 aggredi;
1091 4558 1235 4614 illud
1271 4561 1544 4630 primitus
1563 4577 1806 4620 commo-

148 4645 367 4709 nentes,
397 4641 535 4711 quia
556 4643 790 4699 omnino
814 4658 1009 4700 cavere
1038 4659 1143 4702 nos
1173 4653 1397 4717 oportet
1426 4663 1617 4705 rerum
1652 4651 1804 4707 novi-

148 4732 315 4784 tatem
339 4748 356 4799 ;
383 4735 438 4785 et
460 4731 705 4787 maxime
732 4732 829 4788 ubi
850 4733 998 4789 inter
1020 4734 1211 4804 plebes
1231 4751 1357 4807 quae
1380 4738 1438 4793 in
1464 4738 1573 4794 ﬁde
1589 4739 1805 4796 Christi

146 4824 296 4889 sunt,
335 4818 592 4876 turbatio
623 4822 877 4890 quaedam
905 4827 962 4877 et
989 4825 1389 4881 scandalorum
1416 4840 1588 4883 causa
1618 4828 1811 4885 subse-

146 4908 369 4976 quitur,
402 4908 614 4963 deinde
674 4913 731 4964 et
775 4911 987 4979 prolixi
1032 4914 1309 4983 temporis
1357 4919 1709 4975 consuetudo
1748 4919 1808 4974 in

147 4994 408 5051 ecclesiis
438 4997 646 5052 tenuit.
673 4997 733 5052 Si
763 4998 915 5053 enim
946 5013 1074 5056 cum
1107 5001 1354 5059 consilio
1386 5003 1583 5061 vinum
1612 5010 1809 5075 potare

147 5080 439 5153 Scriptura
486 5086 748 5155 prmcipit
788 5085 960 5157 (Prov.
991 5091 1172 5162 xxxr),
1224 5092 1435 5148 multos
1479 5094 1661 5166 magis
1704 5109 1809 5154 nos

152 5177 367 5238 oportet
408 5173 589 5229 multa
622 5174 1002 5244 inquisitione
1046 5180 1535 5240 necessarioribus
1577 5197 1803 5254 operam

150 5257 297 5327 dare,
341 5266 405 5316 ut
454 5275 566 5317 non
610 5262 844 5319 obnoxii
891 5266 1173 5323 terribilis
1204 5267 1515 5326 efﬁciamur
1562 5272 1804 5343 judicii,

155 5349 296 5413 quod
326 5355 382 5405 et
412 5350 502 5406 illi
535 5350 638 5420 qui
664 5364 840 5406 unum
870 5366 937 5408 ex
968 5355 1228 5410 minimis
1252 5357 1621 5433 scandalizat,
1656 5377 1809 5432 prae-

157 5442 380 5501 paratur
396 5453 429 5495 a
450 5441 564 5495 Deo
588 5435 814 5513 [Matth.
845 5440 1023 5516 xvm]
1050 5461 1062 5497 :
1083 5448 1139 5499 et
1158 5444 1327 5500 aliter
1349 5442 1368 5520 [
1387 5448 1640 5524 alioqui]
1676 5452 1811 5508 sub-

1911 3141 2170 3197 adoratio
2200 3141 2260 3197 in
2290 3142 2683 3201 observatione
2707 3151 2915 3201 sancta:
2935 3144 3316 3203 confessionis
3338 3162 3463 3217 quae
3483 3152 3571 3204 est

1913 3230 2068 3285 circa
2093 3243 2244 3295 eum,
2270 3236 2443 3302 atque
2468 3231 2528 3288 in
2553 3233 2816 3289 custodia
2834 3234 3021 3305 legum
3050 3240 3106 3291 et
3136 3236 3563 3307 mysteriorum,

1914 3332 2041 3388 quae
2067 3324 2125 3373 et
2143 3318 2214 3373 ab
2237 3319 2362 3388 ipso
2387 3320 2506 3375 sive
2526 3320 2885 3392 generaliter,
2910 3322 3030 3378 sive
3048 3324 3410 3393 capitulatim
3437 3326 3571 3381 data

1913 3412 2052 3463 sunt
2095 3407 2417 3463 certissime
2457 3408 2755 3480 dirigitur.
2817 3410 3114 3467 Saracenis
3156 3417 3367 3482 autem,
3416 3428 3571 3483 quo—

1913 3497 2065 3553 niam
2094 3500 2152 3550 et
2182 3495 2293 3564 ipsi
2325 3496 2438 3551 tale
2458 3497 2595 3567 quid
2640 3496 2946 3553 obtendere
2987 3500 3425 3571 dignoscuntur.
3452 3500 3567 3557 suf-

1911 3586 2034 3642 ﬁcit
2069 3584 2138 3639 ad
2174 3583 2566 3641 confusionem
2608 3591 2666 3641 et
2715 3588 3135 3658 verecundiam,
3175 3588 3376 3644 afferre
3391 3589 3577 3644 accla-

1913 3675 2241 3745 mationem,
2287 3687 2413 3744 quae
2442 3688 2623 3745 usque
2650 3675 2708 3729 in
2750 3688 2998 3744 prtesens
3030 3676 3089 3731 in
3137 3689 3326 3753 eremo
3370 3677 3442 3733 ab
3480 3677 3569 3734 eis

1914 3763 2229 3818 inanimato
2261 3762 2439 3833 lapidi
2470 3762 2807 3834 celebratur,
2837 3777 3261 3836 cognomenque
3291 3764 3457 3821 illius
3478 3766 3572 3821 di-

1910 3852 2067 3907 citur
2118 3848 2272 3925 [Gr.,
2324 3851 2852 3923 invocationemque
2902 3853 3066 3910 illius
3104 3854 3253 3923 quod
3313 3851 3567 3929 dicitur]

1908 3940 2148 4012 Chobar,
2172 3946 2229 3996 et
2247 3946 2449 3996 caetera
2472 3954 2627 3996 vanae
2650 3942 2904 4011 ipsorum
2923 3935 3258 3998 traditionis
3272 3947 3329 3999 et
3347 3956 3575 3999 conver-

1912 4030 2155 4085 sationis
2177 4029 2400 4085 ludicra
2422 4029 2710 4100 mysteria,
2736 4043 2861 4099 quae
2886 4030 2949 4085 in
2969 4031 3187 4105 insigni
3211 4031 3574 4089 solemnitate

1912 4118 2181 4189 gerebant
2198 4113 2487 4191 [gerunt].
2507 4117 2969 4173 Christianorum
2987 4123 3178 4176 autem
3195 4121 3452 4177 omnium
3472 4135 3572 4192 per

1913 4210 2096 4262 totum
2114 4205 2306 4261 orbem
2328 4205 2435 4261 sub
2448 4219 2563 4261 uno
2568 4206 2728 4277 jugo,
2748 4206 3040 4278 Evangelii
3059 4207 3345 4281 videlicet,
3368 4214 3432 4265 ut
3448 4223 3572 4280 pro-

1914 4295 2081 4365 pheta
2109 4294 2274 4363 dicit,
2318 4294 2689 4350 servientium
2731 4296 2845 4350 Deo
2876 4293 3058 4351 forma
3111 4297 3569 4366 peculiarissima

1837 4420 1887 4480 ι)
1911 4389 1997 4440 est
2028 4383 2168 4439 ﬁdes
2186 4389 2242 4439 et
2261 4380 2567 4465 confessio,
2589 4382 2826 4439 credens
2857 4384 2916 4439 in
2944 4398 3122 4440 unum
3151 4387 3327 4442 Deum
3348 4387 3568 4443 Patrem

1913 4476 1971 4528 et
2002 4472 2216 4529 Filium
2245 4476 2302 4527 et
2335 4457 2620 4541 Spiritum
2668 4475 2950 4544 sanctum,
2982 4473 3321 4529 Trinitatem
3341 4474 3571 4530 increa—

1916 4565 2051 4632 tam,
2076 4561 2498 4632 sempiternam,
2516 4560 3177 4632 iucomprehensibilem,
3199 4560 3572 4628 invisibilem,

1917 4651 2094 4707 unius
2136 4650 2471 4705 substantiae
2508 4664 2572 4706 ac
2603 4650 2911 4706 sessionis:
2958 4650 3236 4706 conﬁtens
3271 4650 3485 4720 pariter
3522 4656 3580 4708 et

1920 4739 2056 4794 Filii
2086 4739 2186 4794 Dei
2222 4738 2669 4794 incarnationem
2700 4734 2850 4811 [Gr.,
2885 4737 3186 4809 perfectam
3220 4738 3581 4797 incarnatio-

1920 4824 2102 4901 nem].
2129 4830 2184 4881 et
2213 4826 2328 4881 alia
2353 4826 2666 4882 secundum
2697 4826 2973 4882 virtutem
3003 4826 3383 4882 sacratissimi
3409 4827 3578 4898 Sym-

1920 4916 2061 4985 boli,
2102 4913 2250 4985 quod
2286 4913 2444 4983 plebs
2480 4913 2697 4970 Christi
2728 4914 3091 4970 concorditer
3118 4920 3250 4972 ante
3280 4916 3576 4987 mysticam

1919 5010 1977 5062 et
1997 5008 2247 5060 sanctam
2273 5002 2619 5058 oblationem
2650 5002 2814 5058 offert
2847 5003 2998 5058 Deo:
3051 5008 3222 5075 atque
3264 5005 3364 5061 illa
3391 5004 3582 5075 spiri-

1918 5094 2096 5150 tualis
2127 5092 2498 5164 regeneratio,
2524 5105 2651 5162 qua:
2680 5090 2741 5146 in
2776 5092 3006 5148 nomine
3042 5093 3368 5149 earumdem
3396 5095 3572 5151 trium

1921 5178 2311 5263 [divinarum]
2341 5180 2439 5236 Dei
2464 5179 2876 5250 principalium
2911 5194 3280 5250 personarum
3310 5197 3409 5252 per
3434 5195 3577 5238 san-

1918 5280 2072 5331 ctum
2116 5272 2397 5342 baptisma
2438 5269 2793 5326 celebratur:
2849 5275 3023 5341 atque
3059 5271 3258 5327 divina
3298 5285 3579 5341 coopera—

1919 5365 2077 5421 tione
2098 5361 2243 5418 facta
2265 5360 2551 5431 perceptio
2570 5355 2588 5433 [
2604 5360 2722 5424 Gn,
2742 5365 2913 5431 atque
2932 5360 3208 5417 deiﬁcans
3229 5358 3570 5435 perceptio],

1920 5459 1977 5510 et
1999 5450 2443 5509 communicatio
2472 5450 2830 5506 viviﬁcorum
2852 5447 3123 5506 fzederum
3151 5446 3305 5523 [Gr.,
3340 5449 3577 5520 symbo—

156 5525 461 5583 versionem
502 5528 807 5585 verborum
855 5530 939 5586 vel
984 5546 1195 5604 rerum,
1243 5549 1369 5605 quae
1412 5537 1480 5593 ad
1535 5538 1812 5611 injuriam
1913 5537 2132 5615 lorum]
2168 5539 2456 5596 incruenti
2500 5538 2811 5595 sacriﬁcii:
2845 5551 2945 5607 per
2972 5551 3101 5608 qua:
3133 5537 3397 5593 veritatis
3426 5536 3574 5591 illu—
