4018 6166
459 255 567 314 327

1685 250 2040 310 ANASTASII
2084 246 2625 305 BIBLIOTHECARII

3753 248 3846 304 328

459 384 637 440 cescit
666 383 1042 452 illuminatio,
1063 389 1120 440 et
1143 383 1467 454 impietatis
1491 381 1734 439 tenebra:
1758 379 2102 451 eﬁ'ugantur,
2131 375 2182 434 A
2214 378 2308 444 pto
2329 374 2750 430 commodarent
2777 369 2924 447 [Gr.,
2959 367 3397 446 attribuerent],
3433 369 3742 441 impietatis
3763 385 3839 426 eo-

462 472 732 528 babentes
768 479 824 528 et
862 473 1000 543 ipsae
1044 472 1264 544 prOprii
1312 473 1528 529 erroris
1575 469 2102 527 manifestissimam

461 560 866 632 cognitionem,
908 561 1218 618 multorum
1257 561 1524 617 videlicet
1543 561 1778 616 deorum
1816 556 2104 628 supersti-

461 648 694 704 tionem.
718 651 844 704 Haec
862 655 1051 706 autem
1087 649 1166 704 ita
1189 649 1431 704 invicem
1451 649 1845 717 adversantur,
1871 650 1934 702 ut
1961 659 2108 715 apo-

463 735 664 792 stolice
699 736 908 807 dicam,
952 737 1427 808 quemadmodum
1474 737 1532 792 in
1575 734 1865 806 principio
1902 732 2108 789 divisit

461 823 612 881 Deus
633 824 783 880 inter
811 824 992 881 lucem
1015 831 1070 880 et
1102 825 1252 881 inter
1276 824 1552 881 tenebras.
1600 824 1764 880 Dicat
1793 822 1976 893 igitur
2013 834 2106 876 no-

463 910 686 968 biscum
737 912 1106 970 beatissimus
1157 913 1514 986 Evangelista
1559 913 1832 969 Joannes:
1869 912 1993 964 Haec
2031 913 2110 963 est

460 1003 688 1055 victoria
743 1017 864 1071 quae
890 1004 1019 1057 vicit
1039 1003 1322 1065 mundum,
1357 1003 1490 1072 ﬁdes
1529 1006 1718 1056 nostra
1745 999 1802 1071 (Ι
1827 1003 1984 1055 Joan.
2017 999 2107 1071 v);

463 1089 708 1144 addatur
735 1095 921 1146 autem
960 1096 1016 1147 et
1056 1103 1088 1146 a
1127 1091 1313 1162 nobis,
1344 1097 1400 1146 et
1439 1090 1707 1146 dicatur:
1739 1091 1864 1144 Haec
1887 1093 1975 1144 est
2005 1101 2111 1158 pe—

465 1180 572 1246 tra,
596 1190 770 1248 supra
783 1191 953 1248 quam
978 1178 1246 1235 Christus
1269 1178 1576 1234 aediﬁcavit
1597 1191 1757 1235 suam
1775 1177 2108 1247 Ecclesiam,

466 1263 648 1332 portis
691 1263 882 1336 inferi,
951 1265 1006 1322 id
1043 1271 1130 1322 est
1175 1266 1646 1338 aggressionibus
1690 1264 2109 1321 contrariarum

464 1349 745 1408 virtutum
784 1353 1178 1410 inconcussam
1209 1361 1265 1410 et
1291 1355 1710 1410 inevertibilem
1738 1355 1934 1409 Matth.
1961 1352 2106 1424 xw).

464 1440 608 1496 Hinc
637 1455 841 1498 novum
882 1457 1083 1500 nomen
1129 1443 1322 1500 sortiti
1355 1459 1574 1514 sumus,
1617 1445 1791 1514 quod,
1831 1450 1896 1499 ut
1933 1443 2113 1498 Isaias

463 1527 628 1598 dicit,
669 1527 1055 1586 benedicetur.
1088 1531 1248 1586 Dixit
1266 1531 1419 1586 enim
1443 1531 1552 1585 ita:
1595 1531 1918 1585 Benedicent
1944 1534 2114 1585 Deum

463 1613 802 1685 verum(Isa.
837 1617 1004 1690 va);
1047 1623 1102 1674 et
1127 1619 1550 1690 superignotam
1589 1622 1760 1689 atque
1801 1618 2118 1690 investiga—

2215 477 2340 517 rum
2369 467 2426 517 et
2445 463 2706 518 amentia:
2743 463 3106 518 ostendentes
3133 461 3504 516 nimietatem.
3533 458 3647 514 Alii
3669 464 3838 515 autem

2213 558 2340 625 post
2371 553 2488 607 haac
2510 551 2744 622 gentilis
2767 551 3072 622 religionis
3088 549 3341 622 aggressi
3368 547 3770 618 confusionem,
3794 554 3844 604 et

2216 641 2361 697 hanc
2398 640 2808 711 circumtegere
2848 638 3188 695 festinantes
3227 637 3334 694 sub
3367 637 3596 693 nomine
3626 635 3844 692 deorum

2214 730 2363 800 apud
2409 743 2505 784 eos
2546 728 2900 798 colebantur,
2961 727 3403 783 simulacrorum
3453 739 3621 781 curas
3669 725 3848 781 studio

2220 814 2370 892 [Gr.,
2428 813 2784 890 structuras]
2837 815 3200 888 peragebant,
3259 821 3372 871 tam
3423 814 3648 870 scilicet
3685 813 3845 883 Jovis,

2217 921 2384 977 quem
2421 912 2478 962 et
2517 909 2730 976 patrem
2759 910 2817 960 et
2845 905 3156 980 consulem,
3200 905 3254 960 id
3279 908 3365 960 est
3383 901 3849 959 sublimissimum

2216 996 2450 1052 deorum
2472 1008 2538 1050 ac
2561 993 2854 1050 hominum
2875 993 3304 1063 nuncupabant,
3325 1005 3494 1063 quam
3511 995 3849 1046 cancrorum.

2219 1097 2461 1155 quorum
2486 1096 2597 1138 non
2614 1087 2699 1137 est
2725 1082 2940 1136 incerta
2962 1081 3283 1137 nominatio
3303 1079 3590 1151 pluribus.
3615 1077 3852 1148 Quorum

2221 1171 2590 1244 purgationes
2606 1167 2624 1244 [
2642 1167 3062 1244 venerationes]
3091 1175 3147 1225 et
3178 1170 3442 1238 honores,
3467 1169 3566 1240 qui
3588 1182 3686 1238 per
3703 1169 3860 1224 sacri-

2221 1260 2350 1316 ﬁcia
2381 1274 2507 1332 qua:
2543 1260 2614 1316 ab
2652 1259 2738 1314 eis
2774 1258 3156 1328 celebrantur,
3197 1258 3426 1327 ﬁebant,
3461 1256 3859 1313 fornicationes

2223 1364 2449 1420 quoque
2465 1356 2636 1421 atque
2657 1351 2923 1421 luxuriae,
2951 1363 3017 1404 ac
3039 1348 3220 1404 totius
3247 1347 3630 1402 immunditiaa
3647 1346 3860 1401 demon.

2222 1439 2548 1507 strationes,
2579 1447 2643 1496 ut
2665 1453 2862 1510 parum
2895 1439 2974 1495 sit
3001 1437 3142 1505 dici,
3167 1437 3360 1506 turpia
3385 1433 3555 1490 verba
3586 1435 3796 1504 pariter
3812 1438 3862 1488 et

2222 1526 2627 1596 blasphemiae:
2672 1529 2954 1598 cumapud
2995 1541 3096 1582 eos
3140 1524 3454 1581 homicidia
3499 1522 3557 1579 in
3601 1523 3859 1579 honorem

2223 1615 2322 1670 Dei
2369 1617 2562 1672 studio
2591 1622 2914 1688 agerentur,
2957 1619 3014 1670 et
3052 1627 3255 1685 pompa
3299 1611 3568 1682 turpibus
3601 1611 3864 1681 operibus

467 1703 640 1760 bilem
665 1688 975 1762 ineﬁ'abilis
989 1708 1114 1776 ejus
1135 1688 1352 1762 naturae
1367 1688 1775 1763 annuntiantes
1797 1688 2118 1776 incomp're-
2145 1688 2198 1750 Β
2226 1717 2422 1760 eorum
2455 1704 2861 1771 honorabatur,
2909 1704 2968 1760 in
3011 1703 3280 1759 honorem
3307 1714 3503 1757 eorum
3536 1700 3638 1770 qui
3665 1699 3865 1755 adora-

468 1793 918 1850 hensibilitatem
938 1813 954 1865 ;
975 1794 1326 1850 invisibilem
1347 1795 1518 1851 etiam
1535 1795 1712 1867 illam,
1735 1801 1790 1852 et
1811 1795 2118 1852 incircum-

467 1883 761 1953 scriptam;
793 1887 850 1939 et
885 1883 1118 1940 omnino
1163 1883 1687 1940 incommutabilem
1738 1883 2113 1940 indubitabili

467 1969 815 2026 certitudine
863 1971 1272 2041 praedicantes;
1326 1975 1500 2042 atque
1547 1971 1950 2042 sempiternam
1991 1972 2117 2041 ejus

467 2057 741 2115 virtutem
761 2064 818 2115 et
839 2058 1202 2115 divinitatem
1222 2072 1254 2114 a
1271 2066 1530 2116 creatura
1556 2059 1778 2130 mundi,
1803 2061 2116 2116 secundum

468 2147 923 2203 sacratissimum
955 2147 1217 2215 Paulum,
1260 2161 1360 2218 per
1383 2161 1448 2204 ea
1485 2162 1611 2219 qua:
1639 2146 1787 2204 facta
1826 2153 1980 2212 sunt,
2018 2148 2120 2203 in—

470 2234 772 2306 tellectam,
837 2237 1258 2308 conspicientes
1314 2235 1489 2308 (Rom.
1521 2238 1588 2310 ι).
1640 2237 1848 2309 Sicque
1904 2238 2119 2293 servire

472 2323 586 2378 Deo
621 2324 752 2380 vivo
791 2329 848 2380 et
889 2339 1020 2380 vero
1051 2325 1388 2396 meruimus,
1429 2330 1486 2381 et
1519 2325 1782 2382 libertate
1806 2339 1918 2396 qua
1959 2324 2121 2380 Chri-

473 2414 598 2468 stus
627 2425 731 2468 nos
774 2411 1058 2482 liberavit,
1094 2413 1456 2470 honoriﬁcati
1489 2428 1689 2470 sumus
1707 2419 1764 2470 et
1784 2414 2115 2486 gloriﬁcati,

471 2497 544 2553 ab
562 2499 717 2554 omni
745 2499 925 2569 erepti
949 2499 1158 2556 idolico
1205 2515 1397 2558 errore
1437 2507 1494 2557 et
1526 2501 2113 2574 impietate(Gal.v1):

473 2587 643 2656 cujus
681 2588 968 2658 pracipua
1007 2589 1281 2660 cognitio,
1309 2590 1500 2647 dicere
1537 2590 1740 2660 lapidi.
1782 2591 1864 2646 Tu
1901 2603 1987 2646 me
2016 2603 2121 2661 ge—

481 2673 664 2730 nuisti
689 2693 701 2728 :
723 2680 778 2730 et
807 2673 984 2746 ligno,
1015 2677 1098 2732 Tu
1130 2690 1215 2732 me
1241 2675 1452 2748 fecisti,
1483 2678 1798 2734 secundum
1832 2679 2121 2748 propheta:

475 2775 665 2818 vocem
695 2781 708 2817 :
735 2768 792 2818 et
822 2777 933 2820 non
973 2764 1227 2834 aspicere
1254 2765 1312 2821 in
1351 2766 1578 2834 cmlum,
1609 2773 1674 2822 ut
1697 2766 1876 2822 Isaias
1913 2767 2123 2822 clamat

476 2847 613 2920 (Isa.
654 2851 849 2925 xxix),
895 2857 958 2906 ut
997 2851 1362 2910 existimetur
1406 2855 1540 2926 quis
1581 2860 1687 2925 est,
1728 2855 1828 2925 qui
1872 2854 2123 2912 ostendit

481 2938 599 2994 hac
658 2939 886 2996 omnia:
927 2941 1026 3011 qui
1085 2942 1280 2998 educit
1330 2955 1428 3012 per
1484 2956 1782 2999 numerum
1844 2943 2120 2999 mundum

481 3040 669 3096 suum,
715 3040 814 3097 per
845 3002 1048 3084 nomen
1092 3002 1465 3100 vocabit-pra:
1508 3031 1687 3086 multa
1737 3031 1940 3103 gloria,
1973 3035 2030 3086 et
2061 3031 2121 3086 in
2151 3002 2200 3063 Ο

483 3114 856 3172 multitudine
871 3117 1133 3186 virtutis;
1157 3119 1325 3188 cujus
1337 3132 1538 3175 manus
1556 3119 1908 3188 plasmaveru
1919 3123 1982 3174 nt
2001 3119 2126 3174 uni-

483 3217 699 3259 versam
723 3204 992 3261 militiam
1021 3207 1175 3278 coeli,
1201 3208 1674 3278 quemadmodum
1699 3208 1853 3264 alius
1890 3207 2123 3279 quidam

483 3291 568 3346 ait
624 3293 1064 3363 prophetarum:
1111 3300 1377 3352 caeterum
1429 3302 1703 3352 creatura:
1743 3296 2021 3352 universa:
2066 3296 2124 3350 in

485 3385 620 3450 apto
645 3381 902 3437 ordinem
949 3382 1256 3454 intuentes,
1307 3398 1408 3454 per
1433 3397 1555 3439 eam
1601 3384 1896 3441 intellectu
1920 3385 2127 3440 anima:

485 3467 760 3525 similiter
801 3470 1186 3541 generationis
1233 3471 1508 3528 rationem
1566 3473 1929 3528 considerare
1971 3469 2123 3545 [Gr..

485 3557 850 3628 proportione
882 3559 1018 3629 prod
1029 3560 1280 3615 uctivum
1300 3561 1426 3629 ejus
1451 3560 1682 3616 verbum
1708 3575 1862 3616 cons.
1881 3558 1922 3634 ],
1947 3567 2003 3615 et
2028 3573 2128 3629 per

482 3657 603 3700 eam
637 3645 914 3700 veraciter
949 3647 1283 3701 existentem
1329 3648 1504 3702 Deum
1549 3647 1805 3716 adorare,
1849 3648 2128 3718 quemad—

485 3733 711 3788 modum
741 3733 943 3790 beatus
964 3733 1335 3804 Athanasius,
1375 3747 1688 3790 sermonem
1731 3741 1930 3791 contra
1973 3735 2128 3792 idola

481 3833 842 3892 componens,
871 3820 1160 3890 liquidius
1177 3823 1390 3878 edocet.
1413 3823 1574 3879 Sicut
1604 3836 1737 3894 ergo
1777 3823 1936 3879 nulla
1964 3838 2130 3880 com-

483 3909 798 3964 municatio
833 3908 950 3964 luci
975 3908 1044 3964 ad
1071 3909 1351 3982 tenebras,
1376 3909 1460 3966 vel
1489 3911 1790 3967 conventio
1811 3911 2027 3968 Christi
2055 3914 2124 3968 ad

481 3995 656 4050 Belial
678 3994 764 4065 (II
785 3995 904 4050 Cor.
933 3996 1050 4067 v1):
1081 3997 1164 4052 ita
1204 3998 1352 4053 nihil
1383 4004 1469 4054 est
1501 4013 1799 4055 commune
1835 4000 2130 4057 Christia—

483 4084 595 4154 nis,
619 4084 718 4154 qui
743 4098 919 4143 unum
944 4086 1119 4140 Deum
1147 4087 1532 4144 inaccessibili
1553 4088 1814 4145 claritate
1832 4095 1888 4145 et
1912 4089 2127 4145 virtute

478 4173 828 4228 adorandum
857 4173 1072 4244 colunt.
1101 4174 1171 4231 ad
1193 4188 1289 4232 eos
1321 4177 1418 4246 qui
1447 4177 1668 4249 ﬁngunt
1698 4179 1899 4248 Deum,
1927 4183 1983 4234 et
2009 4179 2128 4234 hu-

473 4261 726 4332 jusmodi
757 4275 790 4318 a
819 4263 1091 4334 propheta
1110 4265 1264 4333 juste
1289 4264 1484 4320 miseri
1507 4271 1783 4322 vocantur
1800 4267 1909 4320 Isa.
1941 4268 2118 4339 XLIV).

2225 1792 2436 1848 bantur
2485 1797 2796 1862 assumpta,
2858 1796 3053 1862 utpote
3113 1790 3236 1846 illis
3295 1788 3617 1862 agentibus,
3688 1795 3744 1844 et
3783 1787 3866 1842 bis

2225 1879 2394 1936 factis
2413 1881 2966 1953 congratulantibus.
2999 1881 3171 1936 Porro
3195 1893 3321 1950 qua:
3341 1877 3491 1948 apud
3516 1877 3867 1933 Christianos

2226 1974 2362 2024 sunt
2411 1969 2690 2040 imagines
2737 1974 3063 2024 sanctorum
3102 1967 3378 2036 virorum,
3433 1965 3535 2036 qui
3584 1978 3770 2036 usque
3804 1964 3865 2019 ad

2226 2057 2562 2129 sanguinem
2603 2057 2942 2113 restiterunt
2993 2061 3220 2127 peccato
3253 2054 3569 2111 secundum
3611 2052 3862 2124 Apostoli

2225 2159 2415 2201 vocem
2445 2143 2636 2215 (Hebr.
2679 2145 2812 2215 xu),
2845 2145 3061 2216 quique
3090 2143 3259 2199 verbo
3300 2141 3561 2198 veritatis
3590 2141 3870 2197 ministra°

2225 2239 2448 2290 verunt.
2484 2235 2892 2305 prophetarum
2933 2232 3156 2288 scilicet
3203 2237 3258 2287 et
3299 2230 3727 2302 apostolorum:
3762 2229 3872 2285 sive

2231 2321 2402 2377 etiam
2433 2336 2629 2379 eorum
2661 2323 2761 2394 qui
2798 2321 2892 2392 pia
2916 2321 3031 2376 vita
3062 2325 3118 2376 et
3145 2319 3462 2376 directione
3503 2331 3744 2388 operum
3775 2317 3875 2373 bo-

2230 2423 2432 2466 norum
2473 2412 2748 2467 veraciter
2789 2410 2889 2467 Dei
2921 2409 3068 2465 servi
3096 2408 3310 2465 ostensi
3341 2411 3496 2476 sunt,
3541 2406 3698 2462 nihil
3724 2405 3870 2462 aliud

2229 2505 2366 2554 sunt
2380 2513 2549 2570 quam
2567 2498 2938 2556 fortitudinis
2954 2497 3293 2568 exemplum,
3313 2495 3871 2564 conversationisque

2227 2589 2560 2644 venerandae
2583 2602 2649 2644 ac
2677 2589 2958 2644 virtutum
2990 2599 3206 2654 norma,
3243 2591 3415 2656 atque
3443 2584 3511 2640 ad
3545 2583 3871 2656 gloriﬁcan-

2227 2677 2364 2732 dum
2400 2679 2601 2746 Deum,
2625 2677 2721 2734 cui
2764 2677 2824 2732 in
2866 2675 3133 2746 praesenti
3179 2675 3296 2730 vita
3337 2674 3477 2729 bene
3516 2674 3869 2743 placuerunt,

2231 2766 2663 2822 incitamentum
2693 2771 2750 2822 et
2777 2765 3068 2821 excitatio.
3091 2765 3284 2820 Sermo
3312 2763 3464 2818 enim
3506 2761 3788 2818 bonorum
3809 2760 3878 2815 vi-

2232 2867 2425 2911 rorum
2456 2859 2618 2910 actus
2645 2855 2905 2924 edocens,
2929 2855 3092 2923 juvat
3127 2851 3446 2920 audientes,
3487 2855 3542 2906 et
3579 2851 3651 2905 ad
3704 2849 3875 2904 zelum

2233 2943 2580 2999 imitationis
2622 2941 2949 3013 frequenter
2995 2939 3218 2996 invitat.
3255 2940 3311 2995 Id
3363 2939 3549 3010 ipsum
3584 2944 3778 2995 autem
3822 2935 3879 2991 ﬁt

2231 3031 2544 3088 secundum
2570 3034 2977 3100 competentem
2999 3029 3299 3092 rationem,
3329 3028 3380 3084 si
3399 3027 3532 3083 ﬁnis
3554 3027 3876 3082 attendatur

2236 3121 2569 3192 imaginum.
2611 3119 2746 3190 Quae
2783 3119 2936 3176 enim
2972 3132 3159 3175 sermo
3204 3117 3461 3173 historia:
3503 3129 3600 3186 per
3621 3115 3874 3172 auditum

2234 3209 2606 3278 commendat,
2649 3209 2766 3263 haec
2823 3207 3047 3278 pictura
3098 3211 3291 3262 tacens
3354 3217 3452 3274 per
3501 3203 3873 3259 imitationem

2235 3297 2506 3366 ostendit,
2549 3309 2788 3368 magnus
2832 3296 3040 3351 clamat
3073 3294 3344 3364 Basilius,
3377 3306 3445 3348 ex
3477 3297 3730 3363 utroque
3774 3291 3871 3346 isto

2235 3387 2304 3443 ad
2355 3385 2754 3442 fortitudiuem
2801 3385 2903 3440 hos
2941 3385 3042 3455 qui
3086 3383 3407 3452 attendunt,
3454 3381 3600 3452 erigi
3667 3381 3871 3436 dicens.

2235 3475 2428 3530 Brevis
2455 3475 2628 3543 enim,
2666 3478 2729 3528 ut
2757 3473 2892 3543 quis
2918 3473 3152 3542 dixerit,
3184 3476 3240 3528 et
3263 3470 3604 3541 capitularis
3631 3467 3874 3524 narratio

2236 3565 2521 3632 gestorum
2543 3575 2575 3616 a
2607 3562 2822 3630 pictore
2845 3562 2904 3617 in
2937 3562 3184 3632 imagine
3212 3557 3232 3635 [
3249 3560 3368 3622 Gr.,
3399 3559 3472 3615 ab
3496 3571 3562 3615 eo
3596 3559 3706 3630 qui
3736 3556 3876 3626 depi-

2235 3654 2364 3705 ctus
2381 3655 2467 3705 est
2493 3649 2552 3704 in
2585 3645 2715 3722 im.]
2746 3648 2808 3703 ﬁt
2858 3648 3042 3716 nobis,
3079 3649 3177 3719 qui
3205 3647 3540 3718 aspicimus,
3571 3645 3873 3702 imitabilis

2235 3736 2480 3793 visionis
2503 3737 2690 3806 ipsius
2712 3735 2996 3792 formatio.
3033 3737 3103 3792 Ut
3121 3751 3255 3808 ergo
3281 3741 3337 3791 et
3361 3748 3490 3791 cum
3515 3731 3673 3808 [Gr.,
3699 3746 3874 3806 quem-

2234 3824 2539 3880 admodum
2587 3830 2643 3880 et
2671 3822 2839 3899 cum]
2864 3825 3038 3881 idolis
3063 3823 3338 3881 falsorum
3367 3824 3602 3879 deorum
3635 3823 3875 3879 scelesta:

2238 3913 2492 3982 ipsorum
2517 3913 2845 3970 coexistnnt
2869 3909 2889 3987 [
2899 3914 3018 3977 G12,
3048 3913 3220 3969 simul
3257 3908 3568 3986 apparent]
3601 3912 3873 3974 actiones,

2233 4006 2291 4055 et
2307 4001 2487 4057 alium
2514 4003 2744 4072 quidem
2769 4016 2838 4058 ex
2866 4001 3072 4058 auditu
3095 4001 3501 4071 percipientem
3544 4011 3611 4054 ea
3635 4013 3764 4070 qua:
3789 4011 3877 4068 per

2234 4095 2461 4146 sanctos
2479 4091 2634 4146 viros
2667 4096 2826 4162 gesta
2852 4095 3006 4160 sunt,
3065 4090 3125 4144 in
3162 4089 3609 4145 recordationem
3649 4086 3877 4144 audito—

2235 4193 2357 4236 rum
2393 4179 2723 4249 hujusmodi
2767 4178 3170 4248 contemplatio
3206 4177 3470 4248 impellit.
3520 4176 3724 4234 Alium
3756 4187 3875 4231 vero

2235 4267 2590 4342 ignorantem
2610 4268 2680 4324 ad
2700 4267 3009 4340 diligenter
3034 4266 3516 4337 percunctaudum
3531 4265 3798 4333 instruit,
3826 4267 3877 4318 et

477 4349 602 4406 Illis
651 4351 803 4406 enim
860 4351 1012 4407 cinis
1067 4352 1297 4423 quidem
1335 4368 1434 4410 cor
1492 4358 1597 4424 est,
1629 4355 1783 4411 sieut
1841 4355 2120 4426 scriptum
2153 4340 2208 4402 D
2235 4340 2361 4429 qua:
2400 4371 2498 4428 per
2521 4357 2688 4413 illum
2717 4356 2995 4412 docentur
3021 4353 3168 4429 [Gr.,
3193 4355 3358 4412 illius
3389 4360 3514 4411 acta
3551 4348 3872 4424 edoctum],

477 4444 598 4494 est:
645 4452 889 4510 quorum
940 4439 1044 4495 alii
1086 4441 1316 4512 quidem
1379 4455 1547 4512 opera
1595 4442 1741 4498 dolii
1787 4457 1820 4499 a
1875 4457 1935 4499 se
1979 4442 2124 4515 facti

475 4525 656 4582 creari
680 4527 792 4583 sibi
819 4529 994 4584 Deum
1018 4533 1294 4584 recentem
1332 4542 1400 4584 ex
1427 4541 1538 4585 non
1577 4529 1960 4588 existentibus
1984 4532 2123 4602 opi-

477 4619 724 4672 nantur:
773 4621 830 4672 et
884 4620 1185 4672 corruente
1233 4617 1340 4673 hoc
1405 4631 1472 4672 ex
1521 4619 1779 4690 qualibet
1842 4633 2017 4676 causa
2067 4626 2123 4676 et

475 4703 869 4773 exterminata,
919 4704 1160 4760 firmiter
1189 4708 1382 4760 tenent
1429 4720 1539 4762 non
1581 4719 1704 4762 esse
1733 4707 1848 4762 sibi
1884 4708 2122 4764 omnino

474 4791 674 4860 Deum,
723 4793 838 4848 nisi
870 4793 1143 4863 quiddam
1173 4793 1332 4850 aliud
1381 4795 1504 4864 pari
1538 4795 1703 4851 modo
1731 4795 2114 4853 condiderint.

471 4880 543 4934 Et
580 4881 685 4937 hoc
723 4881 948 4952 liquido
993 4895 1096 4938 nos
1154 4882 1352 4938 divina
1399 4884 1563 4940 docet
1615 4884 1911 4954 Scriptura
1964 4885 2023 4940 in
2053 4899 2120 4942 eo

474 4971 626 5038 quod
650 4968 858 5027 factum
889 4975 976 5027 est
1000 4971 1060 5027 in
1081 4984 1290 5042 eremo,
1318 4985 1486 5042 opere
1505 4973 1675 5029 vituli
1701 4973 1772 5030 ab
1816 4973 2114 5042 Israelitis,

473 5059 702 5127 quando
714 5059 1052 5115 seditionem
1082 5066 1498 5117 commoventes
1515 5060 1782 5117 dicebant
1801 5062 1871 5118 ad
1893 5062 2079 5120 Aaron
2098 5081 2110 5114 τ

471 5147 580 5200 Fac
621 5148 776 5201 nobis
818 5148 960 5202 deos.
1007 5150 1104 5218 qui
1149 5164 1246 5203 nos
1279 5150 1598 5219 precedent
1633 5147 1834 5220 (Emod.
1885 5151 2110 5224 XXXII):

471 5234 832 5290 ostendentes
866 5249 966 5304 per
1006 5235 1130 5304 hoc,
1159 5250 1219 5292 se
1263 5236 1534 5292 arbitrari
1579 5250 1687 5294 non
1732 5252 1855 5294 esse
1881 5239 2115 5295 omnino

471 5323 669 5392 Deum,
697 5335 880 5394 neque
895 5337 1112 5394 verum,
1137 5338 1318 5396 neque
1346 5323 1475 5380 falsi
1521 5325 1791 5396 nominis,
1833 5327 1947 5382 nisi
1971 5325 2115 5384 forte

2236 4447 2296 4502 in
2321 4459 2568 4502 amorem
2613 4450 2669 4500 et
2698 4445 2922 4500 laudem
2947 4444 3047 4500 Dei
3102 4442 3316 4500 fervide
3346 4443 3668 4499 suscitant:
3711 4443 3789 4498 ita
3818 4445 3875 4494 ut

2235 4547 2332 4605 per
2357 4538 2667 4604 utrumque
2697 4533 2939 4588 istorum
2965 4531 3310 4602 aspicientes
3353 4535 3689 4587 sanctorum
3711 4539 3872 4600 Opera

2233 4622 2398 4690 bona,
2439 4621 2761 4694 gloriﬁcent
2791 4622 3009 4676 Patrem
3045 4625 3304 4677 nostrum
3335 4619 3434 4691 qui
3479 4620 3540 4676 in
3571 4619 3740 4677 caelis
3772 4621 3870 4684 est,

2232 4711 2543 4767 secundum
2585 4708 2877 4781 Evangelii
2933 4723 3123 4765 vocem
3173 4707 3396 4780 (Matth.
3430 4707 3512 4780 v).
3554 4709 3628 4764 At
3658 4708 3710 4764 si
3781 4718 3876 4776 per

2228 4800 2472 4870 Moysem
2501 4797 2787 4872 legislatio
2817 4797 3080 4868 praecipit
3111 4797 3322 4868 p0pulo
3365 4797 3526 4853 ﬁlum
3557 4792 3870 4868 hyacinthi-

2230 4901 2364 4942 num
2394 4887 2453 4942 in
2480 4886 2726 4942 ﬁmbriis
2747 4900 2872 4956 qua:
2892 4891 3028 4941 sunt
3051 4885 3110 4940 in
3146 4884 3579 4942 summitatibus
3605 4883 3870 4947 vestium,

2231 4975 2446 5046 imponi
2478 4976 2547 5031 ad
2584 4975 3030 5032 recordationem
3059 4979 3469 5045 praeceptorum
3493 4977 3668 5044 atque
3693 4975 3875 5028 custo-

2225 5064 2386 5120 dium
2419 5061 2607 5127 (Num.
2642 5063 2772 5134 xv):
2809 5067 3022 5133 quanto
3045 5062 3226 5134 magis
3251 5075 3364 5118 non
3385 5061 3650 5118 convenit
3678 5073 3780 5130 per
3805 5057 3877 5114 si-

2226 5151 2614 5208 militudinem
2664 5151 2904 5220 pictura:
2946 5155 3274 5207 sanctorum
3317 5149 3574 5206 virorum
3615 5149 3872 5218 aspicere

2226 5243 2556 5310 proventum
2586 5238 3037 5295 conversationis
3069 5252 3286 5302 eorum,
3315 5243 3371 5293 et
3415 5237 3613 5293 horum
3650 5234 3868 5290 imitari

2224 5327 2389 5382 ﬁdem
2434 5326 2750 5382 secundum
2801 5327 3178 5396 apostolicum
3241 5325 3634 5397 magisterium
3685 5321 3867 5394 (Hebr.

473 5409 690 5466 idolum
709 5411 822 5466 sibi
853 5411 1103 5467 artificio
1130 5411 1286 5467 ﬁeret
1305 5413 1388 5468 vel
1411 5413 1762 5484 exquisitum
1785 5409 1932 5486 [Gr.,
1961 5416 2111 5486 quod
2221 5429 2326 5470 xm
2347 5414 2405 5486 )‘?
2427 5415 2654 5470 Domini
2681 5420 2868 5471 autem
2901 5413 3212 5470 secundum
3244 5414 3438 5469 carnis
3460 5411 3709 5469 visionis
3738 5411 3872 5466 ima-

469 5495 876 5576 exquirebant]
903 5517 918 5569 ;
941 5499 1036 5556 cui
1078 5506 1205 5570 post
1230 5501 1336 5557 hoc
1375 5501 1592 5558 exitum
1619 5514 1814 5558 eorum
1839 5517 1909 5559 ex
1939 5504 2114 5576 Egy—
2222 5503 2461 5576 ginibus
2489 5503 2724 5560 formari
2745 5503 3150 5572 characterem,
3172 5502 3232 5558 in
3260 5501 3726 5573 redargutionem
3750 5499 3870 5569 qui-
