4012 6162
225 225 310 284 339
921 217 1467 276 INTERPRETATIO
1503 216 1752 273 S’YNODI
1791 214 1886 269 VII
1922 211 2328 268 GENERALIS.
2361 244 2436 254 —
2469 215 2671 270 ACTIO
2709 217 2796 269 ιν.
3467 208 3574 272 330

225 351 323 406 dem
343 355 415 402 est
436 343 837 415 haareticorum,
871 345 971 416 qui
1002 345 1302 416 phantasia
1339 350 1396 402 et
1425 359 1537 402 non
1575 343 1813 398 veritate
1839 341 1892 400 Α
1924 345 2106 396 etnon
2131 341 2334 412 utique
2357 346 2440 397 tot
2465 343 2870 399 multitudines
2895 343 3014 398 zelo
3051 347 3418 416 congregatas
3455 357 3573 400 sua:

227 435 459 493 hominem
483 447 602 488 eum
627 431 838 488 factum
868 433 1143 489 maledice
1172 434 1491 504 perhibent,
1519 439 1574 490 et
1602 434 1658 488 in
1689 445 1817 488 ma-
1929 430 2179 502 pietatis,
2206 431 2418 486 divina:
2451 431 2847 503 intelligentiae
2868 447 2932 488 ac
2951 433 3194 488 ducatus
3214 438 3466 488 exsortes
3487 432 3580 488 de-

225 523 571 580 nnductioucm
615 523 918 591 quamdam
957 537 1153 579 eorum
1190 523 1291 593 qui
1335 537 1445 578 non
1490 523 1724 579 omnino
1743 521 1812 576 ad
1927 524 2157 589 sereret,
2209 535 2322 590 quo
2369 521 2562 576 minus
2601 522 2860 577 viderent
2905 521 3224 591 pervenisse
3283 535 3463 591 usque
3508 521 3578 576 ad

228 611 568 669 celsitudinem
612 611 915 667 ascendere
953 611 1282 681 spiritualis
1318 610 1820 680 contemplationis
1929 611 2404 679 perseverantiam
2455 609 2822 681 perfectionis
2863 611 3130 666 Ecclesia:
3161 610 3368 680 ipsius,
3415 623 3584 680 quam

223 702 390 769 valent,
421 699 508 754 sed
555 698 814 770 indigent
838 700 1008 755 etiam
1047 701 1288 770 quadam
1315 699 1598 769 corporali
1638 697 1824 754 consi-
1931 699 2266 754 exhibuisse
2296 699 2408 754 sibi
2449 701 2802 756 credidimus
2833 715 2945 756 non
2981 700 3276 755 habentem
3304 697 3584 754 maculam

223 789 466 846 deratione
486 789 550 844 ad
581 789 913 844 auditorum
941 788 1378 856 ﬁrmamentum,
1423 794 1637 858 quanto
1671 787 1822 842 vide-
1933 792 2034 842 aut
2090 802 2308 859 rugam,
2351 793 2452 845 aut
2497 789 2720 860 aliquid
2771 789 3134 860 hujusmodi:
3181 787 3318 843 licet
3357 801 3470 843 non
3524 786 3584 842 in”

225 877 328 933 licet
347 877 536 934 utilius
555 881 611 932 et
652 876 968 932 sollicitius
996 875 1172 933 fuerit
1198 877 1349 947 [Gr.,
1378 891 1567 932 rerum
1603 877 1828 934 audita-
1938 876 2138 945 paucis
2173 877 2255 932 vel
2287 877 2641 949 ignobilibus
2683 878 3039 950 civitatibus,
3075 877 3193 949 sed,
3263 881 3288 932 t
3319 877 3398 932 ita
3431 875 3598 932 dixe-

224 979 322 1022 ram
346 965 422 1022 ﬁr.
453 979 802 1037 quaecunque
831 965 1098 1022 utiliores
1121 971 1276 1036 sunt,
1311 973 1369 1022 et
1399 966 1599 1035 majori
1644 978 1830 1036 prose-
1939 965 2070 1037 rim,
2100 980 2238 1036 pene
2278 968 2334 1022 in
2373 967 2642 1024 omnibus
2673 967 3025 1040 regionibus,
3063 971 3121 1024 et
3163 968 3222 1023 in
3261 965 3592 1023 illustribus

223 1056 419 1126 quenda:
463 1053 716 1124 affectu].
768 1055 1101 1125 Mysterium
1150 1056 1303 1110 enim
1362 1054 1510 1126 quod
1557 1060 1613 1111 et
1653 1054 1828 1111 caelos
1937 1068 2002 1110 ac
2042 1055 2462 1125 principalibus
2492 1057 2765 1112 Ecclesiis
2799 1056 3129 1127 hujusmodi
3171 1069 3326 1112 more
3352 1059 3588 1112 retento.

220 1143 407 1214 operuit
429 1145 734 1213 majestate,
775 1144 1178 1201 absconditum
1206 1157 1239 1200 a
1265 1145 1495 1200 saeculis
1525 1149 1580 1200 et
1605 1157 1834 1215 genera'
1939 1145 2098 1214 Quod
2131 1159 2261 1200 vero
2289 1147 2594 1216 antiquum
2624 1147 2701 1201 sit
2737 1146 3044 1202 historicas
3069 1145 3428 1201 narrationes
3450 1144 3604 1200 Scri-

222 1232 440 1288 tionibus
461 1233 515 1288 in
542 1234 677 1302 Deo,
711 1233 810 1304 qui
847 1233 1041 1289 omnia
1071 1234 1306 1306 creavit,
1337 1239 1392 1288 et
1414 1233 1563 1304 quod
1597 1247 1707 1290 non
1731 1248 1835 1290 so—
1945 1239 2242 1304 pturarnm
2278 1233 2606 1304 frequenter
2637 1235 2696 1289 in
2726 1235 3078 1306 imaginibus
3103 1233 3361 1301 formari,
3397 1232 3601 1303 probat

223 1321 315 1376 lum
353 1335 412 1376 ex
439 1321 642 1377 auditu
685 1322 850 1378 ﬁdem
902 1323 1070 1378 habet
1100 1322 1260 1392 (ﬁdes
1299 1323 1452 1378 enim
1492 1337 1562 1378 ex
1604 1324 1828 1394 auditu,
1944 1330 2156 1378 sanctm
2178 1324 2464 1378 memoriae
2492 1324 2755 1394 Geegorii
2776 1325 2969 1394 Nyssae
2995 1338 3197 1393 sermo,
3225 1323 3294 1379 de
3315 1321 3597 1378 Abraham

221 1409 588 1478 aitApostolus
613 1411 789 1479 [Rom.
821 1410 926 1482 xl),
957 1411 1051 1466 sed
1087 1411 1259 1466 etiam
1302 1427 1400 1481 per
1422 1412 1700 1468 visionem
1728 1412 1838 1466 ﬁr—
1947 1411 2162 1466 habens
2192 1411 2770 1480 superscriptionem;
2801 1411 2860 1466 in
2891 1426 3004 1482 quo
3033 1413 3102 1468 de
3128 1410 3412 1466 sacriﬁcio
3442 1411 3596 1465 Isaac

225 1498 450 1553 maturin
471 1512 670 1554 eorum
695 1500 982 1555 mentibus
1007 1501 1348 1570 quivident:
1375 1507 1430 1556 et
1456 1501 1666 1556 virtute
1689 1501 1834 1557 illud
1949 1500 2247 1555 historiam
2281 1501 2338 1554 in
2372 1500 2618 1569 picturis
2647 1507 2994 1571 assumptum
3031 1502 3210 1557 docet.
3240 1499 3397 1568 Quod
3431 1500 3480 1556 si
3504 1513 3603 1554 se—
3706 1512 3709 1514 ·

223 1585 558 1653 vociferatur;
594 1588 734 1658 quia
777 1603 835 1644 se
859 1591 1010 1646 Deus
1039 1589 1425 1644 manifestavit
1466 1590 1524 1644 in
1555 1603 1743 1652 carne,
1783 1595 1840 1644 ct
1949 1589 2202 1644 cundum
2235 1589 2368 1644 illos
2395 1589 2586 1644 taliter
2611 1604 2670 1644 se
2695 1605 2784 1646 res
2821 1589 3007 1660 habet,
3048 1589 3226 1645 multo
3259 1589 3402 1660 [Gr.,
3439 1587 3598 1658 Quod

222 1675 462 1731 creditum
491 1681 580 1732 est
613 1677 671 1732 in
711 1678 940 1746 mundo,
972 1678 1241 1734 omnibus
1271 1678 1528 1734 sanctius
1558 1683 1728 1748 atque
1757 1693 1839 1733 sa-
1875 1684 1920 1742 Β
1951 1676 2000 1730 si
2045 1683 2198 1747 gesta
2239 1677 2470 1733 illorum
2521 1679 2620 1746 ita,
2661 1679 2860 1748 multo,
2894 1679 3034 1748 etc.]
3077 1677 3258 1749 magis
3295 1677 3605 1732 Dominicaa

227 1761 418 1819 lubrius
447 1765 792 1821 invenietur.
834 1769 914 1822 Ita
955 1771 1020 1823 ut
1051 1780 1116 1823 ea
1154 1781 1278 1838 qua:
1313 1767 1526 1836 scripta
1571 1771 1706 1821 sunt
1746 1779 1844 1836 per
1951 1765 2402 1835 dispensationis
2435 1767 2711 1822 miracula
2730 1773 2786 1823 et
2821 1768 3115 1838 passiones
3146 1765 3476 1836 hujusmodi
3503 1765 3611 1821 de—

223 1852 540 1923 evangelicas
566 1854 1003 1924 prmdicationes
1027 1856 1096 1911 de
1112 1856 1540 1911 conversatione
1556 1855 1700 1925 ejus,
1731 1867 1842 1924 qua

224 1941 499 1997 secundum
527 1956 762 1998 carnem
789 1944 848 1998 in
884 1951 1030 1999 terra
1060 1958 1190 2000 cum
1235 1943 1571 2000 hominibus
1603 1957 1848 1999 conver—

223 2032 358 2084 satus
389 2036 488 2100 est,
543 2032 606 2086 in
657 2032 1016 2102 populorum,
1055 2047 1124 2088 ne
1165 2032 1511 2102 delerentur,
1561 2032 1848 2101 descripta

223 2117 322 2172 sint
361 2120 774 2176 monumentis:
824 2125 888 2176 ut
932 2127 990 2176 et
1019 2121 1212 2177 cultus
1249 2121 1534 2176 claritatis
1580 2121 1724 2190 ejus,
1795 2125 1850 2174 et

223 2205 351 2262 circa
382 2221 479 2264 nos
501 2207 808 2279 bonitatis,
836 2207 1200 2266 manifestius
1223 2209 1628 2280 praedicaretur
1648 2214 1704 2263 et
1723 2208 1854 2264 ado-

222 2301 434 2351 raretur.
475 2299 610 2353 Non
653 2298 806 2353 enim
851 2297 1138 2370 lignorum
1174 2303 1230 2354 et
1279 2298 1854 2354 colorumoadoratur

222 2383 456 2458 mistura,
485 2387 595 2441 sed
626 2386 944 2442 invisibilis
962 2387 1130 2456 Deus,
1149 2387 1250 2456 qui
1276 2387 1334 2442 in
1361 2387 1494 2442 sinu
1519 2385 1707 2442 Patris
1735 2386 1856 2454 ipse

218 2474 594 2531 adorationem
636 2476 882 2532 assumit
924 2475 984 2530 in
1019 2475 1234 2545 spiritu
1268 2479 1324 2530 et
1361 2476 1619 2545 veritate,
1659 2489 1756 2545 per
1799 2487 1859 2529 se

161 2559 168 2565 ’
222 2561 364 2618 nobis
398 2563 758 2620 oblationem
789 2579 914 2635 quae
949 2565 1016 2620 ad
1057 2566 1278 2620 Patrem
1316 2569 1421 2632 est,
1461 2564 1704 2636 donans,
1739 2564 1862 2634 ipse

219 2665 421 2722 quoque
445 2667 592 2710 cum
625 2653 752 2723 ipso
786 2653 1000 2723 pariter
1018 2653 1344 2710 adorandus
1373 2649 1548 2724 (Joan.
1591 2653 1685 2725 iV).
1723 2655 1862 2708 Nam

206 2740 440 2816 _etJaeob
475 2743 762 2798 adorasse
806 2741 1028 2798 dicitur
1061 2755 1232 2812 super
1269 2741 1654 2796 summitatem
1692 2741 1867 2812 virga:

218 2821 421 2900 Ioseph,
458 2844 589 2887 non
625 2830 782 2903 ligno
815 2831 1034 2886 cultum
1075 2831 1426 2901 impendens,
1455 2831 1549 2886 sed
1596 2831 1867 2886 honorem

221 2918 265 2971 ei
297 2919 392 2988 qui
437 2919 602 2975 hanc
662 2919 1005 2988 possidebat,
1058 2920 1362 2975 ostendens
1399 2919 1582 2990 (Hebr.
1629 2918 1724 2990 χι).
1776 2919 1870 2974 Sic

1955 1855 2088 1910 bent
2129 1855 2399 1926 consequi
2449 1856 2915 1926 approbationem
2950 1858 3094 1928 [Gr.,
3127 1852 3602 1926 expressionem],

1957 1945 2431 2016 quemadmodum
2481 1951 2536 2000 et
2577 1951 2905 2002 sanctorum
2965 1951 3276 2016 martyrum
3326 1941 3612 2011 triumphi

1958 2033 2358 2102 certaminum,
2381 2032 2479 2103 qui
2495 2033 2561 2087 ad
2591 2034 2772 2090 zelum
2796 2035 3008 2091 bonum
3029 2029 3619 2101 adducuntaspicien—

1959 2127 2062 2178 tes.
2088 2122 2246 2192 Quod
2281 2121 2577 2178 manifeste
2618 2122 2828 2180 factum
2855 2122 3180 2179 ostenditur
3207 2121 3378 2176 etiam
3409 2120 3466 2175 in
3507 2117 3620 2174 for-

1963 2211 2178 2266 tissimi
2223 2216 2280 2267 et
2309 2210 2597 2268 mirabilis
2631 2212 2798 2268 testis
2826 2211 3088 2268 veritatis
3111 2208 3400 2266 Anastasii
3427 2211 3623 2262 certa—

1967 2301 2135 2356 mine.
2185 2300 2288 2356 Sed
2339 2299 2483 2356 illud
2517 2299 2760 2356 fortasse
2789 2300 3006 2356 dixerit
3034 2297 3451 2369 aliquis,tueri
3476 2295 3623 2366 [Gr.,

1966 2389 2183 2458 vereri]
2217 2389 2602 2444 necessarium
2635 2388 2802 2445 nobis
2831 2393 3039 2445 sanctae
3079 2387 3409 2456 Scriptum:
3430 2397 3629 2454 praece-

1971 2483 2083 2550 pta.
2120 2478 2192 2532 Ut
2217 2482 2386 2547 puta:
2435 2479 2558 2534 Non
2595 2479 2765 2546 facies
2793 2478 3000 2532 tibimet
3040 2476 3268 2537 idolum,
3299 2489 3472 2544 neque
3509 2489 3632 2528 om-

1970 2583 2092 2621 nem
2130 2557 2564 2629 similitudinem,
2629 2580 2962 2636 quaecunque
3008 2566 3068 2618 in
3124 2564 3250 2619 caelo
3292 2578 3528 2624 sursum,
3583 2565 3634 2616 et

1974 2671 2138 2725 super
2186 2660 2389 2709 terram
2431 2641 2700 2716 deorsum,
2747 2659 2796 2710 et
2839 2669 3173 2725 quaecunque
3219 2654 3279 2706 in
3315 2653 3475 2720 aquis
3513 2651 3639 2705 sub-

1976 2749 2064 2799 tus
2091 2748 2320 2797 terram:
2344 2759 2452 2797 non
2487 2743 2746 2797 adorabis
2765 2759 2848 2806 ea,
2871 2758 3044 2812 neque
3068 2743 3267 2796 servies
3295 2741 3408 2794 illis
3439 2736 3640 2803 (Exod:

1979 2831 2094 2902 xx).
2131 2833 2196 2887 Et
2225 2845 2460 2886 rursus:
2501 2833 2623 2888 Non
2654 2833 2884 2902 accipies
2905 2847 3098 2885 nomen
3125 2831 3224 2884 Dei
3249 2829 3331 2884 tui
3352 2829 3414 2882 in
3435 2842 3637 2882 vanum

1979 2918 2174 2992 (ibid).
2204 2921 2274 2974 Et
2301 2919 2358 2974 in
2407 2921 2848 2976 Deuteronomio
2871 2939 2884 2975 :
2909 2921 3093 2988 Neque
3130 2920 3318 2988 inique
3359 2919 3559 2984 agatis,
3591 2919 3643 2971 et

224 3004 396 3077 itaque
417 3012 475 3063 et
516 3012 740 3064 sanctae
769 3007 997 3063 Domini
1033 3015 1090 3063 et
1113 3022 1334 3077 semper
1371 3007 1634 3078 gloriosae
1673 3007 1873 3063 Matris
1901 3001 1947 3060 C
1978 3010 2200 3077 faciatis
2218 3009 2502 3078 vobisipsis
2517 3009 2820 3078 sculptilem
2841 3009 3274 3068 similitudinem,
3301 3011 3354 3061 et
3382 3021 3502 3076 quap
3523 3020 3643 3060 cum

222 3092 414 3166 efﬁgies
446 3095 816 3166 intelligitur
847 3109 880 3150 a
908 3096 1123 3152 Christi
1161 3096 1390 3165 populo,
1429 3102 1484 3151 et
1517 3097 1865 3152 honoratur:

225 3182 298 3239 sic
329 3198 360 3240 a
399 3185 619 3254 priscis
653 3183 1146 3239 sanctissimarum
1190 3184 1572 3240 Ecclesiarum
1621 3184 1872 3254 pra-latis

225 3271 348 3327 talia
409 3277 644 3342 recepta
693 3277 848 3341 sunt,
899 3277 954 3328 et
1010 3272 1069 3327 hi
1139 3272 1352 3328 nullam
1424 3273 1869 3343 prohibitionem

221 3359 391 3431 adepti
437 3367 580 3418 sunt
624 3361 772 3431 [Gr.,
828 3361 984 3416 nulla
1021 3361 1413 3432 prohibitione
1466 3363 1638 3417 vetita
1679 3361 1862 3430 sunt].

222 3448 544 3522 Quanquam
577 3454 711 3520 post
742 3450 1188 3520 persecutionem
1229 3451 1511 3507 transitus
1554 3451 1612 3505 in
1657 3451 1874 3505 adven-

225 3542 328 3593 tum
373 3539 530 3609 fidei,
578 3540 700 3594 haec
731 3538 946 3609 ubique
989 3543 1204 3594 retenta
1238 3539 1484 3595 concilia
1525 3538 1873 3595 universalia

220 3627 376 3683 etiam
415 3642 609 3700 usque
630 3628 700 3683 ad
742 3629 1160 3700 generationem
1205 3633 1454 3684 nostram
1493 3629 1672 3698 parati
1713 3631 1870 3696 sunt,

224 3729 334 3784 quae
365 3718 757 3787 plurimorum
793 3717 1178 3788 capitulorum
1213 3723 1396 3790 snper:
1421 3717 1772 3788 imaginibus
1795 3732 1876 3773 re-

220 3805 372 3872 gulas
397 3820 727 3878 exposuere
761 3807 909 3876 (Gn,
951 3807 1091 3862 Cum
1143 3813 1327 3862 tamen
1374 3806 1872 3877 persecutionibus

223 3896 542 3964 transactis,
574 3900 635 3951 et
661 3895 769 3950 ﬁde
805 3909 936 3950 cum
967 3894 1231 3952 libertate
1259 3896 1472 3967 ubique
1518 3896 1872 3966 praevalente,

219 3984 499 4049 generalia
543 3997 777 4054 quoque
805 3983 1050 4039 concilia
1079 3999 1260 4054 usque
1289 3985 1357 4040 ad
1391 3989 1584 4040 nostra
1623 3988 1877 4053 tempora

222 4067 354 4126 facta
385 4071 533 4144 sint,
563 4076 623 4128 et
647 4085 710 4126 ea
737 4084 982 4127 canones
1001 4072 1292 4128 ediderint
1323 4073 1394 4128 de
1417 4073 1702 4142 pluribus
1731 4071 1882 4142 capi-

219 4157 350 4216 tulis
375 4159 554 4234 longe
567 4160 813 4216 minoris
828 4161 1119 4232 momenti,
1145 4175 1316 4233 quam
1337 4162 1502 4217 sitde
1528 4161 1880 4232 Imaginibus

217 4244 592 4319 disputatio].
645 4249 798 4318 Quas
841 4259 952 4304 non
992 4253 1140 4306 esset
1187 4263 1504 4322 congruum
1559 4249 1882 4304 indiscussa

1980 3099 2092 3152 illis
2131 3095 2305 3168 (Deut.
2339 3097 2412 3168 v).
2467 3097 2569 3153 Sed
2610 3098 2730 3152 haec
2773 3097 2964 3153 omnia
3015 3094 3378 3152 manifestum
3435 3093 3644 3149 habent

1980 3199 2230 3256 sensum,
2265 3187 2413 3256 quod
2447 3187 2644 3242 divina
2685 3191 2888 3242 natura
2916 3185 3260 3255 sempiterna
3291 3183 3492 3254 sit[Gr
3521 3181 3646 3237 for—

1982 3289 2070 3330 ma
2081 3288 2281 3330 carens
2297 3275 2374 3330 sit
2394 3274 2409 3343 ]
2429 3279 2600 3345 atque
2615 3275 2801 3330 incom
2812 3273 3241 3348 prehensibilis
3260 3277 3317 3328 et
3329 3271 3474 3328 nulli
3489 3269 3652 3325 simi-

1980 3365 2057 3420 lis
2076 3363 2410 3419 aestimanda
2429 3376 2625 3418 eorum
2649 3377 2775 3432 quae.
2794 3367 3110 3418 cernuntur
3131 3381 3143 3416 :
3176 3362 3270 3416 sed
3303 3375 3484 3430 neque
3505 3367 3648 3416 trac.

1981 3453 2201 3508 tatibus
2229 3457 2286 3506 et
2343 3451 2596 3522 ingeniis
2632 3449 2862 3506 ferenda
2887 3451 2957 3506 ad
2988 3449 3313 3519 corporales
3347 3448 3650 3518 opiniones

1980 3544 2102 3603 Gr.,
2133 3545 2197 3596 ut
2224 3541 2430 3612 nequis
2467 3540 2819 3608 conjecturis
2856 3545 2914 3595 et
2947 3538 3381 3609 suspicionibus
3403 3539 3652 3594 ducatur

1981 3631 2050 3686 ad
2078 3643 2380 3699 corporeas
2399 3629 2849 3699 conceptiones].
2885 3628 3203 3683 Prmdiccns
3223 3627 3376 3683 enim
3400 3629 3645 3698 Moyses;

1981 3719 2254 3773 Custodite
2280 3719 2440 3772 valde
2483 3718 2768 3771 animabus
2805 3719 3017 3779 vestris,
3063 3719 3194 3786 quia
3241 3717 3654 3771 similitudinem

1982 3825 2090 3862 non
2117 3809 2333 3862 vidistis
2371 3809 2431 3861 in
2459 3809 2546 3862 die
2571 3823 2681 3876 qua
2713 3808 2920 3862 locutus
2949 3812 3028 3861 est
3059 3808 3319 3861 Dominus
3349 3807 3424 3860 ad
3453 3821 3546 3860 vos
3591 3807 3652 3860 in

1985 3897 2186 3952 Choreb
2209 3897 2274 3950 de
2292 3897 2466 3956 medio
2491 3899 2664 3964 ignis;
2687 3896 2804 3952 hinc
2827 3892 3159 3966 prtedi’cens,
3195 3893 3398 3951 intulit
3421 3894 3646 3951 statim:

1986 3987 2170 4056 Neque
2197 3987 2383 4054 inique
2408 3987 2606 4052 agatis,
2633 4001 2806 4054 neque
2819 3987 3040 4053 faciatis
3063 3985 3212 4040 vobis
3237 3987 3372 4056 ipsis
3405 3985 3656 4056 sculptile

1993 4077 2143 4129 Deut.
2192 4087 2268 4145 ιν,
2314 4073 2388 4146 v),
2421 4079 2477 4129 et
2523 4088 2648 4143 quae
2689 4087 2820 4129 cum
2863 4073 3043 4143 ipsis:
3093 4073 3426 4130 recordatus
3481 4072 3650 4130 vituli

1992 4161 2372 4219 confectionis
2399 4175 2524 4233 quae
2545 4161 2690 4218 facta
2723 4161 2927 4231 fuerat,
2974 4165 3146 4232 atque
3178 4175 3490 4232 praecavere
3514 4162 3654 4218 hor—

1992 4256 2164 4321 tatus,
2201 4265 2269 4306 ne
2293 4256 2350 4306 et
2375 4251 2486 4321 ipsi
2513 4251 2824 4306 secundum
2867 4251 3260 4322 Egyptiorum
3286 4250 3656 4306 consuetudi-

216 4347 381 4405 super
403 4337 517 4394 hoc-
537 4345 597 4394 et
623 4338 1009 4408 perfunctorie
1031 4339 1449 4411 derelinquere,
1482 4339 1533 4394 si
1567 4337 1876 4394 secundum
1906 4341 1960 4402 D
1992 4353 2140 4401 nem,
2177 4354 2345 4410 quam
2397 4339 2673 4409 sciebant,
2705 4339 2774 4394 ad
2817 4339 2985 4394 talem
3019 4339 3346 4394 laberentur
3379 4338 3653 4408 impieta-

220 4429 601 4493 quorumdam
633 4428 960 4498 opinionem
987 4443 1116 4485 cum
1159 4427 1444 4484 idolorum
1478 4426 1680 4483 formis
1707 4432 1763 4482 et
1791 4441 1882 4482 ex-

214 4516 616 4586 secramentis,
651 4531 775 4588 qua:
805 4518 1174 4574 continentur
1207 4517 1266 4572 in
1290 4516 1509 4572 divinis
1538 4516 1876 4586 Scripturis,

215 4601 381 4658 etiam
415 4606 787 4662 consuetudo
820 4620 946 4676 quae
982 4605 1312 4677 antiquitus
1349 4605 1498 4674 apud
1529 4618 1635 4660 nos
1661 4603 1882 4660 teneba-

217 4695 322 4763 tur,
396 4693 689 4766 discebat,
739 4695 824 4750 vel
879 4696 947 4752 ad
1006 4697 1104 4750 Dei
1171 4695 1576 4751 alienationem
1633 4695 1880 4750 ducatur

217 4779 354 4848 (Gn,
387 4797 420 4838 a
462 4784 684 4853 priscis
719 4784 1073 4854 temporibus
1101 4784 1251 4854 apud
1290 4797 1392 4839 nos
1425 4783 1596 4854 viget,
1643 4783 1699 4838 in
1731 4783 1878 4838 idem

217 4870 417 4944 tendit,
463 4876 646 4943 atque
682 4873 750 4929 ad
795 4875 896 4928 Dei
936 4873 1108 4929 alien.
1149 4873 1360 4943 ducit].
1409 4875 1459 4927 Is
1498 4872 1649 4927 enim
1681 4871 1779 4942 qui
1821 4886 1882 4927 se

214 4971 338 5014 eum
379 4961 678 5029 apostolis
715 4975 838 5017 esse
863 4975 1046 5032 usque
1083 4962 1152 5017 ad
1189 4961 1737 5017 consummationem
1786 4975 1884 5016 sze-

214 5048 329 5104 culi
379 5050 555 5105 dixit
591 5049 802 5122 (Matth.
848 5051 1076 5124 xxvm),
1114 5051 1218 5106 hoc
1269 5050 1536 5106 videlicet
1571 5051 1743 5105 etiam
1790 5049 1884 5106 his

214 5139 308 5206 qui
357 5143 498 5209 post
545 5152 644 5194 eos
681 5140 1028 5210 inspectores
1075 5140 1341 5196 Ecclesia:
1381 5145 1536 5212 sunt,
1569 5139 1886 5209 repromit—

216 5224 300 5278 tit.
348 5229 484 5282 Non
537 5227 691 5283 enim
734 5242 864 5284 cum
915 5229 1036 5284 illis
1069 5229 1444 5298 corporaliter
1488 5232 1886 5297 perseveratu—

217 5326 310 5369 rus
335 5320 472 5371 erat
504 5329 691 5386 usque
719 5317 787 5372 ad
835 5317 1106 5372 instantis
1135 5317 1330 5372 saeculi
1358 5316 1664 5372 transitum
1693 5334 1707 5386 ;
1741 5317 1884 5386 quin

218 5407 269 5456 et
302 5418 440 5460 cum
485 5405 592 5459 his
615 5405 714 5476 qui
761 5407 820 5460 in
853 5407 1082 5462 nomine
1121 5407 1244 5476 ejus
1281 5407 1397 5462 duo
1435 5406 1520 5460 vel
1576 5411 1690 5460 tres
1741 5419 1888 5460 con-

219 5493 499 5565 gregandi
578 5497 754 5564 erant,
820 5495 1016 5551 adesse
1075 5494 1373 5564 perhibuit
1425 5491 1634 5565 (Matth.
1689 5493 1881 5565 xvm):

667 5587 896 5648 PATROL.
947 5592 1197 5650 CXXIX.

1992 4433 2124 4498 tem,
2169 4433 2226 4484 et
2249 4429 2611 4484 divinitatem
2654 4428 3002 4483 :estimarent
3049 4427 3297 4484 similem
3340 4427 3491 4483 istis.
3536 4428 3652 4484 Hoc

1989 4518 2142 4572 enim
2186 4523 2242 4572 et
2282 4531 2522 4588 magnus
2551 4515 2860 4587 Apostolus
2905 4516 2964 4572 in
3003 4517 3277 4572 concione
3307 4513 3456 4572 facta
3494 4517 3646 4587 apud

1987 4605 2366 4661 Athenienses
2405 4605 2731 4675 perhibuit:
2779 4603 2953 4660 Genus
2991 4620 3114 4673 ergo
3162 4621 3284 4660 cum
3321 4606 3490 4660 simus
3527 4607 3646 4668 Dei,

1989 4711 2094 4749 non
2143 4695 2392 4749 debemus
2421 4696 2686 4749 aestimare
2713 4710 2868 4756 auro,
2903 4699 3001 4749 aut
3032 4699 3274 4762 argento,
3319 4698 3418 4749 aut
3451 4695 3646 4766 lapidi,

1990 4785 2282 4855 scalptum
2317 4786 2454 4838 artis
2497 4789 2548 4838 ct
2585 4785 2925 4850 cogitationis
2970 4786 3220 4847 hominis,
3258 4785 3506 4840 divinum
3538 4799 3650 4840 esse

1989 4874 2162 4927 simile
2191 4870 2328 4944 (Act.
2369 4870 2540 4944 xvn);
2573 4871 2873 4942 eidemque
2899 4872 3092 4928 sensui
3131 4872 3558 4930 continuat:Et
3581 4888 3650 4928 ne

1991 4963 2226 5030 accipias
2265 4976 2456 5015 nomen
2489 4961 2707 5014 Domini
2743 4961 2840 5015 Dei
2862 4961 2920 5013 in
2951 4977 3153 5015 vanum
3189 4959 3381 5031 (Exod.
3429 4961 3548 5034 xx),
3589 4961 3644 5017 id

1991 5055 2096 5118 est,
2127 5063 2194 5104 ne
2233 5063 2397 5105 voces
2438 5053 2494 5104 et
2521 5048 2770 5104 :estimes
2815 5049 2991 5104 Deum
3031 5049 3181 5120 quod
3211 5063 3322 5107 non
3369 5053 3648 5107 veraciter

1994 5139 2099 5194 hoc
2138 5143 2243 5209 est,
2293 5139 2389 5194 sed
2435 5136 2647 5194 frustra
2705 5137 3033 5208 Opinionem
3082 5144 3138 5195 et
3179 5153 3488 5211 cognomen
3535 5137 3649 5194 tale

1995 5227 2327 5297 promeruit.
2361 5227 2463 5283 Sed
2499 5226 2683 5298 nobis,
2715 5227 2800 5282 ait
2839 5241 3079 5301 magnus
3116 5227 3456 5298 Apostolus:
3495 5229 3646 5281 Unus

1993 5319 2135 5368 Deus
2185 5317 2348 5370 Pater
2377 5332 2443 5370 ea:
2483 5332 2588 5385 quo
2641 5318 2842 5378 omnia,
2893 5322 2943 5370 et
2994 5333 3136 5372 unus
3188 5317 3448 5370 Dominus
3492 5317 3646 5369 Iesus

1996 5403 2240 5458 Christus
2275 5421 2377 5474 per
2409 5421 2568 5474 quem
2601 5408 2802 5468 omnia,
2831 5411 2882 5460 et
2906 5422 3047 5460 unus
3073 5406 3313 5475 Spiritus
3342 5409 3562 5459 sanctus
3585 5403 3646 5454 in

1999 5508 2102 5562 quo
2123 5496 2302 5548 omnia
2337 5493 2386 5564 (Ι
2408 5496 2527 5548 Cor.
2569 5494 2721 5565 vm):
2773 5507 2882 5549 non
2915 5493 3164 5550 naturali
3192 5493 3517 5548 alternitate
3544 5503 3644 5560 pro
