4012 6162
409 277 505 338 334

1637 271 1993 327 ANASTASII
2045 249 2596 326 BIBLIO’I‘llECAlHi
3701 279 3787 338 332

405 368 873 476 praepositionum
917 399 1359 457 commutatione
1406 397 1657 453 inducta.
1704 395 1904 452 Absit:
1941 395 2130 454 triaA
2165 394 2392 450 tritium
2431 409 2747 451 sermonem
2774 395 2874 467 qui
2904 396 2963 450 in
3005 393 3191 469 omni]
3224 395 3390 464 plebe
3407 397 3603 454 Christi
3642 401 3782 457 inve—

403 493 555 550 enim
579 506 730 548 unus
754 493 902 546 Deus
926 503 1054 546 cum
1081 487 1378 544 alterutris
1405 485 1773 556 intelligitur,
1801 491 1863 540 ut
1891 483 2054 539 docet

401 580 714 653 Gregorius
743 578 988 649 sapiens.
1022 577 1181 633 Nulli
1207 591 1340 648 ergo
1371 589 1573 630 nomen
1597 573 1746 644 quod
1779 578 1863 628 est
1883 587 2055 642 super

402 684 567 727 omne
592 681 793 724 nomen
828 663 950 741 [ἂν.
975 666 1132 727 add.,
1155 669 1257 720 aut
1276 664 1518 731 cultum,
1548 667 1650 718 aut
1681 661 1938 730 Iatriam]
1965 675 2056 730 po-

403 759 576 830 pulus
625 755 842 812 Christi
884 768 1064 825 usque
1107 753 1296 824 hodie,
1338 757 1568 822 excepta
1613 756 1808 806 sancta
1840 755 1896 804 et
1923 749 2055 806 vitae

402 843 711 917 principali
749 843 1051 909 Trinitate,
1097 841 1399 912 applicuit.
1443 839 1626 895 Absit.
1661 841 1797 894 Nam
1825 838 1924 894 ubi
1953 851 2056 892 nos

399 936 614 994 servire
641 933 858 990 talibus
885 933 1082 989 divina
1106 931 1402 1000 Scriptura
1444 928 1728 999 prohibet,
1760 933 1816 983 et
1833 927 2055 983 alienos

398 1039 502 1083 seu
525 1028 780 1080 exsortes
803 1037 837 1078 a
860 1021 963 1088 tali
1000 1019 1125 1076 vult
1153 1033 1345 1076 errore
1379 1018 1565 1076 modis
1593 1017 1865 1074 omnibus
1882 1016 2057 1072 exhi-

399 1113 522 1171 beri
546 1113 736 1184 [Certe
763 1111 917 1168 enim
940 1109 1124 1165 latria:
1147 1107 1370 1164 cultum
1398 1121 1508 1163 non
1533 1105 1918 1162 exhibendum
1939 1104 2056 1159 hu—

393 1201 648 1274 iusmodi
689 1199 880 1271 rebus,
921 1197 1203 1268 addendo,
1245 1195 1542 1266 Scriptura
1590 1195 1812 1250 alienos
1853 1207 1956 1249 nos
1999 1197 2058 1248 et

398 1290 634 1347 omnino
683 1293 936 1344 exsortes
981 1284 1235 1343 ostendit
1275 1298 1308 1340 a
1351 1283 1456 1340 tali
1510 1282 1752 1352 errore].
1797 1281 2058 1352 Denique

399 1378 738 1436 manifestus
759 1382 848 1433 est
877 1376 1161 1432 idolorum
1191 1373 1491 1448 servitutis
1514 1372 1738 1429 modus.
1761 1371 1922 1442 Apud
1952 1383 2056 1424 nos

397 1473 587 1526 autem
621 1481 772 1524 unus
813 1471 899 1522 est
938 1467 1090 1521 Deus
1127 1463 1474 1532 adorandus,
1515 1467 1573 1517 et
1602 1474 1716 1517 una
1757 1465 1814 1515 et
1859 1459 2052 1514 eadem

399 1557 461 1613 in
509 1557 700 1627 ipsum
746 1560 832 1611 est
880 1554 1036 1625 ﬁdes,
1086 1557 1142 1609 et
1187 1566 1364 1609 unum
1429 1564 1495 1606 ac
1558 1550 1809 1606 salutare
1857 1547 2058 1618 bapti-

399 1659 622 1703 smum:
666 1644 752 1701 sic
789 1649 846 1700 et
883 1657 995 1700 una
1038 1656 1163 1713 qua:
1202 1640 1440 1698 oﬁ‘ertur
1479 1639 1532 1695 ei
1573 1638 1824 1694 servitus
1872 1651 1905 1692 a
1945 1650 2058 1691 no—

2165 485 2368 541 nitur‘?
2405 485 2497 540 Illi
2523 485 2676 540 enim
2725 485 2795 540 de
2829 485 3044 554 quibus
3078 484 3254 540 Isaias
3303 485 3446 540 dixit
3494 485 3607 558 (Isa.
3648 491 3774 562 va),

2163 587 2336 643 super
2359 573 2599 629 vertices
2625 573 2902 629 montium
2939 573 3326 640 immolabant,
3353 578 3408 629 et
3433 588 3592 644 super
3628 575 3782 632 colles

2163 663 2560 719 sacriﬁcabant
2599 662 2805 719 subtus
2836 677 3108 732 quercum
3155 667 3212 718 et
3241 662 3505 732 populum
3547 669 3599 718 et
3625 665 3780 721 arbo-

2166 765 2279 808 rem
2329 751 2795 808 obumbrantem:
2853 751 2990 822 quia
3029 751 3170 807 bene
3223 751 3364 823 tegit
3417 747 3548 824 [Gr.,
3599 751 3784 809 bonum

2166 837 2608 913 tegumentum],
2659 840 2959 909 quem‘adm
2997 840 3135 896 dum
3205 839 3356 896 alius
3417 839 3786 910 prophetarum

2162 929 2324 984 Isaiae
2392 942 2614 985 coaevus
2673 927 2880 984 clamat
2946 927 3081 1000 (Ose.
3148 928 3242 1000 1v).
3316 929 3564 998 Populus
3625 934 3794 984 autem

2163 1017 2378 1074 Christi
2407 1032 2592 1090 regem
2617 1018 2957 1074 saaculorum
2985 1017 3504 1088 incorruptibilem,
3549 1017 3796 1072 invisibi-

2166 1105 2298 1174 lem,
2339 1106 2526 1163 solum
2563 1112 2620 1162 et
2663 1107 2975 1176 sapientem
3005 1107 3184 1162 Deum
3216 1104 3263 1177 (Ι
3307 1107 3443 1160 Tim.
3477 1105 3515 1178 1)
3535 1106 3722 1162 adorat
3747 1107 3799 1162 in

2164 1194 2297 1251 aula
2332 1199 2528 1252 sancta
2571 1196 2716 1267 ejus,
2749 1195 3139 1251 adorationem
3171 1195 3230 1250 in
3261 1193 3476 1264 spiritu
3509 1197 3564 1248 et
3589 1193 3801 1250 veritate

2166 1281 2406 1350 faciens,
2439 1296 2778 1354 omnemque
2815 1283 3041 1339 laudem
3074 1288 3129 1338 et
3161 1281 3632 1355 gloriﬁcationem
3665 1281 3805 1336 vivi-

2167 1372 2287 1428 ﬁcae
2329 1373 2602 1429 Trinitati
2668 1364 3019 1429 incessanter
3075 1371 3336 1428 oﬁ'erens.
3397 1371 3586 1426 Brevis
3635 1376 3804 1426 autem

2165 1460 2298 1517 ﬁnis
2343 1461 2646 1532 idolorum,
2675 1475 2843 1534 quem
2883 1459 3594 1531 sapientia-concionatur,
3635 1459 3688 1514 id
3731 1463 3808 1514 est

2165 1550 2369 1606 horum
2398 1550 2718 1620 demolitio,
2753 1555 2810 1606 et
2829 1550 2980 1621 quod
3015 1563 3126 1605 non
3163 1548 3222 1604 in
3252 1548 3662 1618 sempiternum
3693 1561 3806 1602 ma-

2165 1645 2354 1707 neant,
2386 1654 2498 1696 non
2531 1639 2768 1696 aliunde
2800 1653 2970 1709 quam
2995 1653 3063 1694 ex
3097 1637 3465 1708 apparitione
3507 1635 3710 1692 factum
3735 1643 3810 1694 est

399 1733 510 1804 bis,
549 1733 704 1790 sicut
740 1731 1016 1788 traditum
1050 1735 1138 1786 est
1174 1743 1206 1785 a
1251 1728 1434 1784 sacris
1473 1725 1772 1797 apostolis,
1815 1730 1871 1780 et
1911 1738 2057 1780 con—
2085 1716 2140 1777 B
2167 1729 2358 1800 magni
2389 1728 2490 1784 Dei
2525 1735 2580 1784 et,
2607 1728 2919 1784 Salvator-is
2963 1727 3144 1782 nostri
3195 1728 3331 1782 Jesu
3366 1725 3610 1794 Christi;
3662 1738 3810 1796 quam

399 1829 720 1890 servatum;
772 1819 1236 1889 sacriﬁciumque
1280 1817 1492 1886 laudis,
1545 1816 1693 1887 quod
1741 1827 1838 1884 per
1879 1813 2057 1868 Chri—

399 1917 551 1968 stum
617 1908 974 1966 referendum
1035 1912 1124 1964 est
1158 1909 1274 1962 Deo
1325 1911 1381 1962 et
1405 1904 1580 1975 Patri,
1613 1909 1678 1960 ut
1705 1903 1942 1959 divinus
1971 1902 2056 1956 ait

397 1999 705 2070 Apostolus
726 1996 907 2070 (Hebr.
934 1996 1082 2069 xm),
1132 1995 1190 2051 id
1223 2000 1310 2052 est
1348 1995 1632 2050 labiorum
1661 1991 1886 2048 fructus
1910 2004 2057 2046 con—

401 2089 684 2146 ﬁtentium
731 2085 950 2143 nomini
985 2087 1148 2156 ejus;
1175 2089 1232 2140 et
1261 2082 1633 2140 divinissima
1659 2080 1900 2137 traditio
1928 2093 2055 2150 qua:

402 2182 490 2234 est
523 2177 585 2232 in
625 2175 870 2231 viviﬁcis
917 2173 1226 2245 mysteriis,
1279 2185 1450 2242 quam
1498 2168 1907 2241 praenuntiavit
1949 2169 2060 2222 Ma-

406 2266 625 2323 lachias
645 2264 918 2336 propheta
939 2263 1105 2334 quasi
1131 2276 1200 2318 ex
1227 2274 1464 2332 persona
1493 2259 1592 2314 Dei
1626 2259 1890 2314 locutus:
1919 2257 2058 2321 Quia

404 2355 474 2409 ab
498 2359 621 2409 ortu
639 2355 766 2408 solis
796 2367 966 2422 usque
995 2351 1069 2406 ad
1100 2366 1346 2405 occasum
1373 2350 1736 2418 gloriﬁcatum
1765 2351 2060 2401 estnomen

401 2459 576 2498 meum
612 2445 672 2496 in
703 2441 976 2510 gentibus,
1016 2445 1065 2494 et
1097 2441 1157 2492 in
1185 2439 1332 2493 omni
1367 2438 1475 2490 loco
1522 2438 1801 2490 incensum
1834 2434 2061 2502 offertur

405 2533 612 2588 nomini
629 2547 762 2592 meo,
790 2533 839 2584 et
875 2529 1199 2596 sacriﬁcium
1227 2526 1490 2580 mundum
1521 2522 1772 2595 (Malach.
1814 2524 1872 2595 Ι).
1911 2523 2062 2578 Nul—

403 2621 498 2677 lus
537 2618 718 2690 igitur
744 2621 832 2674 est
867 2629 1178 2672 consensus
1217 2614 1426 2683 templo
1472 2612 1594 2684 Dei,
1649 2613 1706 2668 id
1747 2617 1834 2668 est
1875 2611 2062 2682 ipsius

401 2706 668 2766 Ecclesiae
693 2719 821 2762 cum
847 2703 1021 2760 idolis
1049 2701 1124 2774 (II
1151 2703 1269 2758 Cor.
1299 2701 1394 2774 v1).
1427 2700 1608 2756 Absit.
1641 2701 1766 2756 Haec
1791 2704 1877 2755 est
1905 2699 2058 2755 enim

401 2797 667 2854 columna
713 2799 769 2850 et
830 2792 1246 2848 ﬁrmamentum
1301 2789 1582 2859 veritatis,
1636 2795 1700 2844 ut
1748 2787 2062 2858 apostolice

403 2887 732 2954 nuncupata
769 2885 856 2938 est
879 2879 926 2952 (Ι
958 2881 1090 2935 Tim.
1129 2877 1247 2952 III):
1293 2877 1581 2934 idolorum
1607 2881 1794 2932 autem
1827 2875 2062 2931 nomina

401 2970 940 3029 exterminabuntur
984 2982 1016 3024 a
1063 2972 1234 3038 terra,
1279 2965 1552 3037 propheta
1599 2965 1902 3021 Zacharias
1935 2963 2062 3019 cla—

403 3065 520 3118 mat
541 3059 718 3131 (Zach.
752 3057 916 3130 xm):
961 3056 1190 3128 quando
1219 3035 1408 3112 omnis
1436 3054 1596 3110 locus
1627 3053 1825 3110 domui
1857 3052 2056 3123 David,
2093 3035 2142 3098 Ο

405 3150 462 3207 id
485 3154 572 3206 est
598 3147 864 3204 Ecclesiae
881 3145 1119 3217 Christi,
1147 3145 1316 3214 cujus
1335 3143 1542 3200 domus
1575 3157 1677 3199 nos
1707 3156 1929 3213 sumus,
1965 3155 2064 3211 per

405 3237 789 3308 receptionem
813 3235 960 3306 [Gr.,
994 3231 1338 3304 receptioni]
1369 3232 1498 3288 ﬁdei
1521 3232 1648 3300 ejus
1676 3231 2060 3301 adaperietur.

409 3329 512 3384 His
537 3327 739 3397 utique
775 3324 1058 3381 addentur
1092 3328 1204 3378 tam
1247 3336 1313 3378 ea
1343 3335 1469 3392 quae
1500 3325 1636 3378 sunt
1685 3320 1744 3376 in
1784 3319 2067 3390 sapientia

409 3431 536 3489 qua:
558 3415 779 3472 dicitur
813 3411 1154 3484 Salomonis,
1187 3424 1358 3482 quam
1387 3415 1442 3466 et
1473 3409 1575 3466 illa
1607 3424 1733 3480 qua:
1757 3409 1906 3480 apud
1941 3421 2069 3464 ma—

407 3505 747 3578 gniloquum
783 3503 1031 3572 rejacent
1072 3500 1294 3557 Isaiam.
1343 3499 1424 3555 Ibi
1481 3499 1634 3555 enim
1668 3497 1924 3554 dicitur:
1957 3498 2069 3550 Ini-

405 3597 540 3652 tium
581 3593 960 3663 fornicationis
1015 3591 1335 3658 excogitatio
1385 3588 1670 3642 idolorum.
1731 3585 2063 3639 Adinventio

403 3689 583 3739 autem
637 3696 820 3735 eorum
871 3679 1143 3747 corruptio
1189 3672 1330 3730 vitae.
1378 3677 1564 3744 Neque
1626 3675 1769 3727 enim
1806 3677 1962 3727 erant
1991 3673 2062 3726 ab

402 3773 582 3831 initio,
613 3783 783 3836 neque
810 3767 871 3820 in
899 3765 1154 3819 sazculum
1177 3767 1354 3818 erunt.
1397 3764 1564 3816 Inani
1587 3763 1731 3815 enim
1757 3761 1935 3828 gloria
1955 3761 2061 3812 ho—

401 3860 612 3913 minum
638 3856 884 3909 introivit
911 3853 1060 3924 [IGr.,
1087 3847 1443 3924 introierunt]
1467 3852 1526 3904 in
1559 3849 1842 3912 mundum,
1866 3853 1916 3904 ct
1938 3849 2058 3903 ideo

407 3947 580 4001 brevis
623 3959 806 3998 eorum
831 3943 957 4012 ﬁnis
986 3943 1320 4008 eat-cogitatus
1359 3945 1438 3994 est
1468 3937 1616 4010 (Sap.
1667 3938 1802 4010 xlv),
1851 3941 1908 3993 et
1945 3951 2063 3992 cae-—

403 4040 562 4104 tera;
585 4031 733 4102 apud
767 4030 1096 4102 prophetam
1141 4034 1365 4086 autem:
1398 4027 1816 4096 Confundentur
1844 4029 1940 4096 qui
1961 4030 2062 4096 ﬁn~

403 4127 540 4192 gunt
581 4124 752 4176 Deum
795 4119 922 4191 (Isa.
957 4117 1108 4192 κων)
1139 4123 1196 4174 et
1223 4117 1536 4188 scalpunt:
1580 4121 1638 4173 et
1687 4130 1881 4172 omnes
1913 4117 2062 4172 unde

402 4211 541 4284 facti
580 4213 734 4280 sunt,
784 4207 1056 4264 exsiccati
1096 4213 1251 4280 sunt,
1296 4212 1353 4262 et
1403 4205 1565 4263 surdi
1615 4205 1686 4260 ab
1727 4203 2062 4260 hominibus

404 4299 540 4356 facti
591 4302 746 4367 sunt,
797 4301 852 4354 et
897 4310 963 4353 ea
1009 4311 1135 4368 qua:
1183 4309 1312 4352 cum
1355 4295 1500 4365 ipsis
1542 4293 1866 4364 eﬁ‘erentur,
1909 4291 2058 4348 fabri

2163 1817 2416 1874 Ecclesia
2459 1819 2603 1887 ejus,
2652 1830 2778 1888 quae
2815 1831 2847 1872 a
2889 1815 3106 1872 ﬁnibus
3150 1829 3337 1886 usque
3381 1815 3450 1870 ad
3505 1814 3642 1870 ﬁnes
3672 1813 3814 1868 orbis

2165 1911 2328 1963 terra:
2367 1907 2644 1978 sanguine
2681 1907 2806 1975 ejus
2843 1904 3131 1975 acquisita
3159 1908 3264 1974 est,
3309 1917 3533 1973 semper
3565 1903 3652 1973 pie
3693 1915 3816 1958 sen—

2165 1997 2314 2052 tiens
2374 1995 2677 2051 conﬁtetur
2739 2000 2794 2050 et
2857 1994 3160 2066 gloriﬁcat.
3220 1993 3388 2048 Nihil
3453 2006 3588 2064 ergo
3635 2005 3816 2062 repre-

2168 2084 2465 2141 hensionis
2536 2083 2842 2153 idolorum,
2912 2097 3040 2152 qua:
3102 2082 3163 2138 in
3243 2081 3374 2136 illis
3440 2081 3654 2151 scripta
3718 2086 3817 2146 est,

2168 2187 2472 2245 germanus
2541 2176 2598 2227 et
2656 2187 2824 2228 verax
2893 2171 3200 2227 Trinitatis
3257 2171 3537 2226 adorator
3593 2167 3818 2239 populus

2165 2261 2383 2319 Christi
2432 2261 2490 2316 in
2531 2265 2706 2317 semet
2734 2261 2996 2332 attrahit,
3033 2266 3369 2317 sanctorum
3399 2260 3654 2316 virorum
3683 2258 3821 2313 ima-

2170 2353 2333 2424 gines
2367 2349 2622 2405 habendo
2652 2350 2722 2405 ad
2767 2349 3300 2405 rememorationem
3333 2349 3576 2404 virtutis
3607 2361 3819 2403 eorum:

2171 2439 2648 2510 quemadmodum
2713 2451 2815 2493 nec
2873 2437 3034 2494 beato
3096 2436 3272 2492 Paulo
3331 2435 3596 2506 apostolo
3647 2433 3823 2490 carnis

2173 2527 2499 2598 prohibenti
2547 2525 3066 2598 circumeisionem,
3118 2529 3175 2580 et
3221 2539 3326 2582 eos
3378 2525 3482 2596 qui
3527 2524 3823 2580 secundum

2172 2617 2346 2688 legem
2375 2615 2686 2686 iustiﬁcari
2722 2615 3004 2684 volebant,
3049 2614 3401 2684 increpanti,
3451 2613 3676 2684 culpam
3721 2610 3829 2666 ali-

2173 2720 2341 2776 quam
2374 2703 2550 2760 infert
2583 2708 2686 2760 aut
2721 2704 2959 2774 crimen,
2997 2703 3147 2774 quod
3175 2703 3626 2759 circumciderit
3647 2702 3829 2756 Timo-

2170 2795 2364 2850 theum
2408 2792 2687 2864 legaliter,
2722 2792 2873 2862 quod
2919 2791 3250 2859 totonderit,
3289 2795 3474 2863 atque
3529 2791 3587 2846 in
3637 2787 3829 2859 templo

2171 2881 2518 2938 sacriﬁcium
2545 2881 2826 2936 obtulisse
2862 2879 3155 2936 claruerit.
3189 2881 3397 2951 Neque
3421 2881 3578 2936 enim
3605 2893 3726 2949 qua:
3752 2891 3834 2947 pa-

2172 2976 2416 3041 trantur,
2440 2969 2786 3039 simpliciter
2815 2969 3028 3024 intueri
3057 2972 3320 3039 oportet;
3359 2969 3462 3024 sed
3508 2967 3719 3038 ubique
3745 2966 3830 3020 in-

2174 3060 2482 3116 tentionem
2522 3063 2808 3130 gestorum
2849 3057 3115 3114 convenit
3151 3057 3531 3128 comprobari
3565 3053 3709 3131 ['Gr.,
3740 3068 3832 3126 ge-

2175 3149 2424 3205 rentium
2462 3147 2727 3204 convenit
2754 3146 3003 3217 probari,
3033 3160 3159 3216 qua:
3183 3151 3455 3217 agentem
3490 3147 3576 3202 vel
3604 3144 3831 3201 crimine

2173 3237 2439 3308 absolvit,
2457 3235 2544 3292 vel
2561 3239 2757 3292 contra
2769 3231 3050 3308 damnat].
3075 3233 3199 3290 Nisi
3223 3235 3388 3290 enim
3409 3235 3522 3291 hoc
3539 3233 3835 3306 diligenter

2176 3326 2522 3396 observetur,
2565 3323 2805 3382 fortasse
2833 3337 2933 3379 nec
2967 3323 3155 3393 ipsius
3177 3323 3280 3378 Dei
3323 3327 3678 3394 praeceptum
3724 3320 3836 3376 sine

2175 3413 2460 3470 calumnia
2487 3426 2656 3482 penes
2678 3412 2936 3468 inﬁdeles
2955 3410 3246 3467 eﬁicietur.
3286 3411 3460 3480 Quod
3490 3415 3682 3468 autem
3707 3406 3841 3464 scul-

2178 3502 2346 3572 ptiles
2372 3502 2492 3572 lege
2519 3500 2894 3556 interdicente
2919 3496 3063 3572 [Gr.,
3089 3499 3399 3569 Siquidem
3431 3499 3710 3569 sculptile
3733 3497 3840 3552 sive

2172 3589 2460 3646 conﬁatile
2490 3589 2610 3660 lege
2631 3584 3060 3662 interdicente],
3104 3587 3203 3658 qui
3245 3587 3691 3644 obumbrabant
3715 3598 3843 3657 pro-

2172 3677 2532 3747 pitiatorium
2566 3691 2738 3745 super
2761 3689 2951 3732 arcam
2977 3675 3279 3732 cherubim
3333 3677 3566 3749 gloriae,
3598 3681 3663 3732 ut
3697 3675 3844 3744 Apo—

2169 3765 2354 3822 stolus
2383 3765 2641 3820 nominat
2673 3763 2856 3835 (Hebr.
2888 3763 2987 3838 ix),
3015 3763 3152 3821 talis
3173 3771 3374 3821 essent
3403 3762 3637 3840 [erant]
3666 3762 3846 3819 factu—-

2170 3869 2245 3910 rae
2274 3849 2672 3928 [structura]:
2719 3853 2932 3924 quibus
2961 3858 3018 3908 et
3041 3853 3300 3908 divinam
3332 3869 3581 3926 quoque
3616 3852 3844 3925 gloriam

2169 3943 2560 4000 contineretur
2583 3937 2923 4015 [insidere],
2951 3955 3061 3998 non
3092 3941 3278 3998 solum
3308 3957 3384 3999 ex
3425 3943 3734 4013 Scriptura
3757 3939 3849 3996 di-

2169 4031 2404 4103 scimus,
2421 4031 2516 4087 sed
2539 4035 2596 4086 et
2619 4029 2820 4086 beatus
2842 4029 3194 4086 Athanasius
3213 4030 3367 4088 illud
3393 4032 3614 4102 psalmi
3637 4031 3846 4087 dictum

2171 4123 2572 4190 interpretans,
2641 4118 2745 4184 Qui
2810 4119 2960 4174 sedes
3028 4134 3191 4188 super
3261 4120 3583 4182 cherubim,
3654 4129 3850 4188 appara

2169 4209 2332 4281 (Psal.
2378 4209 2592 4278 inux),
2626 4208 2792 4264 talem
2819 4209 2889 4264 de
2921 4208 3044 4264 illis
3073 4207 3321 4264 tradidit
3367 4209 3848 4282 intelligentiam.

2169 4301 2238 4354 Et
2265 4305 2414 4354 certe
2461 4298 2692 4354 illorum
2731 4296 3028 4352 cherubim
3067 4297 3430 4367 principalia
3475 4299 3680 4370 ignota
3728 4295 3853 4350 sunt

403 4387 666 4462 lignariae
695 4387 840 4443 artis
862 4385 1238 4457 excogitatio:
1269 4389 1326 4439 et
1347 4384 1634 4455 lignorum
1659 4395 1784 4452 qua:
1812 4381 1869 4437 in
1897 4381 2064 4436 mini-
2086 4385 2140 4446 D
2171 4387 2517 4444 omnimodis
2543 4392 2746 4442 natura
2765 4384 3126 4442 hominibus:
3153 4385 3416 4456 spiritus
3439 4387 3604 4444 enim
3627 4390 3687 4441 et
3713 4381 3858 4456 ignis

403 4477 643 4534 sterium
672 4474 1006 4532 hominibus
1033 4477 1190 4540 sunt,
1213 4471 1514 4528 eﬁicientia
1543 4467 1693 4544 [Gr.,
1718 4471 2061 4526 transmuta-

403 4563 516 4641 tio]
565 4566 624 4621 in
667 4565 779 4620 viri
828 4561 1088 4633 formam,
1129 4566 1186 4618 et
1217 4559 1532 4631 publicatio
1561 4559 1822 4615 amentia
1860 4571 2056 4614 eorum

405 4654 505 4726 qui
527 4655 768 4710 adorant
795 4666 858 4708 ea
889 4651 1103 4723 quibus
1129 4647 1392 4706 infertur.
1427 4649 1640 4718 Videte,
1675 4662 1785 4704 non
1825 4649 2053 4718 dicetis,

403 4743 542 4814 quia
584 4741 942 4798 mendacium
971 4741 1030 4796 in
1055 4741 1283 4796 dextera
1321 4751 1442 4794 mea
1471 4743 1590 4793 est:
1623 4737 1772 4808 quod
1803 4737 1872 4793 ad
1907 4752 2059 4808 pra:—

403 4830 631 4900 scriptae
669 4828 984 4898 impietatis
1019 4827 1466 4883 destructionem
1508 4826 1728 4882 intulit.
1780 4828 1895 4882 Nos
1922 4839 2057 4898 ergo

403 4920 648 4977 scientes
679 4922 733 4973 et
766 4917 1057 4973 credentes
1088 4916 1146 4972 in
1183 4915 1390 4972 Filium
1424 4915 1547 4985 Dei,
1589 4915 1688 4986 qui
1725 4921 1811 4970 est
1847 4915 2058 4970 veritas

403 5013 460 5065 et
491 5007 721 5064 dextera
760 5006 966 5076 Patris,
1005 5003 1182 5062 alieni
1213 5019 1245 5061 a
1273 5004 1542 5076 praedicta
1575 5004 1864 5074 prophetae
1887 5003 2059 5059 dam—

405 5096 635 5154 natione
663 5095 1021 5152 ostendimur
1039 5101 1096 5150 et
1115 5096 1426 5151 secundum
1448 5093 1561 5149 .boc
1586 5099 1904 5162 opportune
1934 5106 2058 5162 pro-

405 5185 695 5257 pheticum
737 5183 970 5242 verbum
1011 5183 1235 5238 dicam:
1278 5183 1426 5251 Quid
1474 5181 1646 5251 paleze
1677 5181 1747 5236 ad
1795 5179 2058 5236 frumen—

405 5282 527 5332 tum
556 5273 681 5346 (Jer.
728 5271 940 5345 xxiii)?
975 5271 1110 5341 Qua:
1159 5269 1526 5325 familiaritas
1571 5281 1682 5323 non
1727 5267 2058 5324 subsisten-

407 5364 485 5420 tis
515 5361 784 5428 levitatis,
830 5374 954 5432 quae
988 5357 1301 5415 ventilatur
1327 5372 1359 5412 a
1407 5355 1716 5426 spiritibus
1759 5356 2050 5430 nequitias,

406 5467 602 5510 eorum
629 5451 728 5523 qui
755 5450 1014 5516 serviunt
1041 5452 1315 5503 creatura:
1356 5445 1548 5514 potius
1577 5458 1746 5514 quam
1775 5445 2049 5519 Creatori,

407 5543 477 5600 ad
509 5555 650 5600 vera:
672 5540 770 5596 Dei
796 5536 1146 5612 eOgnitionis
1174 5535 1470 5592 alumnum
1499 5533 1556 5589 in
1588 5532 1744 5590 omni
1775 5528 1919 5606 [Gr.,
1953 5549 2056 5592 nu-

2167 4475 2443 4544 existunt,
2495 4480 2552 4530 et
2597 4474 2666 4530 ab
2708 4473 2864 4530 omni
2921 4473 3206 4544 corporali
3250 4472 3628 4532 formatione
3693 4479 3857 4542 atque

2167 4570 2371 4620 natura
2407 4569 2692 4619 extranea.
2721 4562 2857 4632 Qua:
2897 4562 3051 4618 enim
3097 4561 3167 4617 de
3203 4561 3330 4618 illis
3366 4563 3794 4635 corpulentius
3827 4573 3856 4614 a

2169 4653 2442 4724 propheta
2485 4651 2640 4709 dicta
2702 4656 2856 4722 sunt,
2917 4651 3294 4722 symbolicum
3361 4659 3426 4708 et
3482 4653 3859 4709 excellentem

2170 4742 2316 4812 [Gr.,
2365 4739 2774 4812 anagogicum]
2821 4753 3051 4796 sensum
3101 4738 3336 4811 habent,
3382 4741 3576 4798 aliter
3615 4735 3862 4810 intelligi

2167 4831 2416 4890 valentia
2449 4827 2594 4902 [Gr.,
2624 4841 2736 4886 non
2775 4823 3050 4901 valentia]
3088 4827 3418 4884 secundum
3469 4826 3863 4885 venerabilem

2168 4918 2468 4988 rationem,
2513 4922 2568 4972 et
2611 4917 2668 4972 id
2712 4916 2862 4987 quod
2911 4915 3298 4985 incorporalia
3356 4916 3562 4975 decet.
3602 4916 3868 4986 llludque

2166 5007 2358 5064 dicere
2389 5005 2772 5061 necessarium
2816 5008 2922 5075 est,
2965 5003 3235 5075 quoniam
3267 5017 3671 5078 nequaquam
3695 5001 3870 5060 Chri—

2166 5095 2341 5180 stiani
2373 5107 2568 5150 eorum
2595 5094 2696 5164 qui
2715 5092 2830 5149 sibi
2852 5096 2989 5148 sunt
3011 5091 3326 5148 secundum
3363 5106 3624 5152 carnem
3651 5090 3872 5167 agnati,

2167 5179 2286 5240 neti
2331 5181 2416 5238 vel
2464 5179 2676 5252 afﬁnes,
2723 5180 2968 5250 speciem
3021 5179 3434 5252 depingentes,
3487 5183 3727 5251 colunt,
3773 5183 3871 5235 aut

2165 5271 2363 5340 aliquo
2397 5269 2642 5324 reddunt
2680 5269 2888 5340 dignos
2934 5267 3166 5324 honore.
3201 5266 3303 5324 Sed
3343 5281 3556 5340 neque
3586 5267 3875 5340 imperia—

2167 5359 2309 5415 lium
2333 5362 2739 5428 praeceptorum
2769 5357 3033 5428 potestati
3053 5353 3520 5415 succumbentes
3549 5359 3702 5415 talia
3718 5369 3882 5414 exco-

2165 5449 2508 5520 gitaverunt,
2549 5458 2720 5515 super
2751 5445 2964 5516 quibus
2997 5445 3154 5515 juste
3191 5449 3576 5502 accusantur
3625 5445 3745 5518 illi,
3774 5439 3874 5515 qui

2166 5538 2399 5593 dicentes
2433 5551 2488 5592 se
2515 5549 2627 5590 esse
2657 5535 2948 5604 sapientes,
2983 5534 3140 5589 stulti
3166 5531 3302 5601 facti
3327 5539 3506 5598 sunt,
3541 5541 3601 5591 et
3633 5539 3876 5592 mutave-
