4012 6162
178 347 271 405 333
906 346 1455 400 INTERPRETATIO
1490 346 1737 400 SYNODI
1782 346 1872 398 Vll
1912 346 2397 400 GENERALIS.—
2432 346 2633 400 ACTIO
2669 348 2752 399 IV.
3448 346 3551 404 331

176 498 290 549 runt
304 492 517 560 gloriam
546 489 978 558 inconuqatibilis
1006 491 1102 542 Dei
1128 491 1182 542 in
1208 490 1617 543 similitudinem
1650 491 1797 542 ima—
1826 494 1841 534 Δ

1954 480 2126 542 antes,
2162 480 2225 530 ut
2256 475 2311 529 id
2350 478 2497 546 quod
2532 478 2657 531 sino
2700 478 2967 534 scandan
3012 484 3067 533 et
3110 478 3434 535 turbatione
3475 495 3571 549 po.

176 584 302 651 ginis
325 579 680 649 corruptibilis
712 579 961 639 hominis,
995 582 1055 633 ut
1080 577 1164 632 ait
1194 576 1499 646 Apostolus
1530 576 1691 647 (llam.
1727 578 1797 648 I):
1916 563 2037 631 puli
2067 564 2165 633 sit.
2199 565 2545 620 omnimodis
2579 567 2998 637 Persequamini
3028 586 3039 621 =
3069 567 3380 636 Iiresel‘iim
3412 582 3564 637 cum,

179 672 246 726 ita
276 674 332 725 ut
360 668 524 723 etiam
550 681 617 721 ex
652 666 757 720 hoc
787 665 950 735 plane
984 666 1148 721 modo
1177 665 1622 733 demonstretur,
1648 666 1798 736 quod
1918 665 1985 705 ne
2014 667 2167 707 unus
2188 667 2255 707 ex
2285 654 2543 709 minimis
2583 662 3000 725 contemnatur,
3038 655 3336 725 praicipiat
3370 656 3571 710 Domi—

177 757 437 815 calumnia
460 770 579 825 quae
600 756 905 825 scriptura:
935 755 1107 822 inest,
1134 754 1299 809 nobis
1325 751 1463 827 [δη
1486 755 1797 824 accusatio,

1957 755 2024 794 us
2049 759 2063 809 ;
2093 741 2365 796 similiter
2405 748 2591 798 autem
2628 748 2683 798 et
2721 758 2787 799 ne
2823 744 3261 814 scandalizetur,
3308 743 3574 813 importa-

178 860 325 917 quam
382 843 552 899 infert
596 844 908 914 scriptura,
967 840 1153 918 nobis]
1213 825 1342 898 non
1368 844 1550 914 possit
1592 844 1795 913 aptari.
1918 827 2090 918 {mem
2128 825 2275 902 [Cum
2302 831 2407 886 hoc
2438 829 2596 905 ίῐηβο]
2635 831 2779 888 ferat
2802 840 2858 888 θῐ
2882 832 3200 888 terribilem
3235 831 3312 887 iis
3339 832 3440 902 Cilli
3469 832 3574 887 hoc

177 914 301 1006 Ergo
326 933 373 988 si
406 933 529 1002 pias
550 933 622 987 de
645 931 952 986 divinitate
977 914 1178 1001 Opinfo
1223 946 1282 987 es
1312 933 1379 986 ad
1413 932 1803 1001 corpulentus
1920 914 2177 989 fecerint,
2222 920 2641 1006 damnationem
2691 918 2899 991 (Matth.
2952 921 3131 993 XVIII).
3176 923 3336 976 Nunc
3384 927 3573 976 autem

177 1005 575 1092 transferentes,
614 1025 671 1076 et
699 1034 763 1075 ea
795 1035 920 1090 qua:
949 1022 1062 1075 Deo
1095 1021 1368 1075 decibilis
1402 1021 1599 1092 gloria:
1633 1026 1803 1090 atque
1914 1012 1970 1061 et
1996 1007 2263 1063 civitates
2290 1023 2487 1065 omnes
2515 1005 2650 1083 [σι’-τ
2688 1008 2837 1084 tote]
2871 1016 2926 1066 et
2956 1010 3362 1066 multitudines
3403 1024 3579 1079 popu-

176 1111 448 1167 servitutis
490 1115 644 1181 sunt,
691 1111 1032 1178 deserentes,
1076 1113 1178 1165 aut
1222 1110 1537 1165 secundum
1574 1109 1798 1180 aliquid

1954 1110 2105 1151 arum
2143 1111 2254 1153 non
2283 1098 2341 1152 in
2372 1113 2551 1169 pauco
2582 1115 2756 1171 super
2786 1101 2894 1157 hoc
2925 1100 3178 1157 tumultu
3210 1099 3573 1156 consistunt:

175 1201 385 1256 omnino
416 1199 767 1254 minorantes
787 1198 858 1253 de
890 1197 1220 1268 hujusmodi
1248 1212 1419 1254 causa
1445 1199 1659 1255 ostensi
1689 1196 1805 1253 fue-

1954 1200 1976 1240 II
2000 1200 2114 1255 quo
2138 1201 2204 1241 ne
2229 1201 2333 1242 nos
2352 1187 2587 1243 obnoxii
2619 1202 3014 1262 appareamus,
3048 1190 3203 1245 omni
3237 1188 3431 1245 studio
3460 1201 3584 1258 pro.

178 1290 357 1358 rimus,
392 1287 532 1342 bene
573 1287 775 1356 utique
811 1285 1250 1342 circumauferri
1291 1286 1560 1343 haberent
1588 1300 1653 1342 ea
1679 1300 1802 1357 qua:
1917 1288 2204 1330 CUPemUS-
2263 1277 2382 1331 Prii?
2430 1277 2702 1333 omnibus
2756 1278 3170 1348 DPOVidendlim
3228 1283 3314 1333 est
3362 1275 3531 1333 ηοῢίε
3561 1321 3576 1343 ς

177 1380 429 1445 occupant
456 1380 512 1429 et
545 1373 890 1430 abstrahunt
930 1388 1033 1430 nos
1061 1387 1093 1429 a
1122 1375 1349 1431 cultura
1385 1380 1441 1430 et
1476 1375 1801 1445 sedulitate,
1919 1365 2070 1434 (111οά
2102 1370 2344 1421 mentem
2376 1381 2553 1422 meam
2596 1374 2928 1441 οοῐηῐῐιονεῐτ
2964 1383 3034 1424 ne
3068 1368 3421 1424 Occasionem
3457 1366 3583 1422 913—

179 1478 272 1535 qua
289 1463 437 1518 circa
461 1476 644 1519 unum
676 1468 732 1518 et
755 1477 949 1518 verum
982 1462 1204 1519 utimur
1232 1465 1409 1519 Deum
1437 1482 1449 1518 :
1476 1464 1623 1534 quod
1654 1476 1806 1518 nunc
1918 1452 2098 1512 tionis
2132 1455 2267 1510 hinc
2298 1456 2529 1526 capiant
2560 1456 2602 1511 ii
2637 1457 2738 1527 qui
2768 1462 2964 1513 contra
2990 1459 3155 1514 ﬁdem
3188 1463 3441 1513 nostram
3474 1457 3582 1512 ini-

177 1566 202 1608 e
228 1552 504 1609 contrario
542 1551 807 1607 videmus
848 1549 1080 1607 factum.
1130 1553 1432 1608 Intendens
1470 1554 1623 1607 enim
1675 1551 1808 1622 quis
1924 1542 2056 1597 mici
2091 1548 2226 1598 sunt
2248 1545 2439 1599 crucis
2469 1546 2708 1614 Christi,
2735 1548 3013 1617 dicentes,
3039 1548 3190 1618 quod
3222 1561 3404 1617 usque
3429 1560 3582 1602 nunc

178 1656 287 1698 cum
309 1640 623 1711 disciplina
647 1640 884 1713 imagini
916 1641 1144 1697 cuidam
1172 1646 1521 1711 sanctorum,
1548 1640 1811 1712 quemad-
1921 1630 2237 1688 Christiani
2262 1640 2568 1690 errassent.
2595 1635 2720 1690 Nisi
2745 1636 2898 1691 enim
2928 1637 3029 1692 hoc
3053 1636 3441 1692 idololatriam
3462 1650 3585 1692 esse

180 1730 380 1787 modum
397 1728 745 1785 conveniens
764 1734 869 1797 est,
891 1730 1090 1786 Gloria
1112 1730 1220 1785 tibi
1244 1733 1411 1799 Deus,
1433 1730 1599 1797 dicit,
1628 1730 1811 1785 sancti
1928 1721 2348 1794 (ῑοὲζηονίδδθηῐν
2386 1737 2743 1794 nequaquam
2787 1726 2955 1781 πηοίῘο
3000 1724 3452 1781 ῐηίιῐιυῖῖιοῐοΐυιη
3495 1725 3587 1781 ³1)·

178 1818 463 1888 cujuslibet
495 1832 702 1873 nomen
730 1819 1045 1892 adjiciens:
1076 1820 1154 1875 ita
1182 1826 1247 1875 ut
1268 1834 1366 1889 per
1400 1820 1550 1876 hunc
1584 1833 1813 1891 quoque
1846 1809 1896 1868 Β
1923 1809 2227 1879 jectionem
2263 1810 2546 1867 fecissent.
2594 1813 2751 1882 Quod
2791 1820 3058 1884 quantam
3096 1814 3370 1884 injuriam
3401 1820 3456 1869 et
3480 1815 3587 1870 de—

906 343 1455 400 INTERPRETATIO
1490 344 1737 400 SYNODI
1782 345 1872 398 Vll
1912 345 2397 400 GENERALIS.—
2432 344 2633 400 ACTIO
2669 348 2752 399 IV.

180 1907 381 1963 modum
407 1906 768 1977 compleatur
789 1908 937 1977 quod
967 1907 1024 1962 in
1051 1908 1310 1963 oratione
1329 1908 1551 1964 dicitur
1569 1924 1601 1964 a
1626 1909 1811 1973 nobis,

179 2010 273 2065 quo
294 2002 347 2051 et
369 2009 463 2065 per
492 1993 821 2050 invisibilia
841 2001 895 2050 et
920 1995 1179 2051 visibilia
1201 1996 1558 2067 gloriﬁcetur
1578 1998 1817 2053 sanctis-

180 2084 364 2139 simum
408 2097 619 2139 nomen
669 2083 904 2139 Christi.
950 2084 1055 2139 Sed
1100 2098 1283 2155 neque
1322 2086 1465 2141 Dum
1513 2072 1812 2156 quemdam

180 2179 481 2228 sanctorum
552 2171 815 2227 virorum
882 2186 1081 2227 vocare
1144 2173 1396 2242 patimur
1439 2192 1451 2228 :
1490 2186 1817 2244 quanquam

183 2260 489 2329 hujusmodi
545 2259 989 2329 appellationem
1042 2261 1094 2316 is
1141 2261 1241 2331 qui
1290 2262 1519 2331 proprie
1562 2262 1722 2318 solus
1764 2266 1821 2317 et

181 2363 313 2405 unus
331 2355 414 2404 est
442 2350 623 2417 Deus,
654 2348 776 2403 illis
806 2349 906 2419 qui
935 2349 1047 2405 sibi
1078 2349 1419 2422 placuerint,
1450 2350 1695 2423 largitus
1720 2350 1817 2407 sit.

184 2437 647 2507 quemadmodum
697 2437 755 2491 in
794 2451 957 2492 sacro
1012 2439 1359 2508 psalmorum
1410 2440 1689 2509 scriptum
1738 2444 1825 2494 est

183 2524 312 2582 libro
350 2526 515 2597 (Psal.
566 2526 808 2599 LxxxII).
858 2527 1049 2597 Neque
1096 2542 1301 2583 rursus
1344 2533 1408 2583 ut
1451 2528 1821 2584 sufficientem

183 2614 363 2671 habere
383 2630 489 2671 nos
510 2615 871 2671 arbitrantes
890 2617 988 2672 Dei
1013 2617 1367 2688 cognitionis
1392 2618 1821 2689 certitudinem,

183 2704 304 2760 tales
341 2704 641 2776 imagines
684 2705 1170 2776 parvipendimus,
1213 2707 1298 2761 vel
1335 2706 1661 2783 spernimus
1700 2721 1827 2763 con-

180 2804 385 2848 cursum
422 2792 543 2863 qui
585 2792 647 2847 in
684 2792 945 2849 ecclesiis
983 2794 1083 2849 Dei
1127 2794 1189 2849 ﬁt
1219 2812 1233 2866 ;
1269 2795 1363 2850 sed
1405 2794 1498 2850 die
1538 2809 1601 2849 ac
1643 2801 1823 2866 nocte,

182 2879 279 2935 imo
306 2886 366 2937 ut
403 2894 555 2937 curn
603 2881 819 2950 psalmo
858 2882 1104 2937 dixerim
1143 2882 1307 2953 (Psal.
1347 2882 1478 2954 LIV),
1516 2897 1743 2952 vespere
1774 2889 1830 2937 et

184 2982 322 3024 mane
361 2976 417 3025 et
460 2969 719 3025 meridie
757 2972 871 3026 Deo
911 2970 1325 3041 benedicimus,
1370 2978 1427 3027 et
1472 2972 1717 3027 maxime
1768 2972 1828 3026 in

184 3064 408 3128 tempore
446 3058 651 3114 diwini
697 3059 968 3115 sacriﬁcii
1010 3075 1073 3115 ac
1110 3060 1302 3117 oﬁicii.
1346 3061 1495 3130 Quin
1534 3061 1726 3131 potius
1767 3064 1832 3115 ut

185 3148 385 3218 liquido
414 3149 698 3217 scientes,
733 3163 843 3204 non
875 3150 1110 3205 aliunde
1145 3151 1312 3206 nobis
1342 3164 1495 3221 spem
1536 3150 1832 3220 provenire

188 3238 391 3306 salutis,
425 3238 545 3295 nisi
577 3252 651 3293 ex
678 3237 771 3307 pia
802 3238 910 3293 ﬁde
929 3244 984 3292 et
1018 3236 1375 3294 confessione
1402 3253 1527 3309 qua:
1565 3238 1622 3294 in
1656 3252 1828 3294 nnum

188 3327 362 3400 Deum,
394 3330 499 3400 qui
538 3329 607 3383 in
637 3327 920 3382 Trinitate
959 3328 1251 3395 adoratur,
1286 3327 1532 3384 efﬁcitur
1556 3347 1567 3383 :
1590 3341 1833 3399 quarum

195 3430 287 3471 una
318 3418 553 3488 quidem
598 3417 662 3471 in
706 3417 875 3472 corde
911 3416 1200 3487 consistit,
1242 3416 1420 3471 altera
1470 3431 1601 3472 vero
1642 3416 1701 3471 in
1738 3430 1837 3471 ore

195 3505 457 3574 profertur
522 3504 725 3578 (Corde
779 3507 922 3559 enim
978 3507 1217 3560 creditur
1273 3507 1347 3560 ad
1388 3506 1690 3574 justitiam,
1749 3520 1837 3559 ore

194 3600 350 3650 autem
389 3596 669 3663 confessio
710 3597 771 3662 ﬁt
812 3594 886 3647 ad
924 3596 1153 3648 salutem
1205 3590 1370 3667 [Rom
1419 3592 1498 3668 Vl]
1528 3594 1585 3667 ):
1622 3607 1840 3663 semper

194 3683 393 3739 laudem
430 3684 633 3755 ipsius
665 3682 766 3737 Dei
793 3682 892 3753 qui
921 3680 1057 3737 fecit
1095 3697 1197 3738 nos
1221 3681 1389 3753 (Psal.
1422 3682 1626 3753 CXLIX),
1659 3683 1717 3737 in
1744 3694 1840 3736 ore

196 3771 464 3835 habemus,
502 3778 563 3828 et
601 3770 980 3827 exaltationes
1012 3772 1136 3841 ejus
1171 3771 1231 3826 in
1276 3770 1543 3827 faucibus
1578 3770 1839 3835 ferimus,

195 3862 475 3932 omnisque
501 3860 673 3932 plebs
691 3859 906 3915 Christi
933 3860 1002 3915 ad
1037 3861 1454 3930 perceptionem
1488 3858 1843 3914 sanctissimi

197 3951 436 4019 corporis
494 3950 631 4020 ejus
681 3953 737 4003 et
798 3947 1120 4019 sanguinis,
1180 3963 1279 4018 per
1328 3963 1453 4020 qua:
1512 3948 1843 4003 memoriam

198 4039 377 4095 mortis
406 4040 540 4108 ejus
565 4042 625 4093 et
661 4050 753 4092 res
798 4037 1102 4093 rrectionis
1138 4037 1451 4094 secundum
1491 4037 1676 4107 ipsius
1710 4037 1849 4091 cele-

200 4124 408 4183 bramus
446 4126 851 4196 traditionem,
877 4125 1200 4181 insatiabili
1242 4126 1531 4183 desiderio
1556 4133 1612 4184 et
1640 4128 1851 4183 divini-

201 4217 280 4270 tus
320 4222 467 4271 mota
507 4214 806 4271 industria
842 4220 1181 4287 perurgetur
1215 4215 1416 4287 magis,
1446 4232 1613 4287 quam
1649 4232 1849 4273 cervus

199 4304 257 4358 ad
298 4303 482 4361 fontes
511 4316 799 4374 aquarum
830 4302 993 4374 (Psal.
1040 4304 1175 4377 XLI).
1215 4302 1319 4358 Sed
1361 4318 1462 4358 nec
1504 4305 1647 4361 illud
1696 4320 1851 4361 scan-

200 4391 387 4449 dalizet
414 4394 722 4466 quosdam,
766 4393 913 4462 quod
946 4397 1075 4448 ante
1108 4392 1387 4464 imagines
1411 4400 1739 4451 sanctorum
1770 4396 1851 4451 lu-

1930 1898 2271 1967 positionem
2304 1900 2510 1956 inferat
2542 1902 2671 1957 ﬁdei
2705 1918 2828 1973 qua:
2860 1904 2918 1957 in
2949 1903 3243 1959 Christum
3269 1908 3375 1974 est,
3416 1918 3589 1959 unus-

1929 1986 2178 2056 quisque
2212 1988 2508 2045 confessus
2540 1992 2845 2047 exstiterit.
2881 1992 3177 2062 Siquidem
3206 1999 3261 2047 et
3288 1994 3393 2048 hoc
3418 1992 3583 2062 quasi

1930 2075 2069 2145 quid
2113 2077 2425 2133 verisimile
2457 2079 2707 2149 profecto
2750 2081 2965 2136 dicturi
3000 2088 3154 2152 sunt,
3191 2082 3461 2152 quoniam
3494 2081 3587 2136 his

1930 2163 2029 2233 qui
2064 2167 2233 2221 semel
2263 2174 2613 2239 erraverunt,
2646 2170 2882 2226 omnino
2911 2171 3243 2240 persuaderi
3283 2184 3392 2225 non
3434 2175 3584 2239 pote-

1933 2251 2012 2307 rit
2058 2249 2192 2325 [0:2,
2236 2255 2469 2311 omnino
2507 2257 2709 2312 danda:
2750 2272 2860 2313 non
2903 2264 3037 2313 sunt
3082 2256 3270 2333 aures]
3308 2276 3322 2326 ;
3371 2258 3588 2329 quippe

1936 2354 2105 2410 penes
2134 2358 2278 2413 quos
2307 2346 2517 2400 veritas
2558 2360 2668 2402 non
2705 2353 2807 2402 est.
2847 2348 3018 2403 Porro
3045 2348 3185 2418 quid
3222 2347 3389 2418 plura
3418 2347 3591 2402 dixe-

1936 2430 2067 2500 rim,
2092 2446 2219 2486 cum
2243 2438 2298 2487 et
2325 2433 2435 2503 ipsi
2466 2449 2564 2504 per
2582 2441 2784 2490 cuncta
2818 2435 3071 2507 piissimi
3096 2444 3151 2492 et
3176 2437 3347 2492 amici
3371 2436 3587 2491 Christi

1938 2519 2308 2589 imperatores
2331 2524 2510 2578 nostri
2538 2523 2790 2580 tabulam
2816 2525 3090 2581 veraciter
3112 2525 3331 2596 proprii
3354 2525 3592 2581 deitatis

1937 2610 2173 2682 amoris,
2217 2610 2272 2666 id
2305 2618 2390 2668 est
2427 2613 2733 2684 imaginem
2776 2629 2900 2684 (111:8
2938 2621 3069 2671 ante
3108 2615 3322 2685 regalia
3350 2621 3455 2687 est,
3487 2615 3594 2670 eri-

1940 2704 2153 2771 gentes,
2187 2705 2239 2755 ct
2270 2716 2327 2756 In
2360 2716 2421 2757 ea
2457 2703 2846 2773 apostolorum
2882 2711 2937 2758 et
2963 2704 3368 2774 prOplIetarum
3400 2706 3595 2776 impo—

1939 2792 2136 2841 nentes
2180 2787 2414 2859 effigies,
2460 2796 2515 2846 et
2561 2791 2764 2846 horum
2804 2792 2873 2847 de
2926 2793 3166 2848 Domino
3215 2793 3594 2851 inscribentes

1938 2890 2121 2948 voces,
2180 2879 2538 2933 conﬁdentiae
2583 2895 2701 2935 sua:
2759 2879 3233 2951 gloriﬁcationem
3287 2883 3594 2939 salutarem

1939 2980 2163 3020 crucem
2218 2981 2346 3022 esse
2392 2968 2842 3037 prmdicaverunt
2873 2969 3187 3040 ‘?Capitula
3240 2986 3368 3027 vero
3419 2980 3592 3045 sunt,

1942 3069 2067 3124 quin
2102 3055 2324 3125 dicunt,
2368 3071 2468 3127 per
2504 3057 2784 3129 imagines
2830 3055 2965 3131 [Gr.,
3008 3060 3190 3130 Caput
3227 3076 3357 3117 vero
3398 3077 3593 3118 eorum

1945 3145 2042 3217 qui
2085 3145 2381 3215 dicuntur,
2426 3162 2524 3216 per
2568 3144 2761 3221 imag.]
2801 3148 3057 3205 diversas
3089 3152 3263 3206 Deum
3300 3158 3593 3221 operatum

1946 3235 2244 3304 miracula,
2276 3235 2346 3290 de
2372 3235 2585 3305 quibus
2614 3236 2776 3291 multi
2814 3238 3047 3293 multam
3086 3239 3382 3296 historiam
3411 3248 3599 3296 texere

1945 3324 2185 3393 volunt;
2223 3328 2424 3393 utputa
2470 3324 2819 3379 inﬁrmatum
2878 3327 3139 3395 medelas,
3189 3343 3331 3398 quas
3378 3338 3434 3385 et
3483 3330 3594 3399 ipsi

1949 3426 2051 3468 nos
2067 3412 2283 3481 experti
2308 3426 2529 3481 sumus,
2550 3418 2604 3467 et
2620 3413 3173 3470 circumventionum
3195 3418 3594 3489 resolutiones,

1949 3514 2093 3571 quas
2144 3501 2199 3555 in
2242 3494 2461 3557 somnis
2505 3514 2603 3570 per
2652 3501 2907 3571 picturas
2949 3503 3147 3559 crebro
3195 3506 3600 3575 conspeximus

1952 3584 2089 3661 [Gr.,
2134 3594 2189 3643 et
2231 3588 2458 3644 crebras
2510 3590 2869 3659 depictorum
2924 3591 2983 3645 in
3031 3593 3249 3648 somnis
3300 3592 3593 3668 visiones].

1951 3678 2125 3732 Porro
2153 3676 2395 3732 maxime
2423 3678 2679 3733 omnium
2714 3677 3270 3752 manifestissimum,
3302 3687 3358 3737 et
3383 3682 3598 3737 nullam

1953 3767 2396 3822 controversiam
2420 3767 2504 3822 vel
2530 3767 2961 3840 ambiguitatem
2985 3770 3297 3840 sustinens,
3321 3777 3424 3842 est,
3450 3772 3600 3842 quod

1956 3857 2142 3928 imago
2171 3871 2297 3928 qua:
2325 3856 2544 3927 pridem
2575 3858 2832 3927 Sozopoli
2867 3860 3099 3915 Pisidia:
3131 3860 3477 3917 intemerata:
3501 3861 3601 3916 Dei

1958 3946 2258 4018 genitricis
2284 3943 2416 4016 fuit,
2444 3960 2512 4002 ex
2542 3947 2769 4017 depicta
2799 3948 2983 4017 palma
3016 3962 3120 4005 sua
3152 3949 3429 4021 unguenti
3462 3963 3608 4005 ema-

1958 4035 2244 4091 nationem
2300 4032 2637 4105 profuderit.
2692 4036 2870 4106 Cujus
2930 4037 3193 4093 miraculi
3250 4044 3420 4094 testes
3471 4044 3609 4093 sunt

1959 4124 2147 4180 multi.
2180 4124 2333 4179 Licet
2361 4130 2550 4179 autem
2588 4140 2739 4180 nunc
2768 4126 3161 4194 hujuscemodi
3188 4141 3299 4183 non
3333 4128 3430 4183 ﬁat
3464 4142 3610 4197 opus

1963 4212 2250 4283 miraculi,
2290 4227 2401 4269 non
2444 4218 2628 4268 tamen
2666 4214 3036 4271 incredibilia
3075 4221 3244 4272 erunt
3284 4216 3497 4286 priora,
3541 4230 3610 4271 ne

1962 4302 2083 4373 pari
2119 4303 2284 4359 modo
2334 4302 2701 4358 incredibilia
2738 4304 3075 4372 judicentur
3116 4320 3243 4376 qua:
3284 4306 3341 4361 in
3371 4305 3612 4361 Actibus

1961 4391 2348 4462 apostolorum
2377 4396 2513 4446 sunt
2531 4392 2838 4461 descripta,
2867 4392 2922 4447 in
2949 4394 3238 4463 principio
3261 4394 3614 4464 praedicatio-

207 4481 578 4538 minariorum
630 4481 997 4537 concinnatio
1038 4485 1094 4537 et
1137 4481 1332 4537 suavis
1378 4483 1573 4539 odoris
1612 4484 1851 4555 thymia-
1880 4466 1935 4527 D
1964 4481 2075 4552 nis,
2100 4480 2265 4551 signa
2289 4480 2513 4536 diversa
2542 4488 2597 4537 et
2622 4482 2965 4538 charismata
2987 4483 3260 4554 Spiritus,
3300 4497 3424 4554 qua}
3461 4497 3613 4539 nunc

204 4574 335 4623 mata
387 4570 560 4626 ﬁunt.
627 4568 912 4638 Symbolis
964 4583 1206 4641 namque
1249 4570 1389 4627 talia
1444 4572 1719 4627 celebrari
1762 4573 1857 4627 ad-

206 4656 462 4714 honorem
523 4657 764 4714 illorum
825 4659 1144 4730 excogitata
1207 4666 1383 4725 sunt,
1427 4676 1669 4731 quorum
1726 4676 1854 4717 cum

207 4745 421 4804 Christo
447 4747 689 4818 requies
714 4751 818 4818 est,
849 4762 1093 4818 quorum
1125 4748 1307 4806 honor
1335 4750 1393 4805 in
1415 4764 1543 4805 eum
1572 4751 1819 4806 recurrit
1842 4776 1854 4811 :

206 4837 299 4891 hoc
329 4836 613 4906 probante
643 4834 859 4890 Basilio
888 4836 1144 4905 sapiente
1168 4836 1369 4908 (homil.
1404 4840 1464 4892 in
1489 4840 1860 4907 quadraginta

206 4925 505 4998 martyres),
536 4923 678 4994 quia
704 4924 920 4979 honore
950 4925 1103 4981 eirea
1138 4925 1319 4983 bonos
1348 4941 1748 4983 conservorum
1772 4942 1864 4997 ap-

209 5013 597 5080 probationem
647 5011 816 5067 habet
878 5012 1283 5070 benevolentia:
1329 5030 1461 5087 erga
1505 5030 1860 5072 communem

211 5101 465 5157 exhibita;
495 5099 831 5156 Dominum.
863 5102 1083 5157 Indicia
1112 5108 1248 5158 sunt
1281 5118 1525 5174 namque
1559 5104 1863 5160 sensibilia

213 5186 414 5245 lumina
446 5189 645 5246 divini
685 5203 750 5245 ac
790 5189 915 5245 sine
954 5191 1191 5247 materia
1233 5191 1474 5249 luminis
1508 5194 1665 5249 dati:
1695 5208 1862 5264 porro

216 5285 521 5334 aromatum
564 5277 859 5335 incensum
898 5280 1223 5349 purissimae
1248 5286 1305 5337 et
1324 5282 1505 5338 totius
1534 5283 1717 5338 sancti
1746 5283 1867 5353 Spi-

222 5362 347 5422 ritus
388 5365 812 5437 inspirationis
855 5372 912 5424 et
947 5366 1275 5425 refectionis
1327 5365 1465 5443 [Gr.,
1506 5369 1860 5446 repletionis]

224 5450 449 5525 insigne.
494 5455 572 5509 Et
613 5454 729 5511 haec
777 5456 1009 5527 quidem
1054 5457 1230 5514 veluti
1278 5462 1475 5514 contra
1518 5465 1867 5532 emergentes

224 5543 611 5611 oppositiones
633 5548 688 5599 et
716 5545 1221 5617 contradictiones,
1255 5561 1381 5616 quae
1412 5548 1574 5617 quasi
1613 5562 1680 5603 ex
1705 5549 1871 5604 Scri—

231 5632 398 5696 pturis
422 5632 886 5706 praetenduntur,
911 5633 1213 5691 scribenda
1237 5634 1727 5693 consideravimus
1749 5654 1764 5708 ;
1787 5652 1871 5694 ro-

1968 4570 2203 4625 minime
2236 4576 2572 4640 patrantur;
2597 4576 2848 4627 amatore
2882 4572 3174 4628 hominum
3207 4573 3473 4629 videlicet
3502 4574 3615 4629 Deo

1970 4672 2069 4729 per
2090 4658 2256 4713 talem
2278 4660 2812 4716 condescensionem
2843 4675 2938 4717 eos
2964 4662 3063 4731 qui
3089 4661 3435 4718 inﬁrmiores
3455 4667 3618 4718 erant

1973 4743 2173 4821 [sunt],
2210 4747 2557 4817 potentiores
2588 4748 2647 4803 in
2682 4749 2789 4805 ﬁde
2819 4764 2921 4805 sua
2945 4750 3291 4821 perﬁciente,
3320 4758 3377 4807 et
3406 4752 3621 4822 pariter

1972 4851 2131 4893 suam
2159 4836 2428 4891 virtutem
2464 4837 2635 4905 etiam
2673 4852 2771 4907 per
2798 4839 2900 4894 hos
2932 4836 3053 4912 [per
3095 4838 3229 4914 haec]
3268 4842 3619 4913 ostendente,

1975 4924 2450 4996 quemadmodum
2508 4926 2896 4994 apostolorum
2955 4926 3165 4984 factum
3216 4934 3303 4986 est
3351 4935 3618 5002 tempore.

1972 5014 2298 5084 Aliquando
2327 5014 2480 5069 enim
2514 5013 2719 5070 horum
2754 5015 2974 5087 umbra,
3017 5017 3329 5087 aliquando
3369 5034 3499 5075 vero
3525 5034 3627 5075 ve—

1974 5102 2150 5159 stium
2192 5102 2416 5158 sublata
2460 5099 2592 5177 [Gr.',
2636 5104 2706 5159 de
2740 5104 2995 5160 vestibus
3030 5106 3354 5182 pendentia]
3393 5107 3626 5165 sudaria

1976 5192 2253 5247 sanitates
2293 5193 2654 5262 praistabant.
2688 5193 2845 5250 Sicut
2880 5208 3013 5266 ergo
3050 5195 3110 5251 in
3144 5198 3268 5252 illis
3300 5213 3411 5254 non
3441 5198 3629 5253 omnis

1983 5282 2241 5351 corporis
2274 5281 2494 5352 umbra,
2528 5282 2621 5337 sed
2654 5282 2802 5337 Petri
2845 5286 3237 5342 tantummodo
3262 5287 3434 5343 dabat
3465 5286 3631 5342 labo—

1989 5370 2251 5426 rantibus
2286 5371 2595 5426 medelam:
2623 5372 2897 5427 similiter
2927 5378 2984 5429 et
3022 5374 3255 5430 sudaria
3300 5390 3410 5432 non
3445 5374 3632 5430 omnis

1979 5459 2323 5530 vestimenti,
2350 5462 2446 5516 sed
2476 5461 2635 5516 Pauli
2660 5461 3018 5518 solummodo
3047 5462 3328 5518 sanabant
3354 5464 3626 5526 inﬁrmos,

1973 5548 2040 5603 in
2074 5547 2524 5606 satisfactionem
2554 5549 2683 5604 ﬁdei
2726 5551 2850 5618 ejus
2882 5550 2980 5619 qui
3014 5551 3085 5605 ab
3120 5550 3264 5619 ipsis
3296 5547 3635 5619 praedicaba-

1974 5644 2088 5709 tur,
2119 5638 2219 5709 qui
2260 5638 2504 5710 gratiam
2536 5653 2695 5695 suam
2721 5638 2891 5693 etiam
2924 5652 3023 5708 per
3057 5638 3378 5693 inanimata
3409 5637 3637 5693 demon—
