  <div class='ocr_page' id='page_1' title='image "/cluster/home/n/w/nwhite01/storage/ocr_20150623/129/hvd.32044054759907/173.png"; bbox 0 0 4018 6166; ppageno 0'>
   <div class='ocr_carea' id='block_1_1' title="bbox 375 255 484 316">
    <p class='ocr_par' dir='ltr' id='par_1_1' title="bbox 375 255 484 316">
     <span class='ocr_line' id='line_1_1' title="bbox 375 255 484 316; baseline 0 0"><span class='ocrx_word' id='word_1_1' title='bbox 375 255 484 316; x_wconf 78' lang='grc'><strong>335</strong></span> 
     </span>
    </p>
   </div>
   <div class='ocr_carea' id='block_1_2' title="bbox 1603 265 2540 322">
    <p class='ocr_par' dir='ltr' id='par_1_2' title="bbox 1603 265 2540 322">
     <span class='ocr_line' id='line_1_2' title="bbox 1603 265 2540 322; baseline 0.002 -2"><span class='ocrx_word' id='word_1_2' title='bbox 1603 265 1961 320; x_wconf 82' lang='lat' dir='ltr'><strong>ANASTASII</strong></span> <span class='ocrx_word' id='word_1_3' title='bbox 2002 265 2540 322; x_wconf 83' lang='lat' dir='ltr'><strong>BIBLlOTHECARIl</strong></span> 
     </span>
    </p>
   </div>
   <div class='ocr_carea' id='block_1_3' title="bbox 3679 269 3774 328">
    <p class='ocr_par' dir='ltr' id='par_1_3' title="bbox 3679 269 3774 328">
     <span class='ocr_line' id='line_1_3' title="bbox 3679 269 3774 328; baseline 0 0"><span class='ocrx_word' id='word_1_4' title='bbox 3679 269 3774 328; x_wconf 88' lang='grc'><strong>336</strong></span> 
     </span>
    </p>
   </div>
   <div class='ocr_carea' id='block_1_4' title="bbox 374 387 3771 468">
    <p class='ocr_par' dir='ltr' id='par_1_4' title="bbox 374 387 3771 468">
     <span class='ocr_line' id='line_1_4' title="bbox 374 387 3771 468; baseline 0.004 -28"><span class='ocrx_word' id='word_1_5' title='bbox 374 387 627 444; x_wconf 89' lang='lat' dir='ltr'><strong>strabat:</strong></span> <span class='ocrx_word' id='word_1_6' title='bbox 658 388 736 444; x_wconf 88' lang='lat' dir='ltr'><strong>ita</strong></span> <span class='ocrx_word' id='word_1_7' title='bbox 765 392 822 445; x_wconf 88' lang='lat' dir='ltr'><strong>et</strong></span> <span class='ocrx_word' id='word_1_8' title='bbox 849 403 1021 459; x_wconf 84' lang='lat' dir='ltr'><strong>super</strong></span> <span class='ocrx_word' id='word_1_9' title='bbox 1051 389 1402 462; x_wconf 83' lang='lat' dir='ltr'><strong>imaginibus</strong></span> <span class='ocrx_word' id='word_1_10' title='bbox 1431 405 1577 460; x_wconf 70' lang='lat' dir='ltr'><strong>saepe</strong></span> <span class='ocrx_word' id='word_1_11' title='bbox 1603 391 1724 446; x_wconf 83' lang='lat' dir='ltr'><strong>ﬁeri</strong></span> <span class='ocrx_word' id='word_1_12' title='bbox 1761 392 1979 460; x_wconf 76' lang='lat' dir='ltr'><strong>placuit</strong></span> <span class='ocrx_word' id='word_1_13' title='bbox 2007 411 2018 446; x_wconf 92' lang='lat'><strong>:</strong></span> <span class='ocrx_word' id='word_1_14' title='bbox 2050 391 2108 451; x_wconf 88' lang='lat' dir='ltr'><strong>A</strong></span> <span class='ocrx_word' id='word_1_15' title='bbox 2138 397 2270 461; x_wconf 70' lang='lat' dir='ltr'><strong>fecit</strong></span> <span class='ocrx_word' id='word_1_16' title='bbox 2308 401 2538 464; x_wconf 83' lang='lat' dir='ltr'><strong>utraque</strong></span> <span class='ocrx_word' id='word_1_17' title='bbox 2576 413 2746 450; x_wconf 88' lang='lat' dir='ltr'><strong>unum</strong></span> <span class='ocrx_word' id='word_1_18' title='bbox 2773 394 2986 467; x_wconf 73' lang='lat' dir='ltr'><strong>(Ephes.</strong></span> <span class='ocrx_word' id='word_1_19' title='bbox 3031 395 3110 468; x_wconf 78' lang='grc' dir='ltr'><strong>ιι).</strong></span> <span class='ocrx_word' id='word_1_20' title='bbox 3153 397 3343 464; x_wconf 90' lang='lat' dir='ltr'><strong>Ipsum</strong></span> <span class='ocrx_word' id='word_1_21' title='bbox 3381 395 3541 450; x_wconf 90' lang='lat' dir='ltr'><strong>decet</strong></span> <span class='ocrx_word' id='word_1_22' title='bbox 3579 395 3771 465; x_wconf 77' lang='lat' dir='ltr'><strong>gloria.</strong></span> 
     </span>
    </p>
   </div>
   <div class='ocr_carea' id='block_1_5' title="bbox 373 479 2020 550">
    <p class='ocr_par' dir='ltr' id='par_1_5' title="bbox 373 479 2020 550">
     <span class='ocr_line' id='line_1_5' title="bbox 373 479 2020 550; baseline 0.002 -18"><span class='ocrx_word' id='word_1_23' title='bbox 373 491 484 533; x_wconf 89' lang='lat' dir='ltr'><strong>non</strong></span> <span class='ocrx_word' id='word_1_24' title='bbox 511 479 568 534; x_wconf 92' lang='lat' dir='ltr'><strong>in</strong></span> <span class='ocrx_word' id='word_1_25' title='bbox 593 479 744 534; x_wconf 91' lang='lat' dir='ltr'><strong>omni</strong></span> <span class='ocrx_word' id='word_1_26' title='bbox 770 479 1018 550; x_wconf 78' lang='lat' dir='ltr'><strong>imagine</strong></span> <span class='ocrx_word' id='word_1_27' title='bbox 1042 480 1125 535; x_wconf 85' lang='lat' dir='ltr'><strong>vel</strong></span> <span class='ocrx_word' id='word_1_28' title='bbox 1151 481 1376 550; x_wconf 77' lang='lat' dir='ltr'><strong>pictura</strong></span> <span class='ocrx_word' id='word_1_29' title='bbox 1399 481 1535 536; x_wconf 86' lang='lat' dir='ltr'><strong>talis</strong></span> <span class='ocrx_word' id='word_1_30' title='bbox 1557 481 1743 550; x_wconf 89' lang='lat' dir='ltr'><strong>specie</strong></span> <span class='ocrx_word' id='word_1_31' title='bbox 1767 481 2020 536; x_wconf 81' lang='lat' dir='ltr'><strong>beaificii</strong></span> 
     </span>
    </p>
   </div>
   <div class='ocr_carea' id='block_1_6' title="bbox 373 568 2022 640">
    <p class='ocr_par' dir='ltr' id='par_1_6' title="bbox 373 568 2022 640">
     <span class='ocr_line' id='line_1_6' title="bbox 373 568 2022 640; baseline 0 -16"><span class='ocrx_word' id='word_1_32' title='bbox 373 569 526 624; x_wconf 89' lang='lat' dir='ltr'><strong>inter</strong></span> <span class='ocrx_word' id='word_1_33' title='bbox 561 569 852 624; x_wconf 78' lang='lat' dir='ltr'><strong>credentes</strong></span> <span class='ocrx_word' id='word_1_34' title='bbox 899 568 1112 640; x_wconf 82' lang='lat' dir='ltr'><strong>effecta,</strong></span> <span class='ocrx_word' id='word_1_35' title='bbox 1155 571 1248 626; x_wconf 89' lang='lat' dir='ltr'><strong>sed</strong></span> <span class='ocrx_word' id='word_1_36' title='bbox 1283 570 1341 624; x_wconf 92' lang='lat' dir='ltr'><strong>in</strong></span> <span class='ocrx_word' id='word_1_37' title='bbox 1373 570 1515 625; x_wconf 91' lang='lat' dir='ltr'><strong>solis</strong></span> <span class='ocrx_word' id='word_1_38' title='bbox 1554 576 1898 640; x_wconf 86' lang='lat' dir='ltr'><strong>sanctorum,</strong></span> <span class='ocrx_word' id='word_1_39' title='bbox 1939 570 2022 624; x_wconf 85' lang='lat' dir='ltr'><strong>vel</strong></span> 
     </span>
    </p>
   </div>
   <div class='ocr_carea' id='block_1_7' title="bbox 371 657 2026 728">
    <p class='ocr_par' dir='ltr' id='par_1_7' title="bbox 371 657 2026 728">
     <span class='ocr_line' id='line_1_7' title="bbox 371 657 2026 728; baseline 0.001 -15"><span class='ocrx_word' id='word_1_40' title='bbox 371 658 542 714; x_wconf 89' lang='lat' dir='ltr'><strong>etiam</strong></span> <span class='ocrx_word' id='word_1_41' title='bbox 591 657 841 726; x_wconf 85' lang='lat' dir='ltr'><strong>ejusdem</strong></span> <span class='ocrx_word' id='word_1_42' title='bbox 885 658 1112 714; x_wconf 85' lang='lat' dir='ltr'><strong>Domini</strong></span> <span class='ocrx_word' id='word_1_43' title='bbox 1145 677 1157 713; x_wconf 92' lang='lat'><strong>:</strong></span> <span class='ocrx_word' id='word_1_44' title='bbox 1185 672 1297 728; x_wconf 89' lang='lat' dir='ltr'><strong>quo</strong></span> <span class='ocrx_word' id='word_1_45' title='bbox 1343 673 1451 714; x_wconf 92' lang='lat' dir='ltr'><strong>non</strong></span> <span class='ocrx_word' id='word_1_46' title='bbox 1497 663 1695 728; x_wconf 89' lang='lat' dir='ltr'><strong>suapte</strong></span> <span class='ocrx_word' id='word_1_47' title='bbox 1745 658 2026 728; x_wconf 81' lang='lat' dir='ltr'><strong>intellige-</strong></span> 
     </span>
    </p>
   </div>
   <div class='ocr_carea' id='block_1_8' title="bbox 371 746 2021 817">
    <p class='ocr_par' dir='ltr' id='par_1_8' title="bbox 371 746 2021 817">
     <span class='ocr_line' id='line_1_8' title="bbox 371 746 2021 817; baseline -0.001 -15"><span class='ocrx_word' id='word_1_48' title='bbox 371 750 573 802; x_wconf 89' lang='lat' dir='ltr'><strong>rentur</strong></span> <span class='ocrx_word' id='word_1_49' title='bbox 625 746 902 801; x_wconf 70' lang='lat' dir='ltr'><strong>sanitates</strong></span> <span class='ocrx_word' id='word_1_50' title='bbox 949 747 1234 814; x_wconf 90' lang='lat' dir='ltr'><strong>accedere,</strong></span> <span class='ocrx_word' id='word_1_51' title='bbox 1287 747 1382 802; x_wconf 90' lang='lat' dir='ltr'><strong>sed</strong></span> <span class='ocrx_word' id='word_1_52' title='bbox 1425 760 1494 802; x_wconf 89' lang='lat' dir='ltr'><strong>ex</strong></span> <span class='ocrx_word' id='word_1_53' title='bbox 1529 746 1649 802; x_wconf 90' lang='lat' dir='ltr'><strong>sola</strong></span> <span class='ocrx_word' id='word_1_54' title='bbox 1695 746 1878 817; x_wconf 86' lang='lat' dir='ltr'><strong>gratia</strong></span> <span class='ocrx_word' id='word_1_55' title='bbox 1922 746 2021 800; x_wconf 88' lang='lat' dir='ltr'><strong>Dei</strong></span> 
     </span>
    </p>
   </div>
   <div class='ocr_carea' id='block_1_9' title="bbox 370 833 2021 906">
    <p class='ocr_par' dir='ltr' id='par_1_9' title="bbox 370 833 2021 906">
     <span class='ocr_line' id='line_1_9' title="bbox 370 833 2021 906; baseline -0.001 -16"><span class='ocrx_word' id='word_1_56' title='bbox 370 835 575 891; x_wconf 80' lang='lat' dir='ltr'><strong>nostri.</strong></span> <span class='ocrx_word' id='word_1_57' title='bbox 627 835 874 906; x_wconf 90' lang='lat' dir='ltr'><strong>Dignum</strong></span> <span class='ocrx_word' id='word_1_58' title='bbox 919 839 1130 906; x_wconf 91' lang='lat' dir='ltr'><strong>autem,</strong></span> <span class='ocrx_word' id='word_1_59' title='bbox 1183 841 1248 892; x_wconf 92' lang='lat' dir='ltr'><strong>ut</strong></span> <span class='ocrx_word' id='word_1_60' title='bbox 1294 849 1441 906; x_wconf 87' lang='lat' dir='ltr'><strong>reor,</strong></span> <span class='ocrx_word' id='word_1_61' title='bbox 1494 839 1598 906; x_wconf 90' lang='lat' dir='ltr'><strong>est,</strong></span> <span class='ocrx_word' id='word_1_62' title='bbox 1645 847 1827 904; x_wconf 90' lang='lat' dir='ltr'><strong>neque</strong></span> <span class='ocrx_word' id='word_1_63' title='bbox 1875 833 2021 889; x_wconf 91' lang='lat' dir='ltr'><strong>illud</strong></span> 
     </span>
    </p>
   </div>
   <div class='ocr_carea' id='block_1_10' title="bbox 373 923 2024 996">
    <p class='ocr_par' dir='ltr' id='par_1_10' title="bbox 373 923 2024 996">
     <span class='ocr_line' id='line_1_10' title="bbox 373 923 2024 996; baseline -0.002 -16"><span class='ocrx_word' id='word_1_64' title='bbox 373 924 905 996; x_wconf 59' lang='lat' dir='ltr'><strong>praetermittamus,</strong></span> <span class='ocrx_word' id='word_1_65' title='bbox 950 925 1099 994; x_wconf 91' lang='lat' dir='ltr'><strong>quod</strong></span> <span class='ocrx_word' id='word_1_66' title='bbox 1127 924 1420 980; x_wconf 90' lang='lat' dir='ltr'><strong>Eusebius</strong></span> <span class='ocrx_word' id='word_1_67' title='bbox 1454 923 1740 994; x_wconf 83' lang='lat' dir='ltr'><strong>Pamphili</strong></span> <span class='ocrx_word' id='word_1_68' title='bbox 1771 923 1826 978; x_wconf 94' lang='lat' dir='ltr'><strong>in</strong></span> <span class='ocrx_word' id='word_1_69' title='bbox 1855 923 2024 978; x_wconf 89' lang='lat' dir='ltr'><strong>eccle-</strong></span> 
     </span>
    </p>
   </div>
   <div class='ocr_carea' id='block_1_11' title="bbox 371 1012 2022 1086">
    <p class='ocr_par' dir='ltr' id='par_1_11' title="bbox 371 1012 2022 1086">
     <span class='ocr_line' id='line_1_11' title="bbox 371 1012 2022 1086; baseline -0.002 -17"><span class='ocrx_word' id='word_1_70' title='bbox 371 1013 605 1070; x_wconf 89' lang='lat' dir='ltr'><strong>siastica</strong></span> <span class='ocrx_word' id='word_1_71' title='bbox 642 1014 894 1070; x_wconf 82' lang='lat' dir='ltr'><strong>Historia</strong></span> <span class='ocrx_word' id='word_1_72' title='bbox 934 1014 1145 1086; x_wconf 86' lang='lat' dir='ltr'><strong>posuit,</strong></span> <span class='ocrx_word' id='word_1_73' title='bbox 1195 1014 1330 1084; x_wconf 88' lang='lat' dir='ltr'><strong>quia</strong></span> <span class='ocrx_word' id='word_1_74' title='bbox 1375 1013 1435 1068; x_wconf 92' lang='lat' dir='ltr'><strong>in</strong></span> <span class='ocrx_word' id='word_1_75' title='bbox 1470 1013 1727 1068; x_wconf 91' lang='lat' dir='ltr'><strong>Paneade</strong></span> <span class='ocrx_word' id='word_1_76' title='bbox 1769 1012 2022 1082; x_wconf 81' lang='lat' dir='ltr'><strong>civitate,</strong></span> 
     </span>
    </p>
   </div>
   <div class='ocr_carea' id='block_1_12' title="bbox 373 1099 2028 1174">
    <p class='ocr_par' dir='ltr' id='par_1_12' title="bbox 373 1099 2028 1174">
     <span class='ocr_line' id='line_1_12' title="bbox 373 1099 2028 1174; baseline -0.002 -15"><span class='ocrx_word' id='word_1_77' title='bbox 373 1116 542 1174; x_wconf 89' lang='lat' dir='ltr'><strong>quam</strong></span> <span class='ocrx_word' id='word_1_78' title='bbox 572 1103 880 1160; x_wconf 61' lang='lat' dir='ltr'><strong>Caesaream</strong></span> <span class='ocrx_word' id='word_1_79' title='bbox 917 1103 1166 1174; x_wconf 89' lang='lat' dir='ltr'><strong>Philippi</strong></span> <span class='ocrx_word' id='word_1_80' title='bbox 1204 1103 1574 1174; x_wconf 86' lang='lat' dir='ltr'><strong>Evangelium</strong></span> <span class='ocrx_word' id='word_1_81' title='bbox 1603 1102 1882 1172; x_wconf 86' lang='lat' dir='ltr'><strong>nominat,</strong></span> <span class='ocrx_word' id='word_1_82' title='bbox 1923 1099 2028 1156; x_wconf 62' lang='lat' dir='ltr'><strong>fero</strong></span> 
     </span>
    </p>
   </div>
   <div class='ocr_carea' id='block_1_13' title="bbox 371 1186 2024 1263">
    <p class='ocr_par' dir='ltr' id='par_1_13' title="bbox 371 1186 2024 1263">
     <span class='ocr_line' id='line_1_13' title="bbox 371 1186 2024 1263; baseline -0.002 -16"><span class='ocrx_word' id='word_1_83' title='bbox 371 1197 468 1248; x_wconf 91' lang='lat' dir='ltr'><strong>tur</strong></span> <span class='ocrx_word' id='word_1_84' title='bbox 490 1192 722 1249; x_wconf 90' lang='lat' dir='ltr'><strong>domum</strong></span> <span class='ocrx_word' id='word_1_85' title='bbox 759 1205 880 1248; x_wconf 86' lang='lat' dir='ltr'><strong>esse</strong></span> <span class='ocrx_word' id='word_1_86' title='bbox 910 1191 1212 1263; x_wconf 82' lang='lat' dir='ltr'><strong>sanguinis</strong></span> <span class='ocrx_word' id='word_1_87' title='bbox 1243 1192 1462 1247; x_wconf 90' lang='lat' dir='ltr'><strong>fluxum</strong></span> <span class='ocrx_word' id='word_1_88' title='bbox 1494 1190 1770 1260; x_wconf 85' lang='lat' dir='ltr'><strong>patientis</strong></span> <span class='ocrx_word' id='word_1_89' title='bbox 1803 1186 2024 1263; x_wconf 65' lang='lat' dir='ltr'><strong>[passae]</strong></span> 
     </span>
    </p>
   </div>
   <div class='ocr_carea' id='block_1_14' title="bbox 372 1278 2030 1354">
    <p class='ocr_par' dir='ltr' id='par_1_14' title="bbox 372 1278 2030 1354">
     <span class='ocr_line' id='line_1_14' title="bbox 372 1278 2030 1354; baseline -0.002 -18"><span class='ocrx_word' id='word_1_90' title='bbox 372 1281 658 1352; x_wconf 87' lang='lat' dir='ltr'><strong>mulieris,</strong></span> <span class='ocrx_word' id='word_1_91' title='bbox 704 1296 830 1354; x_wconf 77' lang='lat' dir='ltr'><strong>qua:</strong></span> <span class='ocrx_word' id='word_1_92' title='bbox 869 1281 1093 1336; x_wconf 86' lang='lat' dir='ltr'><strong>fimbria</strong></span> <span class='ocrx_word' id='word_1_93' title='bbox 1135 1279 1448 1336; x_wconf 91' lang='lat' dir='ltr'><strong>Salvatoris</strong></span> <span class='ocrx_word' id='word_1_94' title='bbox 1492 1283 1691 1335; x_wconf 89' lang='lat' dir='ltr'><strong>sanata</strong></span> <span class='ocrx_word' id='word_1_95' title='bbox 1727 1281 1834 1350; x_wconf 90' lang='lat' dir='ltr'><strong>est,</strong></span> <span class='ocrx_word' id='word_1_96' title='bbox 1877 1278 2030 1334; x_wconf 91' lang='lat' dir='ltr'><strong>sicut</strong></span> 
     </span>
    </p>
   </div>
   <div class='ocr_carea' id='block_1_15' title="bbox 372 1368 2030 1442">
    <p class='ocr_par' dir='ltr' id='par_1_15' title="bbox 372 1368 2030 1442">
     <span class='ocr_line' id='line_1_15' title="bbox 372 1368 2030 1442; baseline -0.003 -14"><span class='ocrx_word' id='word_1_97' title='bbox 372 1371 651 1440; x_wconf 91' lang='lat' dir='ltr'><strong>scriptum</strong></span> <span class='ocrx_word' id='word_1_98' title='bbox 683 1376 769 1428; x_wconf 94' lang='lat' dir='ltr'><strong>est</strong></span> <span class='ocrx_word' id='word_1_99' title='bbox 800 1371 856 1426; x_wconf 91' lang='lat' dir='ltr'><strong>in</strong></span> <span class='ocrx_word' id='word_1_100' title='bbox 888 1370 1214 1442; x_wconf 88' lang='lat' dir='ltr'><strong>Evangeliis</strong></span> <span class='ocrx_word' id='word_1_101' title='bbox 1244 1368 1458 1440; x_wconf 85' lang='lat' dir='ltr'><strong>(Matth.</strong></span> <span class='ocrx_word' id='word_1_102' title='bbox 1488 1369 1586 1440; x_wconf 83' lang='lat' dir='ltr'><strong>1x).</strong></span> <span class='ocrx_word' id='word_1_103' title='bbox 1619 1369 1798 1438; x_wconf 88' lang='lat' dir='ltr'><strong>Cujus</strong></span> <span class='ocrx_word' id='word_1_104' title='bbox 1824 1369 2030 1425; x_wconf 92' lang='lat' dir='ltr'><strong>domus</strong></span> 
     </span>
    </p>
   </div>
   <div class='ocr_carea' id='block_1_16' title="bbox 373 1456 2032 1531">
    <p class='ocr_par' dir='ltr' id='par_1_16' title="bbox 373 1456 2032 1531">
     <span class='ocr_line' id='line_1_16' title="bbox 373 1456 2032 1531; baseline -0.002 -15"><span class='ocrx_word' id='word_1_105' title='bbox 373 1473 475 1531; x_wconf 91' lang='lat' dir='ltr'><strong>pro</strong></span> <span class='ocrx_word' id='word_1_106' title='bbox 503 1458 728 1518; x_wconf 88' lang='lat' dir='ltr'><strong>foribus</strong></span> <span class='ocrx_word' id='word_1_107' title='bbox 751 1460 918 1516; x_wconf 90' lang='lat' dir='ltr'><strong>aiunt</strong></span> <span class='ocrx_word' id='word_1_108' title='bbox 947 1464 1192 1516; x_wconf 89' lang='lat' dir='ltr'><strong>statuam</strong></span> <span class='ocrx_word' id='word_1_109' title='bbox 1219 1459 1289 1514; x_wconf 89' lang='lat' dir='ltr'><strong>de</strong></span> <span class='ocrx_word' id='word_1_110' title='bbox 1317 1472 1426 1514; x_wconf 63' lang='lat' dir='ltr'><strong>aere</strong></span> <span class='ocrx_word' id='word_1_111' title='bbox 1457 1456 1659 1512; x_wconf 86' lang='lat' dir='ltr'><strong>factam</strong></span> <span class='ocrx_word' id='word_1_112' title='bbox 1695 1462 1864 1524; x_wconf 89' lang='lat' dir='ltr'><strong>stare,</strong></span> <span class='ocrx_word' id='word_1_113' title='bbox 1896 1457 2032 1512; x_wconf 89' lang='lat' dir='ltr'><strong>ima-</strong></span> 
     </span>
    </p>
   </div>
   <div class='ocr_carea' id='block_1_17' title="bbox 371 1544 2032 1622">
    <p class='ocr_par' dir='ltr' id='par_1_17' title="bbox 371 1544 2032 1622">
     <span class='ocr_line' id='line_1_17' title="bbox 371 1544 2032 1622; baseline -0.004 -16"><span class='ocrx_word' id='word_1_114' title='bbox 371 1549 562 1622; x_wconf 80' lang='lat' dir='ltr'><strong>ginem</strong></span> <span class='ocrx_word' id='word_1_115' title='bbox 592 1547 862 1605; x_wconf 91' lang='lat' dir='ltr'><strong>ferentem</strong></span> <span class='ocrx_word' id='word_1_116' title='bbox 908 1547 1396 1615; x_wconf 71' lang='lat' dir='ltr'><strong>Dominigcontra</strong></span> <span class='ocrx_word' id='word_1_117' title='bbox 1441 1559 1610 1617; x_wconf 89' lang='lat' dir='ltr'><strong>quam</strong></span> <span class='ocrx_word' id='word_1_118' title='bbox 1642 1544 1880 1601; x_wconf 90' lang='lat' dir='ltr'><strong>formam</strong></span> <span class='ocrx_word' id='word_1_119' title='bbox 1914 1559 2032 1600; x_wconf 89' lang='lat' dir='ltr'><strong>mu-</strong></span> 
     </span>
    </p>
   </div>
   <div class='ocr_carea' id='block_1_18' title="bbox 373 1632 2032 1710">
    <p class='ocr_par' dir='ltr' id='par_1_18' title="bbox 373 1632 2032 1710">
     <span class='ocr_line' id='line_1_18' title="bbox 373 1632 2032 1710; baseline -0.003 -16"><span class='ocrx_word' id='word_1_120' title='bbox 373 1639 538 1694; x_wconf 91' lang='lat' dir='ltr'><strong>lieris</strong></span> <span class='ocrx_word' id='word_1_121' title='bbox 563 1638 806 1710; x_wconf 81' lang='lat' dir='ltr'><strong>genibus</strong></span> <span class='ocrx_word' id='word_1_122' title='bbox 836 1636 1146 1708; x_wconf 69' lang='lat' dir='ltr'><strong>provoluta:</strong></span> <span class='ocrx_word' id='word_1_123' title='bbox 1171 1636 1502 1706; x_wconf 89' lang='lat' dir='ltr'><strong>consistere,</strong></span> <span class='ocrx_word' id='word_1_124' title='bbox 1539 1634 1747 1704; x_wconf 91' lang='lat' dir='ltr'><strong>palmis</strong></span> <span class='ocrx_word' id='word_1_125' title='bbox 1775 1632 2032 1689; x_wconf 83' lang='lat' dir='ltr'><strong>extensis</strong></span> 
     </span>
    </p>
   </div>
   <div class='ocr_carea' id='block_1_19' title="bbox 2142 483 3776 553">
    <p class='ocr_par' dir='ltr' id='par_1_19' title="bbox 2142 483 3776 553">
     <span class='ocr_line' id='line_1_19' title="bbox 2142 483 3776 553; baseline 0.001 -15"><span class='ocrx_word' id='word_1_126' title='bbox 2142 483 2322 539; x_wconf 88' lang='lat' dir='ltr'><strong>honor</strong></span> <span class='ocrx_word' id='word_1_127' title='bbox 2347 490 2402 540; x_wconf 90' lang='lat' dir='ltr'><strong>et</strong></span> <span class='ocrx_word' id='word_1_128' title='bbox 2426 486 2685 541; x_wconf 88' lang='lat' dir='ltr'><strong>adoratio</strong></span> <span class='ocrx_word' id='word_1_129' title='bbox 2711 499 2839 540; x_wconf 92' lang='lat' dir='ltr'><strong>cum</strong></span> <span class='ocrx_word' id='word_1_130' title='bbox 2872 485 3034 538; x_wconf 87' lang='lat' dir='ltr'><strong>Patre</strong></span> <span class='ocrx_word' id='word_1_131' title='bbox 3059 490 3114 539; x_wconf 91' lang='lat' dir='ltr'><strong>et</strong></span> <span class='ocrx_word' id='word_1_132' title='bbox 3143 489 3338 539; x_wconf 89' lang='lat' dir='ltr'><strong>sancto</strong></span> <span class='ocrx_word' id='word_1_133' title='bbox 3368 484 3610 553; x_wconf 89' lang='lat' dir='ltr'><strong>Spiritu,</strong></span> <span class='ocrx_word' id='word_1_134' title='bbox 3637 498 3776 539; x_wconf 89' lang='lat' dir='ltr'><strong>nunc</strong></span> 
     </span>
    </p>
   </div>
   <div class='ocr_carea' id='block_1_20' title="bbox 2137 573 3498 646">
    <p class='ocr_par' dir='ltr' id='par_1_20' title="bbox 2137 573 3498 646">
     <span class='ocr_line' id='line_1_20' title="bbox 2137 573 3498 646; baseline -0.001 -19"><span class='ocrx_word' id='word_1_135' title='bbox 2137 577 2193 627; x_wconf 91' lang='lat' dir='ltr'><strong>et</strong></span> <span class='ocrx_word' id='word_1_136' title='bbox 2219 587 2441 646; x_wconf 80' lang='lat' dir='ltr'><strong>semper</strong></span> <span class='ocrx_word' id='word_1_137' title='bbox 2479 579 2532 628; x_wconf 88' lang='lat' dir='ltr'><strong>et</strong></span> <span class='ocrx_word' id='word_1_138' title='bbox 2568 575 2626 628; x_wconf 92' lang='lat' dir='ltr'><strong>in</strong></span> <span class='ocrx_word' id='word_1_139' title='bbox 2659 573 2863 629; x_wconf 64' lang='lat' dir='ltr'><strong>smcula</strong></span> <span class='ocrx_word' id='word_1_140' title='bbox 2903 573 3262 628; x_wconf 69' lang='lat' dir='ltr'><strong>szrculorum.</strong></span> <span class='ocrx_word' id='word_1_141' title='bbox 3303 573 3498 627; x_wconf 85' lang='lat' dir='ltr'><strong>Amen.</strong></span> 
     </span>
    </p>
   </div>
   <div class='ocr_carea' id='block_1_21' title="bbox 2207 661 3778 732">
    <p class='ocr_par' dir='ltr' id='par_1_21' title="bbox 2207 661 3778 732">
     <span class='ocr_line' id='line_1_21' title="bbox 2207 661 3778 732; baseline 0 -16"><span class='ocrx_word' id='word_1_142' title='bbox 2207 661 2408 718; x_wconf 89' lang='lat' dir='ltr'><strong>Sancta</strong></span> <span class='ocrx_word' id='word_1_143' title='bbox 2430 663 2681 732; x_wconf 88' lang='lat' dir='ltr'><strong>synodus</strong></span> <span class='ocrx_word' id='word_1_144' title='bbox 2697 663 2876 717; x_wconf 81' lang='lat' dir='ltr'><strong>dixit:</strong></span> <span class='ocrx_word' id='word_1_145' title='bbox 2899 662 3193 718; x_wconf 89' lang='lat' dir='ltr'><strong>Divinitus</strong></span> <span class='ocrx_word' id='word_1_146' title='bbox 3214 661 3541 718; x_wconf 85' lang='lat' dir='ltr'><strong>sonantium</strong></span> <span class='ocrx_word' id='word_1_147' title='bbox 3559 662 3778 716; x_wconf 88' lang='lat' dir='ltr'><strong>Patrum</strong></span> 
     </span>
    </p>
   </div>
   <div class='ocr_carea' id='block_1_22' title="bbox 2134 749 3781 820">
    <p class='ocr_par' dir='ltr' id='par_1_22' title="bbox 2134 749 3781 820">
     <span class='ocr_line' id='line_1_22' title="bbox 2134 749 3781 820; baseline 0.001 -16"><span class='ocrx_word' id='word_1_148' title='bbox 2134 749 2410 805; x_wconf 70' lang='lat' dir='ltr'><strong>doctrina:</strong></span> <span class='ocrx_word' id='word_1_149' title='bbox 2452 765 2552 806; x_wconf 90' lang='lat' dir='ltr'><strong>nos</strong></span> <span class='ocrx_word' id='word_1_150' title='bbox 2586 752 2992 807; x_wconf 89' lang='lat' dir='ltr'><strong>correxerunt!</strong></span> <span class='ocrx_word' id='word_1_151' title='bbox 3019 754 3098 806; x_wconf 86' lang='lat' dir='ltr'><strong>Ex</strong></span> <span class='ocrx_word' id='word_1_152' title='bbox 3141 751 3286 820; x_wconf 87' lang='lat' dir='ltr'><strong>ipsis</strong></span> <span class='ocrx_word' id='word_1_153' title='bbox 3325 750 3652 806; x_wconf 87' lang='lat' dir='ltr'><strong>haurientes</strong></span> <span class='ocrx_word' id='word_1_154' title='bbox 3687 765 3781 806; x_wconf 88' lang='lat' dir='ltr'><strong>ve-</strong></span> 
     </span>
    </p>
   </div>
   <div class='ocr_carea' id='block_1_23' title="bbox 2135 837 3781 909">
    <p class='ocr_par' dir='ltr' id='par_1_23' title="bbox 2135 837 3781 909">
     <span class='ocr_line' id='line_1_23' title="bbox 2135 837 3781 909; baseline 0.001 -17"><span class='ocrx_word' id='word_1_155' title='bbox 2135 837 2360 893; x_wconf 89' lang='lat' dir='ltr'><strong>ritatem</strong></span> <span class='ocrx_word' id='word_1_156' title='bbox 2407 839 2584 908; x_wconf 87' lang='lat' dir='ltr'><strong>potati</strong></span> <span class='ocrx_word' id='word_1_157' title='bbox 2635 853 2836 896; x_wconf 88' lang='lat' dir='ltr'><strong>sumus</strong></span> <span class='ocrx_word' id='word_1_158' title='bbox 2871 839 2882 894; x_wconf 86' lang='lat'><strong>!</strong></span> <span class='ocrx_word' id='word_1_159' title='bbox 2913 841 3020 895; x_wconf 83' lang='lat' dir='ltr'><strong>Eos</strong></span> <span class='ocrx_word' id='word_1_160' title='bbox 3065 843 3386 909; x_wconf 86' lang='lat' dir='ltr'><strong>sequentes,</strong></span> <span class='ocrx_word' id='word_1_161' title='bbox 3434 839 3781 894; x_wconf 88' lang='lat' dir='ltr'><strong>mendacium</strong></span> 
     </span>
    </p>
   </div>
   <div class='ocr_carea' id='block_1_24' title="bbox 2138 927 3784 998">
    <p class='ocr_par' dir='ltr' id='par_1_24' title="bbox 2138 927 3784 998">
     <span class='ocr_line' id='line_1_24' title="bbox 2138 927 3784 998; baseline 0.001 -18"><span class='ocrx_word' id='word_1_162' title='bbox 2138 928 2418 996; x_wconf 89' lang='lat' dir='ltr'><strong>persecuti</strong></span> <span class='ocrx_word' id='word_1_163' title='bbox 2445 927 2676 983; x_wconf 87' lang='lat' dir='ltr'><strong>sumus!</strong></span> <span class='ocrx_word' id='word_1_164' title='bbox 2698 927 2782 982; x_wconf 85' lang='lat' dir='ltr'><strong>Ab</strong></span> <span class='ocrx_word' id='word_1_165' title='bbox 2799 928 2883 983; x_wconf 91' lang='lat' dir='ltr'><strong>eis</strong></span> <span class='ocrx_word' id='word_1_166' title='bbox 2905 927 3112 998; x_wconf 90' lang='lat' dir='ltr'><strong>edocti,</strong></span> <span class='ocrx_word' id='word_1_167' title='bbox 3136 927 3488 982; x_wconf 88' lang='lat' dir='ltr'><strong>venerabiles</strong></span> <span class='ocrx_word' id='word_1_168' title='bbox 3511 927 3784 997; x_wconf 79' lang='lat' dir='ltr'><strong>imagines</strong></span> 
     </span>
    </p>
   </div>
   <div class='ocr_carea' id='block_1_25' title="bbox 2137 1015 3782 1086">
    <p class='ocr_par' dir='ltr' id='par_1_25' title="bbox 2137 1015 3782 1086">
     <span class='ocr_line' id='line_1_25' title="bbox 2137 1015 3782 1086; baseline 0.001 -16"><span class='ocrx_word' id='word_1_169' title='bbox 2137 1015 2488 1072; x_wconf 88' lang='lat' dir='ltr'><strong>salutamus!</strong></span> <span class='ocrx_word' id='word_1_170' title='bbox 2511 1019 2702 1072; x_wconf 87' lang='lat' dir='ltr'><strong>Patres</strong></span> <span class='ocrx_word' id='word_1_171' title='bbox 2727 1017 3056 1086; x_wconf 63' lang='lat' dir='ltr'><strong>praedicant,</strong></span> <span class='ocrx_word' id='word_1_172' title='bbox 3078 1016 3185 1071; x_wconf 89' lang='lat' dir='ltr'><strong>filii</strong></span> <span class='ocrx_word' id='word_1_173' title='bbox 3205 1015 3545 1071; x_wconf 76' lang='lat' dir='ltr'><strong>obedientiae</strong></span> <span class='ocrx_word' id='word_1_174' title='bbox 3567 1029 3782 1084; x_wconf 87' lang='lat' dir='ltr'><strong>sumus,</strong></span> 
     </span>
    </p>
   </div>
   <div class='ocr_carea' id='block_1_26' title="bbox 2137 1103 3786 1175">
    <p class='ocr_par' dir='ltr' id='par_1_26' title="bbox 2137 1103 3786 1175">
     <span class='ocr_line' id='line_1_26' title="bbox 2137 1103 3786 1175; baseline 0 -17"><span class='ocrx_word' id='word_1_175' title='bbox 2137 1109 2194 1158; x_wconf 91' lang='lat' dir='ltr'><strong>et</strong></span> <span class='ocrx_word' id='word_1_176' title='bbox 2222 1105 2691 1175; x_wconf 83' lang='lat' dir='ltr'><strong>congratulamur</strong></span> <span class='ocrx_word' id='word_1_177' title='bbox 2721 1106 2782 1160; x_wconf 89' lang='lat' dir='ltr'><strong>in</strong></span> <span class='ocrx_word' id='word_1_178' title='bbox 2813 1104 2958 1160; x_wconf 87' lang='lat' dir='ltr'><strong>facie</strong></span> <span class='ocrx_word' id='word_1_179' title='bbox 2998 1105 3220 1166; x_wconf 89' lang='lat' dir='ltr'><strong>matris,</strong></span> <span class='ocrx_word' id='word_1_180' title='bbox 3258 1104 3570 1160; x_wconf 88' lang='lat' dir='ltr'><strong>traditione</strong></span> <span class='ocrx_word' id='word_1_181' title='bbox 3607 1103 3786 1158; x_wconf 89' lang='lat' dir='ltr'><strong>Eccle-</strong></span> 
     </span>
    </p>
   </div>
   <div class='ocr_carea' id='block_1_27' title="bbox 2139 1192 3790 1263">
    <p class='ocr_par' dir='ltr' id='par_1_27' title="bbox 2139 1192 3790 1263">
     <span class='ocr_line' id='line_1_27' title="bbox 2139 1192 3790 1263; baseline 0 -17"><span class='ocrx_word' id='word_1_182' title='bbox 2139 1193 2239 1247; x_wconf 71' lang='lat' dir='ltr'><strong>size</strong></span> <span class='ocrx_word' id='word_1_183' title='bbox 2269 1193 2565 1249; x_wconf 64' lang='lat' dir='ltr'><strong>catholicae</strong></span> <span class='ocrx_word' id='word_1_184' title='bbox 2591 1193 2604 1246; x_wconf 89' lang='lat'><strong>!</strong></span> <span class='ocrx_word' id='word_1_185' title='bbox 2634 1194 2936 1250; x_wconf 90' lang='lat' dir='ltr'><strong>Credentes</strong></span> <span class='ocrx_word' id='word_1_186' title='bbox 2969 1193 3027 1248; x_wconf 92' lang='lat' dir='ltr'><strong>in</strong></span> <span class='ocrx_word' id='word_1_187' title='bbox 3061 1207 3240 1249; x_wconf 90' lang='lat' dir='ltr'><strong>unum</strong></span> <span class='ocrx_word' id='word_1_188' title='bbox 3284 1195 3482 1263; x_wconf 90' lang='lat' dir='ltr'><strong>Deum,</strong></span> <span class='ocrx_word' id='word_1_189' title='bbox 3520 1193 3578 1247; x_wconf 96' lang='lat' dir='ltr'><strong>in</strong></span> <span class='ocrx_word' id='word_1_190' title='bbox 3607 1192 3790 1247; x_wconf 87' lang='lat' dir='ltr'><strong>Trini—</strong></span> 
     </span>
    </p>
   </div>
   <div class='ocr_carea' id='block_1_28' title="bbox 2139 1281 3786 1354">
    <p class='ocr_par' dir='ltr' id='par_1_28' title="bbox 2139 1281 3786 1354">
     <span class='ocr_line' id='line_1_28' title="bbox 2139 1281 3786 1354; baseline -0.003 -15"><span class='ocrx_word' id='word_1_191' title='bbox 2139 1289 2254 1339; x_wconf 90' lang='lat' dir='ltr'><strong>tate</strong></span> <span class='ocrx_word' id='word_1_192' title='bbox 2295 1283 2666 1349; x_wconf 90' lang='lat' dir='ltr'><strong>laudandum,</strong></span> <span class='ocrx_word' id='word_1_193' title='bbox 2712 1283 3077 1339; x_wconf 88' lang='lat' dir='ltr'><strong>honorabiles</strong></span> <span class='ocrx_word' id='word_1_194' title='bbox 3118 1283 3399 1354; x_wconf 81' lang='lat' dir='ltr'><strong>imagines</strong></span> <span class='ocrx_word' id='word_1_195' title='bbox 3431 1281 3786 1338; x_wconf 89' lang='lat' dir='ltr'><strong>salutamus!</strong></span> 
     </span>
    </p>
   </div>
   <div class='ocr_carea' id='block_1_29' title="bbox 2138 1371 3788 1441">
    <p class='ocr_par' dir='ltr' id='par_1_29' title="bbox 2138 1371 3788 1441">
     <span class='ocr_line' id='line_1_29' title="bbox 2138 1371 3788 1441; baseline -0.001 -13"><span class='ocrx_word' id='word_1_196' title='bbox 2138 1371 2246 1440; x_wconf 91' lang='lat' dir='ltr'><strong>Qui</strong></span> <span class='ocrx_word' id='word_1_197' title='bbox 2277 1372 2363 1427; x_wconf 92' lang='lat' dir='ltr'><strong>sic</strong></span> <span class='ocrx_word' id='word_1_198' title='bbox 2392 1387 2452 1428; x_wconf 89' lang='lat' dir='ltr'><strong>se</strong></span> <span class='ocrx_word' id='word_1_199' title='bbox 2483 1386 2593 1428; x_wconf 92' lang='lat' dir='ltr'><strong>non</strong></span> <span class='ocrx_word' id='word_1_200' title='bbox 2636 1372 2864 1441; x_wconf 88' lang='lat' dir='ltr'><strong>habent,</strong></span> <span class='ocrx_word' id='word_1_201' title='bbox 2901 1373 3201 1428; x_wconf 89' lang='lat' dir='ltr'><strong>anathema</strong></span> <span class='ocrx_word' id='word_1_202' title='bbox 3241 1371 3522 1441; x_wconf 84' lang='lat' dir='ltr'><strong>sint;qui</strong></span> <span class='ocrx_word' id='word_1_203' title='bbox 3562 1371 3640 1425; x_wconf 88' lang='lat' dir='ltr'><strong>ita</strong></span> <span class='ocrx_word' id='word_1_204' title='bbox 3678 1384 3788 1426; x_wconf 89' lang='lat' dir='ltr'><strong>non</strong></span> 
     </span>
    </p>
   </div>
   <div class='ocr_carea' id='block_1_30' title="bbox 2140 1459 3788 1530">
    <p class='ocr_par' dir='ltr' id='par_1_30' title="bbox 2140 1459 3788 1530">
     <span class='ocr_line' id='line_1_30' title="bbox 2140 1459 3788 1530; baseline -0.001 -14"><span class='ocrx_word' id='word_1_205' title='bbox 2140 1461 2416 1529; x_wconf 91' lang='lat' dir='ltr'><strong>sentiunt,</strong></span> <span class='ocrx_word' id='word_1_206' title='bbox 2441 1461 2671 1530; x_wconf 91' lang='lat' dir='ltr'><strong>procule</strong></span> <span class='ocrx_word' id='word_1_207' title='bbox 2686 1461 2756 1515; x_wconf 91' lang='lat' dir='ltr'><strong>ab</strong></span> <span class='ocrx_word' id='word_1_208' title='bbox 2769 1461 3019 1516; x_wconf 87' lang='lat' dir='ltr'><strong>Ecclesia</strong></span> <span class='ocrx_word' id='word_1_209' title='bbox 3039 1459 3350 1530; x_wconf 90' lang='lat' dir='ltr'><strong>pellantur!</strong></span> <span class='ocrx_word' id='word_1_210' title='bbox 3366 1462 3480 1514; x_wconf 83' lang='lat' dir='ltr'><strong>Nos</strong></span> <span class='ocrx_word' id='word_1_211' title='bbox 3495 1459 3788 1529; x_wconf 90' lang='lat' dir='ltr'><strong>antiquam</strong></span> 
     </span>
    </p>
   </div>
   <div class='ocr_carea' id='block_1_31' title="bbox 2143 1547 3794 1620">
    <p class='ocr_par' dir='ltr' id='par_1_31' title="bbox 2143 1547 3794 1620">
     <span class='ocr_line' id='line_1_31' title="bbox 2143 1547 3794 1620; baseline -0.001 -16"><span class='ocrx_word' id='word_1_212' title='bbox 2143 1549 2558 1620; x_wconf 86' lang='lat' dir='ltr'><strong>legislationem</strong></span> <span class='ocrx_word' id='word_1_213' title='bbox 2583 1549 2849 1605; x_wconf 62' lang='lat' dir='ltr'><strong>Ecclesiae</strong></span> <span class='ocrx_word' id='word_1_214' title='bbox 2871 1549 3168 1605; x_wconf 77' lang='lat' dir='ltr'><strong>catholicae</strong></span> <span class='ocrx_word' id='word_1_215' title='bbox 3187 1547 3644 1619; x_wconf 79' lang='lat' dir='ltr'><strong>sequimurlNos</strong></span> <span class='ocrx_word' id='word_1_216' title='bbox 3659 1548 3794 1616; x_wconf 85' lang='lat' dir='ltr'><strong>jura</strong></span> 
     </span>
    </p>
   </div>
   <div class='ocr_carea' id='block_1_32' title="bbox 2141 1635 3792 1708">
    <p class='ocr_par' dir='ltr' id='par_1_32' title="bbox 2141 1635 3792 1708">
     <span class='ocr_line' id='line_1_32' title="bbox 2141 1635 3792 1708; baseline -0.001 -16"><span class='ocrx_word' id='word_1_217' title='bbox 2141 1639 2372 1694; x_wconf 90' lang='lat' dir='ltr'><strong>Patrum</strong></span> <span class='ocrx_word' id='word_1_218' title='bbox 2403 1651 2804 1694; x_wconf 87' lang='lat' dir='ltr'><strong>conservamus</strong></span> <span class='ocrx_word' id='word_1_219' title='bbox 2828 1637 2840 1692; x_wconf 91' lang='lat' dir='ltr'><strong>l</strong></span> <span class='ocrx_word' id='word_1_220' title='bbox 2866 1651 2970 1692; x_wconf 92' lang='lat' dir='ltr'><strong>nos</strong></span> <span class='ocrx_word' id='word_1_221' title='bbox 2999 1651 3096 1693; x_wconf 90' lang='lat' dir='ltr'><strong>eos</strong></span> <span class='ocrx_word' id='word_1_222' title='bbox 3127 1637 3226 1708; x_wconf 88' lang='lat' dir='ltr'><strong>qui</strong></span> <span class='ocrx_word' id='word_1_223' title='bbox 3260 1636 3482 1692; x_wconf 91' lang='lat' dir='ltr'><strong>addunt</strong></span> <span class='ocrx_word' id='word_1_224' title='bbox 3512 1635 3675 1706; x_wconf 88' lang='lat' dir='ltr'><strong>quid,</strong></span> <span class='ocrx_word' id='word_1_225' title='bbox 3710 1635 3792 1691; x_wconf 85' lang='lat' dir='ltr'><strong>vel</strong></span> 
     </span>
    </p>
   </div>
   <div class='ocr_carea' id='block_1_33' title="bbox 373 1722 3794 1798">
    <p class='ocr_par' dir='ltr' id='par_1_33' title="bbox 373 1722 3794 1798">
     <span class='ocr_line' id='line_1_33' title="bbox 373 1722 3794 1798; baseline -0.001 -15"><span class='ocrx_word' id='word_1_226' title='bbox 373 1727 724 1798; x_wconf 88' lang='lat' dir='ltr'><strong>supplicanti</strong></span> <span class='ocrx_word' id='word_1_227' title='bbox 783 1727 1032 1782; x_wconf 90' lang='lat' dir='ltr'><strong>similem</strong></span> <span class='ocrx_word' id='word_1_228' title='bbox 1079 1726 1188 1796; x_wconf 76' lang='lat' dir='ltr'><strong>:in</strong></span> <span class='ocrx_word' id='word_1_229' title='bbox 1253 1724 1702 1781; x_wconf 90' lang='lat' dir='ltr'><strong>recordationem</strong></span> <span class='ocrx_word' id='word_1_230' title='bbox 1764 1722 2029 1778; x_wconf 90' lang='lat' dir='ltr'><strong>miraculi</strong></span> <span class='ocrx_word' id='word_1_231' title='bbox 2063 1722 3794 1795; x_wconf 84' lang='lat' dir='ltr'><strong>Bauferunt,excatholicaEcclesiaanathematizamus!Nos</strong></span> 
     </span>
    </p>
   </div>
   <div class='ocr_carea' id='block_1_34' title="bbox 373 1811 2028 1888">
    <p class='ocr_par' dir='ltr' id='par_1_34' title="bbox 373 1811 2028 1888">
     <span class='ocr_line' id='line_1_34' title="bbox 373 1811 2028 1888; baseline -0.004 -16"><span class='ocrx_word' id='word_1_232' title='bbox 373 1816 525 1888; x_wconf 88' lang='lat' dir='ltr'><strong>quod</strong></span> <span class='ocrx_word' id='word_1_233' title='bbox 559 1815 770 1872; x_wconf 87' lang='lat' dir='ltr'><strong>factum</strong></span> <span class='ocrx_word' id='word_1_234' title='bbox 814 1821 901 1872; x_wconf 90' lang='lat' dir='ltr'><strong>est</strong></span> <span class='ocrx_word' id='word_1_235' title='bbox 929 1816 1082 1872; x_wconf 89' lang='lat' dir='ltr'><strong>circa</strong></span> <span class='ocrx_word' id='word_1_236' title='bbox 1121 1829 1200 1884; x_wconf 90' lang='lat' dir='ltr'><strong>se,</strong></span> <span class='ocrx_word' id='word_1_237' title='bbox 1236 1814 1342 1870; x_wconf 93' lang='lat' dir='ltr'><strong>hoc</strong></span> <span class='ocrx_word' id='word_1_238' title='bbox 1372 1813 1443 1868; x_wconf 90' lang='lat' dir='ltr'><strong>ab</strong></span> <span class='ocrx_word' id='word_1_239' title='bbox 1473 1827 1536 1868; x_wconf 91' lang='lat' dir='ltr'><strong>ea</strong></span> <span class='ocrx_word' id='word_1_240' title='bbox 1569 1811 1821 1868; x_wconf 91' lang='lat' dir='ltr'><strong>sollicite</strong></span> <span class='ocrx_word' id='word_1_241' title='bbox 1860 1815 1986 1866; x_wconf 89' lang='lat' dir='ltr'><strong>acto</strong></span> <span class='ocrx_word' id='word_1_242' title='bbox 2015 1829 2028 1865; x_wconf 90' lang='lat'><strong>:</strong></span> 
     </span>
    </p>
   </div>
   <div class='ocr_carea' id='block_1_35' title="bbox 372 1899 2028 1976">
    <p class='ocr_par' dir='ltr' id='par_1_35' title="bbox 372 1899 2028 1976">
     <span class='ocr_line' id='line_1_35' title="bbox 372 1899 2028 1976; baseline -0.005 -14"><span class='ocrx_word' id='word_1_243' title='bbox 372 1910 431 1962; x_wconf 92' lang='lat' dir='ltr'><strong>et</strong></span> <span class='ocrx_word' id='word_1_244' title='bbox 460 1907 610 1976; x_wconf 91' lang='lat' dir='ltr'><strong>quod</strong></span> <span class='ocrx_word' id='word_1_245' title='bbox 651 1907 718 1962; x_wconf 91' lang='lat' dir='ltr'><strong>ad</strong></span> <span class='ocrx_word' id='word_1_246' title='bbox 757 1906 926 1976; x_wconf 91' lang='lat' dir='ltr'><strong>pedes</strong></span> <span class='ocrx_word' id='word_1_247' title='bbox 967 1909 1168 1961; x_wconf 69' lang='lat' dir='ltr'><strong>statuae</strong></span> <span class='ocrx_word' id='word_1_248' title='bbox 1209 1904 1270 1958; x_wconf 93' lang='lat' dir='ltr'><strong>in</strong></span> <span class='ocrx_word' id='word_1_249' title='bbox 1303 1902 1532 1958; x_wconf 89' lang='lat' dir='ltr'><strong>nomine</strong></span> <span class='ocrx_word' id='word_1_250' title='bbox 1574 1900 1800 1957; x_wconf 70' lang='lat' dir='ltr'><strong>Domini</strong></span> <span class='ocrx_word' id='word_1_251' title='bbox 1848 1899 2028 1970; x_wconf 66' lang='lat' dir='ltr'><strong>factm,</strong></span> 
     </span>
    </p>
   </div>
   <div class='ocr_carea' id='block_1_36' title="bbox 374 1989 2034 2066">
    <p class='ocr_par' dir='ltr' id='par_1_36' title="bbox 374 1989 2034 2066">
     <span class='ocr_line' id='line_1_36' title="bbox 374 1989 2034 2066; baseline -0.005 -14"><span class='ocrx_word' id='word_1_252' title='bbox 374 1995 550 2052; x_wconf 89' lang='lat' dir='ltr'><strong>herba</strong></span> <span class='ocrx_word' id='word_1_253' title='bbox 590 1997 846 2066; x_wconf 79' lang='lat' dir='ltr'><strong>quaedam</strong></span> <span class='ocrx_word' id='word_1_254' title='bbox 887 1994 1076 2051; x_wconf 88' lang='lat' dir='ltr'><strong>oritur</strong></span> <span class='ocrx_word' id='word_1_255' title='bbox 1125 2006 1268 2050; x_wconf 90' lang='lat' dir='ltr'><strong>nova</strong></span> <span class='ocrx_word' id='word_1_256' title='bbox 1310 1991 1498 2062; x_wconf 88' lang='lat' dir='ltr'><strong>specie</strong></span> <span class='ocrx_word' id='word_1_257' title='bbox 1539 2004 1605 2046; x_wconf 90' lang='lat' dir='ltr'><strong>ac</strong></span> <span class='ocrx_word' id='word_1_258' title='bbox 1651 1989 1861 2062; x_wconf 58' lang='lat' dir='ltr'><strong>ignota,</strong></span> <span class='ocrx_word' id='word_1_259' title='bbox 1908 2003 2034 2058; x_wconf 62' lang='lat' dir='ltr'><strong>quae</strong></span> 
     </span>
    </p>
   </div>
   <div class='ocr_carea' id='block_1_37' title="bbox 373 2077 2034 2155">
    <p class='ocr_par' dir='ltr' id='par_1_37' title="bbox 373 2077 2034 2155">
     <span class='ocr_line' id='line_1_37' title="bbox 373 2077 2034 2155; baseline -0.004 -17"><span class='ocrx_word' id='word_1_260' title='bbox 373 2083 665 2140; x_wconf 88' lang='lat' dir='ltr'><strong>variorum</strong></span> <span class='ocrx_word' id='word_1_261' title='bbox 707 2084 1047 2155; x_wconf 89' lang='lat' dir='ltr'><strong>languorum</strong></span> <span class='ocrx_word' id='word_1_262' title='bbox 1087 2081 1560 2136; x_wconf 87' lang='lat' dir='ltr'><strong>medicamentum</strong></span> <span class='ocrx_word' id='word_1_263' title='bbox 1598 2077 1898 2148; x_wconf 90' lang='lat' dir='ltr'><strong>est;quod</strong></span> <span class='ocrx_word' id='word_1_264' title='bbox 1935 2090 2034 2146; x_wconf 90' lang='lat' dir='ltr'><strong>per</strong></span> 
     </span>
    </p>
   </div>
   <div class='ocr_carea' id='block_1_38' title="bbox 375 2165 2032 2244">
    <p class='ocr_par' dir='ltr' id='par_1_38' title="bbox 375 2165 2032 2244">
     <span class='ocr_line' id='line_1_38' title="bbox 375 2165 2032 2244; baseline -0.006 -15"><span class='ocrx_word' id='word_1_265' title='bbox 375 2171 630 2244; x_wconf 87' lang='lat' dir='ltr'><strong>seipsum</strong></span> <span class='ocrx_word' id='word_1_266' title='bbox 673 2171 890 2228; x_wconf 89' lang='lat' dir='ltr'><strong>vidisse</strong></span> <span class='ocrx_word' id='word_1_267' title='bbox 927 2169 1210 2226; x_wconf 89' lang='lat' dir='ltr'><strong>Eusebius</strong></span> <span class='ocrx_word' id='word_1_268' title='bbox 1252 2169 1374 2224; x_wconf 85' lang='lat' dir='ltr'><strong>ait:</strong></span> <span class='ocrx_word' id='word_1_269' title='bbox 1405 2165 1704 2222; x_wconf 82' lang='lat' dir='ltr'><strong>manifeste</strong></span> <span class='ocrx_word' id='word_1_270' title='bbox 1741 2165 2032 2222; x_wconf 87' lang='lat' dir='ltr'><strong>Salvatore</strong></span> 
     </span>
    </p>
   </div>
   <div class='ocr_carea' id='block_1_39' title="bbox 375 2255 2030 2334">
    <p class='ocr_par' dir='ltr' id='par_1_39' title="bbox 375 2255 2030 2334">
     <span class='ocr_line' id='line_1_39' title="bbox 375 2255 2030 2334; baseline -0.004 -17"><span class='ocrx_word' id='word_1_271' title='bbox 375 2261 622 2333; x_wconf 76' lang='lat' dir='ltr'><strong>propriae</strong></span> <span class='ocrx_word' id='word_1_272' title='bbox 665 2263 864 2334; x_wconf 69' lang='lat' dir='ltr'><strong>gratiae</strong></span> <span class='ocrx_word' id='word_1_273' title='bbox 905 2259 1343 2330; x_wconf 76' lang='lat' dir='ltr'><strong>dispensatoria:</strong></span> <span class='ocrx_word' id='word_1_274' title='bbox 1386 2255 1641 2328; x_wconf 86' lang='lat' dir='ltr'><strong>insignia</strong></span> <span class='ocrx_word' id='word_1_275' title='bbox 1678 2255 1922 2310; x_wconf 90' lang='lat' dir='ltr'><strong>faciente</strong></span> <span class='ocrx_word' id='word_1_276' title='bbox 1960 2255 2030 2310; x_wconf 91' lang='lat' dir='ltr'><strong>ad</strong></span> 
     </span>
    </p>
   </div>
   <div class='ocr_carea' id='block_1_40' title="bbox 376 2344 2036 2417">
    <p class='ocr_par' dir='ltr' id='par_1_40' title="bbox 376 2344 2036 2417">
     <span class='ocr_line' id='line_1_40' title="bbox 376 2344 2036 2417; baseline -0.006 -10"><span class='ocrx_word' id='word_1_277' title='bbox 376 2351 540 2407; x_wconf 80' lang='lat' dir='ltr'><strong>fidem</strong></span> <span class='ocrx_word' id='word_1_278' title='bbox 573 2350 930 2406; x_wconf 68' lang='lat' dir='ltr'><strong>mulierculm</strong></span> <span class='ocrx_word' id='word_1_279' title='bbox 950 2368 962 2403; x_wconf 90' lang='lat'><strong>:</strong></span> <span class='ocrx_word' id='word_1_280' title='bbox 985 2349 1316 2405; x_wconf 86' lang='lat' dir='ltr'><strong>ostendente</strong></span> <span class='ocrx_word' id='word_1_281' title='bbox 1347 2347 1495 2417; x_wconf 90' lang='lat' dir='ltr'><strong>quod</strong></span> <span class='ocrx_word' id='word_1_282' title='bbox 1521 2360 1623 2400; x_wconf 93' lang='lat' dir='ltr'><strong>nos</strong></span> <span class='ocrx_word' id='word_1_283' title='bbox 1650 2345 1920 2415; x_wconf 89' lang='lat' dir='ltr'><strong>superius</strong></span> <span class='ocrx_word' id='word_1_284' title='bbox 1951 2344 2036 2410; x_wconf 84' lang='lat' dir='ltr'><strong>in-</strong></span> 
     </span>
    </p>
   </div>
   <div class='ocr_carea' id='block_1_41' title="bbox 372 2430 2034 2508">
    <p class='ocr_par' dir='ltr' id='par_1_41' title="bbox 372 2430 2034 2508">
     <span class='ocr_line' id='line_1_41' title="bbox 372 2430 2034 2508; baseline -0.006 -13"><span class='ocrx_word' id='word_1_285' title='bbox 372 2440 714 2508; x_wconf 90' lang='lat' dir='ltr'><strong>dicavimus,</strong></span> <span class='ocrx_word' id='word_1_286' title='bbox 774 2439 912 2508; x_wconf 89' lang='lat' dir='ltr'><strong>quia</strong></span> <span class='ocrx_word' id='word_1_287' title='bbox 961 2451 1073 2494; x_wconf 93' lang='lat' dir='ltr'><strong>non</strong></span> <span class='ocrx_word' id='word_1_288' title='bbox 1119 2435 1466 2506; x_wconf 85' lang='lat' dir='ltr'><strong>simpliciter</strong></span> <span class='ocrx_word' id='word_1_289' title='bbox 1509 2432 1800 2489; x_wconf 87' lang='lat' dir='ltr'><strong>tractanda</strong></span> <span class='ocrx_word' id='word_1_290' title='bbox 1855 2430 2034 2506; x_wconf 87' lang='lat' dir='ltr'><strong>[acci—</strong></span> 
     </span>
    </p>
   </div>
   <div class='ocr_carea' id='block_1_42' title="bbox 376 2517 2034 2601">
    <p class='ocr_par' dir='ltr' id='par_1_42' title="bbox 376 2517 2034 2601">
     <span class='ocr_line' id='line_1_42' title="bbox 376 2517 2034 2601; baseline -0.006 -18"><span class='ocrx_word' id='word_1_291' title='bbox 376 2525 602 2601; x_wconf 89' lang='lat' dir='ltr'><strong>pienda]</strong></span> <span class='ocrx_word' id='word_1_292' title='bbox 637 2531 774 2583; x_wconf 91' lang='lat' dir='ltr'><strong>sunt</strong></span> <span class='ocrx_word' id='word_1_293' title='bbox 807 2539 933 2597; x_wconf 70' lang='lat' dir='ltr'><strong>qua:</strong></span> <span class='ocrx_word' id='word_1_294' title='bbox 959 2531 1258 2597; x_wconf 89' lang='lat' dir='ltr'><strong>geruntur,</strong></span> <span class='ocrx_word' id='word_1_295' title='bbox 1292 2524 1387 2578; x_wconf 91' lang='lat' dir='ltr'><strong>sed</strong></span> <span class='ocrx_word' id='word_1_296' title='bbox 1432 2522 1678 2578; x_wconf 91' lang='lat' dir='ltr'><strong>intentio</strong></span> <span class='ocrx_word' id='word_1_297' title='bbox 1713 2521 1764 2576; x_wconf 91' lang='lat' dir='ltr'><strong>ei</strong></span> <span class='ocrx_word' id='word_1_298' title='bbox 1807 2517 2034 2594; x_wconf 88' lang='lat' dir='ltr'><strong>[facien-</strong></span> 
     </span>
    </p>
   </div>
   <div class='ocr_carea' id='block_1_43' title="bbox 314 2609 2032 2690">
    <p class='ocr_par' dir='ltr' id='par_1_43' title="bbox 314 2609 2032 2690">
     <span class='ocr_line' id='line_1_43' title="bbox 314 2609 2032 2690; baseline -0.006 -18"><span class='ocrx_word' id='word_1_299' title='bbox 314 2645 318 2650; x_wconf 85' lang='lat'><strong>~</strong></span> <span class='ocrx_word' id='word_1_300' title='bbox 377 2613 474 2690; x_wconf 86' lang='lat' dir='ltr'><strong>tis]</strong></span> <span class='ocrx_word' id='word_1_301' title='bbox 521 2623 608 2672; x_wconf 88' lang='lat' dir='ltr'><strong>est</strong></span> <span class='ocrx_word' id='word_1_302' title='bbox 639 2614 1079 2685; x_wconf 90' lang='lat' dir='ltr'><strong>comprobanda.</strong></span> <span class='ocrx_word' id='word_1_303' title='bbox 1127 2613 1282 2668; x_wconf 89' lang='lat' dir='ltr'><strong>Dicit</strong></span> <span class='ocrx_word' id='word_1_304' title='bbox 1323 2615 1512 2667; x_wconf 90' lang='lat' dir='ltr'><strong>autem</strong></span> <span class='ocrx_word' id='word_1_305' title='bbox 1556 2611 1703 2665; x_wconf 91' lang='lat' dir='ltr'><strong>idem</strong></span> <span class='ocrx_word' id='word_1_306' title='bbox 1747 2609 2032 2664; x_wconf 85' lang='lat' dir='ltr'><strong>Eusebius</strong></span> 
     </span>
    </p>
   </div>
   <div class='ocr_carea' id='block_1_44' title="bbox 374 2697 2033 2776">
    <p class='ocr_par' dir='ltr' id='par_1_44' title="bbox 374 2697 2033 2776">
     <span class='ocr_line' id='line_1_44' title="bbox 374 2697 2033 2776; baseline -0.005 -15"><span class='ocrx_word' id='word_1_307' title='bbox 374 2705 525 2776; x_wconf 91' lang='lat' dir='ltr'><strong>quod</strong></span> <span class='ocrx_word' id='word_1_308' title='bbox 559 2709 616 2760; x_wconf 92' lang='lat' dir='ltr'><strong>et</strong></span> <span class='ocrx_word' id='word_1_309' title='bbox 642 2703 1031 2774; x_wconf 88' lang='lat' dir='ltr'><strong>apostolorum</strong></span> <span class='ocrx_word' id='word_1_310' title='bbox 1066 2701 1348 2773; x_wconf 83' lang='lat' dir='ltr'><strong>imagines</strong></span> <span class='ocrx_word' id='word_1_311' title='bbox 1378 2699 1528 2756; x_wconf 90' lang='lat' dir='ltr'><strong>Petri</strong></span> <span class='ocrx_word' id='word_1_312' title='bbox 1559 2703 1617 2754; x_wconf 85' lang='lat' dir='ltr'><strong>et</strong></span> <span class='ocrx_word' id='word_1_313' title='bbox 1647 2697 1828 2762; x_wconf 89' lang='lat' dir='ltr'><strong>Pauli,</strong></span> <span class='ocrx_word' id='word_1_314' title='bbox 1862 2702 2033 2767; x_wconf 88' lang='lat' dir='ltr'><strong>atque</strong></span> 
     </span>
    </p>
   </div>
   <div class='ocr_carea' id='block_1_45' title="bbox 375 2783 2034 2864">
    <p class='ocr_par' dir='ltr' id='par_1_45' title="bbox 375 2783 2034 2864">
     <span class='ocr_line' id='line_1_45' title="bbox 375 2783 2034 2864; baseline -0.005 -16"><span class='ocrx_word' id='word_1_315' title='bbox 375 2792 564 2864; x_wconf 91' lang='lat' dir='ltr'><strong>ipsius</strong></span> <span class='ocrx_word' id='word_1_316' title='bbox 589 2793 825 2862; x_wconf 91' lang='lat' dir='ltr'><strong>Christi,</strong></span> <span class='ocrx_word' id='word_1_317' title='bbox 859 2806 958 2861; x_wconf 91' lang='lat' dir='ltr'><strong>per</strong></span> <span class='ocrx_word' id='word_1_318' title='bbox 987 2791 1206 2846; x_wconf 92' lang='lat' dir='ltr'><strong>colores</strong></span> <span class='ocrx_word' id='word_1_319' title='bbox 1237 2789 1551 2845; x_wconf 70' lang='lat' dir='ltr'><strong>aestimatas</strong></span> <span class='ocrx_word' id='word_1_320' title='bbox 1580 2783 1714 2860; x_wconf 86' lang='lat' dir='ltr'><strong>[Gr.,</strong></span> <span class='ocrx_word' id='word_1_321' title='bbox 1742 2799 2034 2841; x_wconf 89' lang='lat' dir='ltr'><strong>conserva-</strong></span> 
     </span>
    </p>
   </div>
   <div class='ocr_carea' id='block_1_46' title="bbox 373 2874 2030 2956">
    <p class='ocr_par' dir='ltr' id='par_1_46' title="bbox 373 2874 2030 2956">
     <span class='ocr_line' id='line_1_46' title="bbox 373 2874 2030 2956; baseline -0.005 -19"><span class='ocrx_word' id='word_1_322' title='bbox 373 2879 480 2956; x_wconf 86' lang='lat' dir='ltr'><strong>tas]</strong></span> <span class='ocrx_word' id='word_1_323' title='bbox 519 2882 580 2938; x_wconf 89' lang='lat' dir='ltr'><strong>in</strong></span> <span class='ocrx_word' id='word_1_324' title='bbox 613 2881 860 2951; x_wconf 89' lang='lat' dir='ltr'><strong>picturis</strong></span> <span class='ocrx_word' id='word_1_325' title='bbox 899 2879 1204 2950; x_wconf 82' lang='lat' dir='ltr'><strong>aspexerit.</strong></span> <span class='ocrx_word' id='word_1_326' title='bbox 1245 2879 1367 2934; x_wconf 90' lang='lat' dir='ltr'><strong>Non</strong></span> <span class='ocrx_word' id='word_1_327' title='bbox 1403 2882 1591 2932; x_wconf 91' lang='lat' dir='ltr'><strong>autem</strong></span> <span class='ocrx_word' id='word_1_328' title='bbox 1637 2875 1742 2930; x_wconf 91' lang='lat' dir='ltr'><strong>hoc</strong></span> <span class='ocrx_word' id='word_1_329' title='bbox 1778 2874 2030 2929; x_wconf 88' lang='lat' dir='ltr'><strong>dicimus</strong></span> 
     </span>
    </p>
   </div>
   <div class='ocr_carea' id='block_1_47' title="bbox 373 2959 2032 3032">
    <p class='ocr_par' dir='ltr' id='par_1_47' title="bbox 373 2959 2032 3032">
     <span class='ocr_line' id='line_1_47' title="bbox 373 2959 2032 3032; baseline -0.006 -7"><span class='ocrx_word' id='word_1_330' title='bbox 373 2982 497 3032; x_wconf 88' lang='lat' dir='ltr'><strong>nos,</strong></span> <span class='ocrx_word' id='word_1_331' title='bbox 544 2974 609 3025; x_wconf 90' lang='lat' dir='ltr'><strong>ut</strong></span> <span class='ocrx_word' id='word_1_332' title='bbox 643 2959 874 3025; x_wconf 81' lang='lat' dir='ltr'><strong>statuas</strong></span> <span class='ocrx_word' id='word_1_333' title='bbox 929 2981 1114 3023; x_wconf 81' lang='lat' dir='ltr'><strong>aeneas</strong></span> <span class='ocrx_word' id='word_1_334' title='bbox 1163 2965 1348 3021; x_wconf 86' lang='lat' dir='ltr'><strong>facere</strong></span> <span class='ocrx_word' id='word_1_335' title='bbox 1404 2964 1758 3032; x_wconf 89' lang='lat' dir='ltr'><strong>studeamus,</strong></span> <span class='ocrx_word' id='word_1_336' title='bbox 1815 2961 1908 3016; x_wconf 88' lang='lat' dir='ltr'><strong>sed</strong></span> <span class='ocrx_word' id='word_1_337' title='bbox 1967 2965 2032 3016; x_wconf 88' lang='lat' dir='ltr'><strong>ut</strong></span> 
     </span>
    </p>
   </div>
   <div class='ocr_carea' id='block_1_48' title="bbox 2142 1813 3796 1872">
    <p class='ocr_par' dir='ltr' id='par_1_48' title="bbox 2142 1813 3796 1872">
     <span class='ocr_line' id='line_1_48' title="bbox 2142 1813 3796 1872; baseline -0.002 -2"><span class='ocrx_word' id='word_1_338' title='bbox 2142 1814 2442 1872; x_wconf 89' lang='lat' dir='ltr'><strong>subintrod</strong></span> <span class='ocrx_word' id='word_1_339' title='bbox 2456 1820 2638 1871; x_wconf 90' lang='lat' dir='ltr'><strong>uctam</strong></span> <span class='ocrx_word' id='word_1_340' title='bbox 2669 1814 2975 1870; x_wconf 89' lang='lat' dir='ltr'><strong>novitatem</strong></span> <span class='ocrx_word' id='word_1_341' title='bbox 3005 1813 3368 1870; x_wconf 89' lang='lat' dir='ltr'><strong>Christianos</strong></span> <span class='ocrx_word' id='word_1_342' title='bbox 3395 1813 3796 1870; x_wconf 86' lang='lat' dir='ltr'><strong>accusantium</strong></span> 
     </span>
    </p>
   </div>
   <div class='ocr_carea' id='block_1_49' title="bbox 2141 1902 3796 1974">
    <p class='ocr_par' dir='ltr' id='par_1_49' title="bbox 2141 1902 3796 1974">
     <span class='ocr_line' id='line_1_49' title="bbox 2141 1902 3796 1974; baseline -0.001 -15"><span class='ocrx_word' id='word_1_343' title='bbox 2141 1905 2689 1960; x_wconf 88' lang='lat' dir='ltr'><strong>anathematizamus</strong></span> <span class='ocrx_word' id='word_1_344' title='bbox 2708 1903 2720 1958; x_wconf 87' lang='lat' dir='ltr'><strong>l</strong></span> <span class='ocrx_word' id='word_1_345' title='bbox 2741 1905 2855 1960; x_wconf 75' lang='lat' dir='ltr'><strong>Nos</strong></span> <span class='ocrx_word' id='word_1_346' title='bbox 2872 1902 3222 1958; x_wconf 88' lang='lat' dir='ltr'><strong>venerabiles</strong></span> <span class='ocrx_word' id='word_1_347' title='bbox 3241 1903 3436 1957; x_wconf 91' lang='lat' dir='ltr'><strong>iconas</strong></span> <span class='ocrx_word' id='word_1_348' title='bbox 3453 1902 3796 1974; x_wconf 86' lang='lat' dir='ltr'><strong>salutamus,</strong></span> 
     </span>
    </p>
   </div>
   <div class='ocr_carea' id='block_1_50' title="bbox 2141 1989 3802 2063">
    <p class='ocr_par' dir='ltr' id='par_1_50' title="bbox 2141 1989 3802 2063">
     <span class='ocr_line' id='line_1_50' title="bbox 2141 1989 3802 2063; baseline -0.002 -15"><span class='ocrx_word' id='word_1_349' title='bbox 2141 1995 2256 2048; x_wconf 89' lang='lat' dir='ltr'><strong>Nos</strong></span> <span class='ocrx_word' id='word_1_350' title='bbox 2285 2007 2384 2049; x_wconf 89' lang='lat' dir='ltr'><strong>eos</strong></span> <span class='ocrx_word' id='word_1_351' title='bbox 2415 1993 2513 2063; x_wconf 91' lang='lat' dir='ltr'><strong>qui</strong></span> <span class='ocrx_word' id='word_1_352' title='bbox 2547 1992 2632 2048; x_wconf 91' lang='lat' dir='ltr'><strong>sic</strong></span> <span class='ocrx_word' id='word_1_353' title='bbox 2663 2005 2722 2047; x_wconf 92' lang='lat' dir='ltr'><strong>se</strong></span> <span class='ocrx_word' id='word_1_354' title='bbox 2753 2005 2862 2048; x_wconf 87' lang='lat' dir='ltr'><strong>nou</strong></span> <span class='ocrx_word' id='word_1_355' title='bbox 2897 1991 3125 2060; x_wconf 89' lang='lat' dir='ltr'><strong>habent,</strong></span> <span class='ocrx_word' id='word_1_356' title='bbox 3157 1989 3503 2046; x_wconf 89' lang='lat' dir='ltr'><strong>anathemati</strong></span> <span class='ocrx_word' id='word_1_357' title='bbox 3539 1989 3802 2045; x_wconf 90' lang='lat' dir='ltr'><strong>submit-</strong></span> 
     </span>
    </p>
   </div>
   <div class='ocr_carea' id='block_1_51' title="bbox 2143 2079 3802 2150">
    <p class='ocr_par' dir='ltr' id='par_1_51' title="bbox 2143 2079 3802 2150">
     <span class='ocr_line' id='line_1_51' title="bbox 2143 2079 3802 2150; baseline -0.001 -14"><span class='ocrx_word' id='word_1_358' title='bbox 2143 2081 2358 2138; x_wconf 88' lang='lat' dir='ltr'><strong>timus!</strong></span> <span class='ocrx_word' id='word_1_359' title='bbox 2387 2081 2748 2136; x_wconf 88' lang='lat' dir='ltr'><strong>Christianos</strong></span> <span class='ocrx_word' id='word_1_360' title='bbox 2791 2079 3218 2150; x_wconf 88' lang='lat' dir='ltr'><strong>accusantibus,</strong></span> <span class='ocrx_word' id='word_1_361' title='bbox 3267 2079 3323 2136; x_wconf 91' lang='lat' dir='ltr'><strong>id</strong></span> <span class='ocrx_word' id='word_1_362' title='bbox 3365 2084 3468 2150; x_wconf 91' lang='lat' dir='ltr'><strong>est,</strong></span> <span class='ocrx_word' id='word_1_363' title='bbox 3517 2079 3802 2150; x_wconf 85' lang='lat' dir='ltr'><strong>imagines</strong></span> 
     </span>
    </p>
   </div>
   <div class='ocr_carea' id='block_1_52' title="bbox 2141 2167 3804 2241">
    <p class='ocr_par' dir='ltr' id='par_1_52' title="bbox 2141 2167 3804 2241">
     <span class='ocr_line' id='line_1_52' title="bbox 2141 2167 3804 2241; baseline -0.002 -17"><span class='ocrx_word' id='word_1_364' title='bbox 2141 2169 2640 2241; x_wconf 86' lang='lat' dir='ltr'><strong>confringentibus</strong></span> <span class='ocrx_word' id='word_1_365' title='bbox 2688 2170 2989 2225; x_wconf 88' lang='lat' dir='ltr'><strong>anathema</strong></span> <span class='ocrx_word' id='word_1_366' title='bbox 3032 2169 3111 2224; x_wconf 92' lang='lat' dir='ltr'><strong>sit</strong></span> <span class='ocrx_word' id='word_1_367' title='bbox 3148 2168 3160 2221; x_wconf 85' lang='lat' dir='ltr'><strong>l</strong></span> <span class='ocrx_word' id='word_1_368' title='bbox 3204 2169 3302 2223; x_wconf 85' lang='lat' dir='ltr'><strong>His</strong></span> <span class='ocrx_word' id='word_1_369' title='bbox 3345 2167 3444 2238; x_wconf 88' lang='lat' dir='ltr'><strong>qui</strong></span> <span class='ocrx_word' id='word_1_370' title='bbox 3492 2171 3804 2222; x_wconf 91' lang='lat' dir='ltr'><strong>assumunt</strong></span> 
     </span>
    </p>
   </div>
   <div class='ocr_carea' id='block_1_53' title="bbox 2141 2254 3802 2328">
    <p class='ocr_par' dir='ltr' id='par_1_53' title="bbox 2141 2254 3802 2328">
     <span class='ocr_line' id='line_1_53' title="bbox 2141 2254 3802 2328; baseline -0.003 -14"><span class='ocrx_word' id='word_1_371' title='bbox 2141 2259 2294 2314; x_wconf 89' lang='lat' dir='ltr'><strong>dicta</strong></span> <span class='ocrx_word' id='word_1_372' title='bbox 2335 2263 2544 2314; x_wconf 74' lang='lat' dir='ltr'><strong>sanctae</strong></span> <span class='ocrx_word' id='word_1_373' title='bbox 2581 2258 2912 2328; x_wconf 62' lang='lat' dir='ltr'><strong>Scripturre,</strong></span> <span class='ocrx_word' id='word_1_374' title='bbox 2957 2271 3082 2328; x_wconf 69' lang='lat' dir='ltr'><strong>qua:</strong></span> <span class='ocrx_word' id='word_1_375' title='bbox 3121 2261 3257 2312; x_wconf 88' lang='lat' dir='ltr'><strong>sunt</strong></span> <span class='ocrx_word' id='word_1_376' title='bbox 3293 2260 3490 2311; x_wconf 81' lang='lat' dir='ltr'><strong>contra</strong></span> <span class='ocrx_word' id='word_1_377' title='bbox 3531 2254 3713 2326; x_wconf 89' lang='lat' dir='ltr'><strong>idola,</strong></span> <span class='ocrx_word' id='word_1_378' title='bbox 3743 2255 3802 2310; x_wconf 92' lang='lat' dir='ltr'><strong>in</strong></span> 
     </span>
    </p>
   </div>
   <div class='ocr_carea' id='block_1_54' title="bbox 2141 2343 3809 2418">
    <p class='ocr_par' dir='ltr' id='par_1_54' title="bbox 2141 2343 3809 2418">
     <span class='ocr_line' id='line_1_54' title="bbox 2141 2343 3809 2418; baseline -0.002 -16"><span class='ocrx_word' id='word_1_379' title='bbox 2141 2346 2496 2402; x_wconf 87' lang='lat' dir='ltr'><strong>venerabiles</strong></span> <span class='ocrx_word' id='word_1_380' title='bbox 2532 2346 2831 2418; x_wconf 86' lang='lat' dir='ltr'><strong>imagines,</strong></span> <span class='ocrx_word' id='word_1_381' title='bbox 2873 2345 3173 2401; x_wconf 88' lang='lat' dir='ltr'><strong>anathema</strong></span> <span class='ocrx_word' id='word_1_382' title='bbox 3199 2344 3211 2398; x_wconf 83' lang='lat' dir='ltr'><strong>l</strong></span> <span class='ocrx_word' id='word_1_383' title='bbox 3241 2344 3342 2399; x_wconf 91' lang='lat' dir='ltr'><strong>His</strong></span> <span class='ocrx_word' id='word_1_384' title='bbox 3363 2343 3463 2414; x_wconf 89' lang='lat' dir='ltr'><strong>qui</strong></span> <span class='ocrx_word' id='word_1_385' title='bbox 3493 2357 3602 2398; x_wconf 92' lang='lat' dir='ltr'><strong>non</strong></span> <span class='ocrx_word' id='word_1_386' title='bbox 3629 2343 3809 2398; x_wconf 81' lang='lat' dir='ltr'><strong>salu-</strong></span> 
     </span>
    </p>
   </div>
   <div class='ocr_carea' id='block_1_55' title="bbox 2142 2432 3806 2502">
    <p class='ocr_par' dir='ltr' id='par_1_55' title="bbox 2142 2432 3806 2502">
     <span class='ocr_line' id='line_1_55' title="bbox 2142 2432 3806 2502; baseline -0.002 -11"><span class='ocrx_word' id='word_1_387' title='bbox 2142 2441 2266 2492; x_wconf 85' lang='lat' dir='ltr'><strong>tant</strong></span> <span class='ocrx_word' id='word_1_388' title='bbox 2305 2441 2529 2491; x_wconf 88' lang='lat' dir='ltr'><strong>sanctas</strong></span> <span class='ocrx_word' id='word_1_389' title='bbox 2565 2449 2628 2490; x_wconf 90' lang='lat' dir='ltr'><strong>ac</strong></span> <span class='ocrx_word' id='word_1_390' title='bbox 2671 2433 3022 2490; x_wconf 88' lang='lat' dir='ltr'><strong>venerabiles</strong></span> <span class='ocrx_word' id='word_1_391' title='bbox 3065 2433 3276 2502; x_wconf 87' lang='lat' dir='ltr'><strong>iconas,</strong></span> <span class='ocrx_word' id='word_1_392' title='bbox 3323 2432 3664 2488; x_wconf 90' lang='lat' dir='ltr'><strong>anathema!</strong></span> <span class='ocrx_word' id='word_1_393' title='bbox 3701 2432 3806 2488; x_wconf 90' lang='lat' dir='ltr'><strong>His</strong></span> 
     </span>
    </p>
   </div>
   <div class='ocr_carea' id='block_1_56' title="bbox 2143 2520 3806 2594">
    <p class='ocr_par' dir='ltr' id='par_1_56' title="bbox 2143 2520 3806 2594">
     <span class='ocr_line' id='line_1_56' title="bbox 2143 2520 3806 2594; baseline -0.002 -15"><span class='ocrx_word' id='word_1_394' title='bbox 2143 2525 2244 2594; x_wconf 94' lang='lat' dir='ltr'><strong>qui</strong></span> <span class='ocrx_word' id='word_1_395' title='bbox 2275 2523 2563 2593; x_wconf 89' lang='lat' dir='ltr'><strong>appellant</strong></span> <span class='ocrx_word' id='word_1_396' title='bbox 2594 2536 2786 2578; x_wconf 89' lang='lat' dir='ltr'><strong>sacras</strong></span> <span class='ocrx_word' id='word_1_397' title='bbox 2819 2521 3098 2594; x_wconf 81' lang='lat' dir='ltr'><strong>imagines</strong></span> <span class='ocrx_word' id='word_1_398' title='bbox 3130 2520 3304 2592; x_wconf 88' lang='lat' dir='ltr'><strong>idola,</strong></span> <span class='ocrx_word' id='word_1_399' title='bbox 3336 2521 3636 2576; x_wconf 87' lang='lat' dir='ltr'><strong>anathema</strong></span> <span class='ocrx_word' id='word_1_400' title='bbox 3663 2520 3678 2574; x_wconf 85' lang='lat' dir='ltr'><strong>l</strong></span> <span class='ocrx_word' id='word_1_401' title='bbox 3705 2521 3806 2576; x_wconf 85' lang='lat' dir='ltr'><strong>His</strong></span> 
     </span>
    </p>
   </div>
   <div class='ocr_carea' id='block_1_57' title="bbox 2142 2609 3804 2684">
    <p class='ocr_par' dir='ltr' id='par_1_57' title="bbox 2142 2609 3804 2684">
     <span class='ocr_line' id='line_1_57' title="bbox 2142 2609 3804 2684; baseline -0.002 -16"><span class='ocrx_word' id='word_1_402' title='bbox 2142 2613 2243 2684; x_wconf 91' lang='lat' dir='ltr'><strong>qui</strong></span> <span class='ocrx_word' id='word_1_403' title='bbox 2283 2613 2506 2680; x_wconf 87' lang='lat' dir='ltr'><strong>dicunt,</strong></span> <span class='ocrx_word' id='word_1_404' title='bbox 2550 2611 2699 2683; x_wconf 90' lang='lat' dir='ltr'><strong>quod</strong></span> <span class='ocrx_word' id='word_1_405' title='bbox 2737 2611 2914 2666; x_wconf 91' lang='lat' dir='ltr'><strong>veluti</strong></span> <span class='ocrx_word' id='word_1_406' title='bbox 2949 2611 3017 2666; x_wconf 86' lang='lat' dir='ltr'><strong>ad</strong></span> <span class='ocrx_word' id='word_1_407' title='bbox 3055 2609 3192 2665; x_wconf 90' lang='lat' dir='ltr'><strong>deos</strong></span> <span class='ocrx_word' id='word_1_408' title='bbox 3225 2609 3562 2674; x_wconf 89' lang='lat' dir='ltr'><strong>Christiani,</strong></span> <span class='ocrx_word' id='word_1_409' title='bbox 3605 2609 3692 2664; x_wconf 88' lang='lat' dir='ltr'><strong>ita</strong></span> <span class='ocrx_word' id='word_1_410' title='bbox 3732 2609 3804 2665; x_wconf 88' lang='lat' dir='ltr'><strong>ad</strong></span> 
     </span>
    </p>
   </div>
   <div class='ocr_carea' id='block_1_58' title="bbox 2144 2698 3809 2771">
    <p class='ocr_par' dir='ltr' id='par_1_58' title="bbox 2144 2698 3809 2771">
     <span class='ocr_line' id='line_1_58' title="bbox 2144 2698 3809 2771; baseline -0.002 -14"><span class='ocrx_word' id='word_1_411' title='bbox 2144 2702 2338 2757; x_wconf 88' lang='lat' dir='ltr'><strong>iconas</strong></span> <span class='ocrx_word' id='word_1_412' title='bbox 2383 2701 2672 2771; x_wconf 89' lang='lat' dir='ltr'><strong>accedant,</strong></span> <span class='ocrx_word' id='word_1_413' title='bbox 2717 2699 3057 2754; x_wconf 91' lang='lat' dir='ltr'><strong>anathema!</strong></span> <span class='ocrx_word' id='word_1_414' title='bbox 3089 2699 3190 2754; x_wconf 91' lang='lat' dir='ltr'><strong>His</strong></span> <span class='ocrx_word' id='word_1_415' title='bbox 3229 2699 3327 2770; x_wconf 92' lang='lat' dir='ltr'><strong>qui</strong></span> <span class='ocrx_word' id='word_1_416' title='bbox 3369 2698 3809 2754; x_wconf 88' lang='lat' dir='ltr'><strong>communicant</strong></span> 
     </span>
    </p>
   </div>
   <div class='ocr_carea' id='block_1_59' title="bbox 2142 2786 3809 2860">
    <p class='ocr_par' dir='ltr' id='par_1_59' title="bbox 2142 2786 3809 2860">
     <span class='ocr_line' id='line_1_59' title="bbox 2142 2786 3809 2860; baseline -0.004 -11"><span class='ocrx_word' id='word_1_417' title='bbox 2142 2793 2390 2849; x_wconf 91' lang='lat' dir='ltr'><strong>scienter</strong></span> <span class='ocrx_word' id='word_1_418' title='bbox 2417 2790 2690 2860; x_wconf 87' lang='lat' dir='ltr'><strong>injuriam</strong></span> <span class='ocrx_word' id='word_1_419' title='bbox 2721 2793 2778 2844; x_wconf 90' lang='lat' dir='ltr'><strong>et</strong></span> <span class='ocrx_word' id='word_1_420' title='bbox 2807 2789 3269 2846; x_wconf 90' lang='lat' dir='ltr'><strong>inhonorantiam</strong></span> <span class='ocrx_word' id='word_1_421' title='bbox 3306 2786 3695 2843; x_wconf 89' lang='lat' dir='ltr'><strong>inferentibus</strong></span> <span class='ocrx_word' id='word_1_422' title='bbox 3719 2800 3809 2843; x_wconf 91' lang='lat' dir='ltr'><strong>ve-</strong></span> 
     </span>
    </p>
   </div>
   <div class='ocr_carea' id='block_1_60' title="bbox 2143 2875 3809 2950">
    <p class='ocr_par' dir='ltr' id='par_1_60' title="bbox 2143 2875 3809 2950">
     <span class='ocr_line' id='line_1_60' title="bbox 2143 2875 3809 2950; baseline -0.004 -14"><span class='ocrx_word' id='word_1_423' title='bbox 2143 2879 2502 2936; x_wconf 90' lang='lat' dir='ltr'><strong>nerabilibus</strong></span> <span class='ocrx_word' id='word_1_424' title='bbox 2544 2878 2918 2950; x_wconf 86' lang='lat' dir='ltr'><strong>imaginibus,</strong></span> <span class='ocrx_word' id='word_1_425' title='bbox 2956 2877 3292 2934; x_wconf 88' lang='lat' dir='ltr'><strong>anathema!</strong></span> <span class='ocrx_word' id='word_1_426' title='bbox 3328 2876 3430 2931; x_wconf 90' lang='lat' dir='ltr'><strong>His</strong></span> <span class='ocrx_word' id='word_1_427' title='bbox 3456 2876 3555 2946; x_wconf 87' lang='lat' dir='ltr'><strong>qui</strong></span> <span class='ocrx_word' id='word_1_428' title='bbox 3587 2875 3809 2932; x_wconf 88' lang='lat' dir='ltr'><strong>dicunt</strong></span> 
     </span>
    </p>
   </div>
   <div class='ocr_carea' id='block_1_61' title="bbox 2143 2965 3810 3041">
    <p class='ocr_par' dir='ltr' id='par_1_61' title="bbox 2143 2965 3810 3041">
     <span class='ocr_line' id='line_1_61' title="bbox 2143 2965 3810 3041; baseline -0.004 -15"><span class='ocrx_word' id='word_1_429' title='bbox 2143 2971 2316 3041; x_wconf 86' lang='lat' dir='ltr'><strong>quod,</strong></span> <span class='ocrx_word' id='word_1_430' title='bbox 2343 2972 2574 3038; x_wconf 89' lang='lat' dir='ltr'><strong>excepto</strong></span> <span class='ocrx_word' id='word_1_431' title='bbox 2593 2967 2824 3024; x_wconf 88' lang='lat' dir='ltr'><strong>Christo</strong></span> <span class='ocrx_word' id='word_1_432' title='bbox 2845 2967 3087 3022; x_wconf 92' lang='lat' dir='ltr'><strong>Domino</strong></span> <span class='ocrx_word' id='word_1_433' title='bbox 3110 2970 3326 3035; x_wconf 90' lang='lat' dir='ltr'><strong>nostro,</strong></span> <span class='ocrx_word' id='word_1_434' title='bbox 3344 2965 3498 3021; x_wconf 88' lang='lat' dir='ltr'><strong>alius</strong></span> <span class='ocrx_word' id='word_1_435' title='bbox 3517 2978 3620 3020; x_wconf 89' lang='lat' dir='ltr'><strong>nos</strong></span> <span class='ocrx_word' id='word_1_436' title='bbox 3636 2977 3810 3020; x_wconf 88' lang='lat' dir='ltr'><strong>erue-</strong></span> 
     </span>
    </p>
   </div>
   <div class='ocr_carea' id='block_1_62' title="bbox 372 3049 2026 3128">
    <p class='ocr_par' dir='ltr' id='par_1_62' title="bbox 372 3049 2026 3128">
     <span class='ocr_line' id='line_1_62' title="bbox 372 3049 2026 3128; baseline -0.007 -14"><span class='ocrx_word' id='word_1_437' title='bbox 372 3058 739 3114; x_wconf 89' lang='lat' dir='ltr'><strong>insinuemus</strong></span> <span class='ocrx_word' id='word_1_438' title='bbox 791 3057 1060 3128; x_wconf 90' lang='lat' dir='ltr'><strong>quoniam</strong></span> <span class='ocrx_word' id='word_1_439' title='bbox 1107 3061 1162 3111; x_wconf 92' lang='lat' dir='ltr'><strong>et</strong></span> <span class='ocrx_word' id='word_1_440' title='bbox 1204 3055 1347 3110; x_wconf 91' lang='lat' dir='ltr'><strong>illud</strong></span> <span class='ocrx_word' id='word_1_441' title='bbox 1397 3051 1711 3108; x_wconf 89' lang='lat' dir='ltr'><strong>secundum</strong></span> <span class='ocrx_word' id='word_1_442' title='bbox 1759 3049 2026 3122; x_wconf 83' lang='lat' dir='ltr'><strong>gentilem</strong></span> 
     </span>
    </p>
   </div>
   <div class='ocr_carea' id='block_1_63' title="bbox 2147 3049 3809 3128">
    <p class='ocr_par' dir='ltr' id='par_1_63' title="bbox 2147 3053 3809 3126">
     <span class='ocr_line' id='line_1_63' title="bbox 2147 3053 3809 3126; baseline -0.004 -12"><span class='ocrx_word' id='word_1_443' title='bbox 2147 3059 2220 3114; x_wconf 89' lang='lat' dir='ltr'><strong>rit</strong></span> <span class='ocrx_word' id='word_1_444' title='bbox 2247 3058 2318 3114; x_wconf 91' lang='lat' dir='ltr'><strong>ab</strong></span> <span class='ocrx_word' id='word_1_445' title='bbox 2359 3057 2552 3126; x_wconf 91' lang='lat' dir='ltr'><strong>idolis,</strong></span> <span class='ocrx_word' id='word_1_446' title='bbox 2593 3056 2894 3111; x_wconf 90' lang='lat' dir='ltr'><strong>anathema</strong></span> <span class='ocrx_word' id='word_1_447' title='bbox 2918 3055 2930 3109; x_wconf 89' lang='lat'><strong>!</strong></span> <span class='ocrx_word' id='word_1_448' title='bbox 2954 3055 3056 3110; x_wconf 88' lang='lat' dir='ltr'><strong>His</strong></span> <span class='ocrx_word' id='word_1_449' title='bbox 3091 3055 3190 3124; x_wconf 89' lang='lat' dir='ltr'><strong>qui</strong></span> <span class='ocrx_word' id='word_1_450' title='bbox 3221 3055 3436 3110; x_wconf 90' lang='lat' dir='ltr'><strong>audent</strong></span> <span class='ocrx_word' id='word_1_451' title='bbox 3469 3053 3668 3109; x_wconf 89' lang='lat' dir='ltr'><strong>dicere</strong></span> <span class='ocrx_word' id='word_1_452' title='bbox 3699 3067 3809 3109; x_wconf 88' lang='lat' dir='ltr'><strong>ca-</strong></span> 
     </span>
    </p>
   </div>
   <div class='ocr_carea' id='block_1_64' title="bbox 371 3139 2028 3216">
    <p class='ocr_par' dir='ltr' id='par_1_64' title="bbox 371 3139 2028 3216">
     <span class='ocr_line' id='line_1_64' title="bbox 371 3139 2028 3216; baseline -0.005 -13"><span class='ocrx_word' id='word_1_453' title='bbox 371 3147 845 3204; x_wconf 89' lang='lat' dir='ltr'><strong>consuetudinem</strong></span> <span class='ocrx_word' id='word_1_454' title='bbox 891 3145 1124 3216; x_wconf 89' lang='lat' dir='ltr'><strong>factum,</strong></span> <span class='ocrx_word' id='word_1_455' title='bbox 1168 3157 1278 3199; x_wconf 90' lang='lat' dir='ltr'><strong>non</strong></span> <span class='ocrx_word' id='word_1_456' title='bbox 1323 3146 1614 3207; x_wconf 90' lang='lat' dir='ltr'><strong>renuente,</strong></span> <span class='ocrx_word' id='word_1_457' title='bbox 1661 3140 1757 3194; x_wconf 89' lang='lat' dir='ltr'><strong>sed</strong></span> <span class='ocrx_word' id='word_1_458' title='bbox 1805 3139 2028 3194; x_wconf 90' lang='lat' dir='ltr'><strong>volente</strong></span> 
     </span>
    </p>
   </div>
   <div class='ocr_carea' id='block_1_65' title="bbox 369 3227 2026 3308">
    <p class='ocr_par' dir='ltr' id='par_1_65' title="bbox 369 3227 2026 3308">
     <span class='ocr_line' id='line_1_65' title="bbox 369 3227 2026 3308; baseline -0.007 -15"><span class='ocrx_word' id='word_1_459' title='bbox 369 3236 632 3308; x_wconf 91' lang='lat' dir='ltr'><strong>Domino,</strong></span> <span class='ocrx_word' id='word_1_460' title='bbox 676 3241 742 3292; x_wconf 91' lang='lat' dir='ltr'><strong>ut</strong></span> <span class='ocrx_word' id='word_1_461' title='bbox 791 3236 848 3290; x_wconf 92' lang='lat' dir='ltr'><strong>in</strong></span> <span class='ocrx_word' id='word_1_462' title='bbox 901 3235 1027 3306; x_wconf 88' lang='lat' dir='ltr'><strong>ipso</strong></span> <span class='ocrx_word' id='word_1_463' title='bbox 1081 3235 1508 3290; x_wconf 90' lang='lat' dir='ltr'><strong>demonstretur</strong></span> <span class='ocrx_word' id='word_1_464' title='bbox 1559 3243 1659 3300; x_wconf 91' lang='lat' dir='ltr'><strong>per</strong></span> <span class='ocrx_word' id='word_1_465' title='bbox 1707 3227 2026 3298; x_wconf 90' lang='lat' dir='ltr'><strong>plurimum</strong></span> 
     </span>
    </p>
   </div>
   <div class='ocr_carea' id='block_1_66' title="bbox 372 3316 2023 3396">
    <p class='ocr_par' dir='ltr' id='par_1_66' title="bbox 372 3316 2023 3396">
     <span class='ocr_line' id='line_1_66' title="bbox 372 3316 2023 3396; baseline -0.007 -15"><span class='ocrx_word' id='word_1_466' title='bbox 372 3329 598 3396; x_wconf 89' lang='lat' dir='ltr'><strong>tempus</strong></span> <span class='ocrx_word' id='word_1_467' title='bbox 647 3325 834 3396; x_wconf 90' lang='lat' dir='ltr'><strong>ipsius</strong></span> <span class='ocrx_word' id='word_1_468' title='bbox 881 3323 1160 3380; x_wconf 88' lang='lat' dir='ltr'><strong>bonitatis</strong></span> <span class='ocrx_word' id='word_1_469' title='bbox 1208 3320 1592 3376; x_wconf 86' lang='lat' dir='ltr'><strong>miraculum:</strong></span> <span class='ocrx_word' id='word_1_470' title='bbox 1631 3317 1830 3388; x_wconf 68' lang='lat' dir='ltr'><strong>alquod</strong></span> <span class='ocrx_word' id='word_1_471' title='bbox 1876 3316 2023 3386; x_wconf 91' lang='lat' dir='ltr'><strong>apud</strong></span> 
     </span>
    </p>
   </div>
   <div class='ocr_carea' id='block_1_67' title="bbox 373 3405 2030 3482">
    <p class='ocr_par' dir='ltr' id='par_1_67' title="bbox 373 3405 2030 3482">
     <span class='ocr_line' id='line_1_67' title="bbox 373 3405 2030 3482; baseline -0.006 -13"><span class='ocrx_word' id='word_1_472' title='bbox 373 3427 476 3470; x_wconf 89' lang='lat' dir='ltr'><strong>nos</strong></span> <span class='ocrx_word' id='word_1_473' title='bbox 505 3413 893 3470; x_wconf 87' lang='lat' dir='ltr'><strong>venerabilius</strong></span> <span class='ocrx_word' id='word_1_474' title='bbox 923 3418 1008 3468; x_wconf 87' lang='lat' dir='ltr'><strong>est</strong></span> <span class='ocrx_word' id='word_1_475' title='bbox 1046 3410 1294 3482; x_wconf 88' lang='lat' dir='ltr'><strong>qualiter</strong></span> <span class='ocrx_word' id='word_1_476' title='bbox 1338 3408 1606 3464; x_wconf 90' lang='lat' dir='ltr'><strong>obtinens</strong></span> <span class='ocrx_word' id='word_1_477' title='bbox 1648 3419 1787 3474; x_wconf 86' lang='lat' dir='ltr'><strong>mos,</strong></span> <span class='ocrx_word' id='word_1_478' title='bbox 1830 3405 2030 3460; x_wconf 88' lang='lat' dir='ltr'><strong>doceat</strong></span> 
     </span>
    </p>
   </div>
   <div class='ocr_carea' id='block_1_68' title="bbox 371 3491 2030 3574">
    <p class='ocr_par' dir='ltr' id='par_1_68' title="bbox 371 3491 2030 3574">
     <span class='ocr_line' id='line_1_68' title="bbox 371 3491 2030 3574; baseline -0.008 -15"><span class='ocrx_word' id='word_1_479' title='bbox 371 3501 930 3558; x_wconf 89' lang='lat' dir='ltr'><strong>commemorationis</strong></span> <span class='ocrx_word' id='word_1_480' title='bbox 973 3497 1118 3574; x_wconf 86' lang='lat' dir='ltr'><strong>[Gr..</strong></span> <span class='ocrx_word' id='word_1_481' title='bbox 1157 3512 1390 3569; x_wconf 89' lang='lat' dir='ltr'><strong>morem,</strong></span> <span class='ocrx_word' id='word_1_482' title='bbox 1425 3497 1524 3566; x_wconf 94' lang='lat' dir='ltr'><strong>qui</strong></span> <span class='ocrx_word' id='word_1_483' title='bbox 1557 3495 1707 3564; x_wconf 90' lang='lat' dir='ltr'><strong>apud</strong></span> <span class='ocrx_word' id='word_1_484' title='bbox 1754 3507 1856 3547; x_wconf 87' lang='lat' dir='ltr'><strong>nos</strong></span> <span class='ocrx_word' id='word_1_485' title='bbox 1885 3491 2030 3548; x_wconf 87' lang='lat' dir='ltr'><strong>obti-</strong></span> 
     </span>
    </p>
   </div>
   <div class='ocr_carea' id='block_1_69' title="bbox 372 3581 2022 3663">
    <p class='ocr_par' dir='ltr' id='par_1_69' title="bbox 372 3581 2022 3663">
     <span class='ocr_line' id='line_1_69' title="bbox 372 3581 2022 3663; baseline -0.008 -16"><span class='ocrx_word' id='word_1_486' title='bbox 372 3591 504 3647; x_wconf 91' lang='lat' dir='ltr'><strong>nuit</strong></span> <span class='ocrx_word' id='word_1_487' title='bbox 527 3591 710 3663; x_wconf 87' lang='lat' dir='ltr'><strong>magis</strong></span> <span class='ocrx_word' id='word_1_488' title='bbox 739 3590 832 3660; x_wconf 90' lang='lat' dir='ltr'><strong>pie</strong></span> <span class='ocrx_word' id='word_1_489' title='bbox 853 3588 1291 3659; x_wconf 88' lang='lat' dir='ltr'><strong>quodammodo,</strong></span> <span class='ocrx_word' id='word_1_490' title='bbox 1320 3599 1433 3640; x_wconf 92' lang='lat' dir='ltr'><strong>non</strong></span> <span class='ocrx_word' id='word_1_491' title='bbox 1458 3587 1545 3638; x_wconf 91' lang='lat' dir='ltr'><strong>est</strong></span> <span class='ocrx_word' id='word_1_492' title='bbox 1565 3582 1652 3638; x_wconf 86' lang='lat' dir='ltr'><strong>fas</strong></span> <span class='ocrx_word' id='word_1_493' title='bbox 1678 3581 2022 3650; x_wconf 85' lang='lat' dir='ltr'><strong>vituperare.</strong></span> 
     </span>
    </p>
   </div>
   <div class='ocr_carea' id='block_1_70' title="bbox 371 3668 2029 3750">
    <p class='ocr_par' dir='ltr' id='par_1_70' title="bbox 371 3668 2029 3750">
     <span class='ocr_line' id='line_1_70' title="bbox 371 3668 2029 3750; baseline -0.007 -14"><span class='ocrx_word' id='word_1_494' title='bbox 371 3683 433 3736; x_wconf 89' lang='lat' dir='ltr'><strong>In</strong></span> <span class='ocrx_word' id='word_1_495' title='bbox 465 3679 560 3734; x_wconf 91' lang='lat' dir='ltr'><strong>his</strong></span> <span class='ocrx_word' id='word_1_496' title='bbox 597 3679 779 3750; x_wconf 89' lang='lat' dir='ltr'><strong>igitur</strong></span> <span class='ocrx_word' id='word_1_497' title='bbox 807 3677 1138 3732; x_wconf 87' lang='lat' dir='ltr'><strong>absolvatur</strong></span> <span class='ocrx_word' id='word_1_498' title='bbox 1177 3679 1384 3728; x_wconf 65' lang='lat' dir='ltr'><strong>nostrze</strong></span> <span class='ocrx_word' id='word_1_499' title='bbox 1425 3668 1592 3744; x_wconf 77' lang='lat' dir='ltr'><strong>com.]</strong></span> <span class='ocrx_word' id='word_1_500' title='bbox 1629 3683 1834 3724; x_wconf 68' lang='lat' dir='ltr'><strong>sermo.</strong></span> <span class='ocrx_word' id='word_1_501' title='bbox 1879 3670 2029 3724; x_wconf 91' lang='lat' dir='ltr'><strong>Deus</strong></span> 
     </span>
    </p>
   </div>
   <div class='ocr_carea' id='block_1_71' title="bbox 371 3757 2030 3837">
    <p class='ocr_par' dir='ltr' id='par_1_71' title="bbox 371 3757 2030 3837">
     <span class='ocr_line' id='line_1_71' title="bbox 371 3757 2030 3837; baseline -0.009 -12"><span class='ocrx_word' id='word_1_502' title='bbox 371 3773 561 3825; x_wconf 86' lang='lat' dir='ltr'><strong>autem</strong></span> <span class='ocrx_word' id='word_1_503' title='bbox 601 3767 884 3837; x_wconf 88' lang='lat' dir='ltr'><strong>veritatis,</strong></span> <span class='ocrx_word' id='word_1_504' title='bbox 915 3764 1012 3836; x_wconf 87' lang='lat' dir='ltr'><strong>qui</strong></span> <span class='ocrx_word' id='word_1_505' title='bbox 1047 3763 1290 3818; x_wconf 87' lang='lat' dir='ltr'><strong>deduxit</strong></span> <span class='ocrx_word' id='word_1_506' title='bbox 1331 3775 1434 3816; x_wconf 91' lang='lat' dir='ltr'><strong>nos</strong></span> <span class='ocrx_word' id='word_1_507' title='bbox 1465 3760 1522 3814; x_wconf 90' lang='lat' dir='ltr'><strong>in</strong></span> <span class='ocrx_word' id='word_1_508' title='bbox 1556 3771 1779 3814; x_wconf 76' lang='lat' dir='ltr'><strong>omnem</strong></span> <span class='ocrx_word' id='word_1_509' title='bbox 1811 3757 2030 3811; x_wconf 89' lang='lat' dir='ltr'><strong>verita-</strong></span> 
     </span>
    </p>
   </div>
   <div class='ocr_carea' id='block_1_72' title="bbox 372 3845 2028 3924">
    <p class='ocr_par' dir='ltr' id='par_1_72' title="bbox 372 3845 2028 3924">
     <span class='ocr_line' id='line_1_72' title="bbox 372 3845 2028 3924; baseline -0.007 -13"><span class='ocrx_word' id='word_1_510' title='bbox 372 3863 506 3924; x_wconf 91' lang='lat' dir='ltr'><strong>tem,</strong></span> <span class='ocrx_word' id='word_1_511' title='bbox 534 3861 592 3910; x_wconf 90' lang='lat' dir='ltr'><strong>et</strong></span> <span class='ocrx_word' id='word_1_512' title='bbox 633 3868 852 3910; x_wconf 90' lang='lat' dir='ltr'><strong>omnem</strong></span> <span class='ocrx_word' id='word_1_513' title='bbox 901 3850 1284 3907; x_wconf 88' lang='lat' dir='ltr'><strong>dissensionis</strong></span> <span class='ocrx_word' id='word_1_514' title='bbox 1323 3849 1698 3916; x_wconf 88' lang='lat' dir='ltr'><strong>occasionem,</strong></span> <span class='ocrx_word' id='word_1_515' title='bbox 1741 3851 1796 3900; x_wconf 90' lang='lat' dir='ltr'><strong>et</strong></span> <span class='ocrx_word' id='word_1_516' title='bbox 1842 3845 2028 3900; x_wconf 91' lang='lat' dir='ltr'><strong>turha-</strong></span> 
     </span>
    </p>
   </div>
   <div class='ocr_carea' id='block_1_73' title="bbox 373 3934 2030 4011">
    <p class='ocr_par' dir='ltr' id='par_1_73' title="bbox 373 3934 2030 4011">
     <span class='ocr_line' id='line_1_73' title="bbox 373 3934 2030 4011; baseline -0.007 -10"><span class='ocrx_word' id='word_1_517' title='bbox 373 3945 552 4002; x_wconf 90' lang='lat' dir='ltr'><strong>tionis</strong></span> <span class='ocrx_word' id='word_1_518' title='bbox 579 3957 807 3999; x_wconf 88' lang='lat' dir='ltr'><strong>causam</strong></span> <span class='ocrx_word' id='word_1_519' title='bbox 839 3956 870 3996; x_wconf 91' lang='lat' dir='ltr'><strong>a</strong></span> <span class='ocrx_word' id='word_1_520' title='bbox 898 3940 1116 3996; x_wconf 90' lang='lat' dir='ltr'><strong>nostris</strong></span> <span class='ocrx_word' id='word_1_521' title='bbox 1144 3939 1328 4011; x_wconf 87' lang='lat' dir='ltr'><strong>abigit</strong></span> <span class='ocrx_word' id='word_1_522' title='bbox 1371 3935 1692 4005; x_wconf 88' lang='lat' dir='ltr'><strong>animabus,</strong></span> <span class='ocrx_word' id='word_1_523' title='bbox 1730 3934 2030 3990; x_wconf 89' lang='lat' dir='ltr'><strong>unanimi—</strong></span> 
     </span>
    </p>
   </div>
   <div class='ocr_carea' id='block_1_74' title="bbox 371 4023 2028 4102">
    <p class='ocr_par' dir='ltr' id='par_1_74' title="bbox 371 4023 2028 4102">
     <span class='ocr_line' id='line_1_74' title="bbox 371 4023 2028 4102; baseline -0.008 -13"><span class='ocrx_word' id='word_1_524' title='bbox 371 4041 460 4090; x_wconf 91' lang='lat' dir='ltr'><strong>ter</strong></span> <span class='ocrx_word' id='word_1_525' title='bbox 484 4045 600 4088; x_wconf 91' lang='lat' dir='ltr'><strong>uno</strong></span> <span class='ocrx_word' id='word_1_526' title='bbox 631 4031 844 4102; x_wconf 89' lang='lat' dir='ltr'><strong>spiritu</strong></span> <span class='ocrx_word' id='word_1_527' title='bbox 877 4029 1260 4101; x_wconf 82' lang='lat' dir='ltr'><strong>glorificantes</strong></span> <span class='ocrx_word' id='word_1_528' title='bbox 1283 4040 1410 4082; x_wconf 92' lang='lat' dir='ltr'><strong>eum</strong></span> <span class='ocrx_word' id='word_1_529' title='bbox 1437 4023 1824 4094; x_wconf 85' lang='lat' dir='ltr'><strong>superceelesti</strong></span> <span class='ocrx_word' id='word_1_530' title='bbox 1856 4036 2028 4094; x_wconf 82' lang='lat' dir='ltr'><strong>regno</strong></span> 
     </span>
    </p>
   </div>
   <div class='ocr_carea' id='block_1_75' title="bbox 371 4119 843 4194">
    <p class='ocr_par' dir='ltr' id='par_1_75' title="bbox 371 4119 843 4194">
     <span class='ocr_line' id='line_1_75' title="bbox 371 4119 843 4194; baseline -0.008 -17"><span class='ocrx_word' id='word_1_531' title='bbox 371 4121 580 4194; x_wconf 88' lang='lat' dir='ltr'><strong>dignos</strong></span> <span class='ocrx_word' id='word_1_532' title='bbox 619 4119 843 4176; x_wconf 79' lang='lat' dir='ltr'><strong>efﬁciat.</strong></span> 
     </span>
    </p>
   </div>
   <div class='ocr_carea' id='block_1_76' title="bbox 441 4199 2028 4276">
    <p class='ocr_par' dir='ltr' id='par_1_76' title="bbox 441 4199 2028 4276">
     <span class='ocr_line' id='line_1_76' title="bbox 441 4199 2028 4276; baseline -0.008 -11"><span class='ocrx_word' id='word_1_533' title='bbox 441 4209 713 4265; x_wconf 88' lang='lat' dir='ltr'><strong>Tarasius</strong></span> <span class='ocrx_word' id='word_1_534' title='bbox 743 4207 1145 4264; x_wconf 85' lang='lat' dir='ltr'><strong>sanctissimus</strong></span> <span class='ocrx_word' id='word_1_535' title='bbox 1173 4204 1498 4276; x_wconf 89' lang='lat' dir='ltr'><strong>patriarcha</strong></span> <span class='ocrx_word' id='word_1_536' title='bbox 1529 4201 1681 4256; x_wconf 83' lang='lat' dir='ltr'><strong>dixit</strong></span> <span class='ocrx_word' id='word_1_537' title='bbox 1706 4219 1720 4254; x_wconf 87' lang='lat'><strong>:</strong></span> <span class='ocrx_word' id='word_1_538' title='bbox 1747 4199 2028 4254; x_wconf 89' lang='lat' dir='ltr'><strong>Clamave-</strong></span> 
     </span>
    </p>
   </div>
   <div class='ocr_carea' id='block_1_77' title="bbox 373 4288 2028 4360">
    <p class='ocr_par' dir='ltr' id='par_1_77' title="bbox 373 4288 2028 4360">
     <span class='ocr_line' id='line_1_77' title="bbox 373 4288 2028 4360; baseline -0.008 -4"><span class='ocrx_word' id='word_1_539' title='bbox 373 4304 510 4356; x_wconf 89' lang='lat' dir='ltr'><strong>runt</strong></span> <span class='ocrx_word' id='word_1_540' title='bbox 561 4299 826 4354; x_wconf 88' lang='lat' dir='ltr'><strong>custodes</strong></span> <span class='ocrx_word' id='word_1_541' title='bbox 865 4296 1128 4351; x_wconf 60' lang='lat' dir='ltr'><strong>Ecclesiae</strong></span> <span class='ocrx_word' id='word_1_542' title='bbox 1172 4293 1492 4360; x_wconf 64' lang='lat' dir='ltr'><strong>catholicae,</strong></span> <span class='ocrx_word' id='word_1_543' title='bbox 1535 4289 1715 4345; x_wconf 88' lang='lat' dir='ltr'><strong>sancti</strong></span> <span class='ocrx_word' id='word_1_544' title='bbox 1760 4288 2028 4342; x_wconf 83' lang='lat' dir='ltr'><strong>videlicet</strong></span> 
     </span>
    </p>
   </div>
   <div class='ocr_carea' id='block_1_78' title="bbox 369 4377 2027 4459">
    <p class='ocr_par' dir='ltr' id='par_1_78' title="bbox 369 4377 2027 4459">
     <span class='ocr_line' id='line_1_78' title="bbox 369 4377 2027 4459; baseline -0.007 -15"><span class='ocrx_word' id='word_1_545' title='bbox 369 4391 566 4445; x_wconf 89' lang='lat' dir='ltr'><strong>Patres</strong></span> <span class='ocrx_word' id='word_1_546' title='bbox 604 4387 808 4459; x_wconf 88' lang='lat' dir='ltr'><strong>nostri,</strong></span> <span class='ocrx_word' id='word_1_547' title='bbox 853 4385 950 4457; x_wconf 89' lang='lat' dir='ltr'><strong>qui</strong></span> <span class='ocrx_word' id='word_1_548' title='bbox 996 4398 1216 4454; x_wconf 88' lang='lat' dir='ltr'><strong>semper</strong></span> <span class='ocrx_word' id='word_1_549' title='bbox 1247 4395 1420 4451; x_wconf 91' lang='lat' dir='ltr'><strong>supra</strong></span> <span class='ocrx_word' id='word_1_550' title='bbox 1454 4377 1856 4448; x_wconf 85' lang='lat' dir='ltr'><strong>intelligibiles</strong></span> <span class='ocrx_word' id='word_1_551' title='bbox 1901 4378 2027 4446; x_wconf 88' lang='lat' dir='ltr'><strong>ejus</strong></span> 
     </span>
    </p>
   </div>
   <div class='ocr_carea' id='block_1_79' title="bbox 371 4462 2026 4550">
    <p class='ocr_par' dir='ltr' id='par_1_79' title="bbox 371 4462 2026 4550">
     <span class='ocr_line' id='line_1_79' title="bbox 371 4462 2026 4550; baseline -0.01 -16"><span class='ocrx_word' id='word_1_552' title='bbox 371 4478 678 4550; x_wconf 88' lang='lat' dir='ltr'><strong>vigilantes</strong></span> <span class='ocrx_word' id='word_1_553' title='bbox 697 4475 906 4532; x_wconf 88' lang='lat' dir='ltr'><strong>arietes</strong></span> <span class='ocrx_word' id='word_1_554' title='bbox 930 4470 1347 4548; x_wconf 83' lang='lat' dir='ltr'><strong>[intelligibilia</strong></span> <span class='ocrx_word' id='word_1_555' title='bbox 1366 4462 1838 4540; x_wconf 81' lang='lat' dir='ltr'><strong>propugnacula],</strong></span> <span class='ocrx_word' id='word_1_556' title='bbox 1860 4479 2026 4520; x_wconf 92' lang='lat' dir='ltr'><strong>omne</strong></span> 
     </span>
    </p>
   </div>
   <div class='ocr_carea' id='block_1_80' title="bbox 373 4553 2026 4638">
    <p class='ocr_par' dir='ltr' id='par_1_80' title="bbox 373 4553 2026 4638">
     <span class='ocr_line' id='line_1_80' title="bbox 373 4553 2026 4638; baseline -0.009 -14"><span class='ocrx_word' id='word_1_557' title='bbox 373 4567 634 4638; x_wconf 78' lang='lat' dir='ltr'><strong>praelium</strong></span> <span class='ocrx_word' id='word_1_558' title='bbox 657 4572 712 4622; x_wconf 91' lang='lat' dir='ltr'><strong>et</strong></span> <span class='ocrx_word' id='word_1_559' title='bbox 743 4566 912 4621; x_wconf 89' lang='lat' dir='ltr'><strong>inane</strong></span> <span class='ocrx_word' id='word_1_560' title='bbox 938 4563 1172 4618; x_wconf 87' lang='lat' dir='ltr'><strong>verbum</strong></span> <span class='ocrx_word' id='word_1_561' title='bbox 1199 4559 1535 4629; x_wconf 88' lang='lat' dir='ltr'><strong>repulerunt</strong></span> <span class='ocrx_word' id='word_1_562' title='bbox 1554 4574 1567 4618; x_wconf 84' lang='lat'>;</span> <span class='ocrx_word' id='word_1_563' title='bbox 1589 4560 1643 4610; x_wconf 90' lang='lat' dir='ltr'><strong>et</strong></span> <span class='ocrx_word' id='word_1_564' title='bbox 1671 4555 1815 4609; x_wconf 90' lang='lat' dir='ltr'><strong>hanc</strong></span> <span class='ocrx_word' id='word_1_565' title='bbox 1848 4553 2026 4609; x_wconf 90' lang='lat' dir='ltr'><strong>indis-</strong></span> 
     </span>
    </p>
   </div>
   <div class='ocr_carea' id='block_1_81' title="bbox 369 4644 2026 4726">
    <p class='ocr_par' dir='ltr' id='par_1_81' title="bbox 369 4644 2026 4726">
     <span class='ocr_line' id='line_1_81' title="bbox 369 4644 2026 4726; baseline -0.009 -14"><span class='ocrx_word' id='word_1_566' title='bbox 369 4661 618 4726; x_wconf 89' lang='lat' dir='ltr'><strong>cerptam</strong></span> <span class='ocrx_word' id='word_1_567' title='bbox 650 4658 957 4724; x_wconf 89' lang='lat' dir='ltr'><strong>servantes,</strong></span> <span class='ocrx_word' id='word_1_568' title='bbox 1004 4651 1326 4708; x_wconf 84' lang='lat' dir='ltr'><strong>universam</strong></span> <span class='ocrx_word' id='word_1_569' title='bbox 1367 4645 1699 4716; x_wconf 87' lang='lat' dir='ltr'><strong>phalangem</strong></span> <span class='ocrx_word' id='word_1_570' title='bbox 1731 4644 2026 4698; x_wconf 87' lang='lat' dir='ltr'><strong>adversan-</strong></span> 
     </span>
    </p>
   </div>
   <div class='ocr_carea' id='block_1_82' title="bbox 370 4731 2024 4814">
    <p class='ocr_par' dir='ltr' id='par_1_82' title="bbox 370 4731 2024 4814">
     <span class='ocr_line' id='line_1_82' title="bbox 370 4731 2024 4814; baseline -0.008 -13"><span class='ocrx_word' id='word_1_571' title='bbox 370 4745 517 4801; x_wconf 89' lang='lat' dir='ltr'><strong>tium</strong></span> <span class='ocrx_word' id='word_1_572' title='bbox 550 4743 831 4814; x_wconf 90' lang='lat' dir='ltr'><strong>persecuti</strong></span> <span class='ocrx_word' id='word_1_573' title='bbox 860 4745 1014 4808; x_wconf 89' lang='lat' dir='ltr'><strong>suut,</strong></span> <span class='ocrx_word' id='word_1_574' title='bbox 1039 4745 1095 4796; x_wconf 91' lang='lat' dir='ltr'><strong>et</strong></span> <span class='ocrx_word' id='word_1_575' title='bbox 1116 4752 1228 4794; x_wconf 88' lang='lat' dir='ltr'><strong>una</strong></span> <span class='ocrx_word' id='word_1_576' title='bbox 1250 4751 1378 4794; x_wconf 91' lang='lat' dir='ltr'><strong>cum</strong></span> <span class='ocrx_word' id='word_1_577' title='bbox 1405 4734 1686 4790; x_wconf 72' lang='lat' dir='ltr'><strong>veteribus</strong></span> <span class='ocrx_word' id='word_1_578' title='bbox 1709 4731 2024 4788; x_wconf 64' lang='lat' dir='ltr'><strong>haeresihus</strong></span> 
     </span>
    </p>
   </div>
   <div class='ocr_carea' id='block_1_83' title="bbox 367 4821 2022 4900">
    <p class='ocr_par' dir='ltr' id='par_1_83' title="bbox 367 4821 2022 4900">
     <span class='ocr_line' id='line_1_83' title="bbox 367 4821 2022 4900; baseline -0.008 -11"><span class='ocrx_word' id='word_1_579' title='bbox 367 4839 424 4889; x_wconf 90' lang='lat' dir='ltr'><strong>et</strong></span> <span class='ocrx_word' id='word_1_580' title='bbox 461 4847 708 4889; x_wconf 90' lang='lat' dir='ltr'><strong>errorem</strong></span> <span class='ocrx_word' id='word_1_581' title='bbox 755 4845 909 4886; x_wconf 66' lang='lat' dir='ltr'><strong>novae</strong></span> <span class='ocrx_word' id='word_1_582' title='bbox 958 4827 1259 4900; x_wconf 88' lang='lat' dir='ltr'><strong>pravitatis</strong></span> <span class='ocrx_word' id='word_1_583' title='bbox 1299 4824 1659 4881; x_wconf 84' lang='lat' dir='ltr'><strong>Christianos</strong></span> <span class='ocrx_word' id='word_1_584' title='bbox 1710 4821 2022 4876; x_wconf 86' lang='lat' dir='ltr'><strong>calumniis</strong></span> 
     </span>
    </p>
   </div>
   <div class='ocr_carea' id='block_1_84' title="bbox 367 4910 2021 4994">
    <p class='ocr_par' dir='ltr' id='par_1_84' title="bbox 367 4910 2021 4994">
     <span class='ocr_line' id='line_1_84' title="bbox 367 4910 2021 4994; baseline -0.008 -15"><span class='ocrx_word' id='word_1_585' title='bbox 367 4922 754 4994; x_wconf 88' lang='lat' dir='ltr'><strong>appetentium</strong></span> <span class='ocrx_word' id='word_1_586' title='bbox 797 4922 1164 4990; x_wconf 88' lang='lat' dir='ltr'><strong>pupugerunt</strong></span> <span class='ocrx_word' id='word_1_587' title='bbox 1201 4915 1392 4988; x_wconf 87' lang='lat' dir='ltr'><strong>gladio</strong></span> <span class='ocrx_word' id='word_1_588' title='bbox 1437 4912 1700 4984; x_wconf 90' lang='lat' dir='ltr'><strong>spiritus.</strong></span> <span class='ocrx_word' id='word_1_589' title='bbox 1751 4910 2021 4965; x_wconf 84' lang='lat' dir='ltr'><strong>Dicamus</strong></span> 
     </span>
    </p>
   </div>
   <div class='ocr_carea' id='block_1_85' title="bbox 367 4997 2020 5086">
    <p class='ocr_par' dir='ltr' id='par_1_85' title="bbox 367 4997 2020 5086">
     <span class='ocr_line' id='line_1_85' title="bbox 367 4997 2020 5086; baseline -0.01 -15"><span class='ocrx_word' id='word_1_590' title='bbox 367 5027 500 5086; x_wconf 88' lang='lat' dir='ltr'><strong>ergo</strong></span> <span class='ocrx_word' id='word_1_591' title='bbox 537 5011 731 5068; x_wconf 91' lang='lat' dir='ltr'><strong>cuncti</strong></span> <span class='ocrx_word' id='word_1_592' title='bbox 773 5023 885 5067; x_wconf 90' lang='lat' dir='ltr'><strong>una</strong></span> <span class='ocrx_word' id='word_1_593' title='bbox 931 5022 1064 5065; x_wconf 88' lang='lat' dir='ltr'><strong>voce</strong></span> <span class='ocrx_word' id='word_1_594' title='bbox 1097 5022 1225 5064; x_wconf 91' lang='lat' dir='ltr'><strong>cum</strong></span> <span class='ocrx_word' id='word_1_595' title='bbox 1269 5003 1540 5076; x_wconf 88' lang='lat' dir='ltr'><strong>magistro</strong></span> <span class='ocrx_word' id='word_1_596' title='bbox 1587 5005 1800 5056; x_wconf 87' lang='lat' dir='ltr'><strong>nostro.</strong></span> <span class='ocrx_word' id='word_1_597' title='bbox 1846 4997 2020 5054; x_wconf 91' lang='lat' dir='ltr'><strong>Paulo</strong></span> 
     </span>
    </p>
   </div>
   <div class='ocr_carea' id='block_1_86' title="bbox 365 5088 2022 5168">
    <p class='ocr_par' dir='ltr' id='par_1_86' title="bbox 365 5088 2022 5168">
     <span class='ocr_line' id='line_1_86' title="bbox 365 5088 2022 5168; baseline -0.012 -10"><span class='ocrx_word' id='word_1_598' title='bbox 365 5101 633 5160; x_wconf 87' lang='lat' dir='ltr'><strong>videlicet</strong></span> <span class='ocrx_word' id='word_1_599' title='bbox 669 5099 868 5156; x_wconf 91' lang='lat' dir='ltr'><strong>divino</strong></span> <span class='ocrx_word' id='word_1_600' title='bbox 909 5097 1166 5168; x_wconf 80' lang='lat' dir='ltr'><strong>apostolo</strong></span> <span class='ocrx_word' id='word_1_601' title='bbox 1199 5114 1210 5150; x_wconf 95' lang='lat'><strong>:</strong></span> <span class='ocrx_word' id='word_1_602' title='bbox 1241 5094 1486 5150; x_wconf 57' lang='lat' dir='ltr'><strong>Christus</strong></span> <span class='ocrx_word' id='word_1_603' title='bbox 1514 5107 1634 5161; x_wconf 71' lang='lat' dir='ltr'><strong>pace</strong></span> <span class='ocrx_word' id='word_1_604' title='bbox 1673 5093 1878 5149; x_wconf 77' lang='lat' dir='ltr'><strong>nostra,</strong></span> <span class='ocrx_word' id='word_1_605' title='bbox 1925 5088 2022 5156; x_wconf 80' lang='lat' dir='ltr'><strong>qui</strong></span> 
     </span>
    </p>
   </div>
   <div class='ocr_carea' id='block_1_87' title="bbox 433 5195 2019 5273">
    <p class='ocr_par' dir='ltr' id='par_1_87' title="bbox 433 5195 2019 5273">
     <span class='ocr_line' id='line_1_87' title="bbox 433 5195 2019 5273; baseline -0.015 -5"><span class='ocrx_word' id='word_1_606' title='bbox 433 5222 464 5252; x_wconf 70' lang='grc' dir='ltr'><strong>³ο</strong></span> <span class='ocrx_word' id='word_1_607' title='bbox 489 5211 680 5273; x_wconf 63' lang='lat' dir='ltr'><strong>Graaci,</strong></span> <span class='ocrx_word' id='word_1_608' title='bbox 725 5225 791 5262; x_wconf 77' lang='lat' dir='ltr'><strong>ne</strong></span> <span class='ocrx_word' id='word_1_609' title='bbox 828 5223 984 5261; x_wconf 79' lang='lat' dir='ltr'><strong>sacra</strong></span> <span class='ocrx_word' id='word_1_610' title='bbox 1023 5205 1267 5259; x_wconf 80' lang='lat' dir='ltr'><strong>omnibus</strong></span> <span class='ocrx_word' id='word_1_611' title='bbox 1300 5203 1548 5272; x_wconf 72' lang='lat' dir='ltr'><strong>pateant,</strong></span> <span class='ocrx_word' id='word_1_612' title='bbox 1593 5211 1804 5273; x_wconf 61' lang='lat' dir='ltr'><strong>sacrum</strong></span> <span class='ocrx_word' id='word_1_613' title='bbox 1844 5195 2019 5273; x_wconf 69' lang='lat' dir='ltr'><strong>altare</strong></span> 
     </span>
    </p>
   </div>
   <div class='ocr_carea' id='block_1_88' title="bbox 365 5266 2020 5342">
    <p class='ocr_par' dir='ltr' id='par_1_88' title="bbox 365 5266 2020 5342">
     <span class='ocr_line' id='line_1_88' title="bbox 365 5266 2020 5342; baseline -0.015 -3"><span class='ocrx_word' id='word_1_614' title='bbox 365 5266 617 5340; x_wconf 62' lang='lat' dir='ltr'><strong>cancellis</strong></span> <span class='ocrx_word' id='word_1_615' title='bbox 659 5266 1138 5336; x_wconf 74' lang='lat' dir='ltr'><strong>circumcludunt:</strong></span> <span class='ocrx_word' id='word_1_616' title='bbox 1171 5278 1229 5327; x_wconf 81' lang='lat' dir='ltr'><strong>in</strong></span> <span class='ocrx_word' id='word_1_617' title='bbox 1269 5266 1468 5342; x_wconf 66' lang='lat' dir='ltr'><strong>quibus</strong></span> <span class='ocrx_word' id='word_1_618' title='bbox 1515 5271 1792 5342; x_wconf 61' lang='lat' dir='ltr'><strong>reponunt</strong></span> <span class='ocrx_word' id='word_1_619' title='bbox 1833 5266 2020 5342; x_wconf 56' lang='lat' dir='ltr'><strong>imagi-</strong></span> 
     </span>
    </p>
   </div>
   <div class='ocr_carea' id='block_1_89' title="bbox 363 5336 2019 5422">
    <p class='ocr_par' dir='ltr' id='par_1_89' title="bbox 363 5336 2019 5422">
     <span class='ocr_line' id='line_1_89' title="bbox 363 5336 2019 5422; baseline -0.014 -13"><span class='ocrx_word' id='word_1_620' title='bbox 363 5336 491 5419; x_wconf 48' lang='lat' dir='ltr'><strong>ius;</strong></span> <span class='ocrx_word' id='word_1_621' title='bbox 512 5369 632 5422; x_wconf 67' lang='lat' dir='ltr'><strong>qua?</strong></span> <span class='ocrx_word' id='word_1_622' title='bbox 659 5353 823 5406; x_wconf 79' lang='lat' dir='ltr'><strong>simul</strong></span> <span class='ocrx_word' id='word_1_623' title='bbox 856 5351 1032 5422; x_wconf 56' lang='lat' dir='ltr'><strong>altare</strong></span> <span class='ocrx_word' id='word_1_624' title='bbox 1070 5336 1378 5422; x_wconf 64' lang='lat' dir='ltr'><strong>contegunt,</strong></span> <span class='ocrx_word' id='word_1_625' title='bbox 1409 5336 1689 5422; x_wconf 32' lang='lat' dir='ltr'><strong>rt‘populo</strong></span> <span class='ocrx_word' id='word_1_626' title='bbox 1719 5336 2019 5422; x_wconf 54' lang='lat' dir='ltr'><strong>adorandae</strong></span> 
     </span>
    </p>
   </div>
   <div class='ocr_carea' id='block_1_90' title="bbox 356 5407 2018 5498">
    <p class='ocr_par' dir='ltr' id='par_1_90' title="bbox 356 5407 2018 5498">
     <span class='ocr_line' id='line_1_90' title="bbox 356 5407 2018 5498; baseline -0.017 -15"><span class='ocrx_word' id='word_1_627' title='bbox 356 5407 760 5498; x_wconf 54' lang='lat' dir='ltr'><strong>proponuntur.</strong></span> <span class='ocrx_word' id='word_1_628' title='bbox 783 5424 902 5476; x_wconf 87' lang='lat' dir='ltr'><strong>Huc</strong></span> <span class='ocrx_word' id='word_1_629' title='bbox 926 5421 1143 5498; x_wconf 66' lang='lat' dir='ltr'><strong>uitietur</strong></span> <span class='ocrx_word' id='word_1_630' title='bbox 1165 5407 1417 5498; x_wconf 66' lang='lat' dir='ltr'><strong>(illusisse</strong></span> <span class='ocrx_word' id='word_1_631' title='bbox 1443 5407 1774 5498; x_wconf 72' lang='lat' dir='ltr'><strong>Germanus,-</strong></span> <span class='ocrx_word' id='word_1_632' title='bbox 1793 5407 1852 5459; x_wconf 80' lang='lat' dir='ltr'><strong>id</strong></span> 
     </span>
    </p>
   </div>
   <div class='ocr_carea' id='block_1_91' title="bbox 359 5477 2017 5560">
    <p class='ocr_par' dir='ltr' id='par_1_91' title="bbox 359 5477 2017 5560">
     <span class='ocr_line' id='line_1_91' title="bbox 359 5477 2017 5560; baseline -0.013 -8"><span class='ocrx_word' id='word_1_633' title='bbox 591 5477 771 5550; x_wconf 82' lang='lat' dir='ltr'><strong>minus</strong></span> <span class='ocrx_word' id='word_1_634' title='bbox 809 5491 1074 5547; x_wconf 70' lang='lat' dir='ltr'><strong>commode</strong></span> <span class='ocrx_word' id='word_1_635' title='bbox 1109 5492 1374 5560; x_wconf 64' lang='lat' dir='ltr'><strong>praestare</strong></span> <span class='ocrx_word' id='word_1_636' title='bbox 1417 5485 1640 5560; x_wconf 79' lang='lat' dir='ltr'><strong>queunt,</strong></span> <span class='ocrx_word' id='word_1_637' title='bbox 1685 5495 1749 5532; x_wconf 81' lang='lat' dir='ltr'><strong>ac</strong></span> <span class='ocrx_word' id='word_1_638' title='bbox 1784 5477 2017 5560; x_wconf 77' lang='lat' dir='ltr'><strong>proinde</strong></span> 
     </span>
    </p>
   </div>
   <div class='ocr_carea' id='block_1_92' title="bbox 360 5556 2018 5636">
    <p class='ocr_par' dir='ltr' id='par_1_92' title="bbox 360 5556 2018 5636">
     <span class='ocr_line' id='line_1_92' title="bbox 360 5556 2018 5636; baseline -0.014 -12"><span class='ocrx_word' id='word_1_639' title='bbox 360 5585 521 5626; x_wconf 85' lang='lat' dir='ltr'><strong>usum</strong></span> <span class='ocrx_word' id='word_1_640' title='bbox 573 5569 873 5636; x_wconf 72' lang='lat' dir='ltr'><strong>imaginum</strong></span> <span class='ocrx_word' id='word_1_641' title='bbox 927 5567 989 5618; x_wconf 86' lang='lat' dir='ltr'><strong>ut</strong></span> <span class='ocrx_word' id='word_1_642' title='bbox 1045 5556 1450 5615; x_wconf 77' lang='lat' dir='ltr'><strong>commodiorem.</strong></span> <span class='ocrx_word' id='word_1_643' title='bbox 1503 5556 1553 5607; x_wconf 84' lang='lat' dir='ltr'><strong>et</strong></span> <span class='ocrx_word' id='word_1_644' title='bbox 1605 5556 2018 5606; x_wconf 74' lang='lat' dir='ltr'><strong>communiorem</strong></span> 
     </span>
    </p>
   </div>
   <div class='ocr_carea' id='block_1_93' title="bbox 2139 3143 3813 3215">
    <p class='ocr_par' dir='ltr' id='par_1_93' title="bbox 2139 3143 3813 3215">
     <span class='ocr_line' id='line_1_93' title="bbox 2139 3143 3813 3215; baseline -0.004 -11"><span class='ocrx_word' id='word_1_645' title='bbox 2139 3148 2412 3204; x_wconf 91' lang='lat' dir='ltr'><strong>tholicam</strong></span> <span class='ocrx_word' id='word_1_646' title='bbox 2451 3146 2762 3202; x_wconf 89' lang='lat' dir='ltr'><strong>Ecclesiam</strong></span> <span class='ocrx_word' id='word_1_647' title='bbox 2796 3143 2948 3201; x_wconf 91' lang='lat' dir='ltr'><strong>idola</strong></span> <span class='ocrx_word' id='word_1_648' title='bbox 2977 3144 3290 3215; x_wconf 87' lang='lat' dir='ltr'><strong>aliquando</strong></span> <span class='ocrx_word' id='word_1_649' title='bbox 3318 3143 3616 3215; x_wconf 89' lang='lat' dir='ltr'><strong>recepisse,</strong></span> <span class='ocrx_word' id='word_1_650' title='bbox 3651 3156 3813 3199; x_wconf 79' lang='lat' dir='ltr'><strong>ana-</strong></span> 
     </span>
    </p>
   </div>
   <div class='ocr_carea' id='block_1_94' title="bbox 2141 3236 2366 3292">
    <p class='ocr_par' dir='ltr' id='par_1_94' title="bbox 2141 3236 2366 3292">
     <span class='ocr_line' id='line_1_94' title="bbox 2141 3236 2366 3292; baseline -0.009 0"><span class='ocrx_word' id='word_1_651' title='bbox 2141 3237 2326 3292; x_wconf 91' lang='lat' dir='ltr'><strong>thema</strong></span> <span class='ocrx_word' id='word_1_652' title='bbox 2355 3236 2366 3290; x_wconf 81' lang='lat' dir='ltr'><strong>l</strong></span> 
     </span>
    </p>
   </div>
   <div class='ocr_carea' id='block_1_95' title="bbox 2209 3321 3806 3396">
    <p class='ocr_par' dir='ltr' id='par_1_95' title="bbox 2209 3321 3806 3396">
     <span class='ocr_line' id='line_1_95' title="bbox 2209 3321 3806 3396; baseline -0.003 -15"><span class='ocrx_word' id='word_1_653' title='bbox 2209 3328 2277 3381; x_wconf 87' lang='lat' dir='ltr'><strong>Et</strong></span> <span class='ocrx_word' id='word_1_654' title='bbox 2304 3329 2601 3396; x_wconf 87' lang='lat' dir='ltr'><strong>postquam</strong></span> <span class='ocrx_word' id='word_1_655' title='bbox 2644 3323 2851 3394; x_wconf 88' lang='lat' dir='ltr'><strong>prolati</strong></span> <span class='ocrx_word' id='word_1_656' title='bbox 2885 3326 3020 3379; x_wconf 91' lang='lat' dir='ltr'><strong>sunt</strong></span> <span class='ocrx_word' id='word_1_657' title='bbox 3061 3321 3280 3392; x_wconf 71' lang='lat' dir='ltr'><strong>przefati</strong></span> <span class='ocrx_word' id='word_1_658' title='bbox 3323 3321 3806 3378; x_wconf 87' lang='lat' dir='ltr'><strong>anathematismi</strong></span> 
     </span>
    </p>
   </div>
   <div class='ocr_carea' id='block_1_96' title="bbox 2141 3410 3808 3484">
    <p class='ocr_par' dir='ltr' id='par_1_96' title="bbox 2141 3410 3808 3484">
     <span class='ocr_line' id='line_1_96' title="bbox 2141 3410 3808 3484; baseline -0.002 -15"><span class='ocrx_word' id='word_1_659' title='bbox 2141 3427 2239 3484; x_wconf 91' lang='lat' dir='ltr'><strong>per</strong></span> <span class='ocrx_word' id='word_1_660' title='bbox 2259 3413 2533 3480; x_wconf 85' lang='lat' dir='ltr'><strong>chartam,</strong></span> <span class='ocrx_word' id='word_1_661' title='bbox 2563 3417 2758 3466; x_wconf 87' lang='lat' dir='ltr'><strong>sancta</strong></span> <span class='ocrx_word' id='word_1_662' title='bbox 2793 3410 3063 3480; x_wconf 86' lang='lat' dir='ltr'><strong>synodus,</strong></span> <span class='ocrx_word' id='word_1_663' title='bbox 3095 3411 3311 3482; x_wconf 80' lang='lat' dir='ltr'><strong>legente</strong></span> <span class='ocrx_word' id='word_1_664' title='bbox 3336 3410 3644 3480; x_wconf 88' lang='lat' dir='ltr'><strong>Euthymio</strong></span> <span class='ocrx_word' id='word_1_665' title='bbox 3668 3411 3808 3480; x_wconf 88' lang='lat' dir='ltr'><strong>epi-—</strong></span> 
     </span>
    </p>
   </div>
   <div class='ocr_carea' id='block_1_97' title="bbox 2140 3499 3506 3572">
    <p class='ocr_par' dir='ltr' id='par_1_97' title="bbox 2140 3499 3506 3572">
     <span class='ocr_line' id='line_1_97' title="bbox 2140 3499 3506 3572; baseline -0.004 -14"><span class='ocrx_word' id='word_1_666' title='bbox 2140 3517 2310 3572; x_wconf 91' lang='lat' dir='ltr'><strong>scopo</strong></span> <span class='ocrx_word' id='word_1_667' title='bbox 2347 3501 2562 3570; x_wconf 87' lang='lat' dir='ltr'><strong>Sardis,</strong></span> <span class='ocrx_word' id='word_1_668' title='bbox 2604 3499 3000 3568; x_wconf 88' lang='lat' dir='ltr'><strong>pronuntiavit</strong></span> <span class='ocrx_word' id='word_1_669' title='bbox 3034 3499 3233 3554; x_wconf 91' lang='lat' dir='ltr'><strong>subter</strong></span> <span class='ocrx_word' id='word_1_670' title='bbox 3267 3513 3506 3554; x_wconf 86' lang='lat' dir='ltr'><strong>annexa.</strong></span> 
     </span>
    </p>
   </div>
   <div class='ocr_carea' id='block_1_98' title="bbox 2209 3586 3817 3645">
    <p class='ocr_par' dir='ltr' id='par_1_98' title="bbox 2209 3586 3817 3645">
     <span class='ocr_line' id='line_1_98' title="bbox 2209 3586 3817 3645; baseline -0.002 0"><span class='ocrx_word' id='word_1_671' title='bbox 2209 3590 2308 3645; x_wconf 92' lang='lat' dir='ltr'><strong>Dei</strong></span> <span class='ocrx_word' id='word_1_672' title='bbox 2345 3595 2400 3644; x_wconf 93' lang='lat' dir='ltr'><strong>et</strong></span> <span class='ocrx_word' id='word_1_673' title='bbox 2424 3587 2737 3643; x_wconf 89' lang='lat' dir='ltr'><strong>Salvatoris</strong></span> <span class='ocrx_word' id='word_1_674' title='bbox 2764 3587 2946 3643; x_wconf 90' lang='lat' dir='ltr'><strong>nostri</strong></span> <span class='ocrx_word' id='word_1_675' title='bbox 2985 3589 3116 3644; x_wconf 92' lang='lat' dir='ltr'><strong>.lesu</strong></span> <span class='ocrx_word' id='word_1_676' title='bbox 3153 3587 3370 3644; x_wconf 88' lang='lat' dir='ltr'><strong>Christi</strong></span> <span class='ocrx_word' id='word_1_677' title='bbox 3401 3586 3672 3642; x_wconf 87' lang='lat' dir='ltr'><strong>divinum</strong></span> <span class='ocrx_word' id='word_1_678' title='bbox 3711 3587 3817 3643; x_wconf 80' lang='lat' dir='ltr'><strong>ad-</strong></span> 
     </span>
    </p>
   </div>
   <div class='ocr_carea' id='block_1_99' title="bbox 2141 3673 3810 3747">
    <p class='ocr_par' dir='ltr' id='par_1_99' title="bbox 2141 3673 3810 3747">
     <span class='ocr_line' id='line_1_99' title="bbox 2141 3673 3810 3747; baseline -0.001 -14"><span class='ocrx_word' id='word_1_679' title='bbox 2141 3677 2442 3747; x_wconf 90' lang='lat' dir='ltr'><strong>implentcs</strong></span> <span class='ocrx_word' id='word_1_680' title='bbox 2469 3681 2829 3745; x_wconf 68' lang='lat' dir='ltr'><strong>prteceptum,</strong></span> <span class='ocrx_word' id='word_1_681' title='bbox 2855 3676 3038 3730; x_wconf 90' lang='lat' dir='ltr'><strong>sancti</strong></span> <span class='ocrx_word' id='word_1_682' title='bbox 3071 3677 3262 3731; x_wconf 88' lang='lat' dir='ltr'><strong>Patres</strong></span> <span class='ocrx_word' id='word_1_683' title='bbox 3289 3675 3468 3731; x_wconf 91' lang='lat' dir='ltr'><strong>nostri</strong></span> <span class='ocrx_word' id='word_1_684' title='bbox 3499 3673 3810 3732; x_wconf 87' lang='lat' dir='ltr'><strong>lucernam</strong></span> 
     </span>
    </p>
   </div>
   <div class='ocr_carea' id='block_1_100' title="bbox 2139 3763 3812 3834">
    <p class='ocr_par' dir='ltr' id='par_1_100' title="bbox 2139 3763 3812 3834">
     <span class='ocr_line' id='line_1_100' title="bbox 2139 3763 3812 3834; baseline 0 -13"><span class='ocrx_word' id='word_1_685' title='bbox 2139 3767 2253 3822; x_wconf 88' lang='lat' dir='ltr'><strong>sibi</strong></span> <span class='ocrx_word' id='word_1_686' title='bbox 2285 3765 2495 3820; x_wconf 80' lang='lat' dir='ltr'><strong>divina:</strong></span> <span class='ocrx_word' id='word_1_687' title='bbox 2529 3764 2880 3834; x_wconf 87' lang='lat' dir='ltr'><strong>cognitionis</strong></span> <span class='ocrx_word' id='word_1_688' title='bbox 2908 3764 2980 3818; x_wconf 90' lang='lat' dir='ltr'><strong>ab</strong></span> <span class='ocrx_word' id='word_1_689' title='bbox 3003 3778 3069 3820; x_wconf 92' lang='lat' dir='ltr'><strong>eo</strong></span> <span class='ocrx_word' id='word_1_690' title='bbox 3095 3765 3283 3820; x_wconf 89' lang='lat' dir='ltr'><strong>datam</strong></span> <span class='ocrx_word' id='word_1_691' title='bbox 3311 3777 3422 3819; x_wconf 93' lang='lat' dir='ltr'><strong>non</strong></span> <span class='ocrx_word' id='word_1_692' title='bbox 3449 3763 3558 3818; x_wconf 90' lang='lat' dir='ltr'><strong>sub</strong></span> <span class='ocrx_word' id='word_1_693' title='bbox 3598 3765 3812 3821; x_wconf 89' lang='lat' dir='ltr'><strong>modio</strong></span> 
     </span>
    </p>
   </div>
   <div class='ocr_carea' id='block_1_101' title="bbox 2139 3853 3814 3922">
    <p class='ocr_par' dir='ltr' id='par_1_101' title="bbox 2139 3853 3814 3922">
     <span class='ocr_line' id='line_1_101' title="bbox 2139 3853 3814 3922; baseline -0.001 -12"><span class='ocrx_word' id='word_1_694' title='bbox 2139 3855 2576 3920; x_wconf 78' lang='lat' dir='ltr'><strong>absconderant,</strong></span> <span class='ocrx_word' id='word_1_695' title='bbox 2639 3854 2732 3908; x_wconf 91' lang='lat' dir='ltr'><strong>sed</strong></span> <span class='ocrx_word' id='word_1_696' title='bbox 2785 3867 2958 3922; x_wconf 85' lang='lat' dir='ltr'><strong>supra</strong></span> <span class='ocrx_word' id='word_1_697' title='bbox 3013 3853 3414 3908; x_wconf 88' lang='lat' dir='ltr'><strong>candelabrum</strong></span> <span class='ocrx_word' id='word_1_698' title='bbox 3476 3859 3814 3920; x_wconf 81' lang='lat' dir='ltr'><strong>posuerunt</strong></span> 
     </span>
    </p>
   </div>
   <div class='ocr_carea' id='block_1_102' title="bbox 2141 3941 3810 4014">
    <p class='ocr_par' dir='ltr' id='par_1_102' title="bbox 2141 3941 3810 4014">
     <span class='ocr_line' id='line_1_102' title="bbox 2141 3941 3810 4014; baseline -0.001 -14"><span class='ocrx_word' id='word_1_699' title='bbox 2141 3942 2443 4000; x_wconf 87' lang='lat' dir='ltr'><strong>utilissimi</strong></span> <span class='ocrx_word' id='word_1_700' title='bbox 2471 3941 2808 4013; x_wconf 89' lang='lat' dir='ltr'><strong>magisterii,</strong></span> <span class='ocrx_word' id='word_1_701' title='bbox 2831 3948 2893 3996; x_wconf 92' lang='lat' dir='ltr'><strong>ut</strong></span> <span class='ocrx_word' id='word_1_702' title='bbox 2911 3941 3096 3996; x_wconf 86' lang='lat' dir='ltr'><strong>luceat</strong></span> <span class='ocrx_word' id='word_1_703' title='bbox 3113 3942 3382 3998; x_wconf 91' lang='lat' dir='ltr'><strong>omnibus</strong></span> <span class='ocrx_word' id='word_1_704' title='bbox 3399 3941 3578 4012; x_wconf 87' lang='lat' dir='ltr'><strong>quiin</strong></span> <span class='ocrx_word' id='word_1_705' title='bbox 3596 3942 3810 4014; x_wconf 88' lang='lat' dir='ltr'><strong>domo,</strong></span> 
     </span>
    </p>
   </div>
   <div class='ocr_carea' id='block_1_103' title="bbox 2141 4029 3814 4101">
    <p class='ocr_par' dir='ltr' id='par_1_103' title="bbox 2141 4029 3814 4101">
     <span class='ocr_line' id='line_1_103' title="bbox 2141 4029 3814 4101; baseline -0.001 -13"><span class='ocrx_word' id='word_1_706' title='bbox 2141 4033 2195 4088; x_wconf 94' lang='lat' dir='ltr'><strong>id</strong></span> <span class='ocrx_word' id='word_1_707' title='bbox 2221 4037 2324 4101; x_wconf 86' lang='lat' dir='ltr'><strong>est,</strong></span> <span class='ocrx_word' id='word_1_708' title='bbox 2351 4031 2448 4101; x_wconf 89' lang='lat' dir='ltr'><strong>qui</strong></span> <span class='ocrx_word' id='word_1_709' title='bbox 2483 4029 2537 4084; x_wconf 93' lang='lat' dir='ltr'><strong>in</strong></span> <span class='ocrx_word' id='word_1_710' title='bbox 2582 4029 2833 4084; x_wconf 86' lang='lat' dir='ltr'><strong>Ecclesia</strong></span> <span class='ocrx_word' id='word_1_711' title='bbox 2872 4030 3154 4085; x_wconf 90' lang='lat' dir='ltr'><strong>catholica</strong></span> <span class='ocrx_word' id='word_1_712' title='bbox 3199 4031 3318 4086; x_wconf 88' lang='lat' dir='ltr'><strong>nati</strong></span> <span class='ocrx_word' id='word_1_713' title='bbox 3351 4035 3520 4085; x_wconf 91' lang='lat' dir='ltr'><strong>sunt:</strong></span> <span class='ocrx_word' id='word_1_714' title='bbox 3554 4044 3622 4086; x_wconf 92' lang='lat' dir='ltr'><strong>ne</strong></span> <span class='ocrx_word' id='word_1_715' title='bbox 3649 4031 3814 4088; x_wconf 87' lang='lat' dir='ltr'><strong>forte</strong></span> 
     </span>
    </p>
   </div>
   <div class='ocr_carea' id='block_1_104' title="bbox 2137 4117 3814 4188">
    <p class='ocr_par' dir='ltr' id='par_1_104' title="bbox 2137 4117 3814 4188">
     <span class='ocr_line' id='line_1_104' title="bbox 2137 4117 3814 4188; baseline 0 -13"><span class='ocrx_word' id='word_1_716' title='bbox 2137 4119 2382 4176; x_wconf 74' lang='lat' dir='ltr'><strong>offendat</strong></span> <span class='ocrx_word' id='word_1_717' title='bbox 2407 4117 2624 4188; x_wconf 90' lang='lat' dir='ltr'><strong>aliquis</strong></span> <span class='ocrx_word' id='word_1_718' title='bbox 2645 4131 2840 4172; x_wconf 91' lang='lat' dir='ltr'><strong>eorum</strong></span> <span class='ocrx_word' id='word_1_719' title='bbox 2865 4118 2964 4188; x_wconf 90' lang='lat' dir='ltr'><strong>qui</strong></span> <span class='ocrx_word' id='word_1_720' title='bbox 3001 4119 3090 4188; x_wconf 83' lang='lat' dir='ltr'><strong>pie</strong></span> <span class='ocrx_word' id='word_1_721' title='bbox 3115 4118 3460 4175; x_wconf 85' lang='lat' dir='ltr'><strong>confitentur</strong></span> <span class='ocrx_word' id='word_1_722' title='bbox 3479 4119 3814 4175; x_wconf 90' lang='lat' dir='ltr'><strong>Dominum</strong></span> 
     </span>
    </p>
   </div>
   <div class='ocr_carea' id='block_1_105' title="bbox 2137 4206 3808 4278">
    <p class='ocr_par' dir='ltr' id='par_1_105' title="bbox 2137 4206 3808 4278">
     <span class='ocr_line' id='line_1_105' title="bbox 2137 4206 3808 4278; baseline -0.002 -13"><span class='ocrx_word' id='word_1_723' title='bbox 2137 4210 2202 4264; x_wconf 87' lang='lat' dir='ltr'><strong>ad</strong></span> <span class='ocrx_word' id='word_1_724' title='bbox 2232 4209 2475 4278; x_wconf 90' lang='lat' dir='ltr'><strong>lapidem</strong></span> <span class='ocrx_word' id='word_1_725' title='bbox 2501 4206 2778 4261; x_wconf 69' lang='lat' dir='ltr'><strong>lizerctica:</strong></span> <span class='ocrx_word' id='word_1_726' title='bbox 2797 4211 2852 4261; x_wconf 90' lang='lat' dir='ltr'><strong>et</strong></span> <span class='ocrx_word' id='word_1_727' title='bbox 2875 4207 3032 4262; x_wconf 75' lang='lat' dir='ltr'><strong>malae</strong></span> <span class='ocrx_word' id='word_1_728' title='bbox 3054 4207 3350 4276; x_wconf 90' lang='lat' dir='ltr'><strong>opinionis</strong></span> <span class='ocrx_word' id='word_1_729' title='bbox 3377 4208 3567 4278; x_wconf 88' lang='lat' dir='ltr'><strong>pedem</strong></span> <span class='ocrx_word' id='word_1_730' title='bbox 3593 4223 3808 4264; x_wconf 89' lang='lat' dir='ltr'><strong>suum.</strong></span> 
     </span>
    </p>
   </div>
   <div class='ocr_carea' id='block_1_106' title="bbox 2137 4295 3817 4368">
    <p class='ocr_par' dir='ltr' id='par_1_106' title="bbox 2137 4295 3817 4368">
     <span class='ocr_line' id='line_1_106' title="bbox 2137 4295 3817 4368; baseline -0.001 -14"><span class='ocrx_word' id='word_1_731' title='bbox 2137 4299 2249 4368; x_wconf 92' lang='lat' dir='ltr'><strong>Ipsi</strong></span> <span class='ocrx_word' id='word_1_732' title='bbox 2277 4297 2428 4352; x_wconf 91' lang='lat' dir='ltr'><strong>enim</strong></span> <span class='ocrx_word' id='word_1_733' title='bbox 2455 4309 2677 4350; x_wconf 91' lang='lat' dir='ltr'><strong>omnem</strong></span> <span class='ocrx_word' id='word_1_734' title='bbox 2703 4309 2951 4350; x_wconf 90' lang='lat' dir='ltr'><strong>errorem</strong></span> <span class='ocrx_word' id='word_1_735' title='bbox 2987 4296 3382 4352; x_wconf 78' lang='lat' dir='ltr'><strong>luereticorum</strong></span> <span class='ocrx_word' id='word_1_736' title='bbox 3412 4295 3564 4351; x_wconf 86' lang='lat' dir='ltr'><strong>foras</strong></span> <span class='ocrx_word' id='word_1_737' title='bbox 3587 4298 3817 4367; x_wconf 85' lang='lat' dir='ltr'><strong>expel-</strong></span> 
     </span>
    </p>
   </div>
   <div class='ocr_carea' id='block_1_107' title="bbox 2138 4383 3818 4458">
    <p class='ocr_par' dir='ltr' id='par_1_107' title="bbox 2138 4383 3818 4458">
     <span class='ocr_line' id='line_1_107' title="bbox 2138 4383 3818 4458; baseline 0 -16"><span class='ocrx_word' id='word_1_738' title='bbox 2138 4388 2282 4458; x_wconf 92' lang='lat' dir='ltr'><strong>lunt,</strong></span> <span class='ocrx_word' id='word_1_739' title='bbox 2346 4391 2401 4440; x_wconf 93' lang='lat' dir='ltr'><strong>et</strong></span> <span class='ocrx_word' id='word_1_740' title='bbox 2445 4383 2820 4454; x_wconf 88' lang='lat' dir='ltr'><strong>putrefactum</strong></span> <span class='ocrx_word' id='word_1_741' title='bbox 2882 4383 3217 4454; x_wconf 91' lang='lat' dir='ltr'><strong>membrum,</strong></span> <span class='ocrx_word' id='word_1_742' title='bbox 3279 4385 3330 4440; x_wconf 91' lang='lat' dir='ltr'><strong>si</strong></span> <span class='ocrx_word' id='word_1_743' title='bbox 3386 4385 3818 4442; x_wconf 87' lang='lat' dir='ltr'><strong>insanabiliter</strong></span> 
     </span>
    </p>
   </div>
   <div class='ocr_carea' id='block_1_108' title="bbox 2133 4472 3816 4547">
    <p class='ocr_par' dir='ltr' id='par_1_108' title="bbox 2133 4472 3816 4547">
     <span class='ocr_line' id='line_1_108' title="bbox 2133 4472 3816 4547; baseline -0.001 -16"><span class='ocrx_word' id='word_1_744' title='bbox 2133 4476 2418 4547; x_wconf 90' lang='lat' dir='ltr'><strong>elanguet,</strong></span> <span class='ocrx_word' id='word_1_745' title='bbox 2445 4473 2719 4528; x_wconf 85' lang='lat' dir='ltr'><strong>excidunt</strong></span> <span class='ocrx_word' id='word_1_746' title='bbox 2743 4489 2758 4542; x_wconf 83' lang='lat'><strong>;</strong></span> <span class='ocrx_word' id='word_1_747' title='bbox 2781 4478 2837 4528; x_wconf 93' lang='lat' dir='ltr'><strong>et</strong></span> <span class='ocrx_word' id='word_1_748' title='bbox 2857 4472 3238 4530; x_wconf 89' lang='lat' dir='ltr'><strong>ventilabrum</strong></span> <span class='ocrx_word' id='word_1_749' title='bbox 3270 4473 3562 4544; x_wconf 88' lang='lat' dir='ltr'><strong>habentes,</strong></span> <span class='ocrx_word' id='word_1_750' title='bbox 3593 4487 3816 4530; x_wconf 85' lang='lat' dir='ltr'><strong>aream</strong></span> 
     </span>
    </p>
   </div>
   <div class='ocr_carea' id='block_1_109' title="bbox 2136 4561 3813 4637">
    <p class='ocr_par' dir='ltr' id='par_1_109' title="bbox 2136 4561 3813 4637">
     <span class='ocr_line' id='line_1_109' title="bbox 2136 4561 3813 4637; baseline -0.001 -16"><span class='ocrx_word' id='word_1_751' title='bbox 2136 4568 2490 4637; x_wconf 78' lang='lat' dir='ltr'><strong>purgantzet</strong></span> <span class='ocrx_word' id='word_1_752' title='bbox 2519 4561 2778 4618; x_wconf 89' lang='lat' dir='ltr'><strong>triticum</strong></span> <span class='ocrx_word' id='word_1_753' title='bbox 2819 4562 3073 4632; x_wconf 88' lang='lat' dir='ltr'><strong>quidem,</strong></span> <span class='ocrx_word' id='word_1_754' title='bbox 3119 4562 3176 4618; x_wconf 93' lang='lat' dir='ltr'><strong>id</strong></span> <span class='ocrx_word' id='word_1_755' title='bbox 3216 4567 3321 4632; x_wconf 92' lang='lat' dir='ltr'><strong>est,</strong></span> <span class='ocrx_word' id='word_1_756' title='bbox 3363 4561 3598 4618; x_wconf 89' lang='lat' dir='ltr'><strong>verbum</strong></span> <span class='ocrx_word' id='word_1_757' title='bbox 3634 4565 3813 4634; x_wconf 89' lang='lat' dir='ltr'><strong>quod</strong></span> 
     </span>
    </p>
   </div>
   <div class='ocr_carea' id='block_1_110' title="bbox 2135 4651 3816 4724">
    <p class='ocr_par' dir='ltr' id='par_1_110' title="bbox 2135 4651 3816 4724">
     <span class='ocr_line' id='line_1_110' title="bbox 2135 4651 3816 4724; baseline -0.001 -13"><span class='ocrx_word' id='word_1_758' title='bbox 2135 4655 2339 4724; x_wconf 90' lang='lat' dir='ltr'><strong>nutrit,</strong></span> <span class='ocrx_word' id='word_1_759' title='bbox 2365 4651 2630 4723; x_wconf 89' lang='lat' dir='ltr'><strong>quodque</strong></span> <span class='ocrx_word' id='word_1_760' title='bbox 2651 4652 2948 4708; x_wconf 86' lang='lat' dir='ltr'><strong>confirmat</strong></span> <span class='ocrx_word' id='word_1_761' title='bbox 2968 4667 3068 4709; x_wconf 91' lang='lat' dir='ltr'><strong>cor</strong></span> <span class='ocrx_word' id='word_1_762' title='bbox 3089 4652 3363 4724; x_wconf 90' lang='lat' dir='ltr'><strong>hominis,</strong></span> <span class='ocrx_word' id='word_1_763' title='bbox 3393 4651 3721 4710; x_wconf 85' lang='lat' dir='ltr'><strong>includunt</strong></span> <span class='ocrx_word' id='word_1_764' title='bbox 3746 4654 3816 4710; x_wconf 89' lang='lat' dir='ltr'><strong>in</strong></span> 
     </span>
    </p>
   </div>
   <div class='ocr_carea' id='block_1_111' title="bbox 2135 4740 3819 4812">
    <p class='ocr_par' dir='ltr' id='par_1_111' title="bbox 2135 4740 3819 4812">
     <span class='ocr_line' id='line_1_111' title="bbox 2135 4740 3819 4812; baseline -0.001 -12"><span class='ocrx_word' id='word_1_765' title='bbox 2135 4746 2338 4800; x_wconf 86' lang='lat' dir='ltr'><strong>horreo</strong></span> <span class='ocrx_word' id='word_1_766' title='bbox 2371 4740 2668 4798; x_wconf 76' lang='lat' dir='ltr'><strong>catholicae</strong></span> <span class='ocrx_word' id='word_1_767' title='bbox 2697 4741 2996 4796; x_wconf 74' lang='lat' dir='ltr'><strong>Ecclesiae:</strong></span> <span class='ocrx_word' id='word_1_768' title='bbox 3026 4741 3244 4812; x_wconf 90' lang='lat' dir='ltr'><strong>paleam</strong></span> <span class='ocrx_word' id='word_1_769' title='bbox 3269 4747 3459 4798; x_wconf 89' lang='lat' dir='ltr'><strong>autem</strong></span> <span class='ocrx_word' id='word_1_770' title='bbox 3503 4741 3819 4799; x_wconf 60' lang='lat' dir='ltr'><strong>haeretica:</strong></span> 
     </span>
    </p>
   </div>
   <div class='ocr_carea' id='block_1_112' title="bbox 2131 4827 3819 4902">
    <p class='ocr_par' dir='ltr' id='par_1_112' title="bbox 2131 4827 3819 4902">
     <span class='ocr_line' id='line_1_112' title="bbox 2131 4827 3819 4902; baseline 0.001 -14"><span class='ocrx_word' id='word_1_771' title='bbox 2131 4847 2196 4888; x_wconf 91' lang='lat' dir='ltr'><strong>ac</strong></span> <span class='ocrx_word' id='word_1_772' title='bbox 2217 4831 2374 4887; x_wconf 62' lang='lat' dir='ltr'><strong>malae</strong></span> <span class='ocrx_word' id='word_1_773' title='bbox 2392 4829 2686 4900; x_wconf 88' lang='lat' dir='ltr'><strong>opinionis</strong></span> <span class='ocrx_word' id='word_1_774' title='bbox 2703 4827 2854 4885; x_wconf 85' lang='lat' dir='ltr'><strong>foras</strong></span> <span class='ocrx_word' id='word_1_775' title='bbox 2873 4830 3260 4902; x_wconf 90' lang='lat' dir='ltr'><strong>projicientes,</strong></span> <span class='ocrx_word' id='word_1_776' title='bbox 3281 4830 3633 4887; x_wconf 89' lang='lat' dir='ltr'><strong>comburunt</strong></span> <span class='ocrx_word' id='word_1_777' title='bbox 3659 4832 3819 4902; x_wconf 82' lang='lat' dir='ltr'><strong>igne</strong></span> 
     </span>
    </p>
   </div>
   <div class='ocr_carea' id='block_1_113' title="bbox 2133 4916 3821 4990">
    <p class='ocr_par' dir='ltr' id='par_1_113' title="bbox 2133 4916 3821 4990">
     <span class='ocr_line' id='line_1_113' title="bbox 2133 4916 3821 4990; baseline -0.001 -14"><span class='ocrx_word' id='word_1_778' title='bbox 2133 4917 2601 4990; x_wconf 84' lang='lat' dir='ltr'><strong>inexstinguibili</strong></span> <span class='ocrx_word' id='word_1_779' title='bbox 2651 4916 2860 4986; x_wconf 81' lang='lat' dir='ltr'><strong>(Matth.</strong></span> <span class='ocrx_word' id='word_1_780' title='bbox 2911 4918 3014 4990; x_wconf 84' lang='lat' dir='ltr'><strong>Ill).</strong></span> <span class='ocrx_word' id='word_1_781' title='bbox 3067 4916 3442 4986; x_wconf 84' lang='lat' dir='ltr'><strong>Quamobrem</strong></span> <span class='ocrx_word' id='word_1_782' title='bbox 3493 4924 3706 4975; x_wconf 84' lang='lat' dir='ltr'><strong>sancta</strong></span> <span class='ocrx_word' id='word_1_783' title='bbox 3753 4926 3821 4975; x_wconf 85' lang='lat' dir='ltr'><strong>et</strong></span> 
     </span>
    </p>
   </div>
   <div class='ocr_carea' id='block_1_114' title="bbox 2132 5004 3820 5076">
    <p class='ocr_par' dir='ltr' id='par_1_114' title="bbox 2132 5004 3820 5076">
     <span class='ocr_line' id='line_1_114' title="bbox 2132 5004 3820 5076; baseline 0.001 -13"><span class='ocrx_word' id='word_1_784' title='bbox 2132 5005 2477 5064; x_wconf 89' lang='lat' dir='ltr'><strong>universalis</strong></span> <span class='ocrx_word' id='word_1_785' title='bbox 2503 5004 2620 5058; x_wconf 71' lang='lat' dir='ltr'><strong>haec</strong></span> <span class='ocrx_word' id='word_1_786' title='bbox 2641 5007 2892 5075; x_wconf 84' lang='lat' dir='ltr'><strong>synodus</strong></span> <span class='ocrx_word' id='word_1_787' title='bbox 2915 5006 3270 5076; x_wconf 89' lang='lat' dir='ltr'><strong>heneplacito</strong></span> <span class='ocrx_word' id='word_1_788' title='bbox 3288 5007 3387 5062; x_wconf 90' lang='lat' dir='ltr'><strong>Dei</strong></span> <span class='ocrx_word' id='word_1_789' title='bbox 3406 5010 3462 5062; x_wconf 91' lang='lat' dir='ltr'><strong>et</strong></span> <span class='ocrx_word' id='word_1_790' title='bbox 3483 5013 3628 5062; x_wconf 90' lang='lat' dir='ltr'><strong>nutu</strong></span> <span class='ocrx_word' id='word_1_791' title='bbox 3654 5008 3820 5076; x_wconf 81' lang='lat' dir='ltr'><strong>pio-</strong></span> 
     </span>
    </p>
   </div>
   <div class='ocr_carea' id='block_1_115' title="bbox 2131 5091 3820 5167">
    <p class='ocr_par' dir='ltr' id='par_1_115' title="bbox 2131 5091 3820 5167">
     <span class='ocr_line' id='line_1_115' title="bbox 2131 5091 3820 5167; baseline 0 -15"><span class='ocrx_word' id='word_1_792' title='bbox 2131 5111 2254 5152; x_wconf 89' lang='lat' dir='ltr'><strong>rum</strong></span> <span class='ocrx_word' id='word_1_793' title='bbox 2271 5101 2325 5150; x_wconf 92' lang='lat' dir='ltr'><strong>et</strong></span> <span class='ocrx_word' id='word_1_794' title='bbox 2338 5091 2800 5148; x_wconf 89' lang='lat' dir='ltr'><strong>fidelissimorum</strong></span> <span class='ocrx_word' id='word_1_795' title='bbox 2820 5095 3224 5164; x_wconf 90' lang='lat' dir='ltr'><strong>imperatorum</strong></span> <span class='ocrx_word' id='word_1_796' title='bbox 3243 5099 3590 5167; x_wconf 88' lang='lat' dir='ltr'><strong>nostrorum,</strong></span> <span class='ocrx_word' id='word_1_797' title='bbox 3609 5097 3820 5152; x_wconf 64' lang='lat' dir='ltr'><strong>lrenm</strong></span> 
     </span>
    </p>
   </div>
   <div class='ocr_carea' id='block_1_116' title="bbox 2131 5199 3824 5271">
    <p class='ocr_par' dir='ltr' id='par_1_116' title="bbox 2131 5199 3824 5271">
     <span class='ocr_line' id='line_1_116' title="bbox 2131 5199 3824 5271; baseline 0.002 -17"><span class='ocrx_word' id='word_1_798' title='bbox 2131 5203 2300 5268; x_wconf 74' lang='lat' dir='ltr'><strong>magis</strong></span> <span class='ocrx_word' id='word_1_799' title='bbox 2333 5201 2491 5252; x_wconf 66' lang='lat' dir='ltr'><strong>etiam</strong></span> <span class='ocrx_word' id='word_1_800' title='bbox 2527 5199 2677 5263; x_wconf 78' lang='lat' dir='ltr'><strong>pium</strong></span> <span class='ocrx_word' id='word_1_801' title='bbox 2713 5200 3104 5267; x_wconf 81' lang='lat' dir='ltr'><strong>quodammodo</strong></span> <span class='ocrx_word' id='word_1_802' title='bbox 3136 5203 3360 5254; x_wconf 77' lang='lat' dir='ltr'><strong>vocavit.</strong></span> <span class='ocrx_word' id='word_1_803' title='bbox 3393 5201 3533 5256; x_wconf 78' lang='lat' dir='ltr'><strong>Nam.</strong></span> <span class='ocrx_word' id='word_1_804' title='bbox 3571 5200 3824 5271; x_wconf 75' lang='lat' dir='ltr'><strong>alioqui</strong></span> 
     </span>
    </p>
   </div>
   <div class='ocr_carea' id='block_1_117' title="bbox 2120 5271 3824 5347">
    <p class='ocr_par' dir='ltr' id='par_1_117' title="bbox 2120 5271 3824 5347">
     <span class='ocr_line' id='line_1_117' title="bbox 2120 5271 3824 5347; baseline -0.003 -16"><span class='ocrx_word' id='word_1_805' title='bbox 2120 5279 2277 5347; x_wconf 77' lang='lat' dir='ltr'><strong>pium</strong></span> <span class='ocrx_word' id='word_1_806' title='bbox 2306 5289 2416 5326; x_wconf 67' lang='lat' dir='ltr'><strong>esse</strong></span> <span class='ocrx_word' id='word_1_807' title='bbox 2445 5288 2508 5323; x_wconf 79' lang='lat' dir='ltr'><strong>ac</strong></span> <span class='ocrx_word' id='word_1_808' title='bbox 2538 5276 2814 5347; x_wconf 35' lang='lat' dir='ltr'><strong>receptum;</strong></span> <span class='ocrx_word' id='word_1_809' title='bbox 2841 5271 2910 5324; x_wconf 85' lang='lat' dir='ltr'><strong>ab</strong></span> <span class='ocrx_word' id='word_1_810' title='bbox 2945 5272 3196 5325; x_wconf 70' lang='lat' dir='ltr'><strong>Ecclesiis</strong></span> <span class='ocrx_word' id='word_1_811' title='bbox 3239 5287 3521 5347; x_wconf 74' lang='lat' dir='ltr'><strong>sacrarum.</strong></span> <span class='ocrx_word' id='word_1_812' title='bbox 3569 5276 3824 5327; x_wconf 79' lang='lat' dir='ltr'><strong>statua-</strong></span> 
     </span>
    </p>
   </div>
   <div class='ocr_carea' id='block_1_118' title="bbox 2127 5343 3824 5412">
    <p class='ocr_par' dir='ltr' id='par_1_118' title="bbox 2127 5343 3824 5412">
     <span class='ocr_line' id='line_1_118' title="bbox 2127 5343 3824 5412; baseline -0.002 -13"><span class='ocrx_word' id='word_1_813' title='bbox 2127 5343 2248 5400; x_wconf 55' lang='lat' dir='ltr'><strong>rum.</strong></span> <span class='ocrx_word' id='word_1_814' title='bbox 2287 5363 2442 5400; x_wconf 80' lang='lat' dir='ltr'><strong>usum</strong></span> <span class='ocrx_word' id='word_1_815' title='bbox 2469 5361 2536 5398; x_wconf 69' lang='lat' dir='ltr'><strong>rm</strong></span> <span class='ocrx_word' id='word_1_816' title='bbox 2577 5343 2904 5412; x_wconf 81' lang='lat' dir='ltr'><strong>quibusdam</strong></span> <span class='ocrx_word' id='word_1_817' title='bbox 2950 5345 3315 5410; x_wconf 72' lang='lat' dir='ltr'><strong>episcoporum.</strong></span> <span class='ocrx_word' id='word_1_818' title='bbox 3355 5343 3824 5396; x_wconf 64' lang='lat' dir='ltr'><strong>interlocutioni-</strong></span> 
     </span>
    </p>
   </div>
   <div class='ocr_carea' id='block_1_119' title="bbox 2129 5413 3822 5486">
    <p class='ocr_par' dir='ltr' id='par_1_119' title="bbox 2129 5413 3822 5486">
     <span class='ocr_line' id='line_1_119' title="bbox 2129 5413 3822 5486; baseline -0.002 -14"><span class='ocrx_word' id='word_1_819' title='bbox 2129 5420 2246 5480; x_wconf 78' lang='lat' dir='ltr'><strong>bus,</strong></span> <span class='ocrx_word' id='word_1_820' title='bbox 2287 5425 2336 5471; x_wconf 74' lang='lat' dir='ltr'><strong>et</strong></span> <span class='ocrx_word' id='word_1_821' title='bbox 2371 5434 2438 5471; x_wconf 79' lang='lat' dir='ltr'><strong>ea:</strong></span> <span class='ocrx_word' id='word_1_822' title='bbox 2471 5419 2590 5486; x_wconf 78' lang='lat' dir='ltr'><strong>ipsa</strong></span> <span class='ocrx_word' id='word_1_823' title='bbox 2641 5415 2949 5485; x_wconf 71' lang='lat' dir='ltr'><strong>deﬁnitione</strong></span> <span class='ocrx_word' id='word_1_824' title='bbox 2990 5413 3155 5481; x_wconf 83' lang='lat' dir='ltr'><strong>hujus</strong></span> <span class='ocrx_word' id='word_1_825' title='bbox 3197 5413 3395 5482; x_wconf 76' lang='lat' dir='ltr'><strong>synodi</strong></span> <span class='ocrx_word' id='word_1_826' title='bbox 3441 5414 3822 5483; x_wconf 77' lang='lat' dir='ltr'><strong>apertissime</strong></span> 
     </span>
    </p>
   </div>
   <div class='ocr_carea' id='block_1_120' title="bbox 2126 5494 2354 5544">
    <p class='ocr_par' dir='ltr' id='par_1_120' title="bbox 2126 5494 2354 5544">
     <span class='ocr_line' id='line_1_120' title="bbox 2126 5494 2354 5544; baseline -0.004 0"><span class='ocrx_word' id='word_1_827' title='bbox 2126 5494 2354 5544; x_wconf 81' lang='lat' dir='ltr'><strong>constat.</strong></span> 
     </span>
    </p>
   </div>
  </div>
