4012 6162
260 317 349 376 337
972 321 1517 379 ΙΝΤΕΒΡΒΕΤΑΤΙΟ
1552 321 1800 378 SYNODI
1837 324 1851 357 Ἰ

1965 323 2371 379 GENERALIS.
2410 352 2484 364 ——
2518 322 2718 378 ACTIO
2765 325 2847 378 IV.

3511 319 3620 379 338

256 457 386 511 nova:
416 442 640 513 Helenae,
684 458 748 498 ac
786 446 914 501 novi
957 446 1316 503 Constantini
1364 450 1537 518 hujus
1564 450 1678 503 Deo
1714 461 1860 503 con—
1883 447 1939 505 A
1970 453 2025 501 et
2051 448 2412 517 propheticas
2433 461 2615 519 voces,
2656 461 2757 517 per
2782 461 2924 517 quas
2964 447 3242 503 honorare
3268 453 3325 502 et
3348 447 3620 520 magnifi—

254 532 478 588 servandi
518 533 810 604 germinis,
852 542 1188 608 congregata
1220 539 1468 594 secundo
1513 538 1569 593 in
1620 538 1721 593 hac
1750 536 1861 591 Ni—

251 620 518 675 czrensium
559 620 710 675 clara
756 624 1077 692 metropoli,
1113 638 1209 693 per
1250 625 1549 681 lectionem
1589 625 1861 681 conside—

251 722 361 765 rans
388 708 829 764 memorabilium
860 716 915 765 et
940 711 1233 769 beatorum
1269 715 1495 771 Patrum
1531 720 1855 771 nostrorum

246 800 492 868 dogmata,
536 797 724 866 ipsum
750 799 980 868 quidem
1004 803 1182 856 Deum
1218 802 1519 874 gloriﬁcat,
1542 816 1575 858 a
1602 817 1714 873 quo
1737 803 1858 858 illis

244 887 386 941 datus
419 889 500 940 est
525 899 710 941 sermo
733 887 802 941 ad
838 888 1158 945 doctrinam
1200 895 1470 961 nostram,
1503 896 1559 946 et
1583 892 1651 946 ad
1686 890 1860 961 perfe-

241 975 454 1029 ctionem
483 974 777 1030 catholica:
796 980 852 1030 et
886 978 1214 1046 apostolicae
1237 979 1535 1034 Ecclesiae:
1584 980 1856 1035 adversus

241 1075 350 1116 vero
370 1074 459 1117 eos
482 1062 581 1132 qui
610 1076 723 1119 non
749 1064 1006 1120 sentiunt
1026 1077 1091 1120 ea
1117 1080 1242 1135 quae
1264 1067 1375 1137 illi,
1398 1068 1493 1123 sed
1516 1068 1857 1124 obumbrare

240 1150 527 1206 moliuntur
554 1164 679 1206 eam
713 1165 832 1223 qua:
855 1166 983 1208 vere
1025 1159 1111 1209 est
1135 1155 1365 1223 veritas,
1411 1170 1507 1222 per
1548 1157 1855 1212 novitatem

238 1252 393 1308 suam,
426 1238 627 1307 psalmi
683 1240 995 1297 concinunt
1032 1255 1253 1297 vocem:
1287 1243 1509 1313 Quanta
1557 1244 1853 1315 malignati

237 1334 349 1382 sunt
372 1327 590 1382 inimici
626 1328 685 1382 in
711 1334 905 1384 sancto
926 1335 1046 1399 tuo,
1074 1336 1131 1385 et
1159 1331 1390 1402 gloriati
1418 1336 1556 1387 sunt
1579 1333 1852 1403 dicentes,

236 1415 348 1485 quia
375 1429 478 1469 non
514 1422 604 1470 est
650 1417 937 1487 magister,
976 1423 1033 1472 et
1074 1433 1178 1474 nos
1231 1433 1342 1474 non
1394 1425 1695 1491 cognoscet
1734 1427 1859 1475 tra—

233 1508 420 1558 ctantes
463 1504 663 1560 dolose
690 1505 922 1561 verbum
966 1507 1227 1563 veritatis
1268 1508 1431 1579 (Psal.
1480 1510 1696 1582 Lxxui).
1743 1512 1857 1565 Nos

230 1598 390 1647 autem
417 1607 512 1662 per
537 1594 731 1649 omnia
764 1596 1089 1651 eorumdem
1128 1595 1474 1653 deiferorum
1506 1600 1730 1654 Patrum
1764 1612 1859 1653 no-

229 1687 447 1737 strorum
472 1682 740 1753 dOgmata
774 1690 831 1738 et
861 1690 1134 1754 praecepta
1171 1691 1443 1757 tenentes,
1480 1688 1857 1756 praedicamus

226 1784 323 1825 uno
352 1784 443 1825 ore
471 1778 528 1825 et
560 1785 678 1827 uno
699 1773 886 1843 corde,
920 1774 1067 1829 nihil
1094 1775 1383 1846 addentes,
1417 1776 1564 1831 nihil
1602 1773 1860 1831 auferen‘

228 1864 375 1912 tesex
396 1857 486 1914 bis
501 1873 637 1929 quae
660 1859 731 1913 ab
760 1860 885 1915 illis
910 1862 1117 1917 tradita
1142 1867 1278 1917 sunt
1312 1863 1513 1932 nobis;
1558 1864 1652 1918 sed
1683 1863 1741 1917 in
1767 1862 1859 1918 his

226 1946 553 2019 roboramur,
594 1948 654 2003 in
683 1948 775 2003 his
808 1950 1243 2007 conﬁrmamur:
1290 1952 1369 2007 ita
1395 1952 1751 2021 conﬁtemur,
1778 1952 1860 2007 ita

222 2034 480 2107 docemus,
510 2039 991 2107 quemadmodum
1038 2045 1245 2095 sanctae
1270 2054 1334 2095 ac
1378 2040 1729 2096 universales
1760 2053 1857 2095 sex

219 2126 394 2196 synodi
431 2126 789 2182 deﬁnierunt
829 2133 886 2182 et
938 2128 1321 2185 ﬁrmaverunt.
1375 2131 1442 2184 Et
1476 2130 1767 2184 credimus
1796 2129 1854 2183 in

220 2229 373 2269 unum
402 2216 581 2270 Deum
626 2216 845 2270 Patrem
878 2216 1343 2288 omnipotentem,
1372 2218 1629 2273 omnium
1672 2216 1858 2272 facto—

218 2316 314 2358 rem
341 2303 669 2359 visibilium
700 2309 757 2358 et
787 2304 1205 2360 iuvisibilinm:
1249 2311 1304 2361 et
1350 2306 1408 2361 in
1446 2319 1622 2361 unum
1666 2304 1852 2360 Domi-

216 2406 331 2447 num
355 2393 541 2448 Jesum
567 2392 867 2448 Christum
896 2394 1258 2465 unigenitum
1286 2395 1496 2450 Filium
1523 2400 1579 2449 et
1610 2393 1853 2449 Verbum

212 2480 337 2548 ejus,
382 2495 480 2549 per
524 2494 700 2551 quem
744 2481 935 2537 omnia
978 2480 1124 2537 facta
1157 2488 1308 2538 sunt.
1362 2485 1427 2537 Et
1468 2483 1527 2537 in
1573 2482 1851 2552 Spiritum

213 2574 444 2624 sanctum
495 2569 808 2625 Dominum
849 2574 905 2624 et
937 2570 1337 2641 viviﬁcantem,
1386 2570 1856 2627 consubstantia—

215 2656 414 2728 lemque
433 2664 490 2713 et
509 2659 1039 2728 consempiternum
1064 2660 1246 2715 eidem
1280 2661 1431 2714 Patri
1456 2666 1512 2715 et
1538 2660 1684 2727 Filio
1707 2662 1852 2733 ejus,

213 2746 298 2815 qui
319 2760 427 2802 una
458 2762 596 2803 cum
638 2761 703 2802 eo
727 2748 852 2803 sine
876 2748 1047 2803 initio
1090 2754 1191 2804 est.
1230 2749 1569 2804 Trinitatem
1599 2750 1856 2806 incondi-

211 2839 324 2906 tam,
354 2834 691 2908 indivisam,
740 2836 1395 2907 iucomprehensibilem,
1434 2838 1859 2895 incircumscri-

208 2928 363 2991 ptam:
406 2926 669 2981 eamdem
726 2930 896 2981 totam
950 2939 1016 2981 ac
1073 2926 1250 2981 solam
1296 2927 1570 2983 servitute
1621 2924 1855 3004 [latria]

207 3012 498 3086 colendam,
553 3018 615 3069 et
677 3015 1043 3082 adorandam,
1098 3021 1151 3070 et
1216 3017 1624 3072 venerandam:
1684 3032 1852 3073 unam

1969 548 2096 590 care
2128 536 2463 607 didicimus,
2494 536 2679 607 primo
2713 536 2942 605 quidem
2986 548 3107 590 eam
3135 550 3259 606 quae
3297 537 3525 605 proprie
3552 550 3620 591 ac

1969 625 2245 680 veraciter
2283 631 2368 681 est
2424 626 2526 681 Dei
2571 624 2840 697 genitrix,
2882 628 2939 679 et
2976 624 3240 693 superior
3292 623 3620 679 caelestibus

1969 714 2194 768 cunctis
2214 714 2568 782 virtutibus;
2595 719 2931 783 sanctasque
2969 718 3024 767 et
3042 712 3331 783 angelicas
3354 712 3617 781 virtutes,

1967 805 2138 870 atque
2176 800 2369 857 beatos
2402 808 2456 857 et
2479 801 2971 857 laudabilissimos
3012 799 3321 871 apostolos,
3370 798 3625 869 prophe—

1968 894 2166 959 tasque
2190 896 2246 943 et
2274 889 2555 960 gloriosos
2594 894 2888 960 martyres,
2922 888 3022 959 qui
3069 901 3170 959 pro
3189 887 3419 943 Christo
3447 890 3623 942 certa'

1965 982 2201 1048 verunt;
2240 983 2410 1048 atque
2440 982 2667 1033 sanctos
2692 984 2747 1032 et
2770 976 3016 1033 deiferos
3044 976 3365 1047 magistros,
3407 979 3463 1031 et
3496 988 3625 1030 om—

1967 1081 2066 1122 nes
2104 1072 2331 1122 sanctos
2369 1067 2559 1122 viros:
2621 1072 2678 1122 et
2714 1067 2918 1122 horum
2966 1069 3226 1135 expetere
3270 1063 3627 1120 intercessio-

1968 1169 2085 1226 nes,
2111 1161 2174 1210 ut
2195 1155 2444 1211 valentes
2470 1169 2573 1211 nos
2611 1153 2926 1210 familiares
2953 1154 3185 1209 reddere
3224 1153 3342 1224 regi
3366 1153 3624 1209 omnium

1966 1245 2098 1312 Deo,
2122 1244 2512 1299 custodientes
2549 1243 2815 1299 videlicet
2858 1242 3114 1297 mandata
3143 1242 3287 1313 ejus,
3325 1246 3381 1297 et
3416 1243 3474 1297 in
3518 1241 3627 1298 vir-

1968 1330 2194 1385 tutibus
2238 1331 2423 1405 vivere
2467 1336 2856 1400 procurantes.
2919 1332 3155 1399 Insuper
3198 1329 3516 1385 salutamus
3570 1334 3627 1385 et

1969 1419 2206 1491 ﬁguram
2246 1420 2510 1488 pretiosa:
2548 1432 2613 1474 ac
2661 1419 2899 1474 viviﬁca:
2954 1419 3167 1487 crucis,
3215 1423 3270 1473 et
3313 1423 3508 1473 sancta
3559 1418 3630 1473 li-

1968 1521 2139 1577 psana
2191 1513 2554 1577 sanctorum;
2595 1515 2651 1562 et
2684 1513 2909 1563 sanctas
2939 1520 3005 1562 ac
3044 1505 3395 1561 venerabiles
3430 1507 3626 1561 iconas

1969 1596 2280 1666 recipimus
2307 1601 2362 1651 et
2405 1596 2745 1667 salutamus,
2787 1602 2961 1666 atque
2993 1595 3394 1664 amplectimur
3431 1609 3635 1651 secun-

1966 1686 2103 1740 dum
2148 1685 2444 1755 antiquam
2508 1685 2876 1741 traditionem
2928 1690 3136 1740 sanctae
3183 1683 3478 1739 catholica:
3525 1684 3626 1740 Dei

1967 1773 2254 1842 Ecclesiae,
2290 1773 2346 1828 id
2385 1780 2491 1844 est,
2516 1779 2842 1829 sanctorum
2871 1774 3102 1827 Patrum
3146 1776 3493 1841 nostrorum,
3526 1773 3626 1843 qui

1966 1867 2022 1917 et
2054 1861 2156 1916 has
2195 1868 2587 1932 susceperunt,
2642 1867 2699 1918 et
2735 1861 3107 1917 stabilierunt
3134 1859 3254 1917 fore
3294 1861 3352 1916 in
3400 1861 3626 1917 cunctis

1965 1951 2066 2006 Dei
2109 1950 2389 2019 ecclesiis,
2432 1956 2488 2005 et
2533 1951 2590 2005 in
2644 1951 2800 2005 omni
2848 1951 2973 2005 loco
3015 1949 3433 2006 dominationis
3476 1951 3622 2019 ejus.

1966 2041 2139 2095 Porro
2168 2038 2269 2095 has
2312 2039 2591 2109 pretiosas
2617 2044 2671 2094 et
2720 2038 3072 2094 venerabiles
3116 2039 3330 2108 iconas,
3385 2045 3450 2094 ut
3491 2051 3633 2109 prar

1964 2127 2185 2182 dictum
2212 2133 2319 2198 est,
2363 2127 2709 2183 honoramus
2738 2132 2796 2181 et
2819 2126 3158 2191 salutamus,
3186 2139 3252 2180 ac
3279 2126 3628 2182 honoranter

1965 2216 2307 2270 adoramus:
2342 2214 2444 2269 hoc
2489 2218 2594 2283 est,
2638 2214 2828 2286 magni
2871 2214 2971 2269 Dei
3009 2218 3064 2268 et
3097 2213 3411 2269 Salvatoris
3440 2214 3626 2270 nostri

1962 2306 2053 2360 Jes
2118 2304 2333 2359 Christi
2359 2303 2788 2359 humanationis
2816 2302 3144 2373 imaginem,
3170 2307 3226 2357 et
3243 2302 3627 2358 intermerataa

1964 2394 2211 2451 dominae
2241 2397 2449 2449 nostra:
2491 2392 2868 2448 sanctissima:
2901 2391 3002 2447 Dei
3047 2391 3367 2463 genitricis,
3403 2405 3471 2447 ex
3510 2404 3626 2463 qua

1968 2484 2088 2554 ipse
2134 2482 2321 2537 voluit
2352 2482 2662 2552 incarnari,
2694 2486 2751 2536 et
2797 2481 3017 2536 salvare
3043 2485 3216 2550 atque
3243 2480 3486 2536 liberare
3522 2494 3558 2536 ιι
3598 2496 3628 2535 s

1965 2573 2035 2628 ab
2056 2572 2212 2629 omni
2247 2571 2423 2641 impia
2456 2571 2740 2627 idolorum
2779 2570 3043 2625 vesania:
3074 2574 3405 2625 sanctorum
3450 2569 3623 2625 etiam

1964 2667 2021 2718 et
2045 2660 2493 2730 incorporalium
2525 2660 2891 2731 angelorum:
2929 2664 2995 2714 ut
3037 2658 3299 2714 homines
3341 2658 3493 2713 enim
3538 2659 3621 2728 ju-

1966 2751 2073 2807 stis
2110 2754 2519 2819 apparuerunt.
2562 2747 2845 2803 Similiter
2872 2752 3061 2803 autem
3099 2750 3156 2801 et
3189 2746 3517 2802 divinorum
3560 2759 3627 2801 ac

1966 2837 2483 2893 famosissimorum
2541 2836 2953 2906 apostolorum,
2997 2835 3398 2905 deiloquorum
3449 2834 3624 2890 etiam

1965 2927 2392 2997 prophetarum,
2438 2930 2493 2980 et
2543 2931 2889 2981 certatorum
2932 2928 3266 2994 martyrum,
3306 2928 3363 2979 et
3409 2928 3627 2979 sancto-

1966 3030 2092 3072 rum
2118 3015 2372 3070 virorum
2402 3014 2613 3084 ﬁguras
2640 3018 2696 3068 et
2717 3012 2948 3085 eﬁigies,
2978 3017 3173 3081 utpote
3212 3011 3624 3082 per'picturam

206 3101 476 3172 deitatem,
533 3116 712 3159 unam
767 3103 1237 3175 dominationem,
1286 3118 1456 3160 unam
1499 3111 1851 3177 potestatem,
1885 3092 1934 3154 C
1965 3118 2123 3160 suam
2158 3103 2217 3157 in
2258 3102 2706 3157 recordationem
2741 3106 2797 3156 et
2835 3101 3166 3156 memoriam
3198 3100 3482 3155 adducere
3522 3113 3625 3155 nos

208 3203 361 3246 unum
405 3192 724 3262 imperium
750 3197 804 3247 et
830 3193 1160 3261 potentiam,
1192 3207 1315 3264 qua:
1342 3194 1601 3262 personis
1641 3195 1859 3250 dividi-

203 3284 283 3334 tur
316 3281 592 3350 indivise,
616 3286 673 3335 et
700 3279 1022 3335 substantia
1052 3272 1356 3350 copulatur
1381 3282 1582 3337 divise.
1616 3283 1852 3338 Conﬁte-

208 3381 317 3423 mur
350 3377 406 3424 et
456 3383 645 3426 unum
697 3369 950 3438 ejusdem
995 3377 1203 3425 sancire
1243 3376 1300 3424 et
1343 3370 1852 3426 consubstantialis

202 3454 510 3525 Trinitatis,
556 3458 864 3513 Dominum
902 3463 1159 3513 nostrum
1209 3460 1397 3514 Jesum
1446 3459 1737 3515 Christum
1768 3472 1855 3514 ve-

204 3559 310 3600 rum
334 3548 510 3603 Deum
544 3547 607 3602 in
642 3546 973 3602 novissimis
997 3546 1205 3603 diebus
1236 3553 1465 3617 propter
1489 3554 1739 3603 nostram
1768 3562 1851 3603 sa-

201 3636 353 3691 lutem
381 3636 753 3691 incarnatum
780 3639 835 3689 et
870 3634 1157 3690 hominem
1207 3634 1441 3705 factum,
1470 3636 1717 3692 salvasse
1752 3649 1851 3705 per

199 3722 538 3780 salutiferam
585 3723 1074 3793 dispensationem
1106 3737 1288 3793 suam,
1324 3725 1758 3796 passionemque
1786 3738 1852 3779 ac

198 3813 686 3881 resurrectionem,
745 3816 800 3866 et
858 3811 917 3866 in
964 3811 1139 3867 C(BIOS
1186 3813 1619 3884 regressionem,
1671 3827 1851 3884 genus

198 3905 455 3969 nostrum,
479 3907 539 3955 et
562 3914 669 3955 nos
694 3899 966 3954 liberasse
994 3898 1064 3953 ab
1096 3912 1288 3955 errore
1332 3901 1616 3957 idolorum
1643 3920 1657 3971 ;
1688 3908 1744 3956 et
1787 3906 1851 3957 ut

194 3986 265 4041 ait
303 3989 619 4059 propheta:
683 3990 807 4045 Non
867 3990 1096 4056 legatus,
1157 4005 1265 4042 non
1304 3991 1551 4057 angelus,
1598 3991 1693 4044 sed
1735 3992 1851 4060 ipse

198 4078 441 4132 Dominus
474 4080 731 4153 saluauit
766 4093 862 4132 nos
896 4078 1024 4147 (Isa.
1072 4078 1300 4151 χχχιιι).
1347 4080 1524 4148 Quem
1554 4084 1610 4134 et
1634 4093 1738 4135 nos
1770 4093 1852 4134 se-

195 4174 434 4239 quentes,
465 4175 527 4223 et
549 4169 729 4237 hujus
758 4181 945 4223 vocem
996 4167 1283 4237 propriam
1310 4167 1602 4239 facientes,
1648 4182 1849 4241 magna

193 4269 309 4311 voce
334 4258 695 4314 clamamus:
723 4258 845 4311 Non
880 4257 1149 4327 synodus,
1184 4271 1294 4312 non
1324 4258 1648 4327 principum
1673 4258 1849 4328 impe-

196 4344 350 4417 rium,
384 4361 501 4401 non
544 4346 870 4416 conjuratio
901 4348 1015 4402 Deo
1039 4346 1299 4417 odibilis,
1337 4346 1409 4401 ab
1449 4347 1732 4404 idolorum
1763 4362 1847 4403 er-

192 4448 304 4489 rore
366 4436 616 4491 liberam
673 4434 931 4491 fecerunt
976 4435 1308 4506 Ecclesiam,
1369 4437 1927 4518 quemadmodumD

189 4524 474 4581 Judaicum
498 4524 773 4580 deliravit
790 4523 1128 4594 concilium,
1151 4525 1301 4594 quod
1338 4531 1535 4581 contra
1558 4526 1849 4582 venerabi-

190 4611 261 4667 les
286 4616 572 4687 imagines
596 4613 931 4681 infremuit;
959 4615 1054 4669 sed
1085 4614 1207 4683 ipse
1230 4614 1427 4685 gloria:
1456 4617 1734 4671 Dominus
1760 4617 1846 4671 in-

188 4710 443 4759 carnatus
482 4707 636 4760 Deus
663 4717 767 4758 nos
796 4702 1051 4771 salvavit,
1087 4708 1144 4757 et
1177 4702 1247 4758 ab
1270 4703 1479 4759 idolica
1513 4704 1845 4774 deceptione

188 4792 409 4861 eripuit.
440 4793 562 4863 Ipsi
592 4792 773 4862 igitur
793 4790 994 4863 gloria,
1017 4791 1128 4861 ipsi
1153 4797 1358 4863 grates,
1386 4792 1496 4861 ipsi
1529 4794 1842 4863 gratiarum

190 4881 344 4951 actio,
374 4883 495 4952 ipsi
519 4883 665 4952 laus,
687 4881 799 4951 ipsi
828 4881 1252 4952 magniﬁcentia
1279 4882 1498 4950 ipsius:
1531 4883 1845 4952 redemptio

188 4970 360 5038 ipsius
375 4972 463 5027 sal
477 4987 567 5039 us,
583 4970 680 5042 qui
696 4970 914 5025 salvare
934 4970 1092 5025 solus
1110 4971 1169 5025 in
1186 4976 1519 5040 perpetuum
1547 4968 1841 5047 [perfecte]

192 5067 377 5128 potest,
400 5067 460 5116 et
494 5075 607 5117 non
637 5060 905 5129 aliorum,
941 5059 1042 5129 qui
1072 5060 1143 5114 de
1174 5059 1347 5115 humo
1373 5062 1630 5133 veniunt,
1662 5061 1844 5117 homi-

187 5162 328 5206 num.
365 5154 502 5221 Ipse
538 5150 595 5205 in
630 5149 818 5219 nobis,
852 5149 910 5203 in
955 5164 1100 5219 quos
1130 5149 1270 5204 ﬁnes
1307 5151 1644 5206 szeculorum
1680 5152 1840 5206 deve-

189 5246 400 5307 nerunt,
449 5253 557 5309 per
590 5240 940 5294 incarnatam
975 5238 1459 5307 dispensationem
1496 5254 1657 5295 suam
1701 5255 1837 5309 pra!!-

192 5328 480 5385 nuntiatos
518 5329 917 5397 prophetarum
961 5340 1194 5381 suorum
1241 5326 1447 5384 aﬁ‘atus
1481 5329 1832 5398 terminavit,

194 5410 522 5473 inhabitans
571 5418 628 5471 in
680 5415 866 5485 nobis,
894 5421 950 5469 et
980 5415 1362 5487 inambulans,
1413 5424 1467 5472 et
1506 5419 1701 5473 delens
1743 5432 1840 5473 no-

194 5504 328 5561 mina
386 5506 677 5562 idolorum
726 5519 755 5559 a
796 5510 965 5576 terra,
1016 5506 1190 5561 sicuti
1248 5507 1365 5575 jam
1409 5508 1686 5577 scriptum
1727 5512 1831 5563 est.

194 5592 510 5652 Salutamus
575 5602 759 5653 autem
826 5600 882 5650 et
963 5596 1290 5654 Dominicas
1369 5601 1425 5651 ct
1491 5596 1836 5666 apostolicas

1964 3193 2233 3261 valentes,
2260 3196 2317 3246 et
2353 3190 2419 3244 ad
2464 3189 2782 3260 principale
2809 3188 3114 3256 attrahere,
3161 3194 3333 3259 atque
3376 3188 3625 3258 partici~

1966 3294 2064 3350 pes
2089 3280 2270 3334 facere
2316 3279 2568 3347 alicujus
2606 3277 3099 3333 sanctificationis.
3150 3278 3276 3330 Haec
3320 3276 3401 3330 ita
3427 3288 3624 3345 sapere

1963 3374 2018 3423 et
2054 3367 2371 3422 didicimus
2413 3371 2469 3419 et
2509 3364 2758 3419 roborati
2800 3378 3002 3419 sumus
3029 3378 3061 3418 a
3099 3363 3315 3418 sanctis
3353 3362 3621 3417 Patribus

1964 3455 2199 3524 nostris,
2222 3460 2279 3508 et
2300 3453 2371 3507 ab
2394 3466 2591 3507 eorum
2618 3451 2905 3507 divinitus
2935 3451 3149 3529 tradito
3174 3450 3522 3521 magisterio.
3552 3451 3622 3505 Et

1963 3544 2178 3616 gratias
2223 3543 2337 3597 Deo
2383 3554 2555 3610 super
2598 3538 2975 3595 inenarrabili
3023 3540 3173 3594 dono
3212 3551 3335 3607 suo,
3380 3538 3516 3607 quia
3558 3537 3619 3592 in

1966 3633 2126 3687 ﬁnem
2153 3644 2261 3686 non
2289 3629 2545 3685 deseruit
2579 3642 2701 3699 nos,
2745 3640 2928 3697 neque
2970 3625 3210 3696 reliquit
3251 3625 3469 3696 virgam
3498 3638 3621 3695 pec-

1961 3726 2219 3776 catorum
2258 3731 2430 3788 super
2463 3723 2672 3773 sortem
2706 3717 3016 3786 justorum,
3062 3722 3125 3770 ut
3161 3727 3273 3770 non
3312 3715 3621 3770 extendant

1956 3809 2101 3878 justi
2150 3807 2220 3862 ad
2272 3806 2637 3876 iniquitatem
2689 3817 2892 3860 manus
2924 3817 3077 3873 suas,
3122 3802 3180 3857 id
3220 3807 3325 3872 est,
3365 3801 3620 3857 actuales

1960 3896 2319 3966 operationes
2373 3908 2543 3950 suas:
2603 3894 2699 3948 sed
2750 3892 2890 3948 bene
2942 3890 3078 3947 fecit
3143 3891 3311 3947 bonis
3348 3895 3404 3945 et
3443 3890 3619 3946 rectis

1958 3988 2148 4057 corde,
2190 3984 2665 4056 quemadmodum
2725 3981 3189 4053 hymnographus
3226 3980 3403 4048 David
3450 3980 3621 4037 melo-

1957 4077 2085 4132 dice
2131 4075 2379 4143 cecinit;
2448 4088 2577 4128 cum
2627 4087 2739 4142 quo
2786 4077 2841 4127 et
2907 4070 3203 4127 residuum
3273 4069 3610 4143 psallimus:

1956 4166 2101 4235 Quia
2121 4165 2191 4219 de
2233 4170 2434 4219 caetero
2472 4162 2825 4219 declinantes
2866 4161 2925 4216 in
2964 4160 3347 4232 obligationes
3371 4159 3618 4215 adducet

1956 4255 2236 4309 Dominus
2255 4266 2385 4307 cum
2406 4250 2778 4321 operantibus
2799 4249 3166 4319 iniquitatem
3188 4266 3200 4303 :
3225 4252 3281 4303 et
3309 4260 3417 4319 pax
3442 4261 3617 4318 super

1956 4343 2127 4399 Israel
2148 4342 2247 4397 Dei
2278 4338 2442 4412 (Psal.
2481 4338 2686 4411 cxxxv).

2170 4468 2550 4538 Interpretatio
2579 4464 2991 4534 subscriptionis
3016 4465 3395 4518 Romanorum.

2028 4617 2088 4669 In
2121 4613 2349 4668 nomine
2368 4610 2597 4667 Domini
2627 4611 2755 4665 Jesu
2792 4607 3005 4663 Christi
3050 4607 3267 4676 Petrus,
3292 4606 3616 4662 misericor-

1953 4708 2049 4762 dia
2069 4705 2169 4759 Dei
2196 4702 2652 4773 archipresbyter
2680 4705 2887 4757 sanctze
2928 4697 3193 4753 Ecclesiae
3230 4696 3528 4752 catholicae
3557 4700 3613 4752 et

1954 4793 2301 4866 apostolicae,
2349 4796 2403 4845 et
2468 4790 2655 4845 locum
2722 4787 3012 4859 complens
3077 4785 3309 4841 Adriani
3374 4785 3665 4841 sanctis-.

1954 4884 2167 4940 simiet
2185 4880 2487 4951 apostolici
2518 4893 2673 4949 papae
2711 4877 2960 4933 senioris
2998 4877 3207 4947 Itomaz,
3235 4888 3431 4931 omnes
3474 4876 3616 4932 reci-

1954 4975 2118 5046 piens
2148 4972 2248 5042 qui
2275 4969 2708 5026 conversisunt
2752 4967 2823 5022 ab
2851 4967 3028 5037 impia
3068 4966 3270 5022 hairesi
3311 4964 3615 5036 reproban-

1954 5064 2101 5119 tium
2141 5058 2493 5115 venerabiles
2530 5057 2829 5128 imagines,
2863 5055 3175 5110 secundum
3206 5054 3526 5110 doctrinam
3557 5060 3614 5108 et

1955 5150 2323 5208 traditionem
2372 5151 2699 5203 sanctorum
2747 5147 2977 5200 Patrum
3020 5149 3369 5213 nostrorum,
3418 5140 3611 5197 omnia

1954 5255 2079 5312 qua}
2111 5237 2379 5308 superius
2421 5234 2757 5303 eﬁ‘eruntur,
2798 5231 3123 5304 approbans
3145 5237 3202 5288 et
3225 5228 3607 5299 consentiens,

1952 5328 2290 5398 subscripsi.

2026 5421 2244 5485 Petrus,
2280 5414 2675 5471 misericordia
2714 5413 2813 5468 Dei
2847 5412 3139 5484 presbyter
3162 5415 3217 5465 et
3257 5409 3607 5479 hegumenus

1959 5505 2288 5562 monasterii
2315 5505 2496 5560 sancti
2519 5503 2733 5573 Sabbaa,
2757 5508 2813 5558 et
2836 5503 3019 5557 locum
3047 5498 3337 5567 complens
3364 5486 3605 5548 Adriani

1956 5595 2306 5652 sanctissimi
2328 5601 2384 5649 et
2403 5591 2705 5662 apostolici
2730 5605 2884 5659 papa:
2909 5587 3157 5643 senioris
3178 5586 3383 5652 Romae,
3411 5591 3607 5635 omnes
