4012 6162
353 223 460 284 339
1228 233 1238 239 λ
1595 227 1954 284 ANASTASII
2005 222 2544 284 BlBLlOTHECARII
3030 219 3037 223 ‘
3635 237 3724 298 3m

355 355 640 424 recipiens
659 355 759 425 qui
781 355 1036 410 conversi
1081 359 1217 412 sunt
1245 353 1316 410 ab
1345 354 1524 425 impia
1559 352 1778 410 harasi
1818 365 2010 433 repro;
2030 352 2089 411 A
2120 365 2223 408 ma
2253 355 2604 412 sanctissimi
2653 357 3071 428 archiepiscopi
3113 357 3404 429 Sardinia,
3452 375 3642 434 sequor
3673 373 3731 424 ut

353 443 613 498 bantium
641 443 991 500 venerabiles
1026 443 1304 515 imagines
1341 443 1657 498 secundum
1683 441 2006 497 doctrinam
2123 442 2329 502 debent
2359 444 2730 500 rationabiles
2761 445 3005 514 pecudes
3034 451 3321 515 pastorum
3354 461 3528 522 voces,
3553 465 3730 521 quem-

354 531 839 602 traditionemque
877 537 1205 588 sanctorum
1254 532 1483 587 Patrum
1517 535 1864 600 nostrorum,
1897 541 2010 583 om-
2121 533 2425 589 admodum
2454 532 2733 588 Dominus
2761 532 2863 604 ait,
2919 533 3056 603 quia
3083 547 3205 588 oues
3230 549 3356 589 mea
3393 551 3562 591 υοοεηι
3585 555 3734 596 mam

357 621 454 676 nia
479 634 605 690 qua
649 620 916 690 superius
959 619 1292 691 efferuntur,
1335 619 1656 690 approbans
1699 621 1756 673 et
1783 629 2015 673 consen-
2122 621 2361 675 audiunt
2383 617 2558 690 (Joan.
2591 620 2666 695 χ).
2712 623 2858 693 Ergo
2887 628 2942 676 et
2965 635 3068 693 ego
3108 625 3394 692 pastorum
3432 630 3601 680 rectas
3645 641 3738 683 vo—

359 709 526 780 tiens,
574 708 914 780 subscripsi.
1208 781 1218 786 _
2124 724 2218 765 ces
2254 723 2516 780 sequens,
2550 723 2650 780 per
2681 710 2920 786 vestigia
2949 723 3145 766 eorum
3186 711 3446 766 incedere
3473 727 3734 784 propono:

427 797 696 852 Tarasius
725 808 770 866 ιι,
796 781 1331 854 misericordia-Dei
1363 798 1668 868 episcopus
1698 793 2018 877 Constantif
2127 798 2778 869 quibusetconscntiens
2797 781 2859 854 in
2875 781 3740 872 omnibustestimoniisipsorum

359 885 630 956 nopoleos
676 900 832 942 nova
868 887 1075 959 Roma,
1103 887 1449 943 confirmans
1473 887 1559 942 sic
1585 900 1644 942 se
1690 884 1898 940 habere
1934 896 2020 938 ve“
2129 902 2256 958 qua
2279 887 2421 942 lecta
2450 892 2604 957 sunt,
2637 887 2979 958 subscripsi.

361 974 589 1029 ritatem
633 975 825 1030 omnia
865 989 989 1052 qua
1051 975 1320 1044 superius
1379 975 1715 1041 etferuntur,
1774 971 2021 1028 libenter
2199 976 2858 1049 Nicephorusindignus
2876 977 3180 1048 episcopus
3203 979 3743 1048 Dyrrachianensium

359 1063 688 1134 admittens,
713 1062 806 1120 his
835 1063 1174 1134 subscripsi.
2133 1064 2460 1136 provincia,
2507 1065 3026 1136 Illyricianensium
3072 1068 3342 1140 regionis,
3387 1069 3617 1124 libenter
3636 1081 3750 1123 om-

433 1153 696 1222 Joannes,
749 1152 1146 1210 misericordia
1183 1153 1284 1209 Dei
1331 1152 1622 1224 presbyter
1683 1156 1740 1208 et
1786 1151 2026 1222 patriar-
2133 1154 2233 1210 nia
2253 1168 2378 1224 qua
2417 1153 2749 1224 prascripta
2773 1160 2929 1227 sunt,
2959 1156 3304 1229 suscipiens,
3335 1157 3654 1226 subscripsi.

365 1240 602 1296 charum
636 1241 944 1313 syncellus,
979 1241 1166 1298 locum
1198 1243 1452 1298 retinens
1490 1242 1666 1297 trium
1690 1240 2028 1312 apostolica-
2206 1241 2478 1298 Nicolaus
2534 1243 2846 1299 monachus
2889 1243 3260 1316 hegumenus,
3317 1249 3374 1300 et
3419 1258 3486 1300 ex
3540 1257 3750 1314 persona

365 1345 494 1386 rum
533 1330 779 1402 sedium,
821 1330 1199 1401 Alexandria,
1236 1330 1578 1403 Antiochia,
1618 1335 1674 1386 et
1710 1328 2030 1398 Hierosoly‘
2138 1331 2331 1386 throni
2383 1333 2722 1402 Tyanorum,
2769 1331 3016 1388 libenter
3051 1334 3245 1390 omnia
3289 1346 3412 1404 qua
3455 1332 3752 1402 prascripta

366 1433 609 1489 morum,
657 1419 927 1476 omnibus
972 1435 1098 1490 qua
1148 1419 1530 1489 praferuntur
1577 1420 1635 1475 in
1697 1419 1802 1475 hoc
1845 1421 2026 1491 textu,
2139 1423 2293 1488 sunt,
2327 1419 2670 1490 suscipiens,
2698 1421 3037 1492 subscripsi.

365 1509 680 1580 consentio,
721 1513 778 1563 et
800 1509 1142 1564 conveniens
1185 1508 1504 1578 subscripsi
1538 1521 1660 1564 mea
1687 1521 1882 1563 manu.
2209 1508 2407 1564 Daniel
2447 1515 2726 1579 peccator,
2758 1511 3060 1580 episcopus
3089 1511 3357 1579 Amasea,
3390 1509 3622 1565 libenter
3645 1521 3760 1564 om-

436 1599 696 1662 Thomas.
724 1597 1122 1654 misericordia
1145 1599 1246 1654 Dei
1276 1597 1570 1669 presbyter
1594 1601 1650 1654 et
1675 1597 2030 1669 hegumenus
2140 1597 2236 1653 nia
2263 1612 2388 1668 qua
2421 1598 2752 1668 prascripta
2790 1604 2946 1670 sunt,
2988 1599 3333 1670 suscipiens.
3379 1596 3694 1667 subscripsi.

369 1687 703 1744 monasterii
742 1687 923 1743 sancti
964 1687 1150 1742 Patris
1201 1687 1385 1743 nostri
1411 1686 1642 1743 Arsenii
1686 1685 1746 1741 in
1791 1685 2030 1756 Egypto
2061 1672 2113 1732 Β
2209 1685 2490 1758 Georgius
2516 1687 2790 1759 indignus
2820 1687 3130 1759 presbyter,
3155 1694 3211 1744 et
3230 1703 3300 1744 ex
3329 1699 3560 1758 persona
3587 1683 3757 1740 throni

369 1777 494 1847 siti,
551 1777 738 1832 locum
785 1775 1038 1832 retinens
1068 1775 1244 1831 trium
1290 1776 1736 1847 apostolicarum
1782 1772 2027 1842 aedium,
2138 1776 2427 1847 Nazianzi,
2460 1775 2706 1832 libenter
2723 1776 2916 1833 omnia
2951 1791 3078 1848 qua
3107 1777 3439 1848 prascripta
3467 1778 3611 1844 sunt,
3641 1787 3761 1828 sus-

369 1866 747 1938 Alexandria,
793 1865 1134 1936 Antiochia,
1183 1870 1238 1920 et
1283 1861 2034 1936 llierosolymorum,omni-
2141 1865 2384 1937 cipiens,
2415 1865 2757 1936 subscripsi.

326 1956 480 2014 .bus
527 1970 654 2026 qua
705 1952 1088 2025 praferuntur
1145 1953 1204 2009 in
1260 1954 1364 2010 hoc
1419 1959 1577 2010 textu
1599 1950 1934 2024 {consentio,
1977 1955 2034 2005 et
2211 1953 2622 2010 Constantinus
2671 1953 2948 2026 indignus
3003 1954 3314 2026 episcopus
3359 1950 3764 2024 Gangrensium,

372 2043 724 2100 concordans
759 2042 1101 2114 subscripsi.
2143 2042 2418 2099 similiter
2463 2042 2654 2098 omnia
2703 2057 2830 2113 qua
2871 2043 3203 2114 prascripta
3246 2047 3408 2115 sunt,
3455 2039 3764 2111 suscipiens,

442 2132 698 2205 Agapius
723 2132 1000 2204 indignus
1028 2133 1332 2204 episc0pus
1371 2132 1630 2188 Casaria
1667 2127 2036 2202 Cappadocia
2145 2131 2486 2202 subscripsi.

375 2221 622 2278 libenter
675 2222 870 2278 omnia
931 2235 1057 2292 qua
1101 2221 1432 2292 prascripta
1487 2224 1644 2292 sunt,
1688 2217 2032 2288 suscipiens,
2215 2223 2441 2278 Nicetas
2470 2224 2748 2292 peccator,
2779 2221 3083 2292 episcopus
3115 2219 3570 2292 Claudiopoleos,
3599 2216 3772 2273 liben-

375 2311 720 2382 subscripsi.
2148 2315 2234 2366 ter
2279 2310 2470 2366 omnia
2516 2323 2640 2380 qua
2683 2310 3012 2381 prascripta
3050 2317 3204 2382 sunt,
3270 2308 3602 2380 suscipiens,
3648 2304 3772 2361 sub-

445 2400 687 2456 .loannes
752 2401 1058 2470 episcopus
1109 2399 1316 2470 Ephesi
1378 2398 1624 2453 libenter
1672 2395 1866 2453 omnia
1914 2407 2040 2465 qua
2151 2399 2378 2470 scripsi.

379 2489 710 2559 prascripta
739 2494 892 2560 sunt,
943 2488 1288 2558 suscipiens,
1333 2487 1677 2557 subscripsi.
2221 2487 2532 2560 Gregorius
2555 2488 2800 2559 exiguus
2829 2488 3132 2559 epiSCOpus
3169 2487 3536 2546 Neocasaria
3560 2483 3776 2540 libenter

447 2577 856 2633 Constantinus
879 2577 1184 2646 episcopus
1205 2575 1552 2632 Constantia
1589 2575 1927 2645 Cypriorum
1953 2573 2034 2628 in-
2152 2577 2342 2632 omnia
2390 2591 2516 2646 qua
2541 2577 2873 2647 prascripta
2897 2583 3052 2643 sunt,
3085 2592 3184 2633 sus
3202 2577 3434 2647 :ipiens,
3465 2570 3770 2642 subscripsi.

381 2667 540 2738 sula,
573 2666 886 2722 secundum
913 2679 978 2720 ea
1011 2679 1136 2735 qua
1171 2665 1440 2734 superius
1470 2663 1805 2732 eﬂ‘eruntur,
1844 2676 2036 2732 quam—
2223 2665 2534 2737 Gregorius
2565 2665 2840 2737 indignus
2868 2666 3170 2736 episcopus
3205 2662 3680 2722 Pisinuntensium
3707 2659 3778 2714 li—

382 2770 490 2828 que
521 2769 626 2811 nos
644 2753 889 2810 confessi
912 2768 1114 2810 sumus
1139 2753 1513 2810 orthodoxam
1543 2753 1732 2822 ﬁdem,
1760 2751 2042 2822 suscipio,
2155 2755 2352 2811 benter
2375 2754 2567 2811 omnia
2593 2769 2718 2826 qua
2751 2755 3082 2826 prascripta
3109 2770 3174 2812 su
3223 2761 3264 2826 t,
3299 2752 3632 2824 suscipiens,
3652 2747 3778 2805 sub-

381 2851 438 2902 et
487 2845 675 2900 saluto
716 2858 906 2899 sacras
936 2847 994 2898 et
1018 2842 1372 2898 venerabiles
1410 2842 1626 2913 iconas,
1657 2847 1715 2897 et
1745 2840 2046 2898 honorabi-
2155 2843 2382 2914 scripsi.

383 2935 520 2990 liter
547 2934 812 3002 adorans,
842 2931 1186 3002 subscripsi.
2223 2933 2552 2989 Theodorus
2610 2932 2887 3004 indignus
2931 2932 3236 3003 episcopus
3287 2935 3569 3005 Myrorum
3622 2924 3779 2998 Lycia

452 3021 805 3093 Theophilus
857 3021 1132 3094 indignus
1189 3021 1495 3091 episcopus
1531 3019 1948 3076 Thessalonica
1979 3019 2048 3076 li-
2075 3033 2123 3096 C
2156 3023 2400 3078 libenter
2459 3021 2652 3078 omnia
2698 3035 2825 3092 qua
2873 3021 3202 3092 prascripta
3264 3027 3422 3092 sunt,
3467 3016 3776 3088 suscipiens,

383 3111 582 3169 benter
609 3111 802 3168 omnia
842 3109 1171 3181 prascripta
1215 3110 1561 3181 suscipiens,
1594 3109 1932 3180 subscripsi.
2155 3111 2495 3182 subscripsi.

455 3201 706 3259 Basilius
755 3201 1031 3273 indignus
1075 3200 1380 3270 episcopus
1429 3199 1663 3271 Ancyra
1703 3199 1942 3255 Galatia
1981 3198 2050 3254 li-
2227 3200 2566 3256 Eustathius
2595 3199 2874 3271 indignus
2922 3199 3226 3270 episcopus
3264 3199 3552 3257 Laodicea
3575 3195 3788 3263 Phryga-

385 3293 583 3349 beuter
609 3290 803 3346 omnia
835 3303 961 3360 qua
981 3290 1316 3360 prascripta
1350 3293 1504 3360 sunt,
1547 3287 1892 3360 suscipiens,
1918 3287 2048 3344 sub-
2157 3305 2283 3346 rum
2315 3289 2623 3361 provincia
2649 3289 2893 3346 libenter
2919 3289 3114 3346 omnia
3145 3303 3274 3360 qua
3307 3287 3626 3360 prascripta
3648 3284 3780 3350 sunt,

389 3381 616 3453 scripsi.
2157 3379 2501 3449 suscipiens,
2532 3377 2871 3448 subscripsi.

403 3537 412 3542 _
459 3473 566 3528 Leo
595 3470 896 3541 episcopus
930 3468 1206 3524 Heraclia
1237 3467 1494 3524 Thracia
1537 3467 1831 3524 similiter.
2228 3468 2468 3524 Michael
2492 3467 2768 3538 indignus
2787 3467 3091 3538 episcopus
3110 3467 3546 3538 Synadensium,
3570 3461 3786 3518 libenter

457 3560 730 3618 Nicolaus
769 3559 1046 3630 indignus
1092 3558 1396 3627 episcopus
1442 3556 1632 3624 Cyzici
1682 3555 1875 3610 omnia
1923 3569 2049 3624 qua
2157 3555 2348 3614 omnia
2383 3569 2509 3626 qua
2539 3555 2868 3626 prascripta
2900 3561 3052 3628 sunt,
3097 3556 3428 3626 suscipiens
3473 3545 3778 3618 subscripsi.

390 3649 721 3722 prascripta
743 3651 898 3716 sunt,
929 3645 1174 3700 libenter
1203 3645 1533 3713 admittens,
1563 3642 1900 3712 subscripsi.
2228 3645 2540 3716 Gregorius
2585 3641 2923 3720 [Georgius]
2958 3645 3236 3719 indignus
3279 3645 3584 3716 episcopus
3605 3635 3790 3694 Antio-

459 3735 806 3807 Euthymius
850 3733 1125 3803 indignus
1167 3731 1471 3801 episcopus
1522 3730 1830 3786 Sardorum
1869 3729 2049 3786 liben-
2159 3733 2304 3790 chia
2342 3732 2575 3788 Pisidia
2598 3732 2843 3790 libenter
2889 3733 3080 3790 omnia
3125 3747 3250 3804 qua
3292 3731 3620 3805 praescripta
3652 3728 3784 3792 sunt:

391 3831 479 3882 ter
519 3823 712 3882 omnia
756 3835 881 3892 qua
934 3819 1266 3890 praescripta
1314 3823 1466 3889 sunt,
1530 3817 1871 3890 suscipiens,
1921 3817 2052 3874 sub-
2162 3822 2504 3892 suscipiens,
2549 3822 2891 3893 subscripsi.

393 3913 620 3984 scripsi.
2231 3911 2685 3984 TheOphylactus
2710 3911 2986 3984 indignus
3013 3911 3295 3969 diaconus
3333 3909 3630 3978 exarchus,
3660 3907 3709 3960 et
3733 3914 3789 3956 ex

463 4003 665 4058 Petrus
727 3998 1004 4069 indignus
1046 3996 1354 4068 episcOpus
1401 3996 1748 4052 Nicomedia
1801 3996 2052 4053 libenter
2161 4012 2399 4071 persona
2447 3999 2612 4056 clara
2660 4000 3036 4070 metropoleos
3083 4000 3281 4071 Caria,
3336 3999 3579 4056 libenter
3623 3987 3790 4049 omnia

395 4105 524 4164 qua
563 4089 777 4159 scripta
835 4091 986 4156 sunt,
1035 4087 1377 4156 suscipiens,
1419 4085 1760 4156 subscripsi.
2161 4103 2286 4160 qua
2327 4088 2654 4158 prascripta
2683 4093 2839 4159 sunt,
2883 4088 3225 4159 suscipiens,
3257 4085 3598 4170 subscripsi.

465 4179 619 4238 Elias
669 4181 946 4249 peccator,
987 4175 1292 4246 episcopus
1326 4175 1681 4231 Cretensium
1719 4174 1943 4245 insula,
1987 4175 2054 4231 li-
2231 4180 2338 4234 Leo
2363 4178 2638 4250 indignus
2662 4178 2964 4248 episcopus
2990 4177 3168 4234 Iconii
3201 4177 3450 4234 libenter
3471 4172 3658 4232 omnia
3681 4177 3791 4238 qua?

394 4271 595 4326 benter
613 4267 804 4324 omnia
835 4280 961 4338 qua
992 4265 1323 4336 prascripta
1362 4270 1515 4330 sunt,
1557 4264 1885 4334 suscipiens
1925 4264 2055 4320 sub-
2162 4267 2493 4338 prascripta
2538 4273 2692 4336 sunt,
2739 4266 3086 4338 suscipiens,
3117 4265 3462 4338 subscripsi.

399 4358 627 4430 SCPiDSi-
2079 4351 2134 4412 D
2233 4354 2568 4411 Anastasius
2599 4354 2874 4426 indignus
2900 4353 3206 4424 episcopus
3235 4353 3574 4425 Nicopoleos
3609 4341 3796 4404 veteris

468 4448 744 4520 Hypatius
767 4443 1572 4534 indignuscpiscopusNicaa
1591 4442 2052 4514 Bithyniensium
2162 4443 2322 4514 Epiri
2356 4443 2600 4499 libenter
2641 4443 2834 4500 omnia
2873 4457 3001 4514 qua
3043 4443 3379 4514 prascripta
3422 4445 3575 4507 sunt,
3625 4430 3797 4492 susei—

399 4538 707 4608 provincia
733 4536 976 4592 libenter
1004 4533 1196 4590 omnia
1227 4546 1352 4602 qua
1390 4530 1722 4602 prascripta
1743 4536 1899 4605 sunt,
1935 4548 2056 4590 sus-
2165 4531 2348 4602 piens,
2373 4530 2715 4601 subscripsi.

399 4627 642 4697 cipiens,
683 4624 1026 4695 subscripsi.
2233 4619 2642 4676 Constantinus
2672 4619 2948 4692 indignus
2989 4619 3296 4690 episcopus
3336 4621 3546 4690 Perga,
3577 4611 3796 4697 libenter

469 4695 804 4772 Stauracius
846 4715 1126 4783 peccator,
1159 4710 1466 4782 episcopus
1506 4709 1904 4784 Chalcedonis,
1945 4725 2059 4767 om-
2165 4709 2357 4764 omnia
2388 4724 2512 4780 qua
2550 4709 2882 4779 prascripta
2915 4715 3070 4780 sunt,
3099 4708 3447 4778 suscipiens,
3477 4695 3794 4768 subscripsi.

401 4805 498 4862 nia
537 4817 664 4874 qua
699 4801 1033 4874 prascripta
1075 4805 1228 4871 sunt,
1264 4799 1508 4856 libenter
1549 4800 1896 4872 suscipiens,
1929 4799 2060 4856 sub-
2235 4797 2546 4870 Gregorius
2607 4804 2883 4868 peccator,
2955 4795 3266 4868 presbyter,
3326 4800 3384 4852 et
3447 4808 3517 4850 ex
3583 4795 3798 4862 persona

401 4892 628 4963 scripsi.
2096 4908 2101 4914 ο
2167 4885 2358 4941 throni
2381 4886 2817 4955 Trajanopoleos
2836 4884 3243 4942 Thracensium
3271 4876 3801 4970 regionis,ilibe.ntcr

469 4983 598 5042 Leo.
637 4979 822 5052 gratia
868 4979 968 5034 Dei
1012 4978 1303 5052 presbyter
1347 4979 1730 5036 sanctissima
1772 4979 1871 5034 Dei
1930 4994 2063 5050 apo.
2167 4975 2360 5030 omnia
2387 4989 2512 5045 qua
2552 4974 2882 5044 prascripta
2913 4979 3067 5041 sunt,
3096 4973 3442 5044 suscipiens,
3480 4963 3795 5034 subscripsi.

399 5069 614 5128 stolica
641 5081 854 5140 magna
872 5067 1158 5134 Ecclesia,
1180 5073 1235 5123 et
1261 5067 1528 5138 princeps
1553 5068 2053 5132 monasteriorum.
2240 5067 2346 5120 Leo
2369 5063 2642 5134 indiguus
2666 5064 2970 5134 episcOpus
2995 5063 3180 5119 Rhodi
3209 5062 3456 5118 libenter
3481 5055 3669 5116 omnia
3691 5059 3800 5123 qua

397 5163 456 5215 et
475 5157 738 5214 defensor
779 5156 1158 5212 sanctissima
1199 5156 1299 5211 Dei
1342 5156 1632 5226 Ecclesia,
1673 5155 1918 5210 libenter
1947 5169 2061 5210 om-
2170 5152 2494 5224 prascripta
2524 5157 2678 5222 sunt,
2713 5152 3055 5222 suscipiens.
3089 5150 3430 5221 subscripsi.
3749 5224 3760 5236 ο

403 5249 499 5304 nia
520 5262 645 5318 qua
671 5246 1000 5318 prascripta
1034 5249 1190 5312 sunt,
1231 5244 1575 5312 suscipiens,
1607 5223 1946 5313 subscripsi.
2180 5223 2183 5224 ν
2237 5241 2683 5310 Christophorus
2745 5241 3018 5312 indignus
3073 5240 3376 5311 episcopus
3427 5231 3707 5318 Phasidis,
3748 5223 3796 5279 id

471 5316 830 5407 Epiphanius
855 5337 1131 5404 peccator,
1160 5331 1440 5387 diaconus
1465 5332 1844 5387 sanctissima
1875 5332 2058 5387 Eccle-
2167 5334 2270 5397 est,
2303 5329 2930 5398 Trapezuntinensium,
2964 5329 3208 5385 libenter
3248 5325 3442 5384 omnia
3491 5316 3798 5394 praescripta

405 5427 505 5484 sia
541 5425 760 5482 Catana
801 5423 1124 5479 Siculorum
1173 5419 1499 5490 provincia,
1535 5425 1592 5474 et
1637 5419 1892 5476 vicarius
1917 5421 2061 5476 Tho-
2167 5417 2510 5486 suscipiens,
2551 5416 2889 5488 subscripsi.

473 5526 496 5552 ιι
525 5518 587 5571 1η
619 5529 720 5570 ms.
761 5513 867 5569 Jol.
895 5510 1164 5568 Tarasius
1209 5507 1576 5580 postponitur
1611 5509 1838 5564 Joanni.
