4012 6162
234 301 319 359 344
960 299 1511 360 INTERPRETATIO
1547 300 1795 358 SYNODI
1842 301 1934 357 VII
1971 302 2463 358 GENERALIS.—
2499 303 2700 358 ACTIO
2738 304 2825 357 IV.

3492 295 3601 356 342

208 444 211 447 λ
280 444 471 500 Manuel
494 443 763 515 indignus
778 444 1837 516 episcopusHadrianopoleoslibenter
1861 427 1917 486 Α
2013 430 2254 485 Joannes
2295 429 2571 501 indignus
2607 428 2912 497 episcopus
2937 425 3271 481 Tmocaleos
3294 424 3599 483 (Ῐθίὶηίθηεν

229 532 385 589 omnia
401 547 515 603 qua
534 534 863 603 prascripta
880 538 1034 603 sunt,
1056 533 1399 605 suscipiens,
1421 534 1761 605 subscripsi.

282 621 521 676 Nicolaus
549 621 830 691 indignus
858 622 1163 692 episcopus
1189 621 1556 692 Hierapoleos
1589 623 1834 696 Phryga-

229 724 333 765 rum
360 709 648 779 provincia
682 710 927 766 libenter
951 709 1143 765 omnia
1169 726 1295 782 qua
1327 712 1657 782 prascripta
1689 718 1832 769 s;.nt

223 797 521 867 suscipiens,
554 798 877 869 subscripsi
911 811 1081 855 manu
1116 812 1257 854 mea.

278 886 496 941 Basilius
515 887 609 942 ind
622 887 796 958 ignus
813 887 1118 958 episcopus
1137 887 1391 944 civitatis
1405 889 1560 944 Silai
1586 889 1831 946 libenter

218 974 374 1029 omnia
402 989 520 1044 qua
543 975 879 1046 praescripta
918 980 1072 1044 sunt,
1096 976 1445 1049 suscipiens,
1480 977 1823 1049 subscripsi.

268 1080 445 1139 Galate
504 1081 754 1154 exiguus
809 1081 1121 1153 presbyter,
1170 1088 1226 1138 et
1262 1097 1331 1139 ex
1381 1098 1622 1154 persona
1674 1085 1827 1155 [Ste—

213 1166 378 1244 phani]
414 1170 834 1241 archiepiscopi
877 1171 1113 1243 Sicilia,
1168 1170 1413 1228 libenter
1455 1174 1646 1230 omnia
1700 1188 1826 1245 qua

219 1258 489 1328 prescripta
533 1264 692 1326 sunt,
746 1260 1090 1330 suscipiens,
1154 1260 1466 1330 subcripsi.

264 1348 694 1419 Theopbylactus
718 1348 993 1421 indignus
1022 1349 1327 1419 episcopus
1351 1351 1822 1407 Euchaitensium

212 1436 415 1493 libenter
456 1438 652 1494 omnia
709 1452 835 1508 qua
898 1439 1226 1509 praescripta
1273 1446 1429 1508 sunt,
1472 1441 1816 1513 suscipiens,

208 1526 504 1597 subscripsi.
1006 1598 1011 1603 Ξ

260 1616 482 1686 Cyrillus
516 1617 852 1677 monachus.
890 1620 943 1672 et
991 1631 1059 1672 ex
1108 1632 1345 1688 persona
1388 1621 1623 1677 Joannis
1672 1622 1824 1691 [mo—

206 1706 363 1775 nachi]
402 1707 657 1777 episcopi
699 1706 941 1777 Gothia,
983 1709 1275 1764 enutritus
1305 1710 1638 1780 apOstolicis
1671 1726 1824 1781 pra—

202 1793 555 1852 dicationibus
602 1803 657 1852 et
701 1799 926 1853 Patrum
965 1797 1403 1867 traditionibus,
1435 1805 1490 1855 et
1512 1815 1639 1870 qua
1670 1814 1822 1855 nunc

201 1886 492 1954 prascripta
525 1892 686 1957 sunt,
714 1890 1057 1963 suscipiens,
1087 1889 1427 1959 subscripsi.

253 1991 563 2049 Theodorus
605 1995 886 2068 indignus
913 1999 1218 2069 episcopus
1246 1996 1540 2068 Seleucia,
1578 1995 1824 2052 libenter

198 2081 357 2137 omnia
385 2096 507 2153 qua
550 2086 891 2156 prascripta
915 2092 1069 2157 sunt,
1102 2087 1448 2157 suscipiens,
1478 2085 1817 2155 subscripsi.

250 2169 552 2240 Stephanus
600 2173 879 2246 indignus
910 2176 1214 2246 episcopus
1252 2176 1506 2231 civitatis
1558 2174 1823 2245 Sugden-

196 2257 321 2313 sium
364 2255 829 2334 [Sugdaensium]
860 2264 1104 2321 libenter
1119 2264 1310 2321 omnia
1337 2277 1463 2334 qua
1490 2262 1819 2334 prascripta

193 2353 319 2415 sunt,
345 2349 693 2421 suscipiens,
728 2351 1069 2423 subscripsi.

247 2434 511 2494 Antonius
538 2439 823 2512 indignus
845 2442 1175 2511 monachus,
1200 2446 1256 2497 et
1275 2455 1343 2498 ex
1367 2453 1606 2510 persona
1625 2438 1818 2495 throni

190 2524 425 2597 Smyrna,
451 2527 705 2585 libenter
729 2530 922 2587 omnia
944 2546 1068 2601 qua
1099 2531 1431 2601 prascripta
1462 2533 1616 2600 sunt,
1642 2528 1821 2586 susci-

192 2612 345 2685 piens,
369 2616 713 2689 subscripsi.

243 2703 646 2763 Constantinus
705 2708 1013 2780 episcopus
1062 2709 1191 2765 Chii
1255 2705 1365 2784 [Gr.
1432 2713 1482 2763 et
1522 2723 1622 2763 ms.
1685 2707 1815 2769 Jol.,

189 2790 380 2868 Rhegii]
413 2795 669 2852 libenter
687 2798 880 2853 omnia
911 2813 1035 2870 qua
1061 2800 1394 2870 prascripta
1421 2805 1577 2868 sunt,
1622 2796 1820 2853 susci-

189 2882 341 2955 piens,
364 2885 712 2955 subscripsi.

1945 516 2220 573 similiter
2243 517 2584 587 subscripsi.

2013 606 2402 662 Theodericus
2430 601 2801 679 [Theodorus]
2832 603 3110 673 indignus
3130 602 3435 672 episcopus
3456 604 3598 660 Tau-

1945 695 2139 765 riana,
2194 695 2555 750 concorditer
2603 707 2702 763 per
2746 692 2935 748 omnia
2986 697 3314 746 sanctorum
3368 691 3593 747 Patrum

1941 784 2235 838 doctrinas
2273 789 2330 838 et
2373 782 2702 839 testimonia
2745 794 2942 836 eorum
2993 793 3119 850 qua
3166 778 3396 848 pralata
3438 786 3592 849 sunt,

1939 885 2203 942 sequens,
2238 872 2579 942 subscripsi.

2008 961 2415 1031 Cristophorus
2446 961 2723 1033 indignus
2751 958 3057 1029 episcopus
3083 962 3292 1014 sancta
3320 957 3593 1029 Cyriaca,

1936 1050 2298 1106 concorditer
2335 1063 2433 1119 per
2461 1049 2655 1106 omnia
2683 1052 3011 1105 sanctorum
3042 1049 3272 1103 Patrum
3301 1045 3597 1103 doctrinas

1935 1144 1991 1193 et
2021 1138 2347 1195 testimonia
2369 1153 2565 1207 eorum
2594 1152 2719 1209 qua
2746 1138 2975 1208 pralata
2996 1140 3152 1207 sunt,
3176 1148 3442 1207 sequens,
3465 1135 3597 1192 sub-

1935 1229 2165 1298 scripsi.
2375 1220 2395 1231 ’

2005 1317 2257 1374 Basilius
2276 1318 2556 1390 indignus
2570 1317 2875 1387 episcOpus
2891 1314 3346 1385 Liparetensium
3366 1313 3591 1383 insula,

1933 1407 2203 1477 superius
2243 1408 2377 1463 latis
2405 1413 2732 1463 sanctorum
2774 1408 3000 1462 Patrum
3060 1403 3346 1459 doctrinis
3382 1416 3596 1459 conve-

1931 1496 2096 1551 niens
2137 1497 2195 1552 in
2236 1498 2525 1566 omnibus,
2560 1495 2900 1564 subscripsi.

2001 1585 2943 1657 Theotimusindignusepiscopus
2957 1581 3415 1651 Crotonensium,
3432 1594 3595 1651 supe'
3628 1622 3629 1625 η

1849 1708 1904 1770 Β
1934 1675 2060 1731 rius
2090 1675 2331 1744 prolatis
2360 1679 2686 1729 sanctorum
2713 1674 2943 1727 Patrum
2969 1670 3321 1726 testimoniis
3345 1681 3595 1725 consen-

1935 1766 2085 1821 tiens
2118 1765 2176 1819 in
2199 1763 2489 1833 omnibus,
2523 1760 2863 1831 subscripsi.

2002 1854 2413 1911 Constantinus
2437 1853 2712 1924 indignus
2731 1851 3036 1922 episcopus
3054 1849 3294 1920 Carina,
3318 1846 3591 1919 superius

1932 1943 2173 2014 prolatis
2216 1943 2568 1998 testimoniis
2598 1945 2926 1996 sanctorum
2961 1941 3192 1995 Patrum
3222 1935 3590 1995 consentiens

1934 2033 1992 2090 in
2023 2031 2312 2102 omnibus,
2344 2030 2694 2100 subscripsi.

1999 2121 2369 2192 Theophanes
2398 2120 2705 2190 episcopus
2736 2116 2945 2188 Lilyba
2965 2115 3260 2172 similiter.

1997 2212 2327 2267 Theodorus
2356 2209 2661 2281 episc0pus
2688 2208 3050 2276 Tropaorum
3074 2201 3368 2259 similiter.

1998 2299 2233 2371 Sergius
2261 2298 2564 2369 episcopus
2591 2292 3047 2351 Nicoterensium
3074 2289 3367 2347 similiter.

1998 2390 2329 2445 Theodorus
2356 2388 2662 2458 episcopus
2681 2385 2862 2455 Bizya
2886 2381 3177 2438 similiter.

2000 2478 2333 2535 Maurianus
2361 2478 2665 2548 episcopus
2694 2471 3157 2544 Pompeiopoleos
3178 2467 3474 2525 similiter.

1997 2569 2239 2624 Joannes
2262 2567 2566 2637 episcopus
2589 2562 3007 2635 Salonentiana
3036 2558 3327 2615 similiter.

1997 2657 2327 2714 Eustratius
2355 2656 2658 2727 episcopus
2678 2649 3141 2722 Bithyniensium
3168 2645 3477 2718 provincia
3507 2645 3584 2702 si-

1928 2748 2160 2805 militer.

1997 2841 2198 2895 Petrus
2221 2836 2527 2907 episcopus
2545 2830 2942 2889 Gel-mensium
2963 2826 3257 2886 similiter.

1994 2929 2237 2984 Joannes
2265 2925 2567 2996 episcopus
2592 2919 3037 2990 ArcadiOpoleos
3064 2917 3357 2974 similiter.

242 2989 464 3048 Joannes
513 2993 698 3085 misef‘
756 2998 813 3085 fit
866 2999 1126 3085 ρθοοξλῑοι·
1165 2994 1618 3085 ωοοωοηειςιιυε
1658 2995 1817 3064 [βεδε-⁸
1846 3022 1895 3085 C
1994 2989 2403 3073 Constantinus
2427 2989 2735 3083 presbyter,
2758 3015 2814 3066 et
2832 2989 2900 3064 ex
2928 3020 3167 3079 persona
3187 3005 3383 3062 throni
3404 3003 3584 3060 Seba—

187 3084 317 3135 cator
341 3083 706 3154 monachus],
754 3084 942 3141 locum
986 3083 1203 3140 faciens
1244 3083 1507 3154 Procopii
1552 3096 1821 3140 reveren-

186 3166 380 3225 dissimi
412 3172 699 3242 episcopi,
745 3186 993 3230 consona
1040 3174 1308 3230 Patribus
1342 3188 1441 3243 per
1481 3173 1675 3229 omnia
1719 3186 1819 3228 sa-

187 3257 339 3328 piens,
364 3260 717 3330 subscripsi.

238 3347 555 3406 Theodorus
618 3350 896 3423 indignus
958 3352 1265 3422 episcopus
1322 3352 1566 3423 Catana,
1629 3355 1817 3407 ratum

183 3434 365 3493 ducens
389 3452 623 3508 semper
659 3444 943 3496 amatores
971 3441 1232 3497 veritatis
1271 3448 1327 3497 et
1347 3446 1675 3496 sanctorum
1705 3441 1818 3494 Pa—

184 3526 308 3580 trum
346 3527 676 3583 doctrinam
716 3534 772 3585 et
812 3530 1052 3602 vestigia
1091 3530 1276 3599 sequi,
1324 3532 1497 3600 atque
1518 3529 1818 3586 rectiseo—

183 3626 285 3669 rum
334 3616 632 3673 venustari
678 3617 1092 3689 dogmatibus;
1136 3619 1230 3675 his
1268 3622 1326 3674 et
1362 3632 1466 3690 ego
1503 3618 1686 3674 taxari
1737 3618 1818 3689 [id

182 3705 259 3762 est,
309 3705 708 3775 annumerari]
763 3705 1062 3775 festinans,
1131 3707 1497 3765 consentiens
1547 3707 1819 3764 omnibus

183 3803 286 3859 qua
323 3792 390 3848 ab
426 3795 517 3850 eis
552 3794 747 3850 edicta
788 3800 943 3864 sunt,
991 3795 1068 3851 iis
1115 3810 1242 3867 qua
1285 3796 1616 3867 prascripta
1659 3800 1813 3867 sunt,

181 3878 493 3952 subscripsi.

232 3987 464 4046 Joannes
492 3989 777 4061 indignus
797 3990 1101 4060 episcopus
1133 3992 1546 4062 Tauromenia,
1573 4004 1819 4047 concor-

179 4075 306 4132 diter
347 4092 449 4148 per
476 4078 680 4135 omnia
708 4084 1034 4135 sanctorum
1078 4080 1311 4136 Patrum
1344 4081 1639 4137 doctrinas
1663 4084 1720 4136 et
1743 4083 1820 4135 te-

182 4164 425 4223 stimonia
468 4181 676 4224 eorum
724 4181 850 4239 qua
910 4168 1131 4238 prolata
1178 4173 1333 4240 sunt,
1381 4182 1645 4240 sequens,
1690 4168 1821 4225 sub-

179 4255 382 4323 scripsi.

1926 3106 2228 3176 stopoleos,
2258 3102 2546 3159 similiter.

1996 3193 2307 3265 Gregorius
2327 3190 2634 3261 presbyter,
2661 3191 2718 3245 et
2739 3200 2808 3243 ex
2839 3198 3079 3256 persona
3098 3184 3310 3240 Niceta
3325 3180 3579 3252 episcopi

1925 3282 2193 3351 Colonia,
2225 3279 2519 3336 similiter.
3406 3265 3423 3275 ”

1995 3371 2290 3429 Sisinnius
2313 3368 2618 3437 episcopus
2640 3364 2796 3419 Parii
2820 3361 3113 3431 similiter,

2000 3458 2357 3531 Epiphanius
2380 3456 2686 3526 episcopus
2715 3450 2898 3506 Mileti
2927 3449 3220 3506 similiter.

1995 3551 2191 3605 Niceta
2216 3546 2520 3617 episcopus
2540 3538 2898 3597 Praconnesi
2925 3536 3218 3593 similiter.

1993 3641 2235 3695 Joannes
2264 3632 2574 3706 presbyter,
2606 3634 2663 3686 et
2703 3642 2772 3684 ex
2802 3638 3042 3699 persona
3075 3623 3286 3679 Niceta
3322 3622 3577 3694 episcOpi

1923 3729 2191 3797 Colonia,
2219 3723 2510 3782 similiter.

2000 3820 2175 3874 Ursus
2210 3815 2515 3886 episcOpus
2555 3804 3080 3865 Avaritianensium
3113 3800 3382 3859 Ecclesia
3406 3800 3582 3858 simi-

1925 3910 2325 4054 llt:«llilistratius
2352 3991 2658 4063 episcOpus
2686 3987 3023 4058 Methymna
3047 3980 3342 4039 similiter.

1997 4090 2104 4143 Leo
2125 4084 2428 4154 episcOpus
2450 4079 2539 4136 Cii
2571 4076 2866 4134 similiter.

1994 4180 2236 4235 Joannes
2263 4174 2566 4244 episcopus
2594 4166 2732 4237 Apri
2754 4163 3045 4221 similiter.

1997 4263 2454 4335 Theophylactus
2477 4257 2780 4327 episcopus
2797 4251 3188 4325 Cypsellorum
3214 4247 3507 4305 similiter.

236 4343 863 4419 Gaudiosusindiguus
881 4348 1188 4418 episcopus
1207 4339 1900 4419 Missina[Messana],D
2001 4353 2342 4412 Laurentius
2392 4348 2696 4418 episcopus
2751 4347 2960 4398 sancta
3014 4336 3581 4409 Apsaretianensium

179 4436 520 4492 concorditer
549 4450 652 4506 per
674 4437 867 4492 omnia
897 4441 1223 4493 sanctorum
1268 4436 1498 4492 Patrum
1527 4436 1820 4491 doctrinas

178 4526 224 4575 et
247 4524 571 4580 testimonia
610 4527 961 4594 eorumdem,
1002 4540 1129 4596 qua
1181 4525 1399 4595 prolata
1436 4528 1594 4597 sunt,
1629 4525 1827 4581 subse-

185 4625 365 4681 quens,
388 4614 739 4685 subscripsi.

235 4718 564 4777 Tbeodorus
590 4721 863 4793 indignus
892 4721 1196 4792 episcOpus
1225 4719 1827 4791 Panormi,concordi-

181 4811 254 4861 ter
275 4810 574 4868 doctrinas
615 4817 671 4867 et
713 4811 1042 4867 testimonia
1076 4824 1269 4867 eorum
1323 4823 1449 4881 qua
1495 4808 1825 4879 prascripta

180 4902 316 4969 sunt,
347 4915 624 4973 sequens,
649 4899 990 4971 subscripsi.

232 4986 643 5046 Constantinus
662 4990 756 5045 ind
768 4991 937 5062 ignus
952 4988 1256 5059 episcopus
1271 4987 1577 5058 Leontina,
1595 5000 1825 5042 concor.

183 5075 315 5132 diter
355 5094 456 5148 per
487 5080 679 5135 omnia
722 5085 1047 5135 sanctorum
1104 5079 1331 5132 Patrum
1354 5076 1647 5132 doctrinas
1672 5080 1728 5130 et
1751 5082 1825 5131 te-

178 5164 433 5223 stimonia
484 5181 682 5225 eorum
724 5179 851 5237 qua
903 5165 1166 5236 pralecta
1220 5171 1358 5221 sunt
1400 5177 1664 5235 sequens,
1696 5163 1825 5219 sub-

181 5252 387 5321 scripsi.

235 5341 561 5412 Stephanus
590 5344 865 5415 indignus
893 5344 1199 5414 episcopus
1226 5342 1655 5412 Bibonensium,
1680 5356 1827 5397 con—

188 5432 416 5487 corditer
449 5446 553 5502 per
591 5434 781 5489 omnia
812 5439 1139 5489 sanctorum
1179 5435 1407 5488 Patrum
1448 5431 1744 5487 doctrinas
1772 5435 1828 5485 et

189 5519 504 5577 testimonia
534 5536 726 5578 eorum
775 5536 900 5593 qua
931 5521 1161 5593 pralata
1200 5526 1355 5592 sunt,
1389 5533 1648 5590 sequens.
1684 5518 1829 5575 sub—

188 5607 393 5675 scripsi.

1927 4443 2193 4503 Ecclesia
2214 4438 2503 4496 similiter.

2001 4536 2109 4589 Leo
2141 4531 2446 4601 episcopus
2484 4521 2753 4593 Carpatbi
2797 4518 3091 4575 similiter.

2000 4619 2342 4681 Eustathius
2380 4614 2684 4685 episcopus
2714 4606 3147 4665 Crotadensium
3179 4602 3471 4660 similiter.

2001 4710 2280 4783 Dyriacus
2298 4704 2602 4774 episCOpus
2613 4696 3016 4772 Zyparensium
3033 4686 3578 4769 [Drizyparensium]

1933 4799 2225 4859 similiter.

2004 4893 2111 4946 Leo
2144 4884 2449 4955 episcopus
2479 4875 2829 4933 Mesembria
2857 4872 3149 4930 similiter.

2001 4973 2315 5048 Gregorius
2352 4969 2657 5039 episcopus
2688 4963 3060 5019 Dercensium
3105 4960 3399 5017 similiter.

2001 5064 2332 5122 Theodorus
2383 5055 2523 5132 [Gr.,
2576 5049 2954 5126 Theodosius]
3005 5050 3311 5121 episcopus
3360 5048 3578 5105 Amorii

1932 5155 2223 5215 similiter.

2001 5248 2244 5301 Joannes
2284 5237 2587 5309 episcopus
2624 5235 2817 5303 Nyssa
2859 5228 3151 5286 similiter.

2003 5330 2285 5403 Georgius
2305 5327 2608 5397 episcopus
2630 5319 3017 5391 imperialium
3040 5319 3407 5374 Thermarum
3426 5314 3584 5369 simi-

1936 5426 2087 5481 liter.

2006 5508 2288 5580 Georgius
2317 5505 2622 5576 episcopus
2647 5499 3111 5555 Camulianorum
3143 5493 3434 5550 similiter.

2009 5595 2340 5655 Soterichus
2367 5593 2671 5664 episcopus
2706 5583 3146 5642 Ciscissensium
3179 5580 3466 5638 similiter.
