4012 6162
441 299 541 358 351

1676 292 2034 352 ΑΝΑΒΤΑΞΠ
2079 289 2624 350 BIBLIOTHECARII

3755 289 3859 348 352

505 423 747 478 Joannes
778 421 1130 504 hegumenus
1167 419 1350 475 sancti
1383 417 1652 490 martyris
1687 414 1966 472 meodori
2007 414 2098 470 si-
2121 410 2184 471 A
2219 503 2225 504 γ
2282 415 2480 504 Petrus
2501 414 2854 504 hegumenus
2870 413 2924 470 S.
2955 413 3192 470 Joannis
3209 412 3475 484 Deiloqui
3504 412 3862 470 Cretensium

438 509 674 566 militer.

505 598 860 655 Theodosius
911 597 1266 669 hegumenus
1294 599 1505 652 sancta:
1531 594 1634 650 Dei
1665 593 1970 666 genitricis
2011 591 2102 649 si-

439 687 674 744 militer.

2213 503 2417 560 insulae
2435 503 2727 560 similiter.

1784 898 2036 971 ACTIO
2113 899 2470 984 QUINTA.

505 1123 565 1177 In
596 1123 826 1181 nomine
839 1125 1068 1182 Domini
1085 1130 1142 1181 et
1155 1123 1536 1181 dominatoris
1575 1123 1707 1178 Jesu
1729 1120 1948 1178 Christi
1975 1120 2093 1177 veri

2272 1120 2682 1180 Constantinus
2729 1121 3132 1179 sanctissimus
3175 1123 3479 1192 episcopus
3512 1123 3873 1180 Constantia:

430 1210 530 1266 Dei
565 1212 767 1268 nostri.
811 1213 1052 1284 Imperio
1111 1212 1505 1284 piissimorum
1526 1216 1582 1268 et
1609 1210 1826 1267 Christi
1873 1209 2100 1266 amico—
2202 1209 2372 1281 Cypri
2411 1209 2595 1266 dixit:
2625 1212 2910 1281 Legantur
2933 1211 2993 1266 in
3025 1211 3484 1282 redargutionem
3503 1217 3561 1267 et
3592 1211 3874 1281 publica-

433 1314 560 1355 rum
590 1301 955 1357 dominorum
1021 1306 1350 1358 nostrorum
1404 1299 1766 1356 Constantini
1823 1303 1882 1355 et
1923 1300 2096 1354 [reme

2205 1299 2418 1355 tionem
2454 1299 2814 1356 Christianos
2854 1299 3180 1357 accusantis
3225 1299 3651 1372 pseudosyllogi
3699 1300 3874 1356 illius

434 1388 622 1458 ipsius
650 1403 683 1445 a
711 1391 825 1447 Deo
867 1391 1149 1447 redimita:
1197 1388 1420 1461 matris,
1455 1402 1606 1445 anno
1631 1394 1826 1444 octavo
1879 1399 2098 1443 consu—
2203 1388 2619 1446 conventionis.

431 1474 584 1532 latus
629 1491 846 1549 eorum,
901 1484 1106 1554 quarto
1152 1481 1344 1535 Nonas
1393 1477 1714 1546 Octobrias,
1775 1475 2094 1532 indictione

431 1563 751 1623 undecima.

2275 1479 2546 1534 Leontius
2569 1475 2808 1533 devotus
2830 1482 2886 1533 et
2917 1477 3322 1547 imperatorius
3344 1490 3374 1532 a
3411 1477 3650 1534 secretis
3677 1477 3871 1535 dixit:

2200 1567 2522 1624 Secundum
2556 1567 2876 1638 jussionem
2927 1570 3135 1622 sanctae
3187 1565 3392 1636 synodi
3421 1566 3636 1622 adsunt
3671 1567 3875 1624 divini

498 1653 878 1712 Conveniente
897 1661 1091 1713 sancta
1120 1660 1178 1712 et
1198 1655 1512 1712 universali
1545 1655 1780 1726 synodo,
1828 1669 1954 1724 qua:
1991 1668 2092 1725 per
2123 1653 2174 1714 B
2205 1655 2362 1726 libri,
2401 1656 2502 1727 qui
2536 1655 2646 1727 legi
2685 1655 2924 1711 debent:
2975 1667 3086 1710 non
3123 1654 3308 1711 solum
3339 1650 3588 1728 {autem}
3619 1654 3740 1725 illi,
3770 1658 3875 1712 sed

429 1741 684 1799 divinam
717 1745 958 1816 gratiam
989 1750 1046 1801 et
1076 1744 1226 1815 piam
1259 1745 1610 1800 sanctionem
1653 1743 1977 1799 eorumdem
2008 1742 2094 1798 di-

429 1829 652 1887 vinitus
680 1832 1076 1889 roboratorum
1111 1833 1517 1904 imperatorum
1543 1837 1882 1904 congregata
1910 1835 1996 1887 est
2028 1831 2088 1888 in

429 1919 762 1977 Nicensium
807 1922 962 1978 clara
1008 1922 1305 1992 metropoli
1341 1921 1800 1992 Bithyniensium
1849 1919 2087 1990 provin-

427 2007 567 2062 ciaa:
606 2009 662 2064 id
711 2018 797 2066 est
835 2011 1000 2066 Petro
1067 2009 1540 2066 reverendissimo
1591 2009 2086 2080 archipresbytero

428 2097 810 2154 sanctissimae
840 2099 1103 2154 Romana:
1131 2098 1400 2154 Ecclesia:
1421 2098 1474 2155 S.
1518 2098 1670 2154 Petri
1715 2099 1982 2172 apostoli,
2030 2109 2090 2160 et

426 2188 592 2244 Petro
622 2187 1097 2244 reverendissimo
1143 2187 1469 2260 presbytero
1519 2187 1792 2244 monacho
1817 2194 1872 2244 et
1903 2189 2090 2266 hegu-

429 2290 594 2334 meno
641 2276 988 2334 venerabilis
1038 2277 1374 2334 monasterii
1429 2276 1611 2333 sancti
1661 2276 1856 2334 Sabbae
1899 2277 2089 2335 Romae

428 2366 553 2428 siti,
580 2365 978 2422 obtinentibus
1009 2365 1196 2421 locum
1227 2365 1557 2434 apostolicae
1617 2365 1898 2422 cathedra:
1947 2381 2092 2422 san-

427 2451 680 2510 ctissimi
702 2460 760 2510 et
778 2453 916 2510 almi
942 2453 1364 2524 archiepiscopi
1388 2453 1636 2509 senioris
1675 2455 1863 2509 Romae
1890 2454 2090 2511 Adria-

429 2542 525 2612 ni;
577 2543 927 2614 Tarasioque
975 2543 1345 2598 sanctissimo
1388 2548 1445 2598 et
1472 2542 1623 2598 almo
1651 2542 2086 2614 archiepiscopo

430 2630 622 2702 magni
644 2631 897 2687 nominis
907 2631 1482 2701 Constantinopoleos
1502 2645 1658 2687 novae
1688 2631 1896 2702 Romae,
1915 2637 2088 2703 atque

425 2720 638 2775 Joanne
665 2724 722 2774 et
748 2719 960 2775 Thoma
987 2719 1484 2775 reverendissimis
1518 2719 1866 2790 presbyteris
1897 2733 2089 2775 mona-

427 2807 575 2876 chis,
625 2812 683 2864 et
719 2807 956 2863 vicariis
1003 2806 1450 2878 apostolicarum
1498 2807 1721 2864 sedium
1773 2807 2086 2864 Orientalis

425 2895 761 2952 diteceseos.

2200 1750 2257 1801 et
2288 1744 2525 1816 maligni
2553 1744 2806 1800 nominis
2834 1743 3252 1813 haereticorum,
3289 1743 3390 1812 qui
3417 1741 3490 1798 ab
3515 1743 3658 1799 olim
3691 1743 3884 1800 hono-

2203 1833 2488 1889 rabilibus
2510 1831 2866 1903 imaginibus
2893 1833 3281 1888 detraxerunt.

2269 1923 2470 1979 Sancta
2502 1923 2755 1993 synodus
2789 1921 2978 1976 dixit:
3015 1923 3315 1992 Legantur.

2193 2070 2202 2076 _
2267 2011 2498 2068 Cosmas
2543 2011 2822 2066 diaconus
2871 2005 3192 2086 [notarius]
3237 2016 3294 2066 et
3330 2009 3724 2081 cubuclesius,
3780 2011 3880 2068 le-

2199 2100 2314 2174 git:

2198 2228 2387 2284 Sancti
2424 2226 2619 2294 Cyrilli
2649 2227 3039 2308 archiepiscopi
3066 2227 3558 2308 [dierosolyinorum
3587 2229 3881 2284 institutio

2623 2298 2882 2360 secunda,
2905 2298 3062 2366 cujus
3077 2299 3296 2352 initium
3312 2303 3392 2353 est
3407 2317 3424 2352 :

2267 2424 2468 2479 Dirum
2522 2425 2812 2492 peccatum
2851 2425 2958 2490 est,
3007 2426 3063 2476 et
3110 2420 3450 2493 languorum
3503 2423 3883 2480 suavissimus

2195 2522 2280 2569 est
2312 2512 2517 2568 anima:
2561 2509 2974 2581 praevaricatio.
3029 2511 3094 2567 Et
3128 2518 3253 2581 post
3295 2512 3442 2567 alia:
3489 2512 3673 2581 Quam
3705 2513 3880 2568 enim

2196 2601 2524 2673 Opinionem
2567 2599 2739 2654 habes
2766 2599 2837 2654 de
2867 2599 3437 2657 Nabuchodonosor?
3469 2603 3589 2658 Non
3635 2602 3879 2658 audisti

2193 2703 2226 2746 a
2265 2689 2604 2758 Scripturis,
2649 2687 2786 2758 quia
2820 2687 2896 2742 im
2925 2688 3227 2757 piissimus
3247 2696 3387 2762 erat,
3416 2696 3699 2762 agrestem
3735 2706 3883 2748 mo—

2197 2794 2312 2836 rem
2335 2786 2393 2835 et
2416 2778 2708 2835 leoninum
2757 2777 3114 2846 propositum
3152 2777 3414 2835 habens?
3451 2782 3572 2836 Non
3609 2780 3878 2853 audisti,

2195 2868 2333 2940 quia
2353 2883 2482 2925 ossa
2504 2883 2700 2943 regum
2726 2869 2999 2940 produxit
3021 2867 3079 2925 in
3107 2868 3288 2926 lucem
3313 2869 3342 2924 ‘.’
3359 2883 3468 2925 non
3495 2871 3882 2940 comperisti.

497 2984 913 3042 Residenubus
942 2984 1114 3042 etiam
1143 2991 1274 3042 ante
1303 2984 1758 3042 sacratissimum
1788 2985 2084 3040 ambonem
2115 2963 2162 3024 C
2197 2958 2334 3028 quia
2347 2959 2621 3028 populum
2637 2961 2924 3030 captivum
2946 2957 3294 3016 transtulit?
3313 2960 3434 3014 Non
3451 2958 3694 3030 audisti,
3721 2961 3878 3031 quia

425 3073 623 3142 templi
671 3072 1051 3130 sanctissimae
1082 3087 1296 3146 magna:
1326 3073 1600 3144 ecclesiae,
1629 3089 1754 3145 qua:
1785 3072 2088 3144 cognomi-

425 3166 598 3217 natur
617 3161 849 3232 Sophia,
877 3167 1082 3232 praesto
1099 3161 1484 3218 existentibus
1502 3169 1558 3218 et
1581 3161 1952 3218 audientibus
1974 3161 2090 3232 glo-

424 3248 771 3306 riosissimis
796 3255 853 3306 et
898 3250 1511 3323 magniﬁcentissimis,
1552 3252 1790 3328 Patrona
1818 3249 2089 3306 videlicet

424 3336 892 3394 laudabilissimo
940 3339 1248 3396 exconsule
1297 3339 1562 3410 patricio.
1606 3345 1664 3394 et
1713 3339 1922 3395 comite
1971 3339 2086 3394 Deo

423 3426 744 3482 conservati
780 3427 1103 3497 imperialis
1127 3427 1416 3499 obsequii,
1455 3433 1512 3484 et
1549 3429 1762 3484 Joanne
1793 3426 2080 3497 imperiali

421 3513 664 3570 ostiario
720 3520 778 3570 et
825 3515 1114 3588 logotheta
1163 3517 1439 3572 militaris
1487 3516 1816 3587 logothesii,
1860 3523 1916 3570 et
1965 3519 2080 3570 tota

420 3607 615 3658 sancta
671 3604 886 3674 synodo
929 3604 1241 3660 secundum
1283 3604 1541 3660 ordinem
1585 3603 1988 3672 praecedentem
2025 3602 2082 3656 in

421 3691 606 3760 prima
643 3691 902 3747 actione:
965 3691 1342 3760 praesentibus
1383 3703 1610 3762 quoque
1656 3697 1713 3746 et
1752 3691 1866 3746 Deo
1919 3703 2084 3745 ama—

418 3778 641 3836 biiibus
677 3779 1152 3835 archimandritis
1181 3785 1238 3835 et
1266 3779 1623 3852 hegumenis,
1667 3792 1885 3835 necnon
1921 3779 2079 3836 omni

421 3867 754 3923 monachica
818 3867 1178 3937 plenitudine
1223 3863 1700 3943 [multitudine]_;
1766 3867 2080 3938 propositis

420 3955 639 4011 sanctis
675 3960 731 4010 et
772 3955 1129 4012 intemeratis
1169 3956 1269 4013 Dei
1298 3956 1644 4029 Evangeliis.

486 4043 762 4100 Tarasius
790 4045 1195 4102 sanctissimus
1228 4045 1555 4116 patriarcha
1582 4046 1769 4102 dixit:
1808 4046 1918 4116 Qui
1952 4058 2081 4101 ma-

417 4129 841 4188 nifestationem
873 4131 1196 4190 futurorum
1222 4148 1320 4206 per
1341 4135 1648 4206 prophetas
1671 4134 2078 4206 praenuntiavit

413 4222 583 4285 Deus,
616 4221 700 4277 ait
735 4235 834 4292 per
857 4223 1158 4279 Jeremiam
1191 4224 1520 4295 prophetam
1549 4224 1621 4280 de
1651 4224 1744 4280 his
1773 4224 1873 4295 qui
1905 4223 2077 4279 novi—

2195 3046 2392 3102 oculos
2427 3047 2578 3119 regis
2607 3051 2928 3122 excaacavit,
2981 3047 3399 3119 praaostendens
3427 3048 3480 3102 ei
3526 3047 3684 3104 illius
3728 3063 3876 3106 cum

2195 3135 2638 3192 occiderentur?
2679 3139 2801 3193 Non
2826 3137 3065 3206 audisti,
3099 3135 3237 3208 quia
3274 3135 3570 3192 cherubim
3614 3138 3880 3206 rapuit?

2195 3237 2306 3280 non
2354 3224 2484 3280 dico
2511 3225 2846 3294 spirituales
2878 3227 3011 3283 illos
3049 3232 3105 3282 et
3133 3224 3582 3294 supercualestes,
3621 3225 3724 3282 sed
3764 3226 3916 3298 qui:

2197 3311 2254 3367 in
2281 3313 2492 3383 templo
2513 3320 2676 3370 erant
2703 3314 3019 3372 constructi
3053 3327 3227 3384 supra
3259 3313 3734 3384 propitiatorium
3764 3329 3879 3374 ar—

2193 3415 2291 3472 cae,
2329 3402 2482 3458 intra
2515 3418 2658 3474 quos
2702 3403 3044 3474 loquebatur
3074 3405 3242 3459 Deus.

2262 3491 2672 3547 Sanctissimus
2702 3492 3028 3562 patriarcha
3051 3492 3234 3548 dixit:
3270 3491 3688 3562 intelligamus,
3725 3508 3880 3564 qua-

2193 3579 2326 3634 liter
2365 3579 2724 3650 vituperatus
2751 3582 2830 3640 sit
2850 3581 3390 3652 Nabuchodonosor,
3435 3581 3534 3651 qui
3567 3580 3877 3640 subvertit

2191 3667 2510 3740 cherubim,
2552 3675 2608 3725 et
2638 3669 2862 3740 qualem
2900 3683 3121 3742 poenam
3163 3669 3242 3726 sit
3267 3683 3486 3740 passus.

2260 3757 2462 3814 Sancta
2511 3759 2764 3829 synodus
2813 3759 3000 3816 dixit:
3057 3761 3256 3830 Magna
3308 3758 3497 3828 culpa,
3542 3764 3598 3814 et
3651 3774 3878 3833 magna

2188 3844 2484 3902 damnatio
2515 3843 2658 3920 [Gr.,
2699 3855 2824 3918 post
2849 3846 3072 3917 lapsum
3095 3851 3149 3901 et
3173 3843 3517 3920 damnatio].

2260 3934 2672 3992 Sanctissimus
2695 3936 3020 4006 patriarcha
3045 3935 3228 3992 dixit:
3261 3937 3407 4006 Ergo
3445 3937 3876 4012 unusquisque

2187 4037 2412 4081 sacrum
2452 4026 2612 4095 ejicit
2651 4025 2722 4081 de
2777 4024 3017 4081 ecclesia
3050 4030 3108 4080 et
3147 4024 3446 4096 subvertit,
3491 4025 3680 4082 eidem
3729 4043 3878 4099 p03-

2187 4128 2271 4170 na:
2299 4114 2641 4170 succumbit.

2260 4205 2529 4260 Petronas
2558 4204 3016 4276 gloriosissimus
3053 4203 3336 4276 patricius
3371 4203 3552 4260 dixit:
3587 4207 3872 4278 Magnam

415 4314 587 4366 tatem
634 4311 694 4366 in
731 4311 1073 4368 catholicam
1121 4293 1430 4370 Ecclesiam
1474 4293 1876 4370 introducunt:
1935 4312 2072 4383 quia

2260 4306 2404 4350 mam
2445 4294 2970 4351 Nabuchodonosor
3007 4309 3213 4365 passus
3243 4293 3376 4361 fuit,
3405 4294 3543 4364 quia
3566 4296 3874 4366 expulsus

413 4399 530 4455 duo
573 4399 719 4456 mala
751 4397 1049 4456 fecerunt:
1081 4404 1168 4457 Me
1213 4402 1619 4472 dereliquerunt
1668 4406 1872 4470 fontem
1915 4417 2074 4470 aquae

410 4489 566 4552 vivae,
599 4493 650 4544 et
670 4489 933 4558 foderunt
955 4490 1062 4544 sibi
1090 4490 1240 4545 lacus
1279 4492 1555 4555 contritas,
1587 4494 1685 4562 qui
1707 4508 1909 4562 aquam
1937 4508 2068 4549 con-

411 4579 582 4632 tinere
621 4594 731 4632 non
770 4583 1030 4648 poterunt
1069 4577 1191 4650 (Jer.
1243 4579 1324 4650 ιι).
1371 4581 1550 4636 Lacus
1589 4580 1742 4636 enim
1781 4585 2069 4643 contritus

411 4671 500 4721 est
543 4667 730 4722 omnis
783 4667 1184 4724 haereticorum
1235 4681 1441 4741 sermo,
1487 4682 1556 4726 ex
1601 4684 1716 4741 quo
1757 4671 2075 4732 hauserunt

407 4753 768 4810 Christianos
810 4761 1146 4812 accusantes
1185 4756 1464 4814 haereseos
1491 4766 1864 4828 praeceptores
1893 4768 1949 4818 et
1981 4777 2074 4834 po-

409 4847 673 4898 taverunt
711 4843 1099 4913 simpliciores
1127 4844 1497 4904 subversione
1543 4848 1910 4907 turbulenta:
1945 4853 2074 4922 qui-

406 4930 519 4988 bus
564 4945 645 4988 γε
684 4933 1102 4990 transmittitur
1143 4949 1242 5006 per
1277 4950 1465 4992 vocem
1518 4939 1908 5008 propheticam
1940 4941 2073 5012 (Ha-

410 5019 526 5075 bac.
587 5035 652 5082 ιι,
703 5036 804 5076 sec.
855 5022 1026 5094 LXX).
1093 5024 1351 5082 Hebraeos
1401 5025 1554 5081 enim
1597 5032 1653 5081 et
1704 5027 2067 5096 Sarracenos,

407 5109 652 5181 gentiles
683 5115 738 5164 et
783 5109 1116 5182 Samaritas,
1165 5113 1401 5184 insuper
1438 5120 1494 5169 et
1524 5115 1864 5173 Manichaeos
1893 5125 2068 5188 atque

405 5197 822 5267 Phantasticos,
863 5199 920 5256 id
947 5206 1034 5256 est
1067 5201 1512 5272 'rhe0paschitas
1539 5202 1848 5276 imitantes,
1877 5206 2065 5263 volue-

406 5291 542 5343 runt
603 5287 985 5344 exterminare
1047 5290 1461 5346 venerabilium
1511 5291 1828 5363 imaginum
1893 5294 2066 5352 visio-

405 5388 556 5446 nem,
607 5390 734 5446 quae
765 5376 822 5432 in
854 5384 1048 5433 sancta
1078 5378 1177 5433 Dei
1223 5378 1474 5434 Ecclesia
1522 5379 1807 5438 catholica
1851 5384 2065 5439 tradita

403 5469 491 5521 est
511 5465 584 5521 ab
612 5465 873 5537 antiquis
905 5467 1277 5538 temporibus,
1307 5469 1782 5538 quemadmodum
1810 5475 2065 5528 ostende-

403 5565 503 5616 tur
543 5553 600 5610 in
633 5554 878 5612 lectione
902 5554 1186 5612 librorum
1227 5557 1327 5628 qui
1369 5558 1648 5629 propositi
1692 5565 1843 5616 sunt.

2181 4384 2355 4439 estde
2387 4397 2577 4456 regno,
2602 4390 2658 4438 et
2681 4388 2893 4453 septem
2923 4384 3093 4440 annis
3119 4385 3329 4440 mansit
3355 4384 3415 4439 in
3443 4385 3712 4457 desertis,
3747 4388 3878 4444 sic-

2182 4479 2246 4529 ut
2270 4471 2372 4528 bos
2405 4473 2708 4528 comedens
2737 4471 2943 4528 herbas
2977 4472 3135 4545 (Dan.
3172 4473 3266 4545 ιν).

2247 4561 2479 4618 Cosmas
2502 4561 2802 4633 diaconus,
2837 4563 3098 4620 notarius
3139 4571 3194 4620 et
3226 4563 3614 4636 cubuclesius,
3659 4565 3818 4638 legit
3847 4587 3863 4623 :

2180 4688 2370 4743 Sancti
2397 4686 2676 4754 Symconis
2728 4687 3082 4750 Columnalis,
3131 4691 3228 4758 qui
3272 4691 3332 4742 in
3381 4690 3627 4744 mirabili
3667 4700 3868 4748 monte

2250 4761 2382 4842 fuit,
2415 4759 2643 4828 epistola
2685 4761 2879 4828 quinta
2909 4761 2984 4815 ad
3011 4762 3390 4830 imperatorem
3427 4763 3708 4817 Justitiam
3739 4767 3868 4820 Ju—

2251 4847 2474 4884 morem.

2251 4926 2598 5028 Quis'dabit,
2626 4969 2849 5028 semper
2873 4955 3131 5028 Auguste
3163 4961 3220 5028 et
3243 4955 3389 5013 bone
3413 4958 3666 5028 domine,
3695 4973 3867 5017 ocu—

2181 5027 2255 5082 lis
2284 5028 2424 5083 meis
2453 5026 2633 5084 fontes
2653 5026 3029 5098 lacrymaruin
3063 5029 3131 5084 ad
3166 5027 3477 5099 lugendum
3505 5037 3562 5084 et
3587 5026 3858 5090 nendum

2177 5128 2368 5172 amare
2391 5121 2448 5172 et
2471 5116 2916 5173 intolerabiliter
2942 5117 3211 5173 omnibus
3230 5117 3436 5174 diebus
3464 5119 3688 5176 misera:
3709 5121 3865 5180 vita:

2120 5242 2126 5249 .
2179 5219 2313 5260 meae
2333 5201 2460 5276 (Jer.
2505 5205 2631 5278 1x)?
2652 5205 2786 5275 quia
2836 5203 2944 5260 sub
2965 5205 3162 5262 divino
3193 5207 3312 5263 zelo
3343 5207 3516 5264 vestri
3547 5210 3662 5265 Deo
3695 5212 3866 5268 redi-

2177 5295 2305 5350 miti
2341 5291 2480 5368 [Deo
2509 5290 2795 5368 coronati]
2833 5300 2890 5350 et
2917 5294 3402 5352 Christianissimi
3435 5298 3666 5367 imperii
3699 5301 3863 5360 talia

2175 5389 2334 5440 extra
2363 5396 2584 5439 omnem
2623 5383 2901 5438 rationem
2935 5383 3252 5454 impietatis
3277 5385 3369 5456 agi
3401 5397 3864 5456 praesumuntur
3895 5433 3911 5442 .

2174 5473 2245 5528 ab
2265 5473 2358 5528 his
2377 5471 2475 5543 qui
2501 5471 2627 5527 sine
2649 5473 2762 5527 Deo
2782 5478 2940 5543 sunt,
2967 5473 3266 5528 Samaritis
3291 5475 3579 5548 videlicet,
3603 5478 3861 5548 qui-su—

2176 5575 2277 5632 pra
2297 5574 2520 5619 omnem
2548 5560 2975 5618 immunditiam
3007 5561 3216 5632 polluti
3239 5569 3296 5619 et
3324 5566 3658 5622 exsecrandi
3690 5580 3859 5624 con-
