4012 6162
189 235 280 294 353
937 243 1481 300 INTERPRETATIO
1514 242 1762 301 SYNODI
1801 242 1899 300 vn
1932 244 2335 307 GENERALIS.
2362 283 2437 294 —
2468 254 2668 313 ACTIO
2707 259 2767 311 v.
2952 234 2965 251 '
3471 260 3578 320 354

190 366 410 459 sistunt;
432 366 653 459 quique
671 367 933 459 habitant
957 383 1166 440 eaquae
1185 371 1463 427 dicuntur
1477 373 1671 428 Castra
1683 373 1816 442 jux-
1846 380 1896 436 Α
1933 373 2031 443 qui
2069 370 2249 450 [non]
2282 377 2637 446 splendebit:
2672 385 2728 436 et
2753 382 3260 440 anathematizabit
3293 383 3583 459 [catathe-

190 461 236 509 ta
284 456 565 510 civitatem
616 458 1091 528 Prophyreonem,
1153 460 1211 514 in
1256 461 1572 516 venerabili
1626 463 1813 530 domo,
1934 463 2266 539 matizabit]
2299 480 2399 523 eos
2424 467 2482 522 in
2508 466 2887 525 inferioribus
2910 470 3099 541 abyssi
3132 456 3503 542 ipsesanctus
3523 484 3580 534 et

191 559 334 635 quam
357 546 473 600 Deo
496 545 801 635 placabile
834 547 1141 616 imperium
1182 554 1431 605 vestrum
1481 551 1658 619 jussit
1691 550 1816 606 illic
1928 552 2291 621 omnipotens
2311 555 2566 625 Spiritus
2588 558 2718 613 Jesu
2739 558 2956 614 Christi
2979 561 3208 616 Domini
3233 564 3437 632 nostri,
3472 567 3574 635 qui

190 634 610 702 ediﬁcari.Qu2e
640 635 942 691 subtiliter
970 637 1116 692 sciet
1144 639 1647 707 vestrafdivinitus
1672 654 1818 694 con-
1926 653 1994 695 ex
2026 642 2190 698 Patre
2220 645 2497 717 procedit,
2525 647 2599 706 ad
2644 646 2992 716 perdendum
3033 649 3167 705 illos
3198 650 3256 705 in
3292 634 3577 708 infinitam

191 723 435 778 servanda
486 724 887 793 tranquillitas
918 739 1015 794 per
1057 739 1121 781 ea
1153 740 1279 796 qua:
1327 727 1649 797 signiﬁcata
1680 733 1816 783 sunt
1928 729 2325 796 perditionem.
2361 734 2521 788 Hunc
2568 734 2720 790 enim
2767 735 2947 792 zelum
2993 736 3156 793 vobis
3186 744 3438 810 strenue,
3467 742 3580 797 Deo

190 812 483 867 humilitati
515 816 725 868 nostra:
745 826 776 867 a
798 812 973 869 Paulo
992 815 1360 870 sanctissimo
1380 816 1648 885 episcopo
1667 817 1817 885 ejus-
1924 820 2293 875 conservandi
2340 826 2396 875 et
2437 822 2907 893 triumphatores,
2962 824 3021 879 in
3078 825 3268 895 ipsum
3313 828 3416 897 qui
3446 842 3577 884 cum

184 901 287 956 dem
316 901 756 974 Porphyreonis,
790 907 846 957 et
872 903 1045 958 missa
1070 909 1205 958 sunt
1228 904 1395 959 nobis
1425 919 1457 960 a
1483 904 1815 961 beatissimo
1926 904 2134 973 pietate
2162 913 2345 963 vestra
2389 915 2606 981 regnat,
2640 910 3004 983 unigenitum
3043 914 3580 972 demonstrantibus

184 989 416 1045 Orientis
444 992 792 1060 patriarcha,
817 991 919 1062 qui
951 996 1007 1047 et
1035 992 1156 1061 ipse
1184 1007 1358 1062 super
1382 993 1488 1049 hoc
1507 994 1816 1049 vehemen—
1922 995 2119 1065 Deum,
2156 1010 2328 1067 super
2373 998 2720 1055 sacriﬁcium
2757 1000 2998 1056 Abrahae
3049 1003 3453 1073 suscipiemini
3502 1005 3576 1061 ab

183 1079 482 1134 terdoluit-
510 1085 725 1149 quanto
748 1080 931 1151 magis
947 1081 1397 1137 mansuetissimi
1427 1077 1574 1155 [Gr.,
1604 1082 1808 1152 quidni
1921 1083 2047 1150 ejus
2075 1090 2409 1142 cunctorum
2445 1087 2785 1157 inspectrice
2826 1088 3078 1145 deitate:
3111 1096 3168 1146 et
3197 1092 3311 1148 erit
3346 1106 3578 1163 peram-

182 1168 312 1222 enim
339 1166 562 1227 mansi
594 1169 885 1238 principes
903 1169 931 1222 ‘?
948 1171 1267 1225 Praesertim
1287 1184 1415 1226 cum
1437 1176 1493 1225 et
1520 1171 1813 1226 inanima—
1924 1172 2078 1241 plius
2106 1173 2489 1241 benedictum,
2515 1178 2769 1245 potentia
2791 1178 3028 1235 virtutis
3047 1180 3196 1249 ejus,
3228 1186 3285 1236 et
3319 1182 3576 1254 magniﬁ-

180 1262 257 1312 tos
282 1256 500 1325 lapides
521 1256 853 1326 bujusmodi
885 1257 1210 1327 impietates
1232 1256 1672 1333 facere[facile]
1698 1258 1813 1315 suf-
1920 1266 2109 1316 catum
2151 1262 2382 1318 Christo
2424 1264 2700 1320 dilectum
2758 1266 3064 1336 imperium
3122 1275 3375 1326 vestrum
3401 1285 3575 1341 super

182 1346 391 1400 ﬁcerent
429 1346 770 1414 exclamare,
799 1360 943 1416 quas
993 1348 1051 1402 in
1086 1349 1387 1417 praesentia
1416 1349 1565 1403 vidit
1596 1349 1814 1418 prmdi—
1920 1350 2113 1405 omnia
2158 1352 2529 1419 prmcedentia
2557 1368 2764 1426 regna:
2813 1356 3086 1425 quoniam
3119 1357 3231 1427 ipsi
3262 1364 3351 1414 est
3381 1359 3569 1431 gloria

180 1441 290 1489 ctus
314 1434 720 1493 sanctissimus
752 1435 1026 1504 pontifex.
1052 1438 1273 1492 Etenim
1300 1452 1474 1507 super
1496 1442 1731 1494 mortem
1754 1440 1811 1492 et
1922 1438 1981 1493 in
2014 1439 2219 1495 saecula
2244 1441 2604 1498 smculorum.
2638 1442 2835 1499 Amen.

180 1524 541 1592 perditionem
558 1530 881 1593 reputatum
895 1525 1062 1580 estab
1078 1526 1405 1581 humilitate
1427 1530 1807 1597 nostra.quod
1991 1528 2262 1587 Tarasius
2313 1530 2716 1587 sanctissimus
2769 1532 3091 1601 patriarcha
3134 1534 3324 1591 dixit:
3372 1537 3568 1593 Nostis

178 1626 390 1683 quoquo
419 1615 592 1669 modo
613 1613 681 1669 ad
707 1614 943 1670 auditus
966 1620 1193 1671 nostros
1213 1616 1431 1671 venerit
1451 1616 1587 1671 talis
1614 1617 1812 1685 impie"
1922 1616 2143 1686 qualem
2178 1618 2515 1673 sententiam
2542 1620 2872 1677 exhibuerit
2895 1623 3059 1678 Pater
3078 1624 3108 1677 ?

178 1702 1069 1771 tas,qu:esuperexceditomnem
1095 1705 1377 1759 actionem
1396 1704 1803 1775 blasphemam,
1838 1697 1892 1758 B
1990 1705 2239 1762 Basilius
2278 1707 2680 1764 sanctissimus
2723 1710 3028 1780 episcopus
3089 1711 3325 1785 Ancyrae
3370 1715 3558 1772 dixit:

181 1795 561 1860 praesumptam
596 1792 653 1846 in
688 1792 743 1846 id
772 1792 961 1861 ipsum
1005 1792 1104 1848 Dei
1160 1793 1424 1862 Verbum,
1471 1794 1619 1864 quod
1666 1808 1807 1863 pro-
1916 1793 2099 1847 Etiam
2124 1794 2481 1865 indulgentia
2510 1811 2607 1851 eos
2637 1798 3233 1869 indignosjudicavit.

181 1884 286 1947 pter
305 1893 408 1935 nos
438 1881 800 1936 incarnatum
826 1885 932 1950 est,
960 1886 1015 1936 et
1038 1881 1097 1936 in
1130 1882 1551 1938 sanctissimam
1584 1896 1649 1937 ac
1675 1883 1809 1954 glo—
1984 1882 2224 1937 Joannes
2272 1884 2781 1941 reverendissimus
2829 1888 3160 1959 monachus,
3206 1894 3263 1945 et
3307 1891 3564 1949 vicarius

181 1969 371 2024 riosam
423 1970 524 2024 Dei
585 1970 941 2040 genitricem,
990 1974 1161 2041 atque
1220 1971 1279 2025 in
1326 1971 1704 2027 venerabilem
1740 1985 1806 2028 ac
1914 1970 2294 2027 Orientalium
2324 1973 3095 2046 pontiﬁcum,dixit:Liqnet
3116 1978 3563 2051 omnibus,quia

180 2059 465 2125 pretiosam
492 2072 741 2121 crucem,
775 2072 989 2114 necnon
1023 2064 1080 2114 et
1124 2060 1183 2114 in
1214 2065 1440 2116 sanctos
1474 2061 1617 2129 ejus.
1661 2062 1808 2117 Pro-
1913 2059 2207 2114 Samaritm
2240 2060 2458 2129 pejores
2504 2066 2639 2117 sunt
2684 2061 2823 2117 aliis
2854 2063 3172 2119 haereticis:
3223 2073 3281 2120 et
3325 2066 3562 2123 haeresis

183 2153 289 2214 pter
316 2147 461 2215 quod
490 2151 998 2202 commemorantes
1026 2148 1389 2219 suggerimus
1414 2149 1634 2204 divinis
1652 2150 1805 2204 auri-
1912 2161 2106 2203 eorum
2149 2149 2326 2204 nimis
2355 2149 2636 2218 ejicienda
2674 2155 2728 2205 et
2756 2164 2923 2219 prava
2953 2156 3061 2223 est,
3092 2157 3148 2207 et
3175 2167 3207 2209 a
3238 2155 3421 2225 gratia
3445 2169 3562 2211 om-

180 2232 274 2289 bus
290 2234 509 2306 vestris,
537 2235 809 2305 quoniam
838 2235 888 2290 si
918 2235 1193 2304 piissima:
1219 2235 1495 2293 bonarum
1521 2237 1803 2293 victoria-
1912 2236 2050 2292 nino
2069 2237 2399 2309 longinqua.
2418 2240 2614 2308 Itaque
2629 2238 2814 2293 oratio
2831 2239 3263 2309 demonstravit,
3279 2242 3552 2312 quoniam

183 2337 289 2378 rum
331 2330 646 2379 vestrarum
690 2324 842 2395 leges
880 2323 1102 2393 jubent,
1150 2324 1398 2396 imagine
1439 2326 1803 2394 imperatoris
1913 2324 1971 2380 hi
1995 2326 2465 2395 quivenerabiles
2489 2327 3059 2397 iconassubvertunt,
3083 2330 3398 2386 deteriores
3417 2336 3556 2387 sunt

180 2411 395 2480 injuriis
416 2412 701 2482 lacessita,
728 2412 896 2467 morti
917 2426 1193 2482 supremae
1208 2427 1274 2468 ac
1298 2414 1803 2483 perniciosissimae
1914 2413 2065 2468 istis.
2092 2414 2339 2484 Dignum
2370 2429 2504 2485 ergo
2533 2420 2620 2470 est
2644 2411 2792 2487 [Gr.,
2814 2415 2966 2471 Satis
3000 2420 3189 2472 autem
3214 2415 3333 2492 est]
3360 2418 3557 2475 nomi—

179 2500 477 2565 tradendos,
514 2501 616 2571 qui
652 2501 759 2557 hoc
787 2501 981 2557 conari
1037 2502 1522 2571 prmsumpserint,
1565 2509 1798 2573 quanta.
1913 2514 2046 2555 nare
2068 2501 2201 2556 illos
2238 2502 2564 2558 Samarites.

182 2592 345 2659 putas,
367 2590 526 2661 digni
550 2595 689 2645 sunt
716 2589 1080 2646 damnatione
1106 2589 1165 2645 in
1190 2590 1591 2659 perditionem,
1615 2591 1713 2661 qui
1740 2592 1798 2647 in
1977 2589 2388 2645 Constantinus
2444 2590 2850 2646 sanctissimus
2895 2591 3168 2660 epicopus
3209 2591 3558 2649 Constantia;

183 2677 460 2747 imaginem
487 2677 622 2733 Filii
664 2679 764 2733 Dei
795 2682 852 2732 et
878 2678 1256 2734 sanctissima
1287 2692 1353 2733 ac
1397 2679 1659 2749 gloriosae
1694 2679 1797 2735 Dei
1907 2677 2245 2747 Cypridixit
2266 2697 2279 2732 :
2301 2679 2414 2749 Ego
2435 2678 2667 2747 quidem
2692 2678 3006 2749 imaginum
3038 2678 3378 2736 infractores
3396 2684 3557 2738 tanto

180 2764 610 2821 Genitriciscum
634 2766 790 2821 omni
817 2766 1092 2821 ineﬁabili
1124 2763 1478 2840 [indicibili]
1506 2767 1801 2837 impuden-
1910 2766 2129 2834 pejores
2157 2766 2460 2822 Samaritis
2500 2766 2775 2829 arbitror,
2826 2771 3041 2837 quanto
3095 2767 3185 2823 illi
3228 2768 3558 2840 ignoranter

181 2852 956 2924 tiaetimpietate,etpropter
976 2855 1213 2910 nimiam
1234 2855 1671 2925 malitiam,non
1706 2856 1799 2910 ha-
1906 2858 2163 2924 egerunt,
2213 2868 2343 2910 cum
2399 2859 2590 2910 essent
2631 2854 2807 2909 alieni
2854 2868 2887 2909 a
2938 2855 3401 2912 Christianismo.
3453 2857 3555 2913 Isti

180 2938 424 3012 beoquod
441 2944 651 3014 dicam,
671 2943 810 2998 talia
828 2949 1330 3013 prmsumpserunt,
1352 2944 1510 3000 nulla
1535 2944 1593 2999 in
1619 2944 1705 2999 eis
1721 2942 1799 2999 fa-
1905 2954 2036 2996 vero
2067 2942 2312 2997 scienter
2342 2940 2617 3006 fecerunt,
2659 2948 2716 2998 et
2750 2942 2935 2998 idciro
2968 2943 3195 3016 indigni
3226 2948 3362 3000 sunt
3392 2945 3555 3001 satis-

180 3034 256 3082 eta
275 3030 628 3087 misricordia
647 3031 849 3087 ‘lUnde
863 3031 1228 3088 obsecramus
1248 3032 1792 3088 victoriosissimum
1826 3034 1875 3099 ί]
1907 3028 2190 3100 factione;
2218 3031 2373 3087 sicut
2399 3031 2552 3086 enim
2583 3032 2863 3101 scriptum
2897 3037 2984 3088 est
3011 3051 3023 3087 :
3059 3033 3164 3098 Qui
3192 3038 3340 3087 ηουιί
3364 3035 3557 3089 volun-

182 3118 455 3188 imperium
486 3126 760 3189 vestrum,
808 3134 875 3176 ne
918 3119 1093 3176 faciat
1122 3121 1575 3177 misericordiam
1610 3121 1669 3176 in
1698 3135 1796 3177 eos
1904 3123 2068 3173 tatem
2132 3120 2339 3174 domini
2391 3122 2499 3183 sui,
2552 3125 2602 3174 et
2651 3135 2761 3174 non
2815 3122 2973 3187 facit,
3027 3122 3316 3190 vapulabit
3362 3123 3554 3177 multis

182 3207 265 3275 qui
283 3207 381 3263 hoc
394 3222 556 3280 agere
575 3209 705 3265 ausi
729 3214 883 3279 sunt,
907 3223 1090 3279 neque
1108 3215 1304 3278 parcat
1327 3209 1432 3279 eis,
1458 3222 1640 3280 neque
1663 3222 1796 3280 qua-
1902 3206 2060 3278 (Luc.
2096 3208 2187 3280 II).

177 3291 486 3367 lemcunque
528 3298 974 3367 postulationem
1022 3298 1106 3353 vel
1159 3299 1435 3354 rationem
1467 3312 1640 3368 super
1671 3298 1795 3354 illis
1972 3297 2244 3353 Nicolans
2300 3297 2705 3353 sanctissimus
2755 3298 3059 3367 episcopus
3117 3299 3305 3369 Cyzici
3355 3299 3546 3355 dixit:

174 3384 411 3455 accipiat,
446 3400 515 3441 ne
538 3386 597 3441 in
627 3385 787 3441 aliud
817 3386 955 3455 quid
977 3391 1291 3448 vertantur,
1329 3386 1502 3442 sicuti
1525 3388 1642 3455 jam
1663 3387 1791 3441 visu
1902 3384 2041 3439 Ecce
2070 3398 2173 3455 ego
2218 3399 2416 3440 servus
2461 3385 2740 3440 minimus
2770 3386 3047 3441 sanctatis
3085 3392 3284 3442 vestrae
3326 3386 3543 3442 librum

172 3470 417 3543 videram,
456 3474 724 3530 indicans
764 3474 1021 3546 Augusto
1061 3488 1252 3530 mense
1284 3475 1651 3533 sanctissimo
1674 3479 1731 3530 et
1758 3489 1791 3531 a
1901 3471 2092 3528 defero
2123 3473 2304 3528 sancti
2334 3472 2518 3528 Patris
2546 3472 2729 3528 nostri
2758 3472 2996 3529 Joannis
3023 3473 3276 3543 episcopi
3316 3474 3548 3529 Thessa-

167 3557 266 3613 Deo
284 3561 780 3617 honorabilissimo
816 3562 1171 3632 patriarchae,
1193 3562 1526 3634 signiﬁcans
1556 3563 1790 3619 interim
1903 3561 2124 3631 Ionicae,
2156 3566 2212 3616 et
2237 3560 2463 3631 postulo
2491 3560 2741 3615 recitari.

169 3644 258 3702 hoc
285 3650 429 3719 apud
477 3664 537 3706 se
579 3651 952 3706 servandum:
988 3664 1171 3722 neque
1220 3651 1373 3706 enim
1427 3650 1791 3707 abscondita
1969 3650 2172 3706 Sancta
2203 3650 2455 3719 synodus
2483 3648 2667 3705 dixit:
2704 3649 3014 3706 Recitetur.

164 3735 316 3791 nobis
348 3740 487 3795 Deus
529 3739 907 3811 cogitationes
935 3752 1153 3795 eorum.
1188 3736 1346 3795 Unde
1393 3745 1585 3796 certus
1636 3754 1784 3810 sum,
1969 3740 2039 3794 Et
2061 3738 2352 3808 accipiens
2372 3738 2695 3794 Demetrius
2729 3738 3240 3795 reverendissimus
3259 3738 3541 3796 diaconus

162 3837 367 3895 semper
392 3828 633 3899 Augusti
668 3828 1060 3899 imperatores,
1089 3828 1240 3898 quod
1274 3842 1385 3884 non
1416 3827 1651 3884 sufferat
1676 3831 1786 3885 Deo
1897 3831 1953 3882 et
1981 3826 2378 3898 sceuophylas,
2401 3826 2560 3898 legit.

161 3915 537 3972 conﬁrmatum
568 3931 667 3971 cor
696 3920 966 3985 vertrum,
997 3917 1145 3987 quod
1178 3917 1364 3985 ipsins
1392 3922 1479 3972 est
1505 3917 1784 3987 magnitu-

160 3998 665 4075 dineillustratum,
681 4009 892 4060 tantam
923 4005 1345 4061 inhonorantiae
1362 4006 1780 4074 procacitatem,

162 4103 317 4157 quam
336 4106 618 4163 nunquam
640 4094 934 4163 hucusque
949 4093 1297 4161 audivimus,
1314 4092 1580 4149 fortassis
1594 4098 1783 4149 autem

162 4190 251 4231 nee
278 4180 426 4237 alius
450 4182 754 4253 quisquam
792 4182 1245 4237 Chritianorum.
1273 4183 1378 4237 Sed
1418 4183 1623 4251 adjuro
1661 4195 1780 4254 vos,
1919 4177 1939 4197 '
1964 4184 2154 4253 Usque
2204 4197 2356 4239 nunc
2410 4182 2715 4238 Dominum
2762 4186 3020 4240 nostrum
3049 4188 3105 4239 et
3140 4184 3330 4241 Jesum
3381 4184 3541 4240 Chri~

162 4265 391 4339 domine,
418 4285 516 4341 per
540 4272 868 4327 Emmanuel
895 4273 1069 4327 Deum
1099 4272 1407 4342 excelsum,
1437 4285 1507 4326 ne
1537 4270 1785 4327 suifera-
1895 4275 2047 4328 stum
2075 4275 2299 4328 tentans
2326 4274 2646 4340 perseverat
2685 4270 2961 4326 inimicus
2992 4271 3052 4326 in
3082 4285 3288 4327 eremo.
3321 4272 3391 4327 Et
3414 4276 3541 4342 post

164 4354 234 4410 tis
254 4359 440 4415 saltem
467 4362 537 4417 ad
571 4360 856 4416 modicum
906 4361 1047 4431 quid
1092 4360 1217 4416 ﬁeri
1247 4361 1535 4416 decentem
1582 4360 1785 4416 vindi—
1813 4372 1865 4432 ι)
1896 4374 2108 4430 pauca:
2141 4360 2391 4416 Gentilis
2415 4358 2603 4416 dixit:
2652 4360 2760 4414 Vos
2790 4372 2925 4429 ergo
2958 4359 3017 4414 in
3048 4358 3311 4415 ecclesiis
3343 4359 3542 4431 imagi-

168 4450 294 4501 ctam
318 4467 333 4509 ς
360 4451 446 4506 sed
472 4449 725 4519 jubeatis
753 4449 981 4519 exquiri
1008 4448 1181 4506 etiam
1224 4449 1327 4505 illa
1376 4463 1503 4520 qum
1524 4450 1583 4505 in
1613 4454 1782 4519 puteo
1893 4463 1993 4505 nes
2029 4463 2139 4505 non
2172 4448 2415 4520 pingitis
2459 4447 2675 4503 sanctis
2703 4446 2930 4517 vestris,
2978 4452 3037 4503 et
3076 4447 3333 4504 adoratis
3358 4448 3541 4504 illas?

172 4529 297 4590 facta
322 4543 444 4593 sunt
488 4553 521 4595 a
554 4538 734 4594 nimia
764 4552 959 4595 eorum
988 4544 1044 4596 et
1075 4539 1322 4609 pessima
1354 4540 1646 4610 nequitia,
1686 4552 1785 4594 se—
1890 4544 1948 4594 et
1978 4552 2089 4595 non
2112 4538 2297 4593 solum
2323 4537 2561 4609 sanctis,
2593 4537 2690 4593 sed
2716 4541 2772 4592 et
2795 4537 2907 4606 ipsi
2929 4537 3042 4592 Deo
3066 4541 3290 4592 vestro:
3326 4536 3410 4591 sic
3433 4550 3537 4591 er—

173 4626 391 4683 cnndum
419 4634 664 4684 tenorem
690 4627 945 4697 epistola:
967 4641 1093 4699 quae
1116 4628 1186 4684 ad
1210 4632 1461 4683 nostram
1485 4625 1783 4683 mediocri-
1892 4641 1961 4699 go
1985 4626 2203 4682 aestima
2232 4632 2289 4682 et
2318 4640 2422 4681 nos
2443 4626 2751 4682 simulacra
2799 4623 3049 4682 circumi
3082 4629 3294 4695 ventes,
3328 4639 3441 4681 non
3465 4639 3530 4682 ea

176 4714 320 4768 tatem
347 4716 673 4771 transmissa
703 4720 824 4771 est:
862 4715 1097 4771 minime
1134 4715 1494 4782 permittente
1524 4728 1781 4771 mansue-
1890 4717 2143 4787 adorare,
2177 4716 2272 4772 sed
2306 4715 2692 4784 incorporales
2716 4715 2977 4770 virtutes.
3006 4729 3133 4786 quae
3162 4728 3261 4785 per
3287 4714 3389 4771 illa
3421 4714 3535 4785 pla-

180 4798 368 4859 tissima
386 4805 774 4861 dominatione
794 4808 997 4859 vestra.
1033 4804 1082 4859 si
1108 4803 1252 4860 forte
1282 4804 1609 4874 putaverint
1638 4803 1781 4874 qui-
1888 4811 2110 4861 cantur.
2138 4806 2380 4861 Sanctus
2416 4803 2605 4858 dixit:
2634 4804 2738 4859 Sed
2770 4818 2873 4860 nos
2904 4803 3184 4875 imagines
3229 4803 3527 4861 hominum

175 4887 280 4944 dam
304 4893 681 4949 subscminare
714 4894 1073 4963 importunos
1099 4908 1408 4961 sermones,
1449 4908 1578 4950 cum
1609 4896 1772 4965 quasi
1889 4894 2190 4963 factorum,
2213 4897 2538 4949 sanctorum
2569 4892 2837 4948 videlicet
2861 4907 3152 4949 servorum
3182 4895 3280 4948 Dei
3311 4898 3367 4949 et
3390 4907 3529 4950 cor—

176 4973 444 5037 Dominica:
473 4983 591 5038 sint
622 4983 920 5052 potestatis
949 4980 1097 5056 [6:2,
1121 4998 1175 5053 q.
1210 4983 1279 5038 ad
1312 4984 1563 5039 dominae
1589 4986 1627 5040 i.
1652 4987 1780 5041 An-
1891 4998 2025 5054 pora
2058 4983 2365 5039 ferentium
2408 4980 2654 5038 facimus
2698 4982 2767 5037 ad
2818 4982 3229 5039 recordandum
3258 4988 3315 5039 et
3344 4983 3532 5039 hono-

181 5077 321 5134 gustze
352 5078 672 5141 potestatem
716 5069 1099 5146 pertineant],
1132 5075 1245 5128 Deo
1277 5073 1377 5143 qui
1412 5074 1572 5129 dedit
1615 5074 1778 5131 vobis
1890 5074 2131 5129 randum
2148 5086 2279 5127 eos:
2310 5075 2366 5126 et
2388 5070 2537 5125 nihil
2567 5071 2948 5141 incongruum
2970 5083 3275 5139 operamur
3303 5070 3531 5141 pingen-

182 5153 670 5229 imperium,taliter
693 5174 865 5229 super
892 5174 1113 5216 omnem
1148 5160 1497 5230 impietatem
1538 5161 1777 5232 injuriis
1817 5218 1833 5232 ,
1888 5167 1971 5218 tes
1991 5176 2088 5218 eos
2108 5161 2307 5232 quales
2334 5164 2390 5215 et
2420 5158 2691 5215 fuerunt:
2721 5171 2907 5229 neque
2927 5158 3080 5215 enim
3110 5159 3339 5231 agimus
3367 5154 3521 5231 [Gr..

180 5244 368 5305 alecto:
405 5256 465 5305 ut
488 5256 544 5304 et
563 5249 754 5305 caeteri
780 5262 977 5306 eorum
996 5249 1258 5305 timorem
1290 5250 1531 5306 habeant
1550 5252 1778 5307 cunctis
1889 5246 2195 5324 ﬁngimus]
2225 5250 2537 5306 secundum
2566 5262 2685 5316 vos,
2711 5260 2893 5319 neque
2916 5247 3369 5317 incorporalium
3393 5259 3529 5315 quo-

177 5331 339 5392 diebns
373 5338 685 5394 maledicus
714 5351 779 5393 ac
810 5343 1119 5409 segregata}
1142 5338 1272 5393 vita:
1303 5338 1594 5407 ipsorum:
1631 5354 1777 5410 quos
1887 5341 2147 5396 rumdam
2207 5338 2531 5408 corporales
2608 5338 2967 5393 characteres
3029 5337 3518 5391 demonstramus:

174 5427 525 5497 etsnscipient
548 5431 801 5497 cognata:
830 5427 1075 5490 tenebrae
1106 5442 1225 5484 sua:
1267 5428 1325 5483 in
1351 5428 1774 5485 damnationem
1887 5429 1983 5485 sed
2012 5433 2069 5483 et
2096 5428 2416 5498 adorantes,
2468 5440 2581 5484 non
2636 5426 2936 5497 imagines,
2972 5429 3033 5481 ut
3079 5422 3250 5477 etiam
3279 5426 3341 5475 tu
3390 5433 3524 5488 prae-

172 5516 342 5571 rermis
362 5511 651 5590 [cineris]
687 5516 787 5587 qui
833 5522 1192 5574 comesturus
1224 5520 1312 5573 est
1338 5515 1489 5588 illos,
1540 5521 1597 5573 et
1621 5517 1775 5590 ignis
1884 5517 2111 5588 dixisti,
2140 5517 2236 5574 sed
2265 5530 2364 5574 eos
2392 5516 2493 5588 qui
2527 5529 2626 5585 per
2652 5514 2933 5585 picturam
2978 5509 3329 5578 indicantur,
3352 5504 3524 5577 glori-

1895 3972 2122 4025 Joannis
2157 3973 2392 4041 episcopi
2440 3972 2826 4096 Thessalonica;
2855 3971 2920 4025 de
2950 3986 3207 4044 sermone,
3233 3973 3391 4042 cujus
3424 3975 3546 4027 ini-

2585 4044 2722 4096 tium
2746 4058 2798 4095 es
2841 4060 2857 4095 :

2585 4044 2722 4096 tium
2746 4047 2857 4096 est:
