4016 6168
423 224 530 283 355

1649 217 2005 274 ANASTASII
2055 216 2594 276 BLBLIOTHECARII

423 355 700 411 ﬂeamus:
725 357 782 408 et
813 353 918 410 hos
943 365 1054 408 non
1077 355 1143 408 ut
1160 347 1547 422 deos(absit),
1575 349 1670 406 sed
1708 353 1772 406 ut
1812 346 2074 419 proprios
2099 345 2159 404 A
2252 347 2524 406 Tarasius
2561 349 2966 407 sanctissimus
2997 351 3320 420 patriarcha
3353 351 3536 406 dixit:
3575 349 3830 409 Auribus

423 457 614 500 servos
638 449 695 498 et
721 441 938 498 amicos
963 441 1087 512 Dei,
1114 445 1170 496 et
1208 440 1475 496 ﬁduciam
1517 439 1788 494 habentes
1821 437 2074 493 interce—

421 531 592 588 dendi
623 545 724 601 pro
761 531 946 587 nobis.
969 530 1040 586 At
1085 543 1216 586 vero
1260 529 1538 601 imagines
1583 527 1683 582 Dei
1709 526 1970 589 facimus,
2014 525 2070 580 id

421 626 527 689 est,
555 619 785 676 Domini
807 623 862 676 et
890 619 1200 675 Salvatoris
1230 619 1416 674 nostri
1437 619 1570 673 Jesu
1591 615 1830 684 Christi,
1869 628 2076 684 quem—

422 709 726 764 admodum
753 707 913 764 visus
935 713 1022 763 est
1047 721 1220 778 super
1246 712 1476 778 terram,
1503 711 1559 760 et
1583 718 1711 761 cum
1740 701 2074 758 hominibus

420 801 790 854 conversatus
812 801 917 864 est,
946 796 1098 852 hunc
1127 796 1443 868 pingentes,
1479 799 1536 850 et
1561 807 1672 849 non
1700 797 1764 848 ut
1799 789 2075 862 intelligi-

423 892 520 941 tur
544 891 746 942 natura
770 887 938 941 Deus.
980 883 1115 953 Quae
1150 885 1303 942 enim
1330 884 1656 940 similitudo
1693 886 1798 951 est,
1841 880 1928 936 vel
1969 879 2068 950 qui

424 974 658 1030 habitus
684 974 1006 1044 incorporei
1049 977 1106 1028 et
1135 973 1259 1030 sine
1297 974 1582 1030 schemate
1619 970 1788 1028 Verbi
1833 968 2020 1025 Patris
2043 967 2072 1021 ‘P

419 1063 676 1132 Spiritus
695 1063 847 1118 enim
872 1067 959 1118 est
985 1065 1156 1131 Deus,
1207 1067 1271 1118 ut
1311 1063 1590 1132 scriptum
1616 1064 1702 1117 est
1738 1059 1928 1132 (Joan.
1954 1071 2010 1113 1v
2032 1056 2068 1128 ),

425 1151 482 1206 id
511 1155 618 1223 est,
643 1157 850 1207 sancta:
873 1155 930 1208 et
949 1151 1462 1208 consubstantialis
1501 1149 1806 1206 Trinitatis
1843 1152 2068 1205 natura.

421 1239 526 1296 Sed
559 1239 831 1310 quoniam
879 1240 1234 1310 beneplacito
1262 1240 1360 1296 Dei
1407 1244 1464 1294 et
1491 1239 1698 1309 Patris,
1725 1237 2074 1294 descendens

424 1328 762 1400 unigenitus
802 1329 990 1386 Filius
1029 1329 1162 1398 ejus
1177 1335 1234 1384 et
1257 1330 1405 1385 Deus
1434 1327 1678 1384 Verbum
1715 1341 1746 1382 e
1767 1326 1948 1398 ctelis,
1975 1325 2073 1380 in—

423 1423 692 1475 carnatus
734 1421 821 1474 est
873 1423 1105 1489 propter
1145 1417 1385 1474 salutem
1445 1421 1695 1473 nostram
1737 1415 1808 1471 de
1847 1412 2071 1484 Spiritu

425 1511 622 1564 sancto
663 1512 722 1563 et
769 1507 1104 1563 intemerata
1149 1507 1374 1579 virgine
1414 1505 1514 1562 Dei
1563 1505 1841 1576 genitrice
1869 1501 2068 1573 Maria,

424 1597 839 1653 humanitatem
867 1597 993 1666 ejus
1014 1595 1329 1668 pingimus,
1355 1609 1466 1652 non
1502 1593 1918 1664 incorporalem
1938 1591 2072 1646 dei—

2185 436 2573 506 percipiamus
2595 439 2816 495 dictum
2846 439 3052 510 Patris,
3075 440 3213 510 quia
3235 439 3316 495 ibi
3339 441 3569 510 quidem
3591 441 3832 496 Samari-

2182 527 2252 578 tae
2285 524 2566 598 imagines
2590 528 2819 584 Domini
2853 534 2908 584 et
2947 529 3259 585 Salvatoris
3289 529 3471 586 nostri
3502 531 3634 586 Jesu
3657 530 3833 586 Chri-

2183 611 2257 666 sti
2285 618 2341 668 et
2367 613 2716 672 intemeratae
2754 617 2956 674 matris
2978 619 3104 688 ejus
3138 617 3558 689 subverterunt,
3596 618 3695 674 hic
3723 633 3832 676 au-

2183 703 2292 754 tem
2321 703 2548 775 pagani,
2583 705 3000 763 utdidicimus.
3029 707 3292 762 Ostendit
3312 721 3444 762 vero
3465 708 3646 776 Pater,
3681 709 3829 778 quod

2181 792 2236 843 et
2259 789 2492 861 angelos
2529 799 2787 862 oporteat
2833 793 3016 866 pingi,
3071 793 3342 865 quoniam
3403 795 3830 865 circumscripti

2181 882 2335 948 sunt,
2364 883 2420 935 et
2444 880 2619 937 veluti
2667 882 2926 939 homines
2953 887 3346 954 apparuerunt
3394 883 3612 940 multis.

2250 967 2454 1024 Sancta
2493 972 2748 1041 synodus
2771 972 2960 1028 dixit:
2993 973 3198 1045 Etiam,
3225 972 3474 1030 domine.

2251 1056 2573 1128 Stephanus
2603 1061 2916 1118 monachus
2940 1061 3116 1134 legit:

2469 1205 2540 1259 De
2567 1203 2937 1274 disputatione
2954 1205 3135 1260 Judm‘
3157 1208 3209 1260 et
3228 1203 3544 1260 Christiani.

2247 1326 2479 1383 Iudaeus
2501 1327 2681 1383 dicit:
2713 1328 2943 1386 Credidi
2976 1329 3044 1385 ad
3078 1329 3289 1396 omnia,
3339 1334 3397 1384 et
3433 1328 3602 1385 credo
3632 1330 3834 1386 cruci—-

2180 1413 2292 1470 ﬁxo
2322 1415 2453 1472 Jesu
2479 1415 2729 1489 Christo,
2759 1417 2898 1488 quia
2925 1423 3014 1474 est
3032 1417 3220 1474 Filius
3250 1418 3352 1474 Dei
3379 1417 3526 1474 vivi..
3547 1418 3839 1474 Scandali-

2178 1517 2276 1560 zor
2289 1509 2479 1560 autem
2499 1505 2560 1561 in
2585 1519 2702 1576 vos,
2724 1506 3064 1580 Christiani,
3094 1507 3231 1578 quia
3255 1507 3536 1579 imagines
3549 1507 3826 1564 adoratis.

2176 1593 2472 1663 Scriptura
2511 1595 2722 1666 quippe
2774 1595 2988 1668 ubique
3019 1596 3282 1667 przecipit
3325 1610 3438 1652 non
3487 1595 3672 1652 facere
3716 1595 3835 1652 sibi

421 1690 611 1742 tatem.
667 1684 916 1741 Gentilis
952 1685 1140 1740 dixit:
1174 1687 1345 1740 Esto:
1378 1686 1529 1740 Deus
1571 1682 1816 1739 Verbum
1863 1685 1926 1738 ut
1971 1680 2071 1735 in—
2101 1673 2153 1733 B
2182 1695 2524 1752 quemquam
2547 1684 2919 1754 sculptilevel
2941 1699 3165 1742 omnem
3181 1685 3648 1742 similitudinem.
3675 1685 3842 1740 Chri-

424 1779 694 1831 carnatus
719 1774 1084 1846 depingitur:
1130 1774 1201 1829 de
1241 1773 1467 1850 angelis
1509 1772 1648 1844 quid
1681 1769 2070 1828 asseritis?et

426 1864 584 1934 ipsos
627 1877 871 1934 namque
915 1863 1234 1936 depingitis
1262 1869 1326 1920 ut
1373 1863 1650 1933 homines,
1705 1868 1761 1917 et
1794 1859 2068 1931 adoratis,

428 1967 752 2026 quanquam
779 1953 1042 2010 homines
1059 1967 1166 2008 non
1195 1953 1336 2024 sint,-
1358 1953 1453 2009 sed
1481 1950 1884 2022 intelligibiles
1905 1953 1960 2005 et
1989 1949 2074 2004 in-

427 2043 751 2114 corporales
773 2047 828 2099 et
865 2043 1007 2098 dicti
1037 2047 1094 2098 et
1135 2043 1480 2099 existentes:
1528 2041 1614 2098 sic
1648 2044 1846 2112 reputa
1884 2045 1940 2095 et
1977 2052 2074 2094 eos

427 2131 528 2204 qui
551 2133 700 2202 apud
733 2146 838 2188 nos
872 2132 1246 2205 honorantur,
1277 2131 1414 2189 deos
1439 2145 1540 2202 per
1585 2134 1805 2188 statuas
1834 2127 2070 2199 placari,

427 2220 578 2276 nihil
606 2221 1010 2278 inconveniens
1041 2220 1209 2276 nobis
1245 2219 1568 2292 agentibus,
1597 2218 2072 2290 quemadmodum

427 2323 530 2366 nec
553 2309 716 2366 vobis
741 2323 914 2379 super
936 2309 1184 2380 depictis
1229 2309 1468 2382 angelis.
1499 2309 1740 2364 Sanctus
1775 2306 1962 2362 dixit:
1996 2308 2076 2362 De

426 2397 646 2469 angelis
668 2402 726 2454 et
743 2397 1122 2470 archangelis,
1149 2403 1206 2454 et
1225 2398 1443 2454 sanctis
1469 2397 1786 2454 virtutibus
1810 2410 1936 2467 quae
1967 2411 2076 2453 su—

429 2499 528 2556 per
555 2485 695 2542 istos
715 2489 870 2556 sunt,
897 2486 1100 2542 addam
1122 2490 1310 2543 autem
1337 2487 1509 2543 etiam
1531 2491 1756 2542 nostras
1776 2485 2071 2540 hominum

426 2574 668 2642 animas,
703 2573 1106 2648 intelligibiles
1134 2575 1365 2646 quidem
1387 2589 1484 2631 eos
1525 2573 1805 2630 catholica
1830 2577 1886 2629 et
1929 2586 2075 2644 apo-

428 2662 631 2719 stolica
658 2663 816 2719 novit
835 2663 1108 2736 Ecclesia,
1138 2677 1249 2720 non
1275 2668 1461 2720 tamen
1511 2663 1899 2732 incorporales
1944 2675 2075 2718 om—

428 2749 567 2806 nino
587 2757 643 2807 et
668 2751 1013 2822 invisibiles,
1045 2752 1220 2810 sicuti
1251 2767 1352 2808 vos
1386 2751 1590 2823 pagani
1619 2749 1910 2807 fatemini:
1945 2750 2074 2806 sub-

426 2839 560 2896 tiles
595 2847 785 2898 antem
831 2856 1088 2913 corpore,
1119 2848 1174 2898 et
1202 2835 1416 2914 aerebs,
1466 2847 1522 2898 et
1566 2841 1762 2913 igneos
1779 2851 1820 2912 ι,
1863 2854 2077 2896 secun-

425 2929 560 2984 dum
604 2929 662 2984 id
691 2929 840 3001 quod
887 2919 1166 3001 seriptum
1217 2935 1336 2987 est:
1375 2931 1478 2996 Qui
1517 2933 1655 2998 facit
1699 2931 1918 2997 angelos
1950 2945 2075 2984 suos

427 3019 675 3087 spiritus,
707 2993 725 3001 ’
747 3023 798 3073 et
855 2993 1134 3074 ministros
1192 3021 1371 3088 ignem
1390 2993 1406 2996 ν
1425 2993 1666 3074 urentem
1711 2993 1892 3090 (Psal.
1941 3031 2073 3085 cur;
2103 2993 2152 3056 Ο

425 3107 588 3161 Hebr.
615 3106 684 3178 ι).
718 3108 788 3162 Et
817 3107 922 3164 hoc
963 3107 1176 3165 multos
1211 3112 1537 3164 sanctorum
1561 3109 1792 3164 Patrum
1845 3113 2079 3164 nostro-

428 3208 556 3250 rum
587 3195 836 3256 sensisse
880 3195 1242 3252 invenimus:
1297 3210 1540 3267 quorum
1578 3201 1665 3253 est
1694 3196 1944 3252 Basilius
1975 3195 2075 3251 ille

428 3296 686 3356 magnus,
719 3289 776 3341 et
801 3288 1008 3341 sancta:
1043 3285 1329 3342 memoriae
1361 3285 1732 3356 Athanasius,
1759 3291 1930 3358 atque
1953 3288 2078 3342 Me-

427 3371 664 3430 thodius
715 3378 772 3430 et
801 3374 898 3446 qui
930 3374 1084 3432 circa
1114 3374 1272 3446 ipsos
1301 3381 1472 3432 sunt:
1521 3376 1642 3432 sola
1683 3375 1856 3447 enim,
1884 3379 1948 3432 ut
1974 3389 2078 3431 ve-

427 3461 636 3518 raciter
671 3461 968 3534 fateamur,
995 3463 1274 3521 divinitas
1302 3470 1388 3521 est
1417 3464 1798 3535 incorporalis
1819 3469 1876 3519 et
1905 3464 2079 3520 incir-

426 3553 812 3622 cumscripta:
840 3567 1007 3623 porro
1047 3553 1448 3624 intelligibiles
1487 3558 1762 3608 creatura:
1791 3566 1902 3608 non
1946 3566 2078 3608 om—

429 3640 568 3697 nino
599 3640 986 3709 incorporales
1013 3645 1070 3696 et
1099 3639 1444 3711 invisibiles,
1479 3645 1543 3696 ut
1578 3639 1876 3712 divinitas,
1903 3645 2070 3696 sunt:

432 3731 663 3798 propter
693 3729 842 3798 quod
869 3728 928 3782 in
960 3727 1085 3784 loco
1109 3733 1264 3797 sunt,
1291 3732 1348 3782 et
1397 3727 1849 3798 cricumscriptae
1876 3729 2079 3785 consi—

429 3819 608 3871 stunt.
636 3815 811 3872 Porro
837 3814 1024 3872 sicubi
1050 3816 1268 3886 reperis
1299 3815 1664 3886 incorporeas
1697 3817 1885 3874 vocari
1915 3831 2080 3889 ange-

429 3903 534 3974 los,
565 3907 668 3960 aut
715 3903 1018 3975 damones,
1071 3908 1174 3960 aut
1213 3903 1454 3977 animas,
1502 3910 1772 3976 tanquam
1815 3920 1924 3966 non
1964 3907 2080 3962 exi-

429 3996 612 4048 tentes
656 3992 726 4048 de
775 3991 1176 4050 commistione
1227 3994 1612 4052 materialium
1662 4001 1911 4068 quatuor
1955 3997 2080 4053 ele-

430 4084 770 4154 mentorum,
802 4081 887 4138 sic
906 4095 1003 4139 eos
1033 4083 1259 4140 noveris
1287 4083 1622 4157 appellatos,
1649 4099 1778 4142 cum
1802 4099 1912 4141 non
1936 4086 2072 4156 sint,

428 4174 486 4225 et
522 4169 645 4240 ipsa
685 4184 923 4242 corpora
971 4185 1183 4245 crassa,
1233 4177 1290 4230 et
1332 4173 1550 4230 similia
1590 4174 1702 4246 his,
1731 4174 1944 4245 quibus
1974 4191 2078 4234 nos

429 4260 874 4318 circumdamur.
907 4261 1082 4322 Licet.
1123 4268 1189 4320 ut
1212 4263 1405 4320 verius
1435 4261 1734 4336 fateamur,
1759 4265 1830 4321 ad
1858 4279 2078 4336 compa-

2181 1771 2406 1827 stianus
2451 1772 2640 1828 dixit:
2691 1775 2868 1830 Deum
2902 1779 3182 1830 recentem
3236 1775 3580 1844 praecipiunt
3622 1779 3676 1829 te
3721 1787 3840 1828 non

2179 1861 2417 1916 adorare
2465 1862 2795 1935 Scripturae,
2837 1867 2893 1919 et
2941 1877 3163 1920 omnem
3212 1863 3656 1920 similitudinem
3721 1877 3841 1919 non

2180 1949 2418 2005 adorare
2441 1955 2505 2006 ut
2533 1953 2730 2008 Deum.
2761 1953 3044 2024 Imagines
3083 1966 3214 2008 vero
3258 1966 3404 2023 quas
3427 1952 3607 2022 vides,
3632 1951 3701 2007 ad
3735 1965 3844 2008 re—

2181 2038 2567 2096 cordationem
2608 2040 3038 2112 benignissimae
3090 2041 3298 2098 salutis
3351 2041 3688 2112 pinguntur,
3737 2055 3847 2110 per

2181 2125 2522 2184 Salvatorem
2551 2134 2806 2185 nostrum
2834 2130 3023 2186 Jesum
3049 2129 3354 2189 {Christum
3384 2129 3612 2200 effecta,
3637 2130 3849 2185 incar—

2185 2215 2437 2273 nationis
2487 2217 2614 2288 ejus
2669 2231 2964 2288 personam
3023 2218 3453 2291 signiﬁcantes:
3505 2223 3846 2275 sanctorum

2183 2308 2371 2360 autem
2409 2305 2688 2378 imagines
2740 2307 3014 2364 similiter
3061 2307 3523 2378 uniuscujusque
3575 2308 3846 2377 ipsorum

2185 2391 2516 2464 signiﬁcant
2543 2409 2773 2466 agones,
2802 2411 2838 2466 q
2882 2409 2946 2452 os
2983 2396 3260 2452 adversus
3285 2395 3579 2452 diabolum
3625 2396 3848 2453 habue-

2185 2487 2340 2552 runt,
2366 2487 2422 2538 et
2449 2483 2721 2540 victorias
2759 2498 2958 2541 eorum
2979 2490 3151 2556 atque
3183 2498 3440 2541 coronas.
3474 2486 3594 2540 Non
3617 2491 3842 2557 autem,

2184 2577 2249 2626 ut
2277 2577 2340 2626 tu
2381 2571 2682 2644 intelligis,
2708 2573 3041 2630 deiﬁcantes
3064 2587 3160 2630 eas
3199 2573 3516 2630 Christiani
3567 2575 3844 2646 adorant,

2185 2661 2278 2716 sed
2308 2660 2426 2716 zelo
2463 2659 2742 2718 ferventes
2767 2667 2822 2718 et
2847 2662 2976 2734 ﬁde,
3015 2667 3340 2718 sanctorum
3373 2663 3847 2733 contemplantur

2184 2749 2484 2822 imagines,
2535 2751 2865 2807 memoriam
2913 2751 3156 2808 ferentes
3206 2751 3409 2808 horum
3449 2752 3551 2808 Dei
3595 2752 3844 2808 cultus:

2183 2845 2239 2896 et
2267 2839 2588 2908 adorantes,
2635 2844 2964 2896 sanctorum
3009 2841 3275 2897 invocant
3301 2843 3499 2908 Deum,
3537 2841 3796 2896 dicentes
3832 2861 3844 2897 :

2184 2928 2524 2986 Benedictus
2543 2943 2604 2984 es
2633 2930 2782 2984 Deus
2823 2929 2998 2999 hujus
3021 2930 3205 2986 sancti
3236 2943 3302 2985 ac
3331 2929 3586 2986 omnium
3613 2936 3852 2986 sancto-

2186 3031 2335 3090 rum,
2373 3017 2473 3088 qui
2499 3017 2710 3074 dedisti
2751 3017 2838 3073 eis
2887 3018 3244 3088 patientiam,
3271 3023 3330 3074 et
3351 3018 3558 3090 dignos
3585 3018 3724 3074 illos
3749 3016 3851 3075 fe-

2186 3105 2320 3162 cisti
2357 3119 2529 3179 regno
2560 3111 2694 3162 tuo:
2731 3120 2836 3162 nos
2865 3120 3092 3178 quoque
3125 3107 3434 3177 participes
3466 3120 3664 3162 eorum
3688 3120 3848 3164 con-

2185 3194 2380 3262 stitue,
2413 3200 2584 3266 atque
2607 3194 2969 3252 orationibus
3010 3209 3207 3250 eorum
3259 3195 3446 3252 salvos
3480 3208 3583 3251 nos
3608 3193 3720 3250 fac.
3765 3195 3842 3251 At

2185 3297 2316 3340 vero
2342 3283 2652 3340 Salvatoris
2696 3283 2916 3340 iconam
2942 3283 3388 3354 contemplantes
3416 3288 3472 3340 et
3507 3284 3840 3358 adorantes,

2185 3372 2594 3443 spiritualibus
2615 3372 2804 3428 oculis
2826 3377 2883 3428 et
2897 3372 3088 3428 cordis
3107 3373 3331 3429 visibus
3363 3374 3476 3430 Deo
3495 3377 3844 3430 cunctorum

2183 3461 2426 3517 Domino
2457 3461 2670 3532 gratias
2697 3460 2943 3533 agimus,
2978 3462 3078 3532 qui
3130 3461 3402 3534 dignatus
3425 3466 3511 3518 est
3555 3462 3616 3518 in
3656 3461 3847 3518 forma

2185 3550 2332 3606 servi
2383 3549 2668 3605 hominem
2721 3551 3032 3621 suscipere,
3063 3555 3122 3606 et
3161 3551 3380 3607 salvare
3431 3551 3736 3615 mundum,
3790 3555 3849 3608 et

2185 3638 2401 3694 similis
2435 3637 2602 3694 nobis
2624 3637 2767 3694 eﬁici
2802 3652 2901 3709 per
2929 3639 3120 3696 omnia
3148 3639 3364 3710 absque
3387 3641 3543 3697 omni
3580 3647 3841 3710 peccato.

2185 3728 2334 3799 Ergo
2360 3740 2472 3783 non
2511 3727 2758 3800 ligneam
2787 3727 3091 3800 imaginem
3129 3729 3216 3784 vel
3245 3729 3460 3799 pictum
3503 3731 3842 3803 adoramus,

2185 3820 2286 3872 aut
2314 3815 2579 3888 colimus,
2606 3817 2704 3872 sed
2731 3817 2989 3873 omnium
3009 3817 3314 3874 Dominum
3335 3818 3629 3875 Christum
3656 3821 3844 3875 Deum

2187 3905 2596 3980 gloriﬁcamus.
2653 3907 3072 3976 Verumtamen,
3121 3905 3316 3978 frater,
3358 3907 3651 3964 ostendam
3702 3907 3844 3979 tibi,

2189 3996 2326 4068 quia
2355 4001 2410 4050 et
2454 3996 2692 4066 Moyses,
2732 3995 2832 4066 qui
2867 3995 2984 4050 hac
3015 3995 3122 4050 tibi
3157 3995 3215 4050 in
3247 3995 3368 4068 lege
3410 3996 3590 4067 dedit,
3633 3989 3847 4067 jussus

2186 4090 2290 4156 est,
2321 4084 2474 4140 sicut
2493 4085 2774 4155 scriptum
2797 4088 2886 4140 est
2907 4081 3101 4156 (Exod.
3130 4098 3206 4140 νη
3238 4091 3290 4140 et
3313 4086 3485 4158 xxv),
3510 4090 3568 4141 et
3597 4087 3850 4158 sculpti-

2187 4173 2270 4230 les
2295 4174 2442 4230 duos
2471 4173 2758 4244 seraphim
2781 4171 2936 4243 fecit,
2983 4187 3158 4244 supra
3196 4173 3628 4232 tabernaculum
3663 4179 3848 4235 testi-

2188 4264 2365 4320 monii
2390 4277 2670 4333 expansos
2693 4263 2829 4319 hinc
2843 4263 3071 4319 etinde:
3090 4277 3202 4334 quo
3225 4277 3334 4320 non
3359 4263 3844 4336 licebatcuipiam

433 4348 709 4406 rationem
728 4350 910 4406 nostri
933 4350 1254 4422 incorporei
1282 4347 1424 4425 [ὤση
1449 4349 1807 4428 invisibiles]
1832 4359 2080 4411 suntzat
2102 4343 2157 4404 D
2189 4352 2434 4425 ingredi,
2467 4351 2584 4408 nisi
2629 4351 2736 4407 soli
2762 4351 3019 4422 pontiﬁci
3053 4351 3225 4407 semel
3261 4351 3321 4407 in
3346 4366 3515 4416 anno.
3540 4359 3596 4409 et
3627 4353 3850 4412 incen-

429 4453 560 4495 vero
576 4439 684 4494 visi
709 4445 844 4496 sunt
865 4452 898 4494 a
921 4439 1192 4509 plurimis
1213 4439 1412 4496 crebro
1433 4440 1789 4497 sensibiliter
1807 4443 1866 4498 in
1889 4442 2078 4514 specie

430 4527 793 4598 propriorum
818 4541 1120 4598 corporum
1164 4542 1420 4600 suorum,
1451 4526 1596 4599 (visi
1621 4535 1756 4586 sunt
1791 4536 1981 4588 autem
2005 4530 2076 4586 ab

432 4613 544 4686 his,
569 4615 783 4685 quibus
818 4615 1046 4685 aperuit
1067 4617 1220 4671 Deus
1249 4615 1549 4689 oculos)et
1574 4617 1698 4674 loco
1717 4618 2080 4677 circumscri-

433 4702 514 4772 pti
548 4707 955 4774 monstrantur,
988 4717 1119 4761 cum
1149 4718 1262 4760 non
1307 4705 1441 4761 sint
1461 4707 1696 4764 omnino
1729 4707 2072 4780 incorporei,

431 4789 586 4846 sicut
619 4790 816 4846 divina
847 4797 1068 4847 natura.
1103 4793 1218 4848 Nos
1258 4805 1390 4865 ergo
1436 4809 1546 4851 non
1591 4801 1656 4852 ut
1697 4797 1854 4870 deos,
1891 4798 1988 4855 sed
2013 4805 2076 4854 ut

431 4885 724 4936 creaturas
774 4879 1128 4952 spirituales,
1173 4887 1231 4938 et
1272 4881 1573 4941 ministros
1598 4885 1721 4956 Dei,
1767 4892 1822 4942 et
1851 4901 1963 4944 non
2013 4893 2077 4944 ut

433 4967 662 5038 pr0prie
693 4967 1056 5039 incorporeos
1089 4969 1416 5041 existentes,
1459 4973 1756 5045 pingentes
1780 4980 1836 5030 et
1887 4975 2077 5032 hono-

437 5063 627 5113 rantes
655 5057 906 5129 angelos,
935 5071 1045 5114 non
1080 5057 1410 5129 peccamus:
1441 5063 1590 5132 quod
1619 5076 1748 5119 vero
1781 5063 1839 5118 in
1863 5063 2076 5121 huma—

435 5161 507 5203 na
543 5161 640 5203 eos
662 5145 840 5202 forma
869 5147 1264 5221 depingamus,
1297 5164 1362 5206 eo
1401 5149 1609 5208 factum
1639 5157 1746 5222 est,
1778 5153 1926 5223 quod
1957 5152 2077 5210 fre—

435 5241 675 5306 quenter
703 5236 789 5292 sic
822 5237 1194 5306 apparuerint
1243 5239 1356 5310 his,
1387 5239 1456 5295 ad
1511 5253 1654 5311 quos
1685 5239 1848 5296 missi
1879 5247 2014 5298 sunt
2041 5256 2074 5298 a

430 5323 552 5381 solo
581 5325 712 5381 Deo.

2187 4456 2313 4498 sum
2351 4439 2552 4496 offerre
2588 4439 2648 4494 in
2679 4440 2882 4496 Sancta
2921 4445 3272 4498 sanctorum.
3317 4441 3600 4498 Similiter
3636 4447 3843 4500 autem

2185 4535 2241 4586 et
2267 4533 2584 4598 serpentem
2615 4541 2834 4584 azneum
2887 4543 3032 4600 Opus
3073 4529 3206 4586 aeris
3252 4528 3425 4586 fusile
3471 4531 3744 4602 condens,
3785 4540 3849 4589 et

2187 4617 2542 4688 suspendens
2571 4617 2631 4672 in
2649 4617 2838 4674 medio
2855 4623 3194 4690 castrorum,
3208 4618 3459 4675 dicebat:
3489 4619 3845 4692 Quicunque

2187 4722 2413 4764 morsus
2442 4705 2618 4764 fuerit
2647 4722 2679 4762 a
2709 4714 2986 4778 serpente,
3024 4707 3319 4764 intueatur
3339 4721 3558 4764 aeneum
3589 4721 3846 4780 serpen-

2186 4801 2297 4854 tem
2349 4798 2546 4868 istum,
2579 4803 2635 4854 et
2663 4797 2876 4869 credat,
2931 4797 3068 4869 quia
3093 4811 3326 4867 serpens
3369 4799 3478 4854 iste
3520 4803 3723 4868 potens
3749 4807 3846 4857 est

2185 4899 2386 4942 sanare
2410 4887 2598 4958 illum,
2613 4891 2670 4942 et
2691 4882 3180 4956 sanabitur(Nu-m.
3201 4885 3337 4959 xxx).
3354 4887 3526 4943 Vides
3546 4889 3844 4958 quomodo

2187 4973 2288 5030 ille
2332 4977 2568 5047 Moyses,
2617 4975 2716 5045 qui
2768 4974 3038 5045 praecepit
3065 4973 3512 5032 similitudinem
3573 4989 3688 5032 non
3741 4975 3846 5032 fa-

2183 5063 2465 5126 ciendam,
2497 5063 2944 5120 similitudinem
2973 5063 3126 5120 fecit.

2251 5153 2496 5209 Joannes
2541 5153 3060 5209 reverendissimus
3086 5155 3416 5226 monachus,
3449 5155 3746 5227 presbyter
3768 5171 3843 5214 ac

2183 5242 2439 5300 vicarius
2459 5241 2840 5298 Orientalium
2877 5242 3233 5315 pontiﬁcum,
3259 5244 3452 5300 dixit:
3481 5246 3623 5302 Ecce
3655 5249 3846 5304 mani-

2185 5329 2344 5402 feste,
2363 5330 2739 5388 sacratissimi
2754 5331 2947 5388 Patres
2958 5331 3162 5404 nostri,
3181 5337 3452 5405 negantes
3474 5333 3840 5393 incarnatam

503 5422 830 5504 gLoquitur
851 5437 920 5480 ex
961 5425 1192 5496 propria
1243 5425 1562 5482 sententia:
1593 5439 1721 5482 nam
1763 5427 2272 5503 conciliumsupra,
2307 5428 2429 5488 Act.
2468 5425 2521 5502 4,
2559 5428 2620 5486 in
2657 5427 3013 5487 confessione
3054 5441 3160 5487 sua
3195 5430 3427 5502 angelos
3463 5431 3843 5504 incorporeas

431 5493 689 5552 afﬁrmat.
