4012 6162
176 248 259 308 357
904 249 1448 306 INTERPRETATIO
1483 250 1733 307 SYNODI
1772 251 1867 307 νιι
1900 253 2302 312 GENERALIS.
2328 286 2400 297 —-
2431 259 2631 315 ACTlO
2672 265 2729 317 ν.

3413 264 3521 325 358

173 372 597 464 dispensationem
624 371 840 464 Christi
872 373 969 464 Dei
999 375 1203 443 nostri,
1225 374 1431 431 dicunt
1457 375 1761 445 projicien-
1788 378 1840 437 A
1872 392 2087 453 omnes,
2108 384 2227 439 ait:
2272 387 2609 459 Priusquam
2644 389 2767 446 illis
2790 393 3004 457 tradar,
3051 394 3320 464 hymnum
3349 397 3520 454 dica-

174 464 377 518 dasesse
401 457 532 534 [6:2,
570 458 905 534 projecisse]
941 467 1167 518 sanctas
1207 465 1506 535 imagines,
1540 466 1756 521 llebrai

173 551 351 608 scilicet
369 556 419 605 et
449 548 757 605 Samarita.
800 552 993 621 Itaque
1024 552 1125 621 qui
1154 552 1441 622 abjiciunt
1479 568 1592 624 eas,
1629 554 1760 611 istis

172 639 350 697 similes
375 644 514 694 sunt.

222 730 388 783 Sancta
414 727 658 798 synodus
683 729 865 784 dixit:
890 729 1121 785 Similes
1149 736 1303 787 sunt.

222 817 536 887 Epiphanius
566 819 681 873 Deo
705 819 974 876 amabilis
1001 820 1301 890 diaconus,
1335 833 1393 876 et
1414 820 1598 877 locum
1629 822 1759 877 reti-

169 921 277 963 nens
299 905 506 960 Thoma
535 905 793 977 episcopi
823 908 1102 965 Sardinia
1130 909 1305 982 legit:

164 1035 228 1087 Er
253 1032 394 1100 falsis
421 1034 970 1103 sitperscﬁptionibus
1000 1036 1409 1091 itinerariorum
1447 1040 1757 1090 sanctorum

738 1107 1119 1175 apostolorum.

210 1212 372 1268 Pictor
401 1225 534 1283 ergo
570 1212 756 1283 prima
802 1214 897 1269 die
942 1215 1307 1271 lineamentis
1345 1229 1411 1271 eo
1457 1215 1757 1287 designato

159 1301 346 1373 quievit.
382 1302 608 1357 Postera
633 1317 766 1359 vero
796 1303 891 1359 die
914 1304 1087 1359 etiam
1113 1304 1407 1360 coloribus
1434 1304 1599 1360 illum
1639 1318 1758 1374 per—

159 1391 362 1458 miscuit,
393 1395 445 1445 et
476 1390 776 1460 Lycomedi
800 1392 1070 1463 gaudenti
1112 1393 1331 1449 iconam
1359 1393 1552 1449 dedit:
1585 1407 1754 1462 quam

157 1484 198 1532 et
218 1491 401 1547 ponens
418 1479 474 1533 in
500 1478 779 1535 cubiculo
798 1494 903 1537 suo
924 1481 1235 1535 coronavit.
1261 1481 1419 1550 Quod
1443 1496 1573 1537 cum
1608 1486 1758 1551 post-

155 1582 200 1622 ea
233 1568 567 1640 cognovisset
613 1570 877 1639 Joannes,
925 1569 1080 1625 dixit
1115 1569 1166 1625 ei
1202 1590 1214 1625 :
1257 1571 1555 1642 Diligende
1608 1571 1751 1626 mihi

155 1655 232 1721 ﬁli,
254 1656 375 1725 quid
401 1657 526 1727 agis
550 1670 584 1712 a
621 1656 821 1713 balneo
840 1658 1134 1729 ingressus
1159 1654 1554 1734 [ingrediens]
1585 1658 1643 1714 in
1661 1674 1757 1716 cu-

152 1742 358 1798 biculum
382 1749 546 1800 tuum
582 1744 790 1801 solus?
818 1760 1005 1801 nonne
1034 1761 1137 1818 ego
1158 1752 1344 1802 tecum
1375 1751 1579 1803 etcum
1608 1748 1754 1803 reli—

153 1833 251 1900 quis
276 1830 508 1888 {ratibus
530 1847 633 1888 ero
655 1834 683 1887 ‘?
711 1848 781 1889 an
808 1848 914 1891 nos
957 1834 1107 1891 celas
1127 1836 1155 1889 ?
1189 1837 1252 1891 Et
1292 1836 1409 1891 hac
1452 1836 1670 1902 dicens,
1697 1843 1753 1893 et

150 1920 328 1991 ludens,
353 1934 476 1976 cum
519 1934 589 1976 eo
625 1920 952 1993 ingreditur
979 1922 1333 1991 cubiculum,
1368 1929 1424 1979 et
1457 1924 1613 1979 videt
1644 1924 1753 1979 ico-

150 2021 242 2062 nam
269 2015 585 2064 coronatam
634 2009 903 2073 senioris,
943 2017 999 2066 et
1027 2012 1320 2081 appositas
1357 2012 1651 2068 lucernas:
1695 2019 1753 2067 et

146 2097 373 2152 accersito
398 2103 453 2153 et
490 2103 697 2154 vocato
735 2112 819 2169 eo,
848 2100 1031 2155 dixit:
1076 2102 1431 2173 Lycomedes,
1465 2102 1603 2172 quid
1633 2101 1749 2157 sibi

144 2183 237 2238 vult
259 2185 429 2257 imago
456 2186 625 2241 hac?
646 2187 780 2257 quis
804 2200 872 2243 ex
895 2188 1017 2243 diis
1047 2189 1165 2244 tuis
1187 2193 1274 2244 est
1300 2190 1407 2244 iste
1444 2190 1750 2260 depictus?

146 2269 283 2328 Video
297 2273 440 2329 enim
468 2280 523 2329 te
548 2274 744 2330 adhuc
771 2276 1066 2347 gentiliter
1091 2277 1295 2332 vivere.
1326 2279 1395 2332 Et
1414 2278 1749 2348 Lycomedes

143 2360 179 2413 ei
199 2363 466 2431 respondit
496 2382 510 2417 :
552 2364 712 2419 Deus
741 2364 972 2434 quidem
1014 2365 1157 2420 mihi
1194 2370 1279 2420 est
1304 2366 1404 2420 ille
1435 2366 1612 2437 solus,
1648 2365 1748 2437 qui

144 2462 207 2503 me
249 2452 416 2507 erexit
460 2467 493 2507 a
526 2457 715 2507 morte
743 2467 872 2509 cum
917 2454 1158 2525 conjuge
1206 2468 1345 2510 mea.
1387 2454 1444 2509 Si
1476 2461 1665 2511 autem
1694 2462 1750 2511 et

144 2545 239 2607 post
266 2542 426 2595 Deum
474 2541 618 2596 illos
667 2542 944 2612 homines,
996 2544 1096 2613 qui
1140 2542 1526 2600 benefactores
1566 2545 1747 2600 nostri

143 2633 262 2699 sunt,
296 2628 427 2685 deos
454 2635 691 2700 oportet
716 2631 926 2699 vocari,
966 2636 1030 2687 tu
1060 2646 1122 2687 es
1160 2633 1259 2703 qui
1304 2633 1364 2688 in
1402 2633 1652 2705 imagine
1689 2647 1752 2688 es

143 2719 373 2787 depictus,
426 2733 601 2790 quem
650 2733 860 2775 corono
906 2726 961 2775 et
1002 2734 1130 2777 amo
1176 2727 1230 2777 et
1260 2722 1403 2790 colo,
1458 2723 1594 2793 quia
1632 2723 1750 2778 dux

146 2805 252 2860 mihi
280 2806 457 2864 factus
477 2822 541 2864 es
563 2808 774 2864 bonus.
800 2810 1129 2866 EtJoannes
1149 2811 1371 2866 vultum
1404 2825 1553 2867 suun
1597 2825 1752 2867 non-

141 2895 243 2950 dum
261 2898 698 2968 contemplatus,
726 2897 880 2952 dixit
907 2898 960 2953 ei
984 2918 997 2952 :
1021 2899 1228 2954 llludis
1247 2899 1411 2969 mihi,
1432 2899 1609 2956 filiole
1632 2900 1746 2968 mi;

143 2982 214 3035 tali
251 2999 362 3039 sum
406 2984 597 3041 forma
643 2999 815 3054 super
856 2986 1153 3042 dominum
1205 2986 1415 3043 tuum?
1467 2988 1750 3058 quomodo

1873 482 2000 527 mus
2025 474 2198 544 Patri,
2227 481 2282 530 et
2312 476 2397 532 sic
2425 478 2493 533 ad
2529 480 2883 549 propositum
2910 495 3192 539 exeamus.
3221 485 3360 540 Cum
3381 500 3516 558 ergo

1864 561 2136 630 jussisset
2162 564 2328 621 nobis
2349 582 2548 637 gyrum
2580 567 2765 624 facere
2797 570 3123 627 tenentibus
3142 572 3384 630 invicem
3407 589 3522 629 ma-

1871 665 1999 722 nus,
2053 652 2175 722 ipse
2211 656 2433 712 medius
2482 656 2668 714 factus
2726 659 2987 715 dicebat:
3036 661 3231 732 Amen,
3292 662 3518 719 obedite

1869 742 2033 798 mihi.
2067 742 2251 813 Capit
2279 758 2412 817 ergo
2444 746 2714 816 hymnum
2746 763 2947 805 canere
2970 758 3027 805 et
3062 751 3286 807 dicere:
3321 752 3519 809 Gloria

1870 831 1999 902 tibi,
2036 833 2213 888 Pater.
2250 835 2319 890 Et
2348 848 2451 890 nos
2480 836 2906 893 circumdantes
2928 840 3413 909 respondebamus
3436 840 3511 897 ei:

1866 918 2061 975 Amen.
2113 922 2309 977 Gloria
2369 924 2496 993 tibi,
2556 925 2822 996 Verbum,
2878 927 3060 999 gloria
3122 929 3252 1000 tibi,
3308 931 3513 1002 gratia.

1865 1007 2062 1064 Amen.
2096 1011 2293 1067 Gloria
2315 1012 2444 1080 tibi,
2471 1013 2761 1086 Spiritus;
2786 1016 2970 1087 gloria
2995 1016 3130 1083 tibi,
3161 1024 3372 1089 sancte,
3402 1020 3517 1090 glo-

1868 1097 1957 1152 ria
1978 1097 2176 1169 gloria
2208 1104 2335 1156 tua.
2358 1100 2554 1157 Amen.
2583 1104 2906 1160 Laudamus
2947 1110 3019 1175 te,
3063 1108 3261 1176 Pater;
3298 1108 3517 1179 gratias

1869 1185 1977 1241 tibi
2000 1186 2245 1259 agimus,
2268 1188 2367 1245 lux
2398 1190 2459 1245 in
2478 1204 2588 1260 qua
2606 1192 2851 1248 tenebra
2873 1208 2983 1249 non
3006 1194 3285 1251 habitant.
3313 1195 3509 1252 Amen.

1870 1275 1930 1330 In
1958 1289 2070 1345 quo
2091 1283 2279 1333 autem
2311 1279 2528 1350 gratias
2550 1280 2875 1353 agebamus,
2907 1283 3039 1339 dico
3085 1280 3253 1357 [forte
3295 1285 3472 1361 dicit]
3498 1305 3512 1341 :

1865 1362 2082 1419 Salvari
2125 1366 2272 1437 volo,
2314 1372 2370 1422 et
2398 1382 2622 1426 servare
2663 1370 2808 1427 volo.
2850 1371 3048 1427 Amen.
3094 1373 3245 1429 Solvi
3278 1376 3425 1446 volo,
3459 1382 3515 1432 et

1867 1452 2084 1509 solvere
2140 1456 2287 1510 volo.
2338 1456 2533 1512 Amen.
2583 1458 2856 1515 Tabelieri
2912 1461 3060 1533 volo,
3116 1468 3173 1517 et
3226 1463 3515 1521 tabescere

1866 1539 2049 1598 facere
2092 1539 2459 1620 [tabefacere]
2515 1547 2659 1603 volo.
2713 1549 2831 1617 [Gn
2880 1550 3012 1603 add.
3063 1551 3318 1608 Sauciari
3363 1553 3510 1624 volo,

1863 1636 1921 1685 et
1943 1633 2204 1689 sauciare
2237 1632 2415 1709 volo.]
2448 1635 2645 1692 Amen.
2678 1638 2843 1693 Nasci
2885 1639 3033 1705 volo,
3066 1645 3123 1695 et
3145 1641 3378 1713 gignere
3406 1655 3513 1697 vo—

1866 1718 1939 1775 lo.
1976 1721 2315 1778 Manducare
2343 1724 2489 1794 volo,
2519 1730 2574 1779 et
2598 1726 2861 1781 consumi
2893 1728 3038 1784 volo.
3072 1727 3270 1785 Amen.
3303 1729 3512 1786 Audiri

1863 1808 2009 1880 volo,
2041 1814 2098 1865 et
2135 1811 2337 1867 audire
2355 1813 2500 1868 volo.
2524 1812 2720 1870 Amen.
2752 1816 2997 1888 lntelligi
3029 1818 3175 1890 volo,
3198 1832 3328 1874 cum
3352 1819 3520 1875 intel-

1863 1895 2045 1953 lectus
2073 1899 2184 1954 sim
2214 1904 2388 1957 totus.
2417 1901 2612 1957 Amen.
2648 1904 2844 1958 Lavari
2882 1905 3027 1975 volo,
3061 1912 3117 1961 et
3147 1906 3333 1963 lavare
3362 1908 3511 1964 volo.

1860 1987 2057 2043 Amen.
2089 1988 2288 2044 Gratia
2316 1990 2553 2046 chorum
2583 1992 2764 2047 ducit.
2796 1993 2960 2048 Tibia
2990 2007 3190 2051 canere
3215 1996 3359 2066 volo,
3407 1997 3515 2052 sals

1863 2082 1976 2133 tate
2000 2091 2213 2133 omnes.
2239 2078 2433 2135 Amen.
2463 2082 2784 2137 Lamentari
2818 2082 2965 2154 volo,
3010 2083 3263 2155 plangite
3292 2099 3506 2141 omnes.

1860 2166 2057 2223 Amen.
2088 2168 2156 2222 Et
2182 2172 2309 2238 post
2336 2169 2484 2224 alia:
2519 2172 2662 2235 Hac,
2694 2171 3091 2245 dilectissimi,
3122 2174 3361 2230 chorum
3392 2174 3514 2230 du-

1862 2268 1996 2311 cens
2040 2256 2338 2313 nobiscum
2378 2258 2656 2314 Dominus
2685 2260 2901 2315 exivit:
2940 2265 2998 2315 et
3026 2275 3131 2318 nos
3166 2262 3331 2331 quasi
3359 2261 3517 2317 aber-

1865 2349 2072 2413 rantes,
2105 2346 2190 2403 vel
2233 2346 2404 2401 etiam
2443 2346 2887 2419 obdormientes,
2932 2348 3037 2404 hac
3085 2349 3333 2421 illacque
3371 2350 3519 2423 fugi-

1862 2446 2008 2488 mus.
2043 2435 2159 2505 Ego
2183 2448 2318 2507 ergo
2340 2436 2539 2492 videns
2566 2450 2698 2492 eum
2745 2438 2885 2507 pati,
2925 2450 3025 2493 nec
3052 2440 3340 2508 expectavi
3374 2440 3517 2510 qui—

1863 2521 1990 2575 dem
2025 2523 2345 2592 passionem
2372 2526 2518 2595 ejus,
2550 2528 2644 2581 sed
2682 2525 2803 2597 fugi
2836 2527 2895 2582 in
2919 2532 3165 2583 montem
3195 2528 3510 2599 Olivarum,

1866 2609 2097 2678 plorans
2118 2627 2291 2682 super
2309 2613 2414 2669 hoc
2440 2615 2591 2684 quod
2615 2616 2952 2686 contigerat.
2977 2616 3047 2670 Et
3063 2617 3311 2686 quando,
3333 2616 3512 2682 Tolle,

1862 2698 2237 2771 clamabatur,
2286 2714 2601 2770 suspensus
2645 2707 2732 2758 est
2769 2704 2909 2759 hora
2960 2708 3116 2759 sexta
3155 2703 3408 2760 diurna:
3460 2709 3520 2759 et

1865 2787 2108 2844 tenebra
2122 2804 2293 2859 super
2311 2795 2485 2846 totam
2505 2797 2712 2847 terram
2737 2792 2964 2848 ﬂebant.
2984 2793 3053 2848 Et
3069 2797 3227 2848 stans
3239 2792 3520 2849 Dominus

1866 2890 2025 2933 meus
2058 2878 2114 2932 in
2162 2879 2349 2935 medio
2375 2881 2680 2951 spelunca,
2713 2887 2769 2937 et
2802 2881 3141 2937 illuminans
3180 2895 3286 2953 me,
3326 2881 3511 2937 dixit:

1859 2964 2123 3038 Joannes,
2142 2967 2215 3022 ab
2238 2967 2500 3025 inferiori
2519 2969 2683 3025 turba
2696 2970 3107 3040 Hierosolymis
3122 2970 3447 3043 cruciﬁgor,
3462 2975 3518 3025 et

142 3070 249 3126 mihi
280 3074 630 3142 persuadere
658 3032 889 3146 pciteris,
936 3076 1087 3145 quod
1121 3076 1263 3131 mihi
1314 3032 1501 3148 mag;
1530 3076 1749 3133 similis
1780 3032 1831 3098 Ο
1864 3054 2080 3148 [εῇοθίε
2113 3055 2384 3148 sum?!”
2425 3061 2483 3113 ει
2521 3057 2945 3148 θωηάίηίδυες
2985 3064 3144 3148 ace“?
3189 3073 3415 3130 (ιυοίιιιθ
3460 3065 3519 3115 εί

141 3158 232 3212 sit?
252 3166 300 3216 et
323 3163 669 3232 Lycomedes
698 3162 749 3217 ei
773 3162 973 3218 attulit
1002 3164 1315 3233 speculum.
1351 3166 1419 3219 Et
1444 3164 1643 3220 videns
1672 3179 1755 3220 se-

142 3248 393 3317 metipsum
428 3251 491 3305 in
538 3250 802 3321 speculo,
833 3256 890 3306 et
928 3250 1161 3307 intuens
1192 3252 1517 3324 imaginem,
1552 3251 1705 3308 dixit
1735 3270 1748 3307 :

145 3333 257 3390 \‘ivit
277 3339 543 3396 dominus
566 3340 736 3394 Jesus
763 3339 1049 3407 Christus,
1083 3340 1300 3396 similis
1329 3341 1472 3397 mihi
1504 3346 1590 3397 est
1617 3340 1752 3397 ima-

142 3435 217 3491 go:
247 3425 376 3483 male
398 3413 602 3483 autem
640 3427 746 3483 hoc
776 3427 967 3499 egisti.

190 3549 357 3605 Adhuc
384 3553 531 3607 idem
566 3553 701 3619 legit
726 3552 791 3606 de
812 3554 927 3621 ipso
953 3553 1112 3616 libro,
1143 3554 1301 3623 cujus
1322 3556 1543 3610 initium
1570 3560 1681 3611 est:

189 3675 487 3747 Aliquando
527 3676 733 3733 volens
772 3678 960 3733 Jesum
993 3683 1201 3734 tenere.
1235 3680 1303 3734 Et
1329 3684 1454 3750 post
1482 3680 1633 3736 alia:
1692 3684 1754 3737 In

143 3764 373 3820 materiali
421 3772 480 3822 et
526 3780 731 3822 crasso
760 3780 997 3836 corpore
1040 3768 1557 3839 congrediebantur
1607 3766 1752 3843 [Gr.,

140 3862 299 3908 manus
324 3852 646 3929 applicui].
681 3855 841 3910 Alias
881 3860 1070 3911 autem
1116 3856 1321 3912 iterum
1366 3858 1628 3928 palpante
1669 3873 1757 3915 me

140 3948 254 4007 eum,
280 3942 401 3998 sine
432 3943 687 3999 materia
729 3949 850 3999 erat
889 3949 945 3999 et
980 3943 1375 4014 incorporeum
1423 3948 1572 4017 quod
1611 3948 1758 4003 sub-

139 4034 244 4096 erat,
263 4037 313 4085 et
336 4035 501 4103 quasi
533 4033 777 4090 omnino
799 4047 909 4088 non
939 4038 1105 4089 esset.
1152 4036 1323 4091 Porro
1345 4036 1395 4090 si
1440 4036 1755 4106 aliquando

139 4113 191 4167 ab
213 4118 391 4190 aliquo
409 4123 841 4178 Pharisaorum
866 4122 1146 4179 invitatus
1167 4124 1235 4179 ad
1261 4124 1583 4181 recubitum
1612 4126 1753 4197 ibat,

140 4208 464 4277 Pcrgebamus
494 4217 553 4266 et
605 4224 710 4267 nos
743 4225 871 4267 cum
905 4211 1062 4281 ipso;
1104 4217 1160 4267 et
1200 4213 1596 4283 unusquisque
1644 4228 1755 4271 no-

138 4297 280 4350 strum
332 4298 663 4370 accipiebat
704 4299 1051 4370 dispositum
1089 4314 1289 4371 panem
1338 4316 1515 4357 unum
1547 4303 1618 4359 ab
1663 4304 1757 4359 his

138 4383 211 4449 qui
239 4364 589 4445 invitabant:
629 4389 779 4445 inter
802 4364 948 4460 quos
968 4395 1025 4445 et
1058 4364 1180 4459 ipse
1199 4390 1522 4460 accipiebat
1551 4407 1749 4449 unum.
1784 4364 1839 4425 D

140 4467 274 4527 Porro
319 4491 488 4533 suum
547 4477 913 4549 benedicens,
974 4478 1269 4535 dividebat
1320 4479 1525 4551 nobis;
1573 4486 1630 4537 et
1684 4482 1755 4537 de

140 4562 351 4623 pauxillo
382 4567 796 4637 unusquispue
826 4572 1086 4623 nostrum
1127 4568 1527 4626 saturabatur:
1563 4584 1759 4641 panes-

140 4659 222 4712 ‘l‘le
250 4656 418 4710 nostri
453 4656 675 4727 integri
725 4657 1226 4728 conservabantur,
1272 4658 1352 4714 ita
1383 4664 1447 4715 ut
1476 4660 1758 4729 obstupe—

141 4743 659 4801 scerentinvitantes
682 4758 829 4800 eum.
874 4746 1041 4802 Volui
1080 4751 1268 4803 autem
1301 4762 1447 4817 sape
1487 4762 1617 4804 cum
1651 4748 1755 4804 illo

142 4829 361 4894 gradiens
378 4835 606 4904 videre,
637 4834 687 4889 si
713 4834 1019 4906 vestigium
1050 4836 1176 4906 ejus
1205 4851 1380 4907 super
1410 4843 1618 4894 terram
1648 4851 1756 4908 pa—

142 4924 269 4974 reret.
302 4922 580 4979 Videbam
607 4922 758 4977 enim
784 4936 913 4979 eum
956 4938 988 4980 a
1009 4928 1160 4980 terra
1193 4939 1315 4982 sese
1344 4926 1668 4999 sustollere,
1699 4932 1757 4983 et

142 5017 384 5077 nunquam
407 5010 730 5081 aliquando
754 5011 895 5066 vidi.
928 5013 996 5066 Et
1026 5012 1144 5067 hac
1175 5013 1336 5069 vobis
1365 5015 1553 5071 adhuc
1574 5016 1751 5073 veluti

144 5094 465 5170 exhortando,
513 5098 742 5166 fratres,
792 5100 919 5156 ﬁdei
961 5102 1179 5172 quain
1222 5103 1410 5173 ipsum
1455 5110 1541 5161 est
1579 5118 1753 5161 causa

145 5179 318 5252 loquor.
352 5186 647 5259 Magnalia
675 5188 827 5243 enim
862 5190 988 5259 ejus
1029 5195 1086 5245 et
1122 5191 1435 5258 mirabilia,
1469 5208 1600 5249 cum
1631 5194 1753 5252 sint

148 5265 430 5356 imitabilia,
456 5282 778 5333 taceantur.
812 5274 956 5352 [Gr.,
993 5281 1159 5337 modo
1181 5279 1346 5356 tac.],
1378 5283 1591 5353 quippe
1619 5297 1750 5339 cum

148 5354 253 5416 forte
281 5379 458 5437 neque
487 5365 642 5432 dici,
675 5380 854 5438 neque
886 5369 1109 5437 possint
1136 5354 1350 5425 audiri.
1380 5372 1555 5428 Porro
1584 5377 1754 5429 ante-

149 5458 274 5512 quam
315 5453 898 5525 comprehenderetur
948 5457 1020 5512 ab
1080 5458 1278 5528 impiis
1325 5464 1382 5516 et
1424 5460 1496 5517 ab
1547 5461 1752 5533 iniquo

147 5547 357 5607 serpente
376 5544 564 5616 legem
586 5543 1006 5615 accipientibus
1022 5547 1255 5617 Judais,
1278 5563 1632 5624 congregans
1650 5568 1754 5611 nos

1304 5786 1334 5816 κ

1865 3140 1996 3197 felle
2027 3148 2224 3213 potor:
2258 3144 2366 3199 tibi
2388 3150 2579 3201 autem
2604 3146 2843 3217 loquor;
2872 3154 2929 3202 et
2952 3148 3104 3217 quod
3124 3147 3330 3218 loquor
3353 3148 3515 3203 audi.

1862 3232 1978 3302 Ego
2025 3232 2134 3287 tibi
2180 3232 2425 3289 submisi
2472 3239 2537 3289 ut
2576 3236 2911 3291 ascenderes
2940 3236 3000 3290 in
3056 3236 3207 3291 hunc
3247 3242 3513 3308 montem,

1868 3324 2151 3391 quatenus
2185 3323 2390 3377 audias
2424 3337 2551 3393 qua
2584 3324 3515 3397 oportetdiscipulumamagistro

1864 3410 2108 3480 discere,
2121 3416 2178 3465 et
2196 3411 2484 3466 hominem
2502 3426 2533 3467 a
2551 3414 2682 3467 Deo.
2700 3414 2766 3467 Et
2780 3412 2873 3467 his
2886 3412 3083 3478 dictis,
3099 3414 3351 3468 ostendit
3370 3414 3514 3469 mihi

1867 3512 2092 3553 crucem
2139 3498 2380 3555 luminis
2426 3500 2676 3569 inﬁxam,
2723 3506 2779 3555 et
2824 3500 2977 3555 circa
3025 3514 3250 3556 crucem
3291 3501 3514 3557 turbam

1869 3588 2129 3659 multam,
2162 3602 2332 3643 unam
2356 3586 2593 3644 formam
2621 3602 2732 3643 non
2766 3588 3097 3644 habentem:
3131 3595 3188 3644 et
3220 3590 3276 3645 in
3299 3603 3363 3645 ea
3393 3596 3516 3646 erat

1868 3674 2048 3731 forma
2080 3689 2193 3731 una
2221 3682 2277 3732 et
2306 3676 2454 3733 visio
2483 3677 2716 3733 similis.
2752 3679 2942 3746 Ipsum
2991 3682 3179 3733 autem
3209 3679 3514 3735 Dominum

1867 3778 2041 3835 supra
2069 3780 2294 3821 crucem
2330 3766 2605 3838 videbam,
2638 3768 2863 3822 schema
2909 3780 3019 3822 non
3067 3767 3384 3839 habentem,
3417 3769 3513 3825 sed

1868 3856 2171 3927 quamdam
2212 3869 2401 3915 vocem
2467 3856 2896 3912 tantummodo:
2943 3869 3138 3911 vocem
3175 3862 3365 3912 autem
3403 3871 3516 3914 non

1869 3944 2034 4016 hanc,
2069 3960 2195 4016 qua
2214 3945 2381 4001 nobis
2411 3950 2498 4002 est
2512 3949 2760 4017 assueta,
2786 3946 2881 4001 sed
2901 3946 3203 4016 quamdam
3229 3946 3516 4017 propriam

1869 4030 2016 4101 [Gr.,
2044 4031 2386 4108 jucundam]
2420 4038 2476 4090 et
2505 4047 2753 4104 suavem,
2783 4038 2839 4089 et
2860 4047 3051 4090 revera
3086 4035 3210 4106 Dei,
3235 4035 3517 4091 dicentem

1866 4128 1937 4183 ad
1958 4139 2080 4181 me:
2106 4126 2368 4195 Joannes,
2399 4137 2576 4180 unum
2609 4128 2831 4195 Oportet
2861 4127 2917 4178 te
2945 4136 3082 4178 ame
3111 4136 3181 4179 ex
3204 4122 3296 4179 his
3315 4124 3520 4180 audire

1871 4212 2015 4289 [Gr.,
2057 4227 2235 4270 unum
2266 4226 2356 4282 op.
2395 4226 2428 4267 a
2458 4225 2545 4267 me
2573 4198 2689 4267 hac
2707 4208 2945 4285 audire]
2972 4229 2987 4282 ;
3014 4211 3191 4267 unius
3211 4212 3362 4268 enim
3385 4227 3520 4284 egeo

1869 4303 2014 4376 [012,
2048 4303 2147 4374 qui
2178 4302 2488 4358 auditurus
2518 4298 2651 4374 sit],
2678 4314 2779 4371 pro
2810 4299 3007 4356 futuro
3026 4306 3083 4355 et
3103 4300 3329 4358 audias.
3357 4301 3516 4370 Quod

1867 4408 2011 4450 crux
2036 4391 2278 4448 luminis
2302 4390 2616 4461 aliquando
2647 4389 2878 4459 quidem
2905 4402 3094 4445 sermo
3115 4395 3348 4445 vocetur
3374 4404 3407 4445 a
3436 4402 3523 4444 me

1868 4486 2100 4553 prOpter
2162 4495 2280 4549 vos,
2340 4479 2651 4550 aliquando
2697 4492 2829 4533 vero
2885 4492 3064 4547 mens,
3116 4479 3284 4534 modo
3324 4482 3515 4534 autem

1866 4571 2155 4639 Christus,
2178 4569 2343 4625 modo
2364 4568 2597 4636 ostium,
2621 4568 2785 4623 modo
2810 4567 2922 4636 via,
2945 4568 3113 4623 modo
3135 4567 3321 4637 panis,
3351 4567 3519 4623 modo

1867 4672 2080 4730 semen,
2113 4658 2279 4714 modo
2325 4657 2692 4727 resurrectio,
2730 4656 2895 4713 modo
2922 4657 3105 4728 Jesus,
3139 4656 3305 4712 modo
3336 4660 3515 4727 pater,

1868 4748 2035 4803 modo
2065 4747 2330 4818 spiritus,
2360 4746 2524 4803 modo
2545 4746 2680 4817 vita,
2711 4746 2876 4802 modo
2894 4747 3127 4819 veritas,
3156 4745 3324 4802 modo
3356 4745 3516 4818 ﬁdes,

1867 4836 2033 4892 modo
2077 4835 2280 4907 gratia.

1935 4925 2207 4981 Tarasius
2226 4924 2626 4981 sanctissimus
2661 4922 2985 4993 patriarcha
3013 4924 3202 4981 dixit:
3249 4925 3520 4981 Contem-

1868 5014 2108 5084 plemur,
2160 5014 2296 5085 quia
2341 5019 2456 5071 tota
2521 5013 2873 5083 conscriptio
2924 5013 3042 5069 hac
3095 5014 3384 5071 contraria
3432 5020 3520 5070 est

1864 5104 2189 5176 Evangelio.
3500 5128 3503 5131 ‹

1938 5196 2139 5251 Sancta
2172 5192 2621 5265 synodusdixit:
2656 5191 2863 5263 Etiam,
2894 5191 3162 5250 domine:
3196 5207 3326 5249 nam
3361 5194 3518 5262 puta-

1866 5284 2040 5342 tivam
2068 5284 2481 5340 humanitatem
2508 5281 2671 5338 dicit.

1933 5373 2205 5429 Tarasius
2225 5372 2626 5428 sanctissimus
2649 5370 2973 5442 patriarcha
3001 5372 3153 5428 dixit
3181 5387 3194 5426 :
3226 5371 3285 5424 In
3333 5366 3517 5423 itine-

1865 5464 2029 5521 ribus
2072 5462 2203 5519 istis
2247 5462 2526 5532 scriptum
2563 5467 2668 5533 est,
2706 5461 2856 5533 quod
2902 5474 3084 5530 neque
3123 5458 3510 5522 manducaret,

1866 5566 2048 5625 neque
2077 5551 2317 5623 biberet,
2351 5564 2533 5622 neque
2568 5550 2809 5620 pedibus
2850 5552 3057 5603 terram
3088 5545 3350 5614 calcaret,
3382 5554 3512 5597 con-
