4012 6162
457 251 565 309 359

1683 249 2044 306 ANASTASII
2089 247 2578 307 BIBLIOTHECAR
2584 254 2631 310 Il

3759 254 3862 312 360

459 374 679 433 similia
723 376 1237 433 Phantasticorum.
1268 376 1372 432 Sed
1407 376 1468 433 in
1492 377 1799 448 Evangelio
1823 377 2102 448 scriptum
2132 373 2190 434 A
2289 375 2492 434 Sancta
2515 378 2768 448 synodus
2792 379 2975 436 dixit:
3007 379 3315 435 Anathema
3344 379 3356 433 l

459 473 546 524 est
567 467 638 523 de
656 466 906 535 Christo,
933 467 1066 536 quia
1093 472 1148 522 et
1167 466 1531 523 manducavit
1557 472 1614 522 et
1634 467 1784 524 bibit
1807 486 1821 532 ς
1849 473 1906 523 et
1923 468 2103 524 Judmi

2290 467 2559 523 Petronas
2598 467 3206 539 magnificentissimus
3266 467 3548 537 patricius
3577 467 3765 523 dixit:
3807 467 3866 522 Si

459 556 531 611 de
562 555 686 626 ipso
714 555 1014 611 dicebant:
1071 558 1206 610 Ecce
1255 557 1406 610 homo
1448 571 1622 609 noram
1649 561 1700 609 et
1738 559 1856 610 vini
1891 561 2109 626 potator
2213 554 2401 626 jubes,
2423 555 2674 625 domine,
2702 557 3120 628 interrogemus
3144 556 3530 612 Amoriensem
3565 560 3623 610 et
3649 558 3872 610 Neocae-

459 642 672 716 (Matth.
701 644 799 716 x1).
830 646 899 700 Et
927 645 999 714 si,
1047 650 1110 700 ut
1131 644 1388 700 fabulose
1439 645 1662 700 mentiti
1695 650 1849 713 sunt,
1899 651 2106 700 terram

463 746 573 790 non
605 733 878 801 calcabat,
908 733 1192 804 quomodo
1221 733 1497 802 scriptum
1535 738 1622 788 est
1665 733 1725 788 in
1760 733 2106 806 Evangeliis,

464 822 612 892 quod
646 823 810 878 Jesus
852 819 1126 894 fatigatus
1162 835 1231 878 ex
1271 822 1478 878 itinere
1507 822 1659 878 sedit
1687 822 1840 879 circa
1875 827 2106 892 puteum

461 908 636 982 (Joan.
663 910 737 984 tv)
753 909 782 964 ?

531 999 941 1056 Constantinus
969 1000 1273 1070 episcopus
1301 998 1660 1056 Constantia:
1702 999 1871 1070 Cypri
1915 999 2103 1055 dixit:

461 1088 566 1145 Hic
592 1088 738 1144 liber
764 1093 850 1144 est
879 1088 981 1160 qui
1007 1089 1315 1145 constituit
1342 1089 1837 1161 pseudosyllogum
1866 1088 2032 1145 illud.

532 1177 804 1233 Tarasius
861 1177 1264 1235 sanctissimus
1333 1178 1655 1248 patriarcha
1708 1178 1908 1235 dixit:
1965 1177 2109 1233 Risu

462 1266 636 1337 digna
663 1271 800 1322 sunt
826 1265 962 1322 haac.

533 1356 864 1413 Theodorus
899 1357 1014 1413 Deo
1038 1357 1308 1414 amabilis
1335 1358 1646 1428 episcopus
1666 1357 1890 1413 Catanes
1911 1357 2102 1412 dixit:

462 1445 606 1501 Ecce
669 1445 817 1502 liber
871 1446 972 1518 qui
1024 1447 1311 1502 destruxit
1369 1452 1721 1503 venustatem
1779 1451 1956 1503 santae
2006 1445 2106 1501 Dei

462 1533 746 1590 Ecclesiae.

536 1622 880 1692 Euthymius
899 1623 1300 1678 sanctissimus
1316 1623 1622 1694 episcopus
1635 1622 1902 1678 Sardium
1923 1621 2103 1678 dixit:

2219 643 2530 699 sariensem
2553 645 2871 714 episcOpos,
2898 644 2946 699 si
2977 645 3107 700 lecti
3135 649 3272 700 sunt
3293 644 3431 699 libri
3461 639 3525 698 in‘
3543 642 3875 714 pseudosyl~

2219 731 2348 802 logo
2375 731 2497 788 illo.

2287 822 2600 894 Gregorius
2618 823 2984 880 Neocmsarim
3010 836 3076 879 ac
3109 823 3440 880 Theodorus
3455 821 3678 878 Amorii
3705 821 3880 876 inter-

2219 910 2402 982 rogati
2435 911 2742 968 dixerunt:
2771 915 2852 968 Ne
2875 913 3060 969 Deus:
3089 912 3214 968 illic
3237 912 3384 968 liber
3421 926 3534 968 non
3576 910 3876 982 apparuit,

2219 1001 2314 1056 sed
2343 1015 2443 1070 per
2472 999 2613 1056 falsa
2635 1001 2871 1072 pittacia
2895 1001 3259 1072 decipiebant
3291 1015 3409 1058 nos.

2279 1089 2551 1145 Tarasius
2583 1091 2988 1148 sanctissimus
3033 1090 3357 1161 patriarcha
3395 1089 3582 1146 dixit:
3632 1089 3882 1159 Proprio

2219 1177 2413 1234 animo
2445 1178 2604 1234 suasi
2631 1184 3021 1250 exposuerunt
3051 1193 3176 1250 qua:
3199 1179 3522 1235 voluerunt.

2289 1266 2560 1323 Petronas
2581 1267 3188 1340 magniﬁcentissimus
3215 1267 3497 1337 patricius
3538 1267 3733 1323 dixit:
3771 1267 3884 1324 Sed

2226 1358 2283 1410 et
2309 1369 2408 1425 per
2433 1355 2730 1427 imperiale
2753 1356 3092 1429 suffragium
3117 1361 3321 1412 cuncta
3349 1355 3653 1412 faciebant.

2294 1445 2608 1516 Gregorius
2629 1445 2934 1516 episcopus
2963 1444 3326 1501 Neoc:esaria3
3351 1444 3503 1500 dixit
3530 1464 3542 1500 :
3573 1445 3755 1516 Saepe,
3785 1445 3890 1501 do-

2229 1531 2402 1596 mine,
2455 1533 2603 1602 dixi,
2653 1541 2710 1589 et
2759 1534 2964 1590 iterum
3010 1535 3164 1606 dico,
3199 1534 3333 1604 quia
3379 1533 3525 1589 liber
3570 1533 3629 1589 in
3691 1535 3889 1590 medio

2223 1625 2482 1677 nostrum
2503 1628 2603 1678 ant
2625 1623 2978 1693 conscriptio
3006 1630 3237 1692 paterna
3271 1636 3384 1678 non
3421 1623 3718 1692 apparuit,
3766 1623 3888 1678 nisi

461 1709 704 1766 Docebat
740 1711 1204 1768 conventiculum
1237 1711 1383 1768 illud
1427 1711 1634 1768 habere
1672 1710 1888 1767 librum
1931 1711 2108 1766 istum
2137 1718 2190 1780 Β
2224 1707 2325 1765 illa
2347 1708 2490 1766 falsa
2512 1711 2746 1780 pittacia
2772 1711 3132 1768 deferebant:
3164 1711 3307 1767 illud
3331 1716 3522 1767 autem
3545 1712 3894 1780 Lycomedis

467 1797 527 1853 in
553 1798 968 1856 testimonium.

532 1888 943 1945 Constantinus
980 1889 1284 1960 episcopus
1301 1889 1648 1946 Constantia:
1671 1889 1840 1960 Cypri
1863 1888 2042 1944 dixit:
2066 1887 2114 1942 0

463 1975 897 2047 blasphemiam,
923 1991 1049 2048 quae
1081 1978 1175 2034 hic
1192 1980 1462 2034 Joannem
1482 1978 1808 2048 apostolum
1833 1977 1892 2032 in
1925 1981 2114 2032 monte

463 2064 758 2122 Olivarum
783 2066 931 2122 dicit
955 2065 1171 2139 fugisse
1194 2067 1254 2123 in
1277 2067 1604 2138 speluncam
1629 2073 1881 2137 tempore
1897 2065 2111 2122 crucis.

463 2154 830 2227 Evangelium
879 2160 1067 2211 autem
1100 2160 1360 2225 testatur,
1410 2155 1547 2226 quia
1594 2155 1858 2212 introivit
1886 2167 2018 2209 cum
2047 2165 2114 2208 eo

468 2243 528 2300 in
547 2245 760 2300 atrium
784 2243 1032 2315 Caiphae,
1065 2247 1121 2299 et
1147 2244 1284 2314 qiua
1312 2244 1535 2300 astabat
1556 2243 1715 2300 cruci
1743 2242 1961 2300 Christi
1983 2254 2114 2298 cum

465 2336 660 2388 sancta
684 2333 858 2387 Matre
886 2333 1030 2401 ejus.

534 2421 736 2476 Sancta
767 2420 1020 2490 synodus
1038 2420 1193 2476 dixit
1220 2439 1232 2475 :
1257 2419 1459 2476 Omnis
1484 2420 1721 2476 haeresis
1743 2420 1802 2476 in
1834 2419 1940 2477 hoc
1967 2419 2118 2474 libro

470 2509 692 2578 pendet.

537 2596 809 2652 Tarasius
825 2597 1225 2654 sanctissimus
1246 2598 1570 2669 patriarcha
1597 2597 1766 2655 dixit:
1801 2599 1941 2668 Heu,
1972 2595 2112 2652 heul

469 2683 730 2756 qualium
757 2685 1154 2743 haereticorum
1198 2685 1369 2742 libris
1403 2686 1663 2743 haeresim
1706 2699 1867 2742 suam
1891 2685 2120 2741 consti—

470 2777 643 2830 tuunt
665 2772 678 2827 l

540 2862 853 2934 Gregorius
875 2864 1180 2933 episcopus
1199 2863 1564 2919 Neocassariae
1587 2861 1772 2918 dixit:
1807 2861 1912 2916 Hic
1939 2861 2116 2918 codex

471 2949 629 3004 omni
689 2951 1028 3022 contagione
1070 2964 1136 3006 ac
1189 2951 1560 3007 dehonestate
1623 2954 1711 3006 est
1761 2949 1995 3021 dignus.
2049 2949 2120 3004 Et

2223 1802 2281 1852 et
2309 1799 2547 1856 auditus
2577 1805 2804 1856 nostros
2833 1801 3266 1857 contaminavit.

2294 1887 2536 1944 Joannes
2603 1889 3114 1946 reverendissimus
3178 1888 3490 1945 monachus
3526 1894 3583 1944 et
3623 1889 3897 1946 vicarius

2221 1974 2605 2032 Orientalium
2649 1977 2984 2047 pontificum
3016 1977 3205 2033 dixit:
3249 1978 3307 2032 Si
3338 1977 3522 2047 placet
3565 1982 3789 2034 sanctae
3831 1993 3899 2034 ac

2225 2065 2535 2122 universali
2573 2066 2710 2122 huic
2748 2067 2961 2138 synodo
3019 2067 3116 2122 flat
3158 2065 3465 2126 sententia.
3519 2080 3588 2122 ne
3631 2066 3900 2124 ulterius

2225 2153 2480 2210 scribant
2499 2153 2684 2224 aliqui
2716 2155 3011 2211 sordidum
3038 2154 3216 2211 istum
3246 2154 3480 2212 librum.

2296 2243 2499 2298 Sancta
2521 2243 2773 2314 synodus
2797 2243 2980 2300 dixit:
3020 2245 3195 2299 Nemo
3233 2244 3484 2300 scribat:
3538 2259 3652 2302 non
3694 2246 3899 2303 solum

2229 2329 2356 2399 hoc,
2379 2331 2474 2386 sed
2492 2330 2611 2402 igni
2631 2345 2760 2386 eum
2781 2331 3021 2402 dignum
3033 2330 3496 2400 judicamusfore
3511 2333 3897 2390 tradendum.

2303 2420 2506 2475 Petrus
2527 2419 3038 2476 reverendissimus
3064 2419 3241 2476 lector
3263 2439 3276 2476 :

2227 2560 2417 2616 Sancti
2463 2541 2831 2634 Amphilochii
2871 2563 3106 2634 episcopi
3146 2565 3320 2618 Iconii
3362 2565 3560 2619 librum
3603 2566 3672 2620 de
3722 2568 3904 2634 falsis

2262 2633 2808 2702 superscriptionibus
2853 2633 3242 2698 hazreticorum,
3269 2636 3427 2704 cujus
3465 2638 3686 2691 initium
3724 2633 3870 2694 est:

2295 2775 2521 2830 Justum
2545 2779 2732 2830 autem
2755 2773 3021 2830 arbitrati
3050 2789 3252 2832 sumus
3287 2789 3507 2832 omnem
3557 2791 3768 2833 eorum
3792 2779 3909 2835 de—

2229 2863 2446 2918 nudare
2472 2863 2843 2933 impietatem,
2875 2869 2932 2919 et
2953 2863 3248 2934 publicare
3281 2871 3562 2935 patentem
3605 2880 3903 2939 errorem,

2229 2951 2502 3022 quoniam
2541 2957 2596 3007 et
2635 2951 2818 3008 libros
2857 2953 3130 3023 quosdam
3182 2959 3508 3024 proponunt
3550 2959 3906 3025 superscri-

474 3037 838 3108 protulerunt
857 3053 926 3095 ex
949 3053 1016 3095 eo
1036 3039 1431 3096 testimonium
1454 3045 1653 3096 contra
1673 3038 1972 3111 imagines,
1993 3050 2119 3108 qum
2148 3039 2197 3103 C
2231 3041 2457 3111 ptiones
2479 3039 2750 3096 habentes
2777 3041 3186 3111 apostolorum,
3215 3055 3311 3112 per
3336 3056 3480 3113 quos
3495 3043 3762 3114 simplici
3815 3059 3906 3102 res

473 3133 610 3183 sunt
635 3127 706 3182 de
725 3129 1032 3198 Lycomede
1059 3129 1403 3198 conscripta.

543 3217 786 3272 Joannes
837 3217 1348 3274 reverendissimus
1402 3217 1715 3273 monachus
1759 3222 1814 3272 et
1865 3215 2121 3273 vicarius

472 3303 856 3362 Orientalium
885 3305 1364 3376 patriarcharum,
1390 3305 1574 3361 dixit:
1613 3305 1843 3362 Inducit
1868 3306 2124 3376 Lycome-

473 3391 601 3448 dem
631 3400 992 3451 coronantem
1017 3393 1324 3466 imaginem
1342 3393 1610 3465 apostoli,
1635 3393 2118 3465 quemadmodum

474 3481 677 3554 pagani
706 3481 878 3539 idola.

541 3571 792 3628 Basilius
836 3573 1141 3642 episcopus
1186 3571 1420 3642 Ancyrm
1465 3571 1665 3626 dixit:
1716 3569 1900 3629 Absit.
1965 3567 2116 3638 quod

470 3666 704 3717 sanctus
720 3661 964 3716 Joannes
992 3659 1301 3729 deiloquus
1329 3663 1530 3714 contra
1547 3657 1916 3730 Evangelium
1947 3669 2115 3712 suum

467 3749 671 3805 effatus
699 3747 794 3803 sit.

537 3835 808 3891 Tarasius
853 3835 1256 3892 sanctissimus
1301 3833 1625 3905 patriarcha
1675 3833 1863 3888 dixit:
1903 3831 2116 3887 Sensus

470 3924 570 3994 qui
603 3923 854 3993 prtelecti
877 3930 1036 3995 sunt,
1066 3923 1359 3994 Evangelii
1392 3922 1574 3978 sunt?

533 4010 738 4066 Sancta
784 4011 1036 4082 synodus
1073 4013 1259 4068 dixit:
1325 4011 1522 4068 Absit:
1560 4025 1742 4082 neque
1793 4024 1920 4080 qua:
1959 4022 2114 4078 prte-

465 4098 609 4155 lecta
633 4105 771 4156 sunt
790 4101 1164 4172 suscipimus,
1193 4115 1375 4172 neque
1401 4101 1605 4157 ultima
1629 4098 1978 4170 Lycomedis.

534 4188 806 4246 Tarasius
823 4190 1227 4247 sanctissimus
1249 4190 1573 4260 patriarcha
1593 4189 1777 4245 dixit:
1798 4188 1908 4257 Qui
1935 4185 2116 4242 susci.

463 4277 550 4348 pit
573 4279 820 4335 secunda
869 4293 996 4350 quae
1031 4279 1102 4335 de
1139 4279 1444 4350 Lycomede
1473 4285 1630 4348 sunt,
1663 4277 1910 4346 suscipit
1935 4275 2108 4332 etiam

2229 3141 2487 3199 quosque
2511 3128 2812 3199 decipiunt
2839 3125 2955 3202 [σν.
2999 3130 3131 3184 add.
3165 3131 3232 3184 Et
3271 3131 3439 3200 paulo
3472 3137 3599 3201 post
3628 3151 3641 3186 :
3691 3133 3905 3190 Osten-

2229 3216 2431 3272 demus
2453 3216 2606 3272 enim
2635 3217 2738 3272 hos
2770 3216 2968 3284 libros,
3002 3233 3144 3288 quos
3168 3218 3336 3275 nobis
3367 3219 3408 3274 ii
3435 3218 3741 3288 proferunt
3793 3224 3899 3294 qui

2229 3304 2302 3362 ab
2320 3305 2572 3360 Ecclesia
2610 3305 2992 3376 desciverunt,
3027 3319 3137 3362 non
3174 3307 3561 3377 apostolorum
3586 3315 3718 3365 acta
3742 3325 3900 3380 esse,

2231 3394 2326 3449 sed
2365 3394 2686 3449 dmmonum
2728 3391 2994 3468 scripta]
3022 3394 3090 3449 Et
3117 3401 3244 3464 post
3285 3395 3437 3450 alia:
3481 3397 3608 3452 llaec
3643 3399 3898 3468 quidem

2227 3483 2468 3538 Joannes
2510 3481 2804 3550 apostolus
2850 3495 3204 3552 nequaquam
3258 3482 3476 3539 diceret
3517 3485 3793 3543 srribens
3836 3489 3897 3545 in

2228 3569 2554 3641 Evangelio,
2588 3570 2724 3640 quia
2755 3560 3032 3626 Dominus
3057 3571 3115 3626 in
3146 3585 3315 3627 cruce
3339 3572 3521 3628 dicit:
3567 3575 3706 3628 Ecce
3739 3578 3902 3646 ﬁlius

2227 3664 2353 3714 tuus
2379 3661 2558 3727 (Joan.
2593 3661 2748 3733 XIV):
2776 3661 2856 3716 ita
2879 3665 2993 3716 uta
3017 3661 3114 3717 die
3137 3661 3240 3718 illa
3286 3661 3610 3733 susciperet
3636 3665 3903 3723 Joannes

2225 3747 2462 3803 Mariam
2482 3748 2542 3804 in
2564 3762 2688 3805 sua.
2707 3747 3000 3816 Quomodo
3021 3763 3156 3821 ergo
3180 3749 3274 3805 hic
3295 3750 3442 3806 dicit
3459 3765 3574 3807 non
3591 3751 3905 3812 adfuisse?

2225 3835 2320 3892 sed
2361 3836 2510 3892 nihil
2549 3836 2911 3892 exlraneum:
2947 3838 3102 3894 sicut
3150 3838 3302 3894 enim
3345 3839 3630 3896 Dominus
3670 3845 3904 3900 veritas

2223 3930 2310 3980 est
2331 3923 2504 3994 (Joan.
2538 3925 2673 3997 xw),
2705 3926 2784 3981 ita
2803 3925 3070 3982 diabolus
3107 3927 3344 3983 mendax
3391 3933 3479 3983 est
3521 3926 3701 4000 (Joan.
3737 3936 3894 4004 vm).

2223 4012 2324 4068 ille
2347 4013 2499 4069 enim
2523 4014 2761 4070 mendax
2779 4019 2865 4070 est
2889 4019 2945 4070 et
2971 4019 3130 4084 pater
3148 4016 3306 4084 ejus:
3351 4021 3408 4073 et
3452 4032 3581 4073 cum
3613 4019 3900 4090 loquitur

2225 4102 2606 4173 mendacium,
2643 4117 2712 4160 ex
2747 4117 2854 4160 suo
2897 4102 3177 4174 loquitur.
3221 4105 3326 4162 Sed
3371 4105 3490 4161 hac
3531 4107 3780 4177 quidem
3823 4111 3900 4166 de

2223 4191 2536 4248 mendacio.

2291 4281 2564 4338 Tarasius
2627 4282 3030 4340 sanctissimus
3089 4285 3417 4354 patriarcha
3481 4285 3673 4342 dixit:
3710 4288 3896 4346 Pater

459 4371 518 4422 et
538 4365 742 4439 prima,
774 4367 1250 4438 quemadmodum
1279 4374 1336 4423 et
1365 4365 1864 4437 pseudosyllogum
1890 4365 2056 4422 illud.
2135 4357 2191 4419 D
2222 4373 2414 4426 noster
2437 4375 2670 4428 sanctus
2697 4371 3136 4442 Amphilochius
3176 4387 3415 4446 magnus
3447 4377 3553 4445 est,
3588 4379 3648 4430 et
3675 4377 3896 4432 audia-

529 4455 733 4512 Sancta
752 4457 1005 4528 synodus
1031 4456 1214 4512 dixit:
1249 4456 1560 4512 Anathema
1587 4456 1740 4512 illi-a
1780 4457 1962 4526 prima
1998 4460 2106 4518 lit—

460 4549 579 4600 tera
611 4559 794 4617 usque
817 4547 887 4602 ad
911 4546 1301 4602 novissimam.
1557 4554 1575 4571 '
1756 4620 1761 4625 .

523 4634 766 4691 Joannes
809 4635 1322 4692 reverendissimus
1375 4636 1689 4693 monachus
1734 4641 1790 4692 et
1847 4637 2103 4696 vicarius

455 4721 836 4780 Orientalium
855 4725 1332 4796 patriarcharum,
1346 4725 1523 4782 dixit:
1545 4727 1703 4793 Ecce,
1720 4725 1869 4783 beati
1886 4729 2096 4800 Patres,

457 4810 683 4882 liquido
702 4813 1152 4870 demonstratum
1175 4821 1260 4870 est
1282 4815 1416 4885 quia
1444 4816 1716 4884 praesules
1739 4817 2101 4874 Christianos

453 4903 780 4958 accusantis
831 4903 1108 4959 haereseos
1173 4904 1448 4959 veraciter
1488 4905 2003 4962 communicatores
2044 4910 2101 4962 et

455 4991 766 5062 participes
788 4997 926 5049 sunt
943 4992 1467 5050 Nabuchodonosor
1487 5001 1545 5050 et.
1585 4995 2095 5067 Samaritanorum,

453 5079 640 5135 adhuc
663 5081 835 5136 etiam
851 5082 1171 5138 Judaeorum
1189 5087 1361 5152 atque
1381 5083 1708 5154 gentilium,
1729 5085 1866 5155 quin
1901 5085 2098 5156 potius

451 5173 509 5222 et
544 5181 576 5222 a
595 5169 706 5224 Deo
731 5169 1052 5226 alienorum
1077 5184 1142 5224 ac
1168 5170 1604 5226 maledictorum
1627 5171 2093 5246 Manichaeorum,

452 5270 694 5328 quorum
735 5258 1129 5313 testimonium
1174 5259 1478 5328 protulere.
1520 5261 1659 5314 Nam
1717 5259 1835 5315 haec
1897 5275 2094 5318 eorum

449 5351 604 5414 sunt,
633 5346 734 5418 qui
779 5345 1134 5416 phantasiam
1174 5351 1378 5417 putant
1421 5346 1769 5403 incarnatam
1803 5349 2098 5420 dispensa-

449 5435 661 5492 tionem
715 5435 817 5490 Dei
854 5433 1043 5490 Verbi.
1075 5433 1179 5490 Sed
1219 5433 1298 5490 sit
1325 5433 1412 5490 eis
1434 5435 1732 5492 anathema
1778 5438 2011 5509 pariter,
2038 5445 2096 5496 et

447 5524 794 5596 conscriptis
817 5537 1034 5582 eorum.

2219 4472 2348 4515 mus
2375 4459 2515 4530 quid
2545 4460 2703 4516 dicat
2728 4461 2799 4517 de
2817 4461 3166 4517 circuitibus
3195 4462 3290 4517 his
3311 4463 3407 4534 qui
3451 4461 3582 4518 falsi
3614 4465 3892 4522 nominis

2212 4553 2378 4604 sunt:
2433 4555 2665 4620 propter
2711 4551 2860 4622 quod
2914 4565 3024 4606 non
3062 4565 3164 4607 nos
3208 4556 3434 4622 Oportet
3484 4566 3684 4623 parere
3746 4555 3897 4612 sub-

2211 4637 2515 4708 scriptioni
2563 4635 2715 4713 [Gr.,
2759 4639 3149 4711 inscriptioni,
3198 4639 3718 4718 superscriptioni]
3777 4646 3894 4716 ip—

2211 4742 2424 4784 sorum.

2285 4817 2532 4874 Basilius
2600 4818 3002 4875 sanctissimus
3038 4818 3344 4889 episcopus
3391 4819 3628 4891 Ancyra:
3668 4822 3882 4880 dixit:

2209 4905 2370 4962 Nihil
2391 4906 2642 4978 amplius
2661 4913 2856 4964 sancto
2883 4908 3124 4964 resultat
3143 4909 3469 4980 Evangelia,
3492 4924 3662 4981 quam
3683 4911 3886 4982 impia

2211 4994 2329 5050 haec
2349 4995 2719 5066 conscriptio.
2763 4996 3176 5052 Convenienter
3204 5010 3342 5068 ergo
3361 4997 3531 5053 etiam
3561 4999 3632 5055 de
3659 4999 3886 5073 imagi-

2209 5082 2384 5138 nibus
2413 5084 2758 5140 contrariam
2787 5085 3116 5155 opinionem
3147 5085 3332 5141 habet.

2277 5172 2688 5229 Sanctissimus
2737 5173 3062 5242 patriarcha
3109 5175 3302 5230 dixit:
3367 5175 3666 5246 Sapienter
3711 5175 3880 5251 [(ἱί-Ἷ

2208 5261 2463 5336 liquido]
2503 5263 2665 5317 Pater
2685 5262 2942 5332 publicat
2961 5262 3353 5320 confusionem
3379 5271 3435 5320 et
3459 5266 3882 5336 garrulitatem

2206 5351 2381 5421 hujus
2403 5351 2641 5407 codicis.

2273 5441 2476 5495 Sancta
2506 5439 2758 5510 synodus
2790 5440 2982 5496 dixit:
3008 5441 3214 5512 Etiam,
3245 5442 3495 5500 domine.

2273 5528 2629 5598 Nicephorus
2657 5529 3061 5586 sanctissimus
3088 5529 3394 5602 episcopus
3431 5533 3733 5604 Dyrrachii
3771 5536 3884 5592 di-
