4016 6168
401 258 508 317 363

1631 257 1982 312 ANASTASH
2035 255 2572 312 BlBLIOTilECARIl

3727 251 3826 311 364

400 381 709 440 sacerdotii
733 380 825 438 sui
853 379 1123 436 Calendio
1150 379 1446 436 inveniens
1469 379 1856 436 ecclesiastica
1880 379 2056 434 adul—
2079 379 2134 439 A
2169 383 2374 434 verunt
2411 379 2828 452 imperatorem,
2881 383 3044 452 quasi
3080 381 3378 451 deceptum
3403 394 3437 436 a
3461 380 3825 451 patriarcha-

401 478 586 528 terare
611 471 895 543 dogmata,
923 474 980 526 et
997 469 1230 525 castella
1251 469 1520 539 excitare,
1549 468 1713 538 pellit
1738 483 1771 524 a
1800 467 2049 540 regione.

397 562 476 617 De
505 561 612 618 hoc
640 561 840 632 multa,
857 574 982 631 qua:
1007 573 1039 615 a
1063 559 1310 616 diversis
1324 558 1564 614 audiens
1586 560 1878 613 scrutatus
1905 571 2054 628 sum,

395 663 466 706 ex
497 654 654 720 parte
672 650 879 705 dicam.
909 647 955 704 A
985 650 1281 704 Persarum
1311 647 1464 702 enim
1497 647 1727 718 regione
1758 645 2055 716 proprium

394 737 692 794 dominum
719 735 966 809 fugiens,
989 735 1059 792 ad
1087 737 1468 792 Romanorum
1494 734 1766 804 pervenit.
1797 735 1862 789 Et
1883 733 2055 804 paulo

397 831 557 897 post:
600 827 759 882 Hunc
809 829 1006 882 Petrus
1063 839 1164 896 pro
1209 825 1352 896 Cyro
1391 823 1910 894 Hierapoliensium
1956 825 2050 878 Ec-

391 914 582 972 clesia:
609 913 938 984 episcOpum
963 913 1338 984 transmittit;
1372 926 1537 985 quem
1565 927 1678 969 non
1721 916 1848 983 post
1897 911 2056 967 mul—

391 1009 514 1060 tum
566 1003 818 1074 episcdpi
866 1016 898 1059 a
941 1003 1172 1059 Perside
1207 1003 1498 1058 venientes
1546 1001 1712 1072 quasi
1757 1000 2049 1056 vernulam

389 1091 724 1164 arguebant,
761 1097 820 1149 et
848 1097 914 1148 ut
955 1091 1144 1148 divini
1189 1095 1468 1148 exsortem
1501 1090 1882 1162 baptismatis.
1928 1091 2051 1158 Quo

389 1186 696 1253 comperto,
728 1182 949 1250 Petrus,
999 1180 1139 1251 quid
1183 1184 1471 1252 oporteret
1500 1179 1622 1235 fieri
1641 1193 1787 1235 -non
1817 1190 2046 1248 curans,

387 1269 542 1326 dixit
561 1269 816 1326 suﬂicere
833 1269 923 1326 illi
946 1269 1202 1340 episcOpi
1225 1268 1707 1326 consecrationem
1734 1267 1802 1324 ad
1826 1265 2053 1336 supple-

387 1362 641 1415 mentum
669 1358 856 1415 divini
887 1361 1228 1415 sacramenti
1255 1356 1495 1431 [divinze
1526 1353 1938 1430 initiationis].

453 1447 776 1518 Stephanus
821 1447 1102 1504 diaconus
1139 1453 1196 1503 et
1247 1446 1512 1502 notarius
1551 1444 1899 1500 venerabilis
1939 1457 2048 1515 pa—

387 1535 648 1594 trimonii
679 1537 821 1610 legit
848 1557 860 1592 :

449 1664 678 1718 Joannis
703 1663 1125 1726 Diaerinomeni,
1151 1671 1175 1698 α
1203 1661 1270 1717 de
1292 1661 1674 1716 Ecclesiastica
1699 1659 1964 1714 Historia.

449 1791 573 1845 Non
629 1789 782 1844 enim
836 1787 1064 1844 licitum
1115 1786 1403 1843 asserebat
1449 1785 1722 1858 Xenaias,
1783 1783 2034 1857 angelos,

378 1892 510 1934 cum
542 1877 862 1948 incorporei
891 1877 1029 1948 sint,
1057 1889 1296 1946 corpora
1322 1873 1524 1942 facere,
1551 1881 1608 1930 et
1633 1874 1800 1946 quasi
1835 1874 1892 1930 in
1921 1873 2040 1930 hu—

379 1967 564 2024 manis
607 1965 809 2024 formis
828 1967 1139 2024 existentes
1161 1979 1466 2037 corporeos
1487 1964 1763 2022 formare:
1808 1965 1905 2020 sed
1935 1977 2036 2019 nec

377 2057 520 2112 illud
569 2057 920 2128 existimare,
963 2057 1232 2114 honorem
1287 2060 1388 2112 aut
1417 2055 1658 2128 gloriam
1707 2053 2036 2124 impendere

373 2145 602 2202 Christo
653 2145 958 2219 imaginem
997 2137 1062 2202 'ei
1113 2159 1213 2216 per
1267 2145 1506 2216 pictura:
1569 2147 1746 2199 artem
1817 2140 2034 2198 edicere

377 2229 683 2309 [etfectam]
714 2253 730 2306 ς
753 2249 876 2292 esse
897 2239 1088 2292 autem
1116 2235 1204 2290 illi
1232 2233 1410 2290 solam
1431 2231 1836 2303 acceptabilem
1867 2243 2034 2287 nosse

375 2324 434 2378 in
483 2323 696 2394 spiritu
745 2329 802 2380 et
845 2323 1082 2379 veritate
1121 2323 1532 2379 adorationem.
1588 2323 1658 2376 Et
1705 2325 1832 2390 post
1873 2320 2024 2377 alia:

369 2411 548 2468 Nosse
563 2416 751 2467 autem
777 2411 925 2467 dicit
947 2415 1004 2467 et
1043 2410 1211 2482 illud,
1242 2425 1366 2466 esse
1406 2410 1652 2481 puerilis
1679 2422 1883 2464 sensus
1913 2409 2030 2464 ﬁn—

371 2513 500 2572 gere
531 2500 590 2554 in
621 2499 897 2556 columba:
927 2499 1083 2556 idolo
1103 2499 1534 2556 sanctissimum
1573 2503 1632 2554 et
1671 2497 2024 2553 adorandum

367 2588 680 2658 Spiritum;
740 2588 1054 2659 praesertim
1101 2603 1232 2645 cum
1282 2587 1620 2660 evangelicae
1665 2598 2024 2657 nequaquam

368 2677 596 2734 tradant
642 2677 868 2745 littera,
915 2677 1052 2748 quia
1095 2675 1282 2734 factus
1327 2681 1415 2734 est
1442 2675 1707 2732 columba
1743 2674 2018 2745 Spiritus,

366 2765 614 2838 sedquia
634 2766 692 2822 in
719 2765 906 2837 specie
929 2765 1207 2822 columba:
1225 2763 1848 2836 apparuitaliquando:
1883 2763 2020 2834 quia

363 2868 494 2910 vero
523 2854 965 2926 dispensatorie,
999 2869 1112 2910 non
1143 2853 1604 2911 substantialiter
1625 2853 1793 2910 semel
1821 2859 2022 2908 osten—

364 2958 464 2999 sus
491 2948 597 3014 est,
630 2957 742 2999 non
791 2943 920 3000 ideo
965 2947 1160 3014 aptum
1211 2943 1329 3014 piis
1355 2947 1442 3000 est
1491 2942 1751 3012 corporis
1799 2940 2018 2997 idolum

2167 482 2294 524 rum
2332 467 2547 524 astutia
2589 474 2644 523 et
2675 468 2922 524 ﬁctione.
2973 470 3042 524 Et
3095 469 3440 538 accipientes
3488 473 3818 538 potestatem

2169 571 2337 628 quam
2360 558 2683 622 voluerunt,
2707 563 2983 613 etaurum
3007 557 3250 614 multum
3271 558 3440 628 vulgo
3461 557 3812 613 Antiocheno

2168 645 2505 715 tribuentes,
2524 652 2580 702 et
2600 646 2801 702 multis
2819 647 3004 703 modis
3025 647 3356 702 Flavianum
3377 646 3740 716 tribulantes,
3769 651 3821 706 et

2168 735 2586 806 quodammodo
2643 735 3004 806 suffocantes,
3076 741 3133 793 et
3191 740 3454 809 cogentes
3507 735 3822 792 Chalcedo-

2167 836 2396 879 nensem
2447 824 2725 894 synodum
2777 824 3280 894 anathematizare,
3332 824 3526 880 taliter
3555 823 3724 879 illum
3749 821 3818 878 ab

2162 912 2494 988 episcppatu
2529 913 2798 982 pellentes
2823 913 3030 970 exsilio
3059 914 3490 970 damnaverunt.
3518 911 3642 981 Quo
3671 926 3826 968 com-

2163 1007 2342 1074 perto,
2389 1001 2700 1071 imperator
2743 1003 2975 1074 gavisus
3015 1007 3120 1072 est,
3166 1010 3224 1058 et
3249 1003 3515 1059 Severum
3554 1002 3819 1072 Acepha-

2161 1089 2347 1146 lorum
2377 1089 2684 1147 exarchum
2723 1088 3102 1167 [principem]
3143 1091 3474 1162 episcopum
3497 1091 3819 1149 Antiochiae

2162 1178 2341 1234 misit.

2227 1265 2515 1324 Antonius
2536 1267 3046 1326 reverendissimus
3077 1268 3391 1326 monachus
3427 1269 3598 1342 legit:

2155 1387 2186 1432 b
2208 1390 2298 1444 Ea:
2335 1390 2707 1460 deprecatione
2735 1407 2856 1462 qua
2880 1392 3013 1447 data
3042 1396 3122 1447 est
3153 1397 3354 1447 sancta
3381 1393 3586 1461 synodo
3617 1409 3818 1450 conve—

2225 1463 2401 1516 nienti
2435 1464 2495 1516 in
2533 1462 2634 1516 hac
2657 1465 2808 1531 regia
2833 1464 2966 1518 urbe
3011 1468 3200 1518 contra
3227 1464 3481 1518 Severum
3509 1465 3817 1520 hmreticwn

2227 1537 2276 1586 et
2299 1532 2657 1602 Acephalum,
2687 1551 2724 1588 a
2751 1537 2964 1589 clericis
2997 1539 3048 1590 et
3063 1536 3342 1604 monachis
3367 1535 3818 1592 Antiochensium

2223 1618 2434 1676 magna
2478 1605 2714 1660 ciuitatis
2763 1611 2963 1661 sanctae
3010 1608 3110 1661 Dei
3161 1607 3441 1661 Ecclesiae:
3494 1607 3652 1676 cujus
3695 1610 3818 1662 ina;-

2067 1703 2119 1763 B
2223 1675 2360 1728 tium
2401 1679 2481 1730 est
2501 1694 2518 1728 :

2219 1781 2384 1836 Nunc
2425 1781 2653 1838 tandem
2703 1787 2928 1854 tempus
2975 1789 3080 1855 est,
3111 1797 3146 1840 o
3175 1783 3514 1842 beatissimi.
3569 1787 3637 1841 Et
3683 1791 3816 1856 post

2150 1882 2348 1938 pauca.
2375 1871 2580 1940 Qualia
2599 1885 2752 1944 vero,
2787 1873 3162 1944 sanctissimi,
3186 1880 3243 1930 et
3268 1889 3394 1945 quae
3421 1875 3574 1931 circa
3600 1874 3810 1946 fontes,

2147 1958 2246 2028 qui
2287 1959 2536 2029 Daphnze
2571 1968 2728 2030 sunt,
2771 1975 2937 2034 agere
2972 1975 3150 2018 ausus
3183 1963 3281 2032 sit,
3315 1963 3554 2036 magicis
3580 1964 3818 2022 artibus

2148 2045 2360 2104 ibidem
2391 2064 2553 2122 usus,
2587 2054 2644 2106 et
2674 2050 2898 2108 incensi
2923 2051 3206 2108 daemonia
3254 2053 3502 2122 placans,
3555 2059 3671 2110 tota
3705 2055 3816 2112 illa

2144 2135 2350 2194 civitas
2373 2139 2547 2194 canit.
2589 2139 2885 2210 Siquidem
2929 2154 3032 2196 nec
3080 2141 3225 2211 ipsis
3262 2143 3478 2198 sanctis
3523 2143 3818 2202 altaribus

2143 2227 2228 2282 vel
2260 2228 2501 2284 sacratis
2548 2229 2702 2285 vasis
2732 2229 3006 2301 pepercit,
3055 2230 3156 2286 illa
3205 2231 3436 2302 quidem
3471 2235 3709 2288 eradens
3743 2240 3818 2290 ut

2143 2317 2378 2372 scelesta
2411 2314 2550 2391 [ϐω
2585 2317 2878 2394 profana],
2923 2319 3041 2375 haec
3067 2325 3256 2376 autem
3303 2321 3558 2378 conﬂans
3585 2327 3642 2378 et
3667 2337 3819 2380 ero—

2140 2419 2280 2477 gans
2304 2407 2398 2462 his
2419 2407 2519 2478 qui
2543 2407 2758 2464 similis
2793 2408 2972 2465 moris
3003 2414 3156 2465 sunt.
3181 2411 3355 2466 Porro
3396 2417 3814 2482 praesumptum

2136 2499 2223 2552 est
2241 2495 2312 2552 ab
2349 2510 2414 2552 eo
2434 2497 2606 2552 etiam
2633 2497 2760 2570 hoc,
2791 2511 2826 2554 o
2876 2497 3218 2555 beatissimi.
3246 2501 3356 2557 Eas
3378 2501 3550 2568 enim,
3584 2516 3710 2572 qua:
3743 2503 3818 2558 in

2136 2589 2330 2655 typum
2349 2585 2530 2642 sancti
2563 2586 2818 2656 Spiritus
2872 2593 3026 2659 sunt,
3065 2601 3253 2645 aureae
3305 2595 3360 2646 et
3397 2597 3673 2663 argentea:
3717 2606 3825 2648 co-

2134 2673 2340 2730 lumbae
2359 2689 2648 2746 suspensae
2669 2690 2844 2746 supra
2862 2677 3060 2733 divina
3094 2674 3112 2750 ξ
3130 2692 3325 2734 sacros
3364 2676 3576 2754 fontes]
3601 2694 3818 2736 sacra—

2133 2767 2318 2818 menta
2361 2759 2642 2838 [lavacra]
2683 2769 2738 2820 et
2774 2763 3002 2838 altaria,
3051 2779 3182 2822 cum
3223 2767 3361 2822 aliis
3396 2765 3815 2830 defraudabat,

2135 2851 2337 2908 dicens
2385 2866 2499 2908 non
2541 2858 2804 2924 oportere
2845 2853 3140 2911 columbas
3187 2855 3473 2912 nominari
3517 2857 3817 2928 Spiritum

2139 2944 2424 2998 sanctum.

364 3029 632 3088 faciendi.
659 3034 774 3088 Hoc
810 3031 1160 3089 Philoxenus
1192 3033 1422 3102 docens,
1457 3045 1570 3088 una
1598 3045 1728 3088 cum
1754 3029 2017 3088 doctrina
2047 3051 2098 3118 ρ
2205 3030 2478 3087 Tarasius
2508 3031 2910 3090 sanctissimus
2934 3033 3258 3104 patriarcha
3285 3034 3472 3090 dixit:
3504 3035 3562 3090 Si
3597 3036 3657 3091 in
3685 3050 3814 3094 no—

359 3121 532 3178 etiam
581 3136 726 3192 opus
785 3122 1059 3192 patrabat.
1123 3121 1330 3178 Crebro
1393 3135 1638 3192 namque
1685 3120 2018 3192 angelorum

364 3208 643 3282 imagines
685 3210 914 3281 quidem
955 3211 1244 3280 deponens
1281 3209 1664 3280 delebat;eas
1715 3222 1846 3265 vero
1895 3221 2021 3278 qua:

357 3297 652 3354 Christum
691 3298 1030 3370 ﬂgurabant,
1061 3298 1120 3354 in
1149 3298 1366 3355 abditis
1392 3298 1536 3356 locis
1563 3297 1906 3354 occultabat.

429 3386 1116 3444 'I‘arasiussanctissimus
1135 3387 1464 3457 patriarcha
1483 3387 1636 3444 dixit
1651 3407 1664 3442 :
1678 3386 2018 3456 Audiamus,

359 3476 566 3532 sacrati
591 3476 724 3543 viri,
753 3475 853 3548 qui
887 3490 998 3532 non
1045 3482 1380 3546 receperunt
1422 3475 1776 3532 venerabiles
1807 3471 2023 3544 imagi-

359 3580 478 3636 nes,
521 3579 634 3622 non
663 3565 961 3636 baptizati,
993 3565 1314 3634 Manichaai,
1347 3569 1403 3620 et
1435 3564 1494 3619 hi
1527 3563 1626 3633 qui
1657 3561 2018 3632 phantasiam

360 3653 672 3724 praedicant
735 3653 795 3707 in
863 3652 1076 3708 Christi
1147 3651 1610 3722 dispensatione:
1659 3663 1728 3705 ex
1773 3661 2018 3720 quorum

359 3739 1162 3811 pollutionibus'Christianos
1185 3739 1512 3796 accusantis
1539 3739 1818 3800 haereseos
1839 3737 2022 3792 intro-

357 3829 626 3884 ductores
653 3827 884 3884 fomites
904 3836 1300 3900 susceperunt.

426 3917 638 3973 Sabbas
705 3917 1217 3974 reverendissimus
1281 3917 1635 3989 hegumenus
1681 3914 2018 3972 monasterii

356 4006 547 4062 Studii
577 4005 765 4062 dixit:
807 4007 1034 4063 Gratias
1064 4007 1291 4080 agimus
1330 4008 1442 4062 Deo
1462 4010 1519 4061 et
1543 4005 1704 4062 bonae
1735 4004 2018 4061 voluntati

324 4093 652 4150 "dominum
703 4101 1030 4152 nostrorum
1081 4095 1383 4161 bonorum,
1426 4093 1564 4164 quia
1588 4091 1720 4150 falsi
1752 4093 2020 4148 custodes

361 4182 783 4255 pseudosyll0gi
811 4183 976 4240 illius
994 4183 1202 4239 devicti
1221 4190 1357 4238 sunt
1379 4195 1490 4238 una
1512 4196 1642 4238 cum
1664 4181 2020 4238 consentien‘

357 4269 516 4327 tibus
539 4270 652 4326 sibi
681 4271 984 4329 haereticis.

424 4359 626 4416 Sancta
647 4362 898 4433 synodus
927 4361 1112 4417 dixit:
1155 4360 1468 4416 Anathema
1494 4359 1618 4416 illis
1642 4359 1655 4414 ι

425 4449 836 4508 Constantinus
867 4449 1380 4508 reverendissimus
1418 4449 1594 4506 lector
1635 4449 2014 4507 sanctissima:

354 4539 622 4596 Ecclesia:
652 4540 827 4613 legit:

603 4651 680 4702 De
722 4649 838 4703 vita
881 4649 1060 4702 sancti
1094 4647 1277 4702 Patris
1323 4647 1498 4702 nostri
1546 4647 1756 4702 Sabbaz.

427 4753 694 4810 Flaviano
733 4752 917 4824 igitur
965 4757 1024 4808 et
1063 4751 1188 4808 Elia
1227 4751 1573 4822 patriarchis
1613 4752 1900 4809 Sidonem.
1949 4761 2011 4808 ut

354 4843 574 4900 dictum
597 4846 705 4913 est,
737 4841 1220 4912 pervenientibus,
1253 4845 1311 4897 et
1340 4841 1552 4897 litteris
1577 4841 1923 4898 adulatoriis
1945 4856 2012 4897 ac

355 4930 796 5004 dispensatoriis
807 4932 874 4988 ad
896 4931 1294 5002 imperatorem
1317 4930 1634 5001 utentibus,
1658 4935 1714 4986 et
1731 4932 2010 5002 synodum

359 5037 486 5096 quae
529 5021 738 5082 Sidone
765 5026 962 5077 contra
1016 5025 1225 5076 rectam
1263 5025 1602 5092 congregata
1649 5019 1834 5076 fuerat
1867 5017 2009 5094 [Gr.,

357 5106 833 5184 congregabatur]
871 5109 1034 5166 tidem
1081 5109 1532 5181 destruentibus,
1573 5114 1629 5164 et
1657 5110 1724 5166 ad
1751 5110 2016 5180 proprias

357 5200 520 5258 sedes
539 5197 934 5269 redeuntibus,
958 5197 1240 5270 indignati
1265 5197 1323 5253 hi
1356 5197 1457 5268 qui
1485 5197 1638 5253 circa
1653 5197 2011 5254 Soteriehum

357 5295 416 5346 et
436 5288 812 5346 Philoxenum
855 5291 1036 5359 erant,
1072 5287 1132 5342 in
1159 5286 1303 5342 iram
1347 5285 1727 5342 vehementem
1753 5299 2014 5344 commo—

430 5396 896 5456 ‘Diacrinomeni,
952 5394 1007 5450 id
1052 5399 1140 5450 est
1179 5395 1461 5461 segregati.
1521 5391 1617 5448 Sic
1665 5391 2014 5451 vocabantur

361 5468 462 5596 Eni
513 5466 794 5596 syngdusr:
824 5465 1335 5594 Chalcedonensem
1378 5477 1490 5520 non
1536 5463 1904 5534 recipiebant.
1933 5468 2012 5521 Ex

403 5553 508 5596 eon
541 5551 596 5594 to
664 5551 695 5594 e
793 5552 824 5594 c
855 5552 924 5594 is.

403 5551 596 5597 θοηῑιο
623 5551 695 5594 ue
724 5551 924 5594 δθοιιε.

2138 3119 2291 3174 mine
2317 3121 2501 3176 sancti
2529 3119 2785 3191 Spiritus
2814 3123 3206 3194 superpositas
3251 3122 3548 3180 columbas
3578 3139 3816 3196 recepe-

2133 3213 2270 3264 runt
2298 3209 2512 3280 Patres,
2559 3215 2774 3280 quanto
2801 3211 2984 3284 magis
3027 3211 3309 3268 incarnati
3361 3212 3525 3268 Verbi
3574 3213 3806 3270 iconas.

2133 3297 2283 3368 quod
2317 3299 2588 3368 apparuit
2617 3313 2790 3370 super
2821 3305 3029 3356 terram
3067 3314 3196 3356 cum
3222 3315 3458 3372 corpore
3476 3301 3506 3355 ‘?
3533 3302 3637 3358 Sed
3666 3317 3817 3360 cre—

2131 3385 2270 3454 dite,
2325 3387 2462 3456 quia
2509 3392 2566 3443 et
2606 3387 2949 3445 Anastasius
2987 3389 3088 3460 qui
3140 3389 3811 3460 Constantinopolitanis

2134 3474 2382 3546 praefuit,
2407 3489 2609 3531 aureas
2639 3481 2696 3531 et
2718 3481 3016 3548 argenteas
3037 3477 3234 3534 iconas
3265 3476 3554 3534 fraudavit
3583 3479 3645 3535 in
3675 3496 3818 3550 pro-

2133 3563 2290 3634 prios
2311 3578 2471 3634 usus,
2506 3563 2656 3634 quod
2693 3571 2749 3620 et
2785 3565 3025 3622 Severus
3064 3564 3219 3622 fecit.

2200 3651 2521 3721 Stephanus
2549 3653 2662 3708 Deo
2705 3652 2975 3710 amabilis
3020 3653 3301 3711 diaconus
3348 3660 3406 3711 et
3448 3656 3718 3714 notarius
3749 3664 3816 3714 et

2132 3738 2554 3796 referendarius
2581 3739 2756 3812 legit:

2130 3864 2364 3918 Joannis
2395 3865 2631 3934 episcopi
2665 3863 3050 3920 Gabalensium
3072 3867 3132 3920 in
3154 3869 3322 3928 vitam
3351 3873 3401 3923 et
3424 3873 3817 3926 conversatio—

2307 3951 2428 3988 nem
2451 3935 2634 3989 Seueri
2651 3936 3040 4000 hzeresiarchae,
3073 3939 3230 4006 cujus
3247 3940 3467 3993 initium
3495 3945 3609 3994 est:

2199 4039 2257 4095 Si
2292 4040 2521 4110 quidem
2552 4041 2830 4097 voluisset
2861 4042 3099 4099 Severus
3126 4043 3210 4099 vel
3242 4044 3371 4100 vita:
3400 4059 3622 4116 semper
3642 4049 3806 4118 ejus.

2131 4129 2200 4184 Et
2223 4134 2347 4198 post
2373 4143 2583 4198 pauca:
2620 4132 2688 4185 Et
2717 4145 2900 4201 neque
2927 4131 3257 4203 angelorum
3287 4133 3529 4190 illmsum
3558 4135 3818 4195 dimisit

2135 4215 2424 4274 honorem.
2475 4218 2717 4276 Multum
2777 4223 2968 4276 autem
3017 4233 3333 4278 sermonem
3389 4222 3448 4278 in
3503 4223 3814 4283 tribunali

2131 4310 2290 4361 stans
2311 4305 2445 4362 fecit
2469 4303 2776 4384 [faciebat],
2803 4313 2860 4364 et
2882 4308 3248 4366 multitudini
3286 4311 3627 4380 persuadere
3658 4319 3822 4369 ten-

2037 4372 2088 4434 D
2129 4393 2284 4450 tabat
2298 4395 2356 4449 in
2372 4372 2495 4464 ipso
2514 4372 2804 4452 multoti‘es
2816 4397 3069 4453 sacrario
3083 4372 3436 4454 sanctissimi
3461 4399 3812 4475 Michaelis,

2124 4483 2275 4554 quod
2312 4497 2422 4540 non
2456 4498 2744 4555 purpurea
2770 4485 2993 4558 angelis
3041 4487 3377 4544 vestimenta
3417 4489 3815 4563 conveniant,

2123 4573 2220 4628 sed
2245 4572 2410 4629 alba:
2437 4587 2549 4630 non
2578 4573 2852 4647 ignorans
2879 4576 3029 4644 quod
3055 4575 3204 4632 nihil
3228 4577 3446 4634 sanctis
3466 4576 3822 4637 virtutibus

2121 4660 2396 4718 sensibile
2423 4662 2762 4719 conveniant
2795 4658 2892 4736 [de
2912 4663 3169 4720 vestibus
3193 4678 3348 4721 curm
3383 4661 3523 4740 est],
3545 4666 3644 4722 sed
3688 4681 3829 4724 sa—

2120 4756 2317 4823 tagens
2328 4755 2384 4807 et
2402 4752 2517 4807 hmc
2529 4751 2803 4808 similiter
2827 4751 3052 4808 auferre
3083 4749 3212 4826 [hac
3229 4753 3450 4810 ratione
3467 4753 3783 4830 dividere]
3801 4800 3825 4827 ,

2121 4845 2177 4894 et
2203 4839 2262 4896 in
2300 4840 2642 4896 alterutrum
2680 4853 3033 4897 commovere
3071 4841 3283 4898 multos
3327 4841 3414 4898 sic
3440 4846 3498 4898 et
3524 4841 3704 4899 aliter
3733 4859 3828 4904 se

2125 4927 2414 4985 habentes.

2191 5017 2462 5074 Tarasius
2485 5017 2888 5075 sanctissimus
2918 5019 3240 5088 patriarcha
3270 5019 3456 5076 dixit:
3497 5020 3829 5079 Conside—

2123 5121 2332 5178 remus,
2367 5107 2504 5177 quia
2524 5121 2652 5162 cum
2681 5107 2925 5177 reliquis
2945 5108 3116 5164 etiam
3159 5109 3218 5164 in
3247 5109 3352 5164 hoc
3384 5109 3509 5180 ipso
3535 5123 3832 5169 accusa-—

2123 5201 2216 5252 tus
2237 5202 2342 5266 est,
2367 5195 2637 5267 quoniam
2663 5195 2910 5265 dicebat,
2939 5197 3076 5267 quia
3112 5211 3222 5253 non
3249 5197 3518 5253 convenit
3543 5199 3829 5272 angelos

2122 5298 2430 5358 purpurea,
2479 5286 2573 5342 sed
2615 5285 2744 5341 alba
2783 5285 3119 5342 vestimenta
3159 5287 3414 5343 induere.

2193 5389 2496 5462 bllabetur
2551 5390 2610 5446 in
2667 5391 2880 5462 synodo
2927 5391 3357 5462 ConstantinOp.
3412 5391 3522 5448 sub
3573 5393 3832 5454 Menna

2123 5471 2232 5520 act.
2279 5461 2328 5535 l,
2356 5463 2508 5518 circa
2556 5463 2700 5518 med.
