4010 6160
198 304 283 361 365

964 303 1509 359 INTERPRETATIO
1546 302 1794 359 SYNODI
1833 301 1925 355 VII
1962 300 2457 360 GENERALIS.—
2491 307 2691 363 ACTIO
2731 311 2789 364 γ.

3468 311 3574 369 366

246 427 589 498 Theophilus
622 422 986 501 [Demetrius]
1018 428 1133 483 Deo
1158 426 1430 484 amabilis
1458 427 1739 483 diaconus
1759 430 1815 481 et
1843 424 1899 485 A
1930 439 2060 481 eum
2107 428 2207 499 qui
2248 442 2308 484 se
2348 435 2647 486 erecturus
2683 435 2807 487 erat
2844 432 2856 499 Ι
2867 446 2995 487 eum
3033 434 3389 506 deposuerat,
3429 437 3578 493 inso-

192 516 540 587 sceuophylax
585 516 770 571 dixit:
806 518 868 571 In
912 521 1107 572 sancta
1150 530 1348 588 magna
1389 516 1641 572 Ecclesia
1679 515 1817 572 Con-

191 605 632 676 stantinOpoleos,
668 606 897 676 quando
926 611 1224 676 promotus
1254 620 1401 675 sum,
1439 604 1719 675 inquisivi
1754 605 1811 659 in

192 696 337 765 brevi,
366 699 422 750 et
454 695 641 764 reperi
672 695 689 749 i
767 708 832 750 eo
862 695 1057 750 deesse
1084 695 1231 750 duos
1261 695 1486 751 codices
1509 695 1813 749 deauratos

194 798 270 855 per
288 784 594 855 imagines:
625 798 769 853 quos
792 784 1092 853 requirens
1111 784 1337 855 agnovi,
1365 783 1511 854 quod
1541 784 1597 838 in
1623 783 1809 853 ignem

192 888 267 929 eos
305 874 600 929 mittentes
647 872 1026 928 incenderint.
1061 873 1254 928 Inveni
1286 878 1473 928 autem
1523 878 1577 927 et
1629 872 1809 927 alium

194 962 375 1018 librum
406 962 775 1019 Constantini
806 961 1288 1032 chartophylacis,
1331 961 1711 1018 continentem
1744 960 1814 1015 de

191 1051 591 1108 venerabilibus
622 1051 846 1107 iconis:
880 1057 936 1106 et
966 1051 1296 1107 reciderunt
1323 1050 1480 1121 folia,
1518 1051 1577 1105 in
1605 1049 1818 1119 quibus

188 1140 380 1211 jacebat
427 1140 597 1195 verba
642 1154 814 1210 super
858 1140 1063 1212 iconis,
1110 1146 1166 1195 et
1203 1153 1331 1195 ecce
1372 1139 1630 1195 eumdem
1671 1138 1824 1193 codi‘

191 1243 286 1285 cem
310 1244 422 1299 prae
450 1229 719 1285 manibus
742 1229 956 1285 habens
981 1236 1190 1285 sancta:
1216 1229 1431 1300 synodo
1455 1229 1709 1284 ostendo.

247 1320 303 1374 Et
341 1318 641 1388 explicans
682 1318 830 1374 idem
869 1318 1222 1388 Theophilus
1265 1314 1628 1391 [Demetrius]
1671 1316 1827 1372 codi—

192 1421 308 1475 cem,
335 1407 593 1462 ostendit
617 1406 887 1462 omnibus
913 1404 1185 1463 foliorum
1220 1405 1579 1462 recisionem.

247 1496 511 1552 Leontius
551 1496 792 1551 devotus
828 1510 861 1551 a
900 1496 1135 1551 secretis
1169 1495 1359 1551 dixit:
1398 1495 1467 1549 Et
1503 1494 1685 1563 aliud,
1727 1494 1823 1549 Pa-

193 1592 303 1654 tres,
334 1584 665 1639 mirandum
696 1589 783 1639 est
814 1583 873 1638 in
904 1584 1101 1640 codice
1141 1584 1264 1639 hoc.
1298 1583 1370 1637 Ut
1403 1582 1613 1637 videtis
1645 1582 1821 1653 enim,

192 1660 740 1743 argenteas'tabulas
788 1670 976 1743 habet,
1021 1677 1076 1727 et
1119 1671 1256 1726 hinc
1298 1671 1430 1726 inde
1472 1669 1824 1741 imaginibus

1936 513 2201 582 lescente,
2251 523 2457 574 natura
2503 519 2798 591 indigebat
2839 533 2904 575 eo
2941 521 3041 591 qui
3088 520 3267 591 ipsam
3313 521 3573 599 erigeret]

1930 617 2040 658 non
2066 606 2222 660 enim
2257 612 2479 677 poterat
2502 623 2569 664 ex
2602 623 2660 664 se
2684 610 2950 665 deorsum
2977 611 3190 683 jacens,
3223 613 3577 681 superationi

1929 706 2047 747 sua:
2085 694 2353 750 reluctari
2391 697 2476 751 vel
2508 697 2758 753 revocari
2794 694 3004 770 [jacens
3036 699 3241 754 iterum
3283 699 3576 771 reluctari,

1924 781 2009 836 vel
2067 797 2434 855 congressum
2491 786 2798 857 revocare],
2857 787 3095 843 inimico
3141 801 3334 844 casum
3391 802 3582 861 aggre-

1922 868 2148 927 diente:
2220 874 2315 928 sed
2380 888 2481 929 nec
2543 876 2887 931 conveniens
2945 881 3086 947 erat,
3145 877 3256 932 nisi
3312 878 3580 934 secundis

1923 952 2368 1033 luctaminibus,
2432 964 2675 1019 victoria
2732 970 3034 1035 tyrannum
3096 972 3398 1021 excutere:
3456 966 3579 1036 ipse

1930 1048 2195 1103 conditor
2226 1052 2472 1120 propriae
2495 1052 2749 1119 facturae,
2774 1054 2873 1123 qui
2900 1068 3049 1109 unus
3074 1060 3159 1109 est
3184 1068 3251 1109 ex
3275 1055 3573 1127 Trinitate,

1933 1138 2082 1192 Deus
2118 1138 2379 1210 Verbum,
2409 1142 2563 1196 sicut
2588 1155 2696 1197 non
2727 1142 3041 1197 in-lictione
3073 1143 3274 1212 prisca:
3311 1139 3577 1219 [pridem}

1935 1230 2151 1280 natum
2189 1227 2517 1284 ministrum
2561 1243 2900 1300 quemquam
2941 1230 3227 1301 exhibuit,
3272 1231 3351 1286 ita
3396 1246 3578 1302 neque

1936 1328 2088 1369 nunc
2124 1316 2430 1387 imaginem
2458 1324 2787 1388 corruptam
2820 1319 3268 1387 instauraturus,
3298 1320 3401 1375 alii
3432 1335 3586 1391 repa-

1936 1402 2212 1459 rationem
2252 1406 2378 1474 ejus
2417 1408 2744 1478 commisit;
2793 1408 2888 1463 sed
2943 1408 3185 1478 pmprim
3234 1409 3586 1479 operationis

1934 1492 2146 1548 virtute
2192 1509 2350 1566 usus,
2386 1509 2596 1568 agones
2642 1511 2742 1566 pro
2781 1495 2949 1552 nobis
2993 1498 3275 1553 humanos
3311 1499 3582 1569 suscepit.

1932 1581 2046 1635 Hoc
2085 1581 2238 1637 enim
2278 1588 2401 1638 erat
2444 1585 2807 1657 conveniens,
2856 1589 2919 1640 ut
2963 1586 3260 1656 proprium
3305 1591 3589 1642 certamen

1937 1665 2074 1741 [612,
2125 1676 2253 1741 apte
2301 1673 2676 1743 respondens]
2727 1679 2936 1746 ageret.
2990 1676 3165 1731 Porro
3213 1676 3351 1746 quia
3401 1675 3591 1732 omnis

193 1761 424 1816 omnium
456 1766 784 1816 sanctorum
812 1761 1161 1816 adornatur:
1192 1765 1247 1815 et
1276 1773 1393 1815 rem
1428 1759 1608 1829 ipsam
1634 1758 1827 1814 dimit—
1857 1757 1906 1818 Β
1933 1760 2181 1815 certator
2228 1760 2417 1816 tribus
2464 1762 2651 1817 modis
2705 1763 3035 1835 agonizans,
3080 1764 3166 1819 vel
3223 1777 3337 1819 uno
3382 1764 3589 1820 horum

195 1856 373 1920 tentes,
418 1849 477 1903 id
510 1855 616 1920 est,
654 1849 952 1921 imagines,
990 1863 1115 1919 qua:
1147 1848 1338 1919 scripa
1367 1848 1437 1903 de
1473 1847 1826 1920 imaginibus

195 1939 331 1994 intus
366 1942 551 2008 erant,
600 1937 962 1993 reciderunt:
1012 1938 1161 2008 quod
1208 1941 1473 1992 extrema:
1517 1935 1825 1991 dementia:

198 2032 282 2083 est.

249 2116 446 2172 Sancta
474 2116 738 2182 Synodus
780 2114 933 2170 dixit
962 2133 975 2169 :
1015 2114 1328 2170 Anathema
1359 2113 1592 2185 sintqui
1617 2112 1828 2168 recide-

196 2211 330 2276 runt,
357 2212 415 2260 et
448 2204 717 2260 insidiati
746 2208 881 2260 sunt
906 2203 916 2257 ι

256 2296 353 2349 Leo
400 2293 808 2349 sanctissimus
857 2293 1163 2363 episcopus
1210 2292 1433 2349 Phociaa
1479 2291 1667 2347 dixit:
1726 2289 1830 2346 Hic

198 2383 408 2452 quidem
440 2382 621 2438 codex
660 2381 799 2437 folia
841 2382 1130 2452 perdidit;
1168 2381 1228 2436 in
1268 2381 1500 2437 civitate
1536 2384 1723 2435 autem
1770 2378 1831 2433 in

202 2485 297 2541 qua
341 2470 559 2542 habito,
615 2484 789 2540 supra
834 2469 1076 2541 triginta
1124 2469 1353 2525 codices
1395 2468 1835 2525 combusserunt

205 2574 332 2630 igni.

261 2648 462 2704 Sabbas
494 2647 1010 2704 reverendissimus
1046 2647 1361 2703 monachus
1388 2651 1443 2702 et
1480 2647 1836 2718 hegumenus

207 2738 501 2793 monachus
539 2737 874 2793 monasterii
913 2737 1103 2793 Studii
1144 2736 1333 2792 dixit:
1369 2736 1547 2792 Moris
1588 2739 1692 2804 est,
1743 2734 1838 2789 do-

204 2826 355 2889 mini,
390 2827 485 2882 his
518 2827 619 2897 qui
652 2826 786 2882 caeci
828 2831 982 2898 sunt,
1015 2839 1126 2881 non
1168 2825 1361 2880 videre
1390 2824 1619 2880 lumen:
1662 2823 1838 2892 hujus

204 2917 273 2971 rei
321 2916 504 2989 gratia
565 2916 653 2971 illi
709 2915 809 2986 qui
855 2916 986 2971 caeci
1039 2920 1174 2971 sunt
1220 2914 1432 2986 anima,
1482 2911 1835 2970 obtenebrati

205 3012 345 3061 sunt.

265 3095 585 3151 Demetrius
613 3096 728 3150 Deo
756 3093 1026 3150 amabilis
1062 3093 1342 3148 diaconus
1372 3099 1427 3148 et
1456 3090 1840 3161 sceuophylax
1866 3119 1915 3183 Ο

202 3183 332 3257 legit
351 3203 364 3239 :

198 3307 539 3365 Constantini
596 3309 818 3362 diaconi
880 3312 930 3362 et
989 3307 1422 3377 chartophylacis
1486 3306 1842 3360 sanctissimae

256 3382 353 3435 Dei
394 3396 611 3448 magnae
657 3380 908 3433 Ecclesiae
954 3379 1507 3447 Constantinozaolcos,
1554 3378 1613 3429 in
1661 3390 1840 3429 omnes

257 3457 466 3506 sanctos
499 3456 791 3519 martyres,
825 3450 982 3517 cujus
1012 3451 1232 3503 initium
1260 3453 1377 3503 est:

257 3560 471 3615 Christi
513 3557 750 3629 quidem
790 3554 1146 3611 festivitates.
1184 3554 1254 3608 Et
1289 3558 1414 3623 post
1450 3552 1584 3608 alia.
1628 3550 1842 3607 Deinde

193 3648 579 3719 arbitramini,
617 3645 768 3716 quod
807 3645 905 3701 isti
937 3644 1231 3711 dixerunt,
1268 3642 1368 3712 qui
1403 3641 1655 3712 litigant,
1689 3640 1839 3711 quod

195 3736 251 3792 in
273 3752 382 3793 aere
403 3733 547 3811 [Gr.,
573 3735 696 3790 arb.
728 3750 844 3805 vos,
875 3733 1150 3789 dixerunt
1165 3731 1412 3801 judices,
1443 3731 1594 3800 quod
1622 3729 1683 3784 in
1710 3726 1840 3802 tere]

192 3839 254 3881 ac
283 3827 582 3898 lapidibus
611 3825 853 3881 salutem
886 3822 1185 3893 faciamus,
1214 3825 1269 3876 et
1295 3834 1406 3876 non
1434 3821 1504 3873 ad
1540 3818 1842 3889 quamdam

191 3914 456 3972 virtutem
496 3914 796 3985 providam
837 3916 894 3967 et
932 3909 1327 3981 protectricem
1368 3907 1771 3978 inspiciamus,
1811 3920 1845 3961 a

193 4019 303 4073 qua
332 4005 495 4061 nobis
523 4002 744 4073 optima
773 3999 1157 4057 obtinentur?
1186 4000 1253 4053 Et
1284 3997 1568 4068 quomodo
1597 3996 1847 4066 pictores

194 4098 247 4147 et
276 4093 572 4165 lapidarii,
608 4097 886 4162 martyres
908 4089 1201 4157 dixerunt,
1235 4086 1678 4142 simulacrorum
1708 4084 1848 4140 mul-

195 4181 500 4239 titudinem
536 4183 899 4249 construunt,
936 4177 1117 4234 variis
1156 4174 1359 4233 formis
1403 4174 1844 4245 conﬂgurantes,

195 4274 247 4324 et
277 4273 507 4342 templis
531 4269 769 4341 adigunt
789 4268 818 4322 εν
841 4272 898 4323 et
920 4280 1019 4322 vos
1045 4264 1353 4322 sacriﬁciis
1380 4263 1497 4318 haac
1521 4261 1845 4332 celebratis,

195 4366 537 4416 secretorum
570 4351 1016 4432 [difﬁcultatum]
1058 4353 1407 4411 solutionem
1437 4351 1508 4405 ab
1544 4350 1630 4406 eis
1661 4364 1852 4420 exspe-

1935 1853 2166 1918 superat
2210 1849 2447 1919 hostem,
2505 1851 2838 1921 deceptione
2879 1852 3123 1923 scilicet,
3165 1857 3266 1907 aut
3307 1853 3446 1925 lege,
3491 1858 3593 1909 aut

1935 1936 2280 2005 tyrannide:
2329 1938 2425 1992 sed
2480 1938 2628 1994 duos
2676 1939 2907 2008 penitus
2962 1940 3266 1995 dimittens
3319 1945 3589 2010 tanquam

1938 2023 2176 2079 inutiles
2222 2029 2278 2079 et
2321 2038 2431 2079 non
2481 2025 2762 2096 proprios,
2816 2027 2911 2082 sed
2956 2040 3139 2096 neque
3185 2026 3288 2082 hos
3333 2027 3480 2082 duos
3519 2028 3590 2084 ad
3622 2078 3641 2093 ,

1936 2125 2171 2183 agonem
2211 2111 2536 2168 commodos
2573 2109 2658 2186 [ac
2686 2128 2755 2169 ne
2783 2114 2873 2169 his
2909 2114 3161 2185 quidem,
3192 2120 3420 2184 propter
3449 2129 3595 2184 quos

1939 2205 2222 2255 certamen
2271 2205 2376 2271 est,
2417 2198 2584 2275 com.]
2638 2202 2725 2257 vel
2772 2202 3075 2271 proﬁcuos,
3132 2203 3249 2258 dux
3292 2208 3347 2257 et
3387 2216 3595 2273 propu-

1942 2294 2145 2361 gnator
2184 2294 2405 2346 noster:
2457 2291 2577 2345 sive
2614 2291 2767 2346 enim
2817 2289 2977 2347 fraus
3021 2291 3349 2347 simulatam
3392 2291 3596 2347 habeat

1943 2379 2262 2449 victoriam,
2311 2392 2478 2449 prave
2523 2383 2929 2451 repugnantem
2973 2379 3196 2453 fugans,
3248 2380 3368 2436 sive
3412 2386 3598 2451 tyran-

1946 2468 2037 2523 nis
2079 2467 2467 2524 irrationabili
2509 2469 2564 2523 vi
2606 2468 2880 2540 obtineat,
2926 2483 3037 2525 non
3078 2483 3145 2524 ex
3181 2483 3343 2538 aequo
3383 2467 3598 2524 faciens

1944 2558 2441 2629 congressionem:
2504 2557 2861 2627 reliquorum
2926 2572 3053 2628 quae
3115 2571 3327 2613 morem
3392 2570 3600 2628 nequa-

1947 2661 2115 2717 quam
2155 2647 2459 2703 dicernens
2492 2647 2560 2703 ad
2606 2647 2889 2703 luctamen
2940 2643 3194 2719 [cmteros
3243 2646 3441 2702 modos
3486 2659 3598 2701 non

1947 2735 2289 2806 approbans,
2337 2736 2406 2791 ad
2451 2733 2513 2810 1.]
2563 2736 2712 2807 quod
2762 2736 3074 2792 secundum
3123 2735 3299 2806 legem
3337 2739 3442 2804 est,
3491 2748 3594 2804 pro

1950 2838 2201 2897 gressus,
2253 2831 2308 2880 et
2349 2838 2573 2880 carnem
2622 2838 2919 2880 assumens
2968 2837 3165 2879 massae
3212 2837 3338 2893 qua:
3384 2822 3603 2879 occide-

1950 2920 2057 2983 rat,
2095 2914 2404 2969 animatam
2443 2914 2635 2969 anima
2668 2913 2942 2970 rationali
2983 2919 3155 2983 atque
3194 2911 3595 2982 intellectuali,

1951 3016 2184 3058 manens
2224 3003 2373 3073 quod
2425 3007 2567 3074 erat,
2610 3007 2667 3058 et
2714 3002 2839 3058 suis
2880 3016 2991 3057 non
3030 3016 3248 3072 carens,
3292 3001 3487 3056 omnia
3538 3000 3603 3055 fit

1950 3091 2164 3162 absque
2201 3096 2447 3161 peccato,
2487 3096 2698 3161 quanta
2737 3097 2792 3145 et
2830 3105 2897 3145 ex
2938 3090 3151 3161 quibus
3188 3095 3274 3145 est
3313 3090 3502 3159 homo,
3547 3094 3604 3143 et

1951 3194 2063 3235 non
2110 3172 2361 3250 putative
2416 3193 2687 3249 apparere
2732 3192 2865 3235 caro
2912 3178 3309 3233 dissimulans.
3361 3179 3430 3232 Et
3475 3182 3604 3246 post

1952 3283 2163 3339 pauca:
2198 3270 2391 3340 Igitur.
2416 3268 2654 3325 formam
2684 3268 2741 3323 in
2777 3281 2886 3338 qua
2921 3269 3348 3323 demonstratus
3392 3271 3497 3335 est,
3547 3271 3603 3321 et

1950 3372 2079 3413 cum
2100 3357 2432 3413 hominibus
2451 3363 2817 3412 conservatus
2838 3362 2941 3426 est,
2968 3355 3184 3410 tabulis
3204 3355 3594 3426 depingimus,

1954 3445 2402 3502 recordationem
2442 3444 2651 3500 salutis
2694 3457 2818 3513 qua:
2860 3457 2957 3512 per
2998 3457 3126 3497 eum
3174 3441 3320 3497 facta
3363 3448 3469 3512 est,
3516 3441 3603 3495 di—

1952 3538 2086 3594 vina
2123 3535 2313 3608 efﬁgie
2351 3534 2655 3603 facientes;
2696 3538 2752 3587 et
2780 3546 2891 3587 non
2929 3531 3379 3587 secundumvos
3415 3530 3606 3584 varias

1955 3627 2169 3698 figuras
2212 3624 2524 3680 secundum
2571 3621 2720 3692 quod
2775 3624 3052 3691 putantur
3098 3619 3239 3690 [Gr.,
3293 3618 3595 3689 placuerit,

1957 3711 2235 3789 putatur],
2267 3712 2591 3769 derivantes
2624 3713 2725 3765 aut
2764 3709 3104 3779 sculpentes.

2025 3803 2297 3859 Tarasius
2339 3799 2741 3857 senctissimus
2785 3797 3110 3868 patriarcha
3147 3796 3341 3851 dixit:
3392 3795 3604 3868 Pagani

1958 3897 2187 3964 propter
2228 3891 2381 3947 idola
2422 3896 2697 3960 martyres
2736 3885 3205 3956 condemnabant,
3251 3889 3308 3940 et
3345 3885 3611 3941 dicebant

1957 3983 2084 4038 eis:
2113 3982 2290 4051 Cujus
2334 3979 2416 4035 rei
2454 3978 2641 4051 gratia
2678 3975 2935 4043 certatis,
2976 3980 3032 4030 et
3068 3980 3293 4030 nostras
3341 3974 3616 4030 similitu-

1957 4070 2124 4126 dines
2164 4068 2462 4124 recusatis.
2511 4065 2783 4121 habentes
2821 4068 2876 4119 et
2913 4063 3024 4133 ipsi
3064 4062 3329 4132 proprias
3372 4061 3614 4118 iconas?

1957 4158 2149 4214 Sancti
2195 4171 2326 4213 vero
2373 4154 2826 4225 respondebant:
2862 4152 2967 4207 Sed
3008 4165 3112 4207 nos
3151 4165 3262 4207 non
3304 4150 3614 4206 simulacra

1959 4247 2279 4303 dzemonum
2324 4243 2589 4313 facimus,
2642 4242 2737 4297 sed
2779 4240 2879 4295 Dei
2926 4238 3093 4294 Verbi
3134 4239 3235 4309 qui
3284 4239 3615 4293 incarnatus

1960 4339 2067 4405 est,
2097 4336 2293 4391 iconas
2327 4331 2591 4402 facimus,
2628 4334 2685 4385 et
2715 4334 3043 4384 sanctorum
3080 4328 3236 4397 ejus:
3278 4340 3391 4382 non
3428 4329 3611 4381 tamen

198 4450 454 4505 ctantes?
482 4425 635 4518 Quid
661 4451 849 4503 autem
876 4449 932 4500 et
954 4425 1105 4514 apud
1133 4441 1276 4499 vos?
1302 4440 1531 4511 tyranni
1565 4439 1847 4509 persecuti
1882 4425 1935 4486 D
1960 4425 2296 4518 deiﬁcamus
2310 4436 2435 4518 eas.

200 4544 354 4593 sunt.
379 4540 515 4594 Nam
554 4550 726 4608 quam
760 4533 1042 4604 asseritis,
1083 4530 1365 4587 divinitas
1403 4529 1461 4585 in
1499 4528 1852 4601 imaginibus

206 4638 317 4681 non
357 4625 669 4683 exaratur‘?
710 4623 1003 4694 Quomodo
1047 4635 1182 4693 ergo
1221 4619 1392 4675 nobis
1437 4618 1586 4673 male
1625 4617 1847 4689 dicitis,

213 4716 674 4784 superstitiosius
724 4714 784 4769 in
832 4710 1130 4768 similibus
1165 4708 1393 4765 actibus
1434 4706 1657 4777 positi?
1706 4707 1851 4777 Ergo

212 4806 468 4874 quoniam
490 4812 548 4861 et
568 4804 758 4874 nobis,
785 4816 819 4858 o
842 4801 1088 4872 judices,
1128 4799 1188 4854 in
1219 4796 1533 4869 exquisitis
1572 4795 1854 4865 vitupera-

217 4892 459 4951 tionibus
497 4893 819 4965 imaginum
860 4891 1145 4960 picturam
1175 4885 1482 4947 conficitis,
1521 4885 1612 4940 eia
1646 4883 1717 4939 ab
1758 4884 1853 4939 ho-

218 4995 337 5036 rum
376 4998 560 5039 errore
600 4986 659 5037 et
693 4978 1074 5050 ambiguitate
1112 4991 1211 5032 vos
1256 4974 1658 5043 liberabimus,
1699 4973 1855 5028 dixe-

225 5078 348 5125 runt
375 5078 661 5142 martyres.
695 5071 817 5124 Non
847 5067 1000 5122 enim
1029 5064 1414 5122 divinitatem.
1448 5077 1479 5116 c
1525 5075 1577 5115 m
1611 5061 1853 5131 simplex

227 5158 360 5214 sitet
373 5156 987 5230 incomprehensibilis.
1006 5153 1207 5210 formis
1224 5151 1569 5223 quibusdam
1583 5155 1639 5205 et
1653 5149 1855 5222 ﬁguris

231 5258 636 5317 comparamus;
664 5259 847 5317 neque
882 5258 1009 5300 cera
1041 5248 1097 5298 et
1125 5241 1304 5313 lignis
1335 5238 1858 5309 supersubstantia—

236 5329 329 5388 lem
353 5344 401 5391 et
429 5336 877 5407 prmexistentem
904 5333 1031 5388 sine
1062 5330 1237 5387 initio
1267 5327 1649 5385 substantiam
1690 5327 1863 5383 hono-

239 5433 344 5478 rare
367 5425 708 5482 didicimus:
744 5424 840 5478 sed
872 5422 1009 5493 quia
1036 5420 1223 5491 primo
1247 5418 1559 5473 inveterato
1594 5411 1857 5489 [devicto]

242 5522 326 5576 Per
358 5514 861 5587 transgressionem
905 5510 1153 5579 homine,
1191 5512 1247 5563 et
1285 5508 1600 5575 deponente
1643 5510 1863 5574 aposta-

243 5599 340 5658 tica
382 5605 608 5675 virtute,
661 5616 789 5673 qua:
836 5606 1044 5657 temere
1086 5597 1265 5670 gessit
1312 5599 1515 5651 natura
1564 5593 1863 5649 verebatur

2031 4514 2261 4569 Cosmas
2310 4513 2424 4567 Deo
2483 4508 2752 4565 amabilis
2797 4506 3076 4562 diaconus
3132 4509 3187 4561 et
3245 4503 3614 4561 cubuclesius

1961 4604 2150 4660 dixit:
2186 4603 2253 4657 Et
2290 4602 2444 4657 hunc
2478 4599 2731 4656 codicem
2767 4610 2934 4668 quem
2975 4594 3115 4666 fero,
3145 4593 3361 4665 quique
3393 4593 3614 4649 Veteris

1961 4698 2048 4749 est
2070 4689 2436 4750 Testamenti.
2469 4687 2712 4743 scholiis
2740 4683 3137 4755 adjacentibus
3170 4683 3227 4738 in
3259 4681 3614 4753 patriarchio

1966 4780 2327 4838 invenimus:
2360 4775 2603 4832 habebat
2622 4780 2812 4830 autem
2841 4773 3102 4829 scholion
3141 4771 3199 4827 in
3224 4769 3614 4827 defensionem

1966 4870 2301 4942 imaginum.
2345 4868 2520 4922 Porro
2564 4863 2934 4919 insidiatores
2980 4861 3243 4917 veritatis
3284 4861 3616 4916 deleverunt

1964 4959 2263 5017 scholion:
2301 4961 2353 5011 et
2384 4954 2570 5009 videte
2615 4952 2780 5007 illud.
2826 4953 3222 5007 Verumtamen
3254 4950 3495 5006 obscure
3526 4962 3616 5019 pa-

1967 5056 2087 5118 ret;
2116 5048 2209 5103 sed
2240 5045 2424 5101 videte
2457 5042 2624 5114 illud,
2663 5039 2979 5095 honorandi
3007 5040 3216 5095 Patres.

2036 5140 2184 5193 Idem
2228 5130 2742 5190 reverendissimus
2781 5129 3012 5184 Cosmas
3044 5128 3308 5198 aperiens
3337 5129 3608 5198 codicem,

1968 5228 2219 5287 ostendit
2248 5222 2517 5281 omnibus
2548 5220 2646 5291 qui
2676 5219 2909 5274 aderant
2946 5218 3005 5273 in
3033 5227 3225 5275 sancta
3254 5219 3487 5290 synodo,
3523 5217 3615 5272 de-

1970 5320 2147 5375 letum
2174 5316 2379 5372 locum.

2042 5408 2193 5462 Idem
2225 5409 2411 5459 autem
2444 5400 2617 5472 legit;
2660 5399 2892 5471 parebat
2927 5399 3114 5454 enim:
3147 5399 3268 5453 Non
3313 5399 3473 5449 erunt
3513 5393 3614 5445 tibi

1975 5500 2074 5552 alii
2106 5499 2304 5565 pruftcr
2342 5506 2457 5545 me:
2498 5506 2564 5543 ne
2593 5492 2769 5557 facias
2805 5488 3009 5541 tibimet
3039 5486 3263 5544 idolum,
3296 5498 3466 5550 neque
3492 5496 3613 5532 om—

1976 5603 2097 5643 nem
2129 5581 2543 5638 similitudinem
2586 5590 2918 5647 quwcunquc
2955 5578 3085 5627 sunt
3120 5575 3179 5625 in
3210 5571 3609 5631 cwlo,sursum,
