4016 6168
413 300 519 361 367

1635 305 1990 361 ANASTASII
2026 304 2568 362 BIBLIOTHECARII

3713 308 3815 364 365

412 435 461 484 et
485 445 818 500 quacunque
844 433 900 484 in
922 435 1066 485 terra
1091 421 1359 502 deorsum,
1383 439 1434 489 et
1459 447 1790 504 quacunque
1820 433 1878 484 in
1901 431 2062 500 aquis
2090 427 2150 488 A
2209 447 2216 458 '
2243 433 2484 488 Joannes
2510 433 2624 488 Deo
2647 433 2916 489 amabilis
2945 433 3254 505 presbyter,
3289 433 3604 490 monachus
3625 441 3681 490 et
3706 435 3818 490 loci

410 521 602 575 subtus
641 525 879 574 terram:
918 537 1028 575 non
1065 522 1322 577 adorabis
1361 539 1444 585 ea,
1486 537 1658 592 neque
1695 523 1893 576 servies
1925 522 2063 574 ill-is-

409 607 603 679 (Ecrod.
638 623 736 672 xx,
776 613 933 665 Deut.
967 611 1038 685 v).
1083 611 1386 668 Scholion:
1422 614 1487 668 Et
1519 611 1570 668 si
1609 611 1853 668 facimus
1901 609 2060 666 simi-

408 697 714 754 litudinem
749 699 1045 756 hominum
1075 701 1175 756 Dei
1215 702 1526 771 cultorum,
1564 715 1675 758 non
1717 701 1786 756 ad
1823 701 2060 756 adoran-

405 787 542 842 dum
595 793 660 844 ut
706 787 863 858 deos,
915 790 1009 845 sed
1071 795 1134 846 ut
1180 790 1458 861 videntes,
1515 792 1584 847 ad
1635 790 2054 846 amulationem

407 875 663 944 ipsorum
698 877 1012 933 veniamus.
1052 877 1125 932 At
1158 893 1290 934 vero
1327 879 1378 934 si
1421 879 1672 934 facimus
1716 877 2056 934 similitudi-

404 977 506 1020 nes
531 963 768 1036 Christi,
805 979 914 1021 non
943 971 1008 1022 ut
1033 967 1482 1023 similitudinem
1512 969 1836 1038 adoremus,
1865 967 1960 1022 sed
1990 970 2053 1021 ut

403 1065 562 1108 mens
598 1053 842 1109 videndo
871 1055 941 1110 ad
973 1055 1270 1124 superiora
1312 1056 1478 1112 volet.
1512 1058 1635 1112 Non
1670 1056 1822 1111 enim
1856 1054 2054 1126 imagi-

402 1153 527 1196 nem
552 1141 989 1212 corruptibilem
1019 1143 1400 1214 corruptiblis
1425 1144 1680 1200 hominis
1703 1145 2046 1214 adoramus;

401 1229 497 1284 sed
549 1231 818 1301 quoniam
870 1233 1021 1288 Deus
1071 1232 1344 1304 dignatus
1395 1238 1479 1289 est
1532 1233 2052 1289 inconvertibiliter

398 1319 523 1376 ﬂeri
565 1319 752 1390 homo,
787 1317 1032 1376 facimus
1065 1321 1192 1390 ejus
1235 1322 1454 1378 iconam
1493 1328 1556 1378 ut
1595 1321 1868 1390 hominis,
1915 1321 2050 1376 licet

397 1409 644 1465 scientes
675 1421 806 1464 eum
838 1413 1044 1465 natura
1080 1411 1277 1467 Deum.
1316 1412 1441 1466 Non
1474 1425 1606 1480 ergo
1649 1410 1831 1481 ipsam
1873 1412 2047 1465 Deum

397 1497 619 1556 iconam
648 1496 921 1567 dicimus,
951 1499 1046 1554 sed
1082 1500 1258 1555 Deum
1289 1495 1428 1572 [Gr.,
1466 1497 1750 1574 novimus]
1790 1499 2050 1556 videntes

395 1586 457 1643 in
477 1587 640 1643 icona
659 1587 972 1659 depictum,
994 1588 1162 1657 cujus
1181 1587 1628 1644 similitudinem
1647 1587 1815 1643 habet
1837 1589 2044 1660 imago.

392 1677 568 1734 Porro
617 1676 823 1749 pagani
867 1680 1142 1746 errantes,
1194 1675 1614 1733 similitudines
1660 1679 1798 1734 deos
1847 1679 2049 1748 pradi-

391 1771 543 1837 cant,
583 1765 797 1838 quibus
837 1771 894 1822 et
928 1765 1244 1822 immolant.
1291 1767 1524 1822 Delatus
1557 1771 1644 1823 est
1677 1767 1830 1823 alius
1869 1769 2046 1824 codex

393 1855 608 1914 habens
653 1855 1181 1926 interpretationem
1211 1855 1542 1926 Scriptura,
1578 1856 1638 1911 in
1675 1870 1786 1927 qua
1819 1855 2045 1926 jacebat

391 1944 788 2016 prascriptum
832 1943 1130 2000 scholion:
1175 1958 1341 2015 quem
1371 1949 1426 2000 et
1465 1958 1698 2000 sumens
1725 1945 2041 2016 Gregorius

387 2037 502 2093 Deo
539 2033 808 2091 amabilis
847 2034 1152 2103 episcopus
1184 2033 1550 2090 Neocasaria
1589 2033 1747 2105 legit.
1787 2034 2043 2104 Cumque

387 2123 670 2194 adjaceret
695 2136 821 2194 qua
853 2121 1036 2178 deleta
1069 2120 1273 2194 fuerat,
1311 2128 1366 2179 et
1404 2121 1751 2194 relegeretur
1778 2117 1917 2196 [612,
1941 2121 2038 2177 cui

385 2212 680 2284 adjacebat
709 2228 760 2282 q.
794 2214 851 2268 d.
885 2211 925 2266 f.
955 2217 1011 2268 et
1041 2209 1446 2285 relegebatur].

455 2301 724 2358 Tarasius
763 2300 1168 2357 sanctissimus
1213 2301 1536 2368 patriarcha
1574 2301 1760 2356 dixit:
1795 2301 1922 2355 Hac
1967 2297 2042 2356 fe-

279 2379 289 2387 ’
385 2395 588 2448 cerunt
621 2389 722 2460 qui
766 2389 910 2445 dicti
941 2395 1078 2445 sunt
1121 2389 1460 2458 patriarcha
1507 2388 1868 2460 Anastasius,
1901 2389 2040 2444 Cou—
2073 2401 2078 2406 ‘

384 2479 678 2535 stantiuus
705 2483 763 2534 et
787 2477 984 2534 Niceta
1012 2478 1287 2533 haretici.

452 2567 786 2624 Theodorus
806 2566 1210 2622 sanctissimus
1237 2566 1543 2636 episcopus
1562 2567 1908 2636 Myrensium
1937 2569 2036 2638 Ly-

381 2657 486 2715 cia
516 2656 705 2712 dixit:
729 2655 788 2712 Si
821 2660 970 2712 esset
1011 2655 1315 2712 thesaurus
1358 2655 1468 2711 iste
1497 2661 1635 2712 tunc
1673 2654 2030 2724 manifestus,

382 2761 496 2804 non
525 2752 674 2803 esset
705 2746 872 2802 homo
903 2741 1093 2801 lasus.
1126 2744 1229 2800 Sed
1260 2745 1413 2800 Deus
1442 2744 1640 2801 reddat
1669 2744 1764 2800 his
1787 2743 1888 2815 qui
1910 2743 2034 2800 abs-

378 2836 696 2893 conderant
732 2849 862 2892 eum
905 2834 965 2890 in
999 2833 1094 2890 die
1127 2833 1248 2889 illa.

447 2925 781 2982 Theodorus
818 2923 1224 2980 sanctissimus
1252 2923 1558 2993 episcopus
1584 2923 1807 2978 Catana
1835 2921 2023 2978 dixit:

374 3013 548 3086 Digni
593 3017 730 3070 sunt
765 3012 864 3068 isti
906 3013 1286 3084 anathemate,
1329 3013 1602 3083 quoniam
1639 3013 2029 3068 adulterantes

2077 1727 2130 1788 B

2173 527 2426 576 servator
2443 520 2823 577 Orientalium
2849 523 3181 592 pontiﬁcum
3203 523 3386 578 dixit:
3411 525 3614 579 Verum
3633 523 3820 579 dicen-

2168 607 2305 664 dum
2327 615 2445 677 est;
2468 609 2600 664 mali
2626 624 2810 666 mores
2831 612 3056 668 codices
3082 612 3510 668 incendentium
3532 626 3597 668 ac
3625 612 3818 668 iconas

2169 698 2556 770 frangentium
2599 697 2937 755 lucidiorem
2977 701 3352 756 ostenderunt
3387 701 3705 756 veritatem.

2237 787 2506 842 Tarasius
2545 787 2947 845 sanctissimus
2987 789 3312 860 patriarcha
3351 789 3534 844 dixit:
3566 792 3688 845 Non
3718 804 3818 845 so-

2167 875 2284 931 lum
2331 890 2522 935 sacras
2574 879 2769 933 iconas
2811 883 3127 947 eraserunt,
3175 877 3268 934 sed
3307 883 3362 932 et
3401 877 3723 950 Evangelia,
3763 886 3817 934 et

2164 965 2278 1022 alia
2311 969 2565 1037 quadam
2594 982 2753 1024 sacra
2783 985 2796 1022 :
2831 968 2909 1024 ita
2939 967 3092 1023 enim
3127 966 3288 1022 novit
3318 967 3530 1022 veritas
3559 981 3817 1036 persecu-

2164 1053 2375 1110 tionem
2415 1071 2580 1125 passa
2613 1057 2940 1128 expressius
2981 1069 3272 1126 apparere.

2231 1142 2551 1214 Stephanus
2576 1147 2885 1202 monachus
2907 1144 3089 1200 dixit:
3113 1144 3314 1200 Adhuc
3344 1148 3402 1200 et
3429 1143 3611 1200 alium
3643 1144 3813 1200 codi—

2160 1244 2280 1286 cem
2323 1231 2597 1290 habemus
2634 1235 3003 1304 depravatum
3040 1247 3072 1288 a
3111 1232 3530 1289 Cristianorum
3569 1246 3815 1290 accusa-

2161 1319 2390 1377 toribus
2417 1340 2432 1388 ;
2459 1327 2516 1378 et
2545 1322 2595 1378 si
2617 1322 2856 1395 jubetis,
2900 1323 3052 1378 hunc
3084 1323 3376 1378 ostendam
3418 1320 3594 1378 vobis.

2229 1409 2432 1466 Sancta
2473 1412 2727 1482 synodus
2761 1411 2954 1468 dixit:
2988 1410 3352 1467 Ostendatur.

2229 1498 2297 1552 Et
2327 1511 2518 1554 coram
2551 1500 2818 1556 universa
2849 1500 3064 1571 synodo
3093 1503 3359 1556 ostensus
3387 1503 3475 1555 est
3500 1497 3720 1556 habens
3751 1498 3812 1554 in

2157 1585 2384 1642 duabus
2422 1588 2650 1661 paginis
2689 1589 2888 1644 deleta.

2226 1673 2539 1748 Gregorius
2561 1677 2663 1733 Dei
2695 1678 2884 1734 cultor
2913 1677 3206 1749 presbyter
3229 1683 3286 1734 et
3319 1678 3673 1750 hegumenus
3699 1691 3812 1734 mo-

2159 1764 2392 1820 nasterii
2431 1766 2744 1822 Herachitii
2785 1763 2923 1840 [Gr.,
2962 1766 3265 1837 Hyacinthi
3303 1772 3353 1822 et
3381 1767 3496 1821 cod.
3525 1762 3676 1840 Jol.,]
3711 1767 3814 1822 di—

2153 1851 2241 1906 xit
2265 1869 2276 1905 :
2299 1853 2560 1924 xEqualis
2590 1853 2786 1910 forma
2814 1855 2988 1924 hujus
3019 1855 3220 1924 habeo,
3247 1855 3493 1927 domini,
3524 1855 3806 1927 codicem,

2154 1945 2210 1994 et
2243 1940 2295 1995 si
2334 1941 2572 2012 jubetis,
2616 1942 2855 2015 legatur.

2225 2029 2292 2084 Et
2340 2031 2630 2099 accipiens
2676 2031 2997 2102 Stephanus
3046 2032 3376 2102 monachus,
3420 2037 3476 2088 et
3517 2032 3804 2089 librorum

2153 2123 2368 2188 CUSlOa,
2397 2119 2574 2192 legit:

2149 2263 2226 2316 De
2248 2263 2627 2318 Eccles-iastica
2656 2265 2902 2319 Historia
2935 2267 3181 2334 Evagrii,
3217 2282 3285 2320 ea
3313 2281 3552 2320 sermone
3579 2273 3801 2336 quarto.

2218 2387 2358 2442 Cum
2423 2387 2573 2443 enim
2632 2402 2900 2460 agressus
2960 2394 3108 2444 esset
3173 2388 3446 2445 adversus
3505 2389 3806 2446 civitatem

2146 2474 2444 2547 Chosroes,
2509 2477 2884 2548 millenosque
2952 2479 3199 2548 impetus
3261 2484 3530 2548 operatus
3585 2486 3808 2536 terram

2150 2563 2386 2620 multam
2425 2566 2796 2636 cumulasset,
2837 2567 2976 2622 adeo
3012 2571 3076 2623 ut
3115 2581 3310 2623 muros
3339 2567 3593 2624 civitatis
3626 2582 3815 2624 exce-

2145 2651 2324 2722 deret,
2362 2667 2580 2709 necnon
2617 2659 2674 2710 et
2703 2655 2850 2710 alias
2886 2655 3180 2711 machinas
3218 2657 3560 2727 consuisset,
3605 2656 3809 2712 incili-

2145 2753 2332 2796 cacem
2366 2741 2624 2811 patrabat
2655 2757 3012 2816 regressum:
3042 2743 3228 2800 dicam
3258 2750 3447 2800 autem
3483 2759 3608 2816 qua
3648 2744 3813 2802 facta

2142 2835 2297 2884 sunt.
2335 2831 2707 2902 Pracipiebat
2733 2833 3012 2889 Chosroes
3040 2833 3428 2902 potentatibus
3457 2834 3582 2890 suis
3607 2833 3807 2906 ligno-

2143 2931 2268 2974 rum
2291 2919 2564 2992 colligere
2593 2934 2849 2994 magnam
2877 2923 3180 2992 quamdam
3209 2926 3422 2978 struem
3449 2923 3516 2979 ad
3539 2923 3807 2980 devasta-

2141 3005 2376 3076 tionem,
2425 3010 2722 3093 cujusque.
2759 3010 3009 3066 materia
3049 3025 3220 3082 :qua
3262 3011 3489 3082 quando
3535 3012 3804 3068 collecta:

377 3107 540 3158 erant
576 3101 894 3168 veritatem,
937 3105 994 3156 et
1031 3101 1402 3158 insidiatores
1439 3102 1704 3157 Patrum:
1731 3105 1788 3156 et
1824 3100 1926 3171 qui
1957 3099 2028 3156 ab
2059 3093 2108 3157 C
2140 3101 2276 3152 sunt
2316 3097 2571 3154 velocius
2607 3113 2774 3169 quam
2816 3105 3157 3170 praceptum
3190 3097 3396 3170 fuerat,
3436 3100 3494 3155 in
3530 3101 3801 3158 circuitu

375 3189 464 3246 eis
489 3189 956 3246 anathematizati
990 3194 1146 3262 sunt,
1178 3189 1341 3261 digni
1373 3194 1509 3245 sunt
1539 3189 1728 3244 laude.

444 3279 716 3336 Tarasius
765 3277 1167 3334 sanctissimus
1241 3277 1564 3348 patriarcha
1627 3274 1776 3351 [Gr.,
1832 3282 2027 3334 sancta

375 3363 645 3441 synodus]
687 3366 874 3423 dixit:
899 3368 992 3422 Va
1033 3365 1336 3423 animabus
1373 3380 1570 3423 eorum
1612 3365 1884 3437 quoniam
1925 3381 2031 3422 ve—

375 3456 602 3513 ritatem
639 3457 1060 3514 absconderant
1084 3455 1096 3510 ι

443 3547 646 3602 Petrus
673 3545 1078 3601 sanctissimus
1105 3543 1411 3613 episcOpus
1437 3543 1680 3598 Germia
1707 3543 1895 3598 dixit:
1925 3545 2026 3598 De-

373 3633 599 3690 leantur
632 3633 861 3688 nomina
901 3645 1098 3687 eorum
1131 3631 1204 3686 de
1241 3629 1390 3685 libro
1429 3630 1763 3702 viventium,
1802 3635 1858 3685 et
1891 3643 2020 3686 cum

367 3721 548 3792 justis
584 3733 698 3775 non
741 3719 1070 3774 scribantur
1107 3716 1273 3788 (Psal.
1315 3717 1536 3789 vam).

441 3807 853 3866 Constantinus
895 3806 1298 3862 sanctissimus
1335 3805 1638 3876 episcopus
1673 3805 2022 3863 Constantia

369 3897 538 3968 Cypri
560 3895 742 3951 dixit.-
767 3893 1104 3950 Benedictus
1123 3895 1293 3959 Deus,
1318 3893 1419 3964 qui
1443 3899 1570 3964 post
1591 3898 1812 3950 tantum
1836 3895 2022 3951 incen-

369 3986 553 4048 dium,
588 3983 948 4052 incisionem,
977 3987 1033 4038 et
1053 3982 1446 4053 abolitionem,
1481 3983 1722 4054 reliquit
1751 3983 1872 4039 illa.

441 4072 772 4129 Theodorus
800 4071 1203 4128 sanctissimus
1221 4071 1526 4142 episcopus
1546 4073 1894 4143 Myrensium
1924 4075 2020 4144 Ly-

371 4162 475 4219 cia
498 4161 812 4232 dixitzQui
842 4161 959 4217 hac
984 4160 1258 4232 fecerunt,
1289 4161 1538 4232 domine,
1575 4167 1890 4232 posuerunt
1919 4161 2020 4219 lu-

370 4264 596 4308 cernam
629 4265 790 4308 suam
827 4249 936 4307 sub
966 4249 1174 4306 modio.
1208 4249 1312 4305 Sed
1344 4248 1680 4306 benedictus
1712 4251 1884 4322 Deus,
1913 4251 2014 4322 qui

371 4341 622 4397 ostendit
659 4339 718 4396 in
754 4325 1239 4396 tenebris‘lumen
1271 4337 1515 4394 salutis!

2140 3186 2380 3255 propius
2416 3201 2630 3256 ponens
2664 3193 2872 3244 terram
2915 3188 2976 3243 in
3015 3188 3262 3244 medium
3293 3189 3452 3260 jecit,
3492 3194 3548 3244 et
3589 3196 3803 3246 contra

2139 3271 2380 3330 frontem
2411 3276 2667 3332 civitatis
2699 3276 2836 3332 ibat.
2872 3277 3080 3347 Sicque
3113 3276 3387 3346 paulatim
3419 3279 3801 3347 superadiii—

2136 3363 2282 3418 catis
2307 3363 2484 3436 lignis
2511 3371 2680 3436 atque
2709 3365 2954 3436 pulvere,
2978 3365 3385 3436 civitatemque
3403 3365 3626 3432 adiens,
3655 3373 3803 3423 tan-

2135 3458 2254 3508 tum
2281 3453 2337 3506 in
2361 3453 2539 3508 altum
2561 3453 2790 3524 extulit,
2813 3459 2870 3508 et
2895 3467 3121 3510 murum
3141 3454 3404 3524 excessit,
3432 3460 3494 3510 ut
3514 3457 3804 3525 superius

2133 3541 2356 3612 sagitta
2385 3547 2582 3598 contra
2611 3557 2709 3598 eos
2739 3543 2838 3612 qui
2868 3557 2969 3612 pro
2999 3542 3230 3598 civitate
3260 3543 3501 3612 perituri
3532 3549 3701 3600 erant
3737 3545 3800 3600 in

2134 3643 2296 3684 muro
2332 3630 2446 3699 jaci
2488 3631 2838 3686 viderentur.
2885 3631 3068 3702 [gitur
3104 3631 3332 3702 quando
3370 3631 3428 3686 hi
3464 3632 3564 3702 qui
3601 3632 3804 3703 depo-

2133 3719 2479 3788 pulationem
2505 3719 2884 3791 patiebantur,
2906 3726 3113 3776 terram
3136 3719 3404 3776 videbant
3423 3734 3598 3790 prope
3616 3723 3797 3792 quasi

2132 3815 2375 3866 montem
2415 3809 2863 3880 proficiscentem
2897 3809 3025 3864 urbi
3069 3809 3428 3881 appropiare,
3466 3809 3806 3881 gloriosos—

2130 3911 2240 3969 que
2287 3897 2476 3954 hostes
2527 3897 2790 3968 existere,
2833 3903 2888 3952 et
2919 3897 3194 3952 similiter
3235 3897 3524 3952 civitatem
3559 3899 3800 3967 pedites

2131 3985 2512 4058 ingressuros,
2552 3987 2702 4042 ultro
2748 3986 3152 4042 machinantur
3189 3982 3329 4059 [Gr.,
3362 3999 3600 4057 esseque
3628 3988 3688 4042 in
3725 4003 3801 4044 eo

2129 4074 2338 4148 hostes,
2384 4082 2446 4131 ut
2477 4076 2764 4131 civitatem
2824 4075 3043 4144 pedites
3093 4075 3546 4148 ingrederentur,
3599 4077 3798 4146 prima

2129 4163 2254 4219 lucc
2285 4161 2704 4239 machinantur]
2739 4178 2807 4220 ex
2835 4163 3072 4220 adverso
3113 4167 3278 4218 terra
3311 4163 3625 4236 congeriei,
3657 4180 3803 4237 qua

2126 4252 2276 4320 apud
2323 4253 2603 4308 Romanos
2654 4265 2824 4324 agger
2871 4251 3234 4323 appellatur,
3278 4249 3483 4308 fossam
3539 4251 3798 4323 subtus,

2129 4354 2295 4410 quam
2344 4339 2626 4397 fodientes
2669 4340 2807 4396 hinc
2857 4345 3064 4396 terram
3109 4339 3388 4411 fecerunt,
3430 4345 3494 4396 ut
3531 4341 3804 4399 ﬂammis

439 4429 670 4487 Cosmas
719 4431 832 4486 Deo
883 4427 1153 4485 amabilis
1206 4427 1486 4483 diaconus
1541 4433 1598 4484 et
1646 4427 2015 4485 cubuclesius
2047 4414 2101 4476 D
2130 4424 2374 4501 [ducere,
2406 4434 2462 4484 et
2487 4429 2620 4484 inde
2652 4430 2838 4501 ignem
2865 4428 3161 4500 emittere;
3196 4436 3262 4485 ut
3302 4427 3564 4504 ﬂammis]
3620 4431 3798 4503 ligna

367 4519 555 4576 dixit:
589 4519 916 4576 invenimus
943 4521 1132 4573 autem
1161 4521 1218 4571 et
1245 4515 1498 4572 codicem
1532 4517 1684 4572 hunc
1717 4517 1775 4573 in
1806 4532 2017 4596 sceno—

369 4609 633 4680 phylacio
650 4606 1067 4665 venerabilium
1087 4605 1472 4662 oratoriorum
1499 4605 1861 4678 patriarchii,
1886 4621 2016 4664 con-

368 4697 644 4753 tinentem
689 4697 1046 4752 diversorum
1097 4699 1406 4764 martyrum
1457 4709 1704 4767 agones:
1738 4711 1868 4752 cum
1919 4697 2013 4752 his

367 4791 554 4842 autem
571 4791 628 4840 et
641 4785 711 4840 de
731 4783 978 4856 imagine
996 4797 1106 4838 non
1126 4782 1446 4839 manufacta
1461 4784 2008 4842 Camulianensium.

365 4875 639 4930 Praterea
683 4869 895 4948 [porro]
936 4872 1260 4928 reciderunt
1291 4871 1452 4944 folia,
1492 4873 1552 4928 in
1593 4857 1820 4944 quibus
1850 4878 2014 4930 erant

367 4962 439 5018 de
496 4961 848 5036 imaginibus
913 4961 1126 5032 scripta
1178 4979 1192 5016 :
1251 4966 1310 5018 et
1361 4975 1491 5018 ecce
1544 4963 1813 5020 omnibus
1879 4977 2010 5019 eum

364 5051 622 5107 ostendo.

434 5140 674 5196 Michael
705 5140 1108 5197 sanctissimus
1137 5140 1443 5212 episcopus
1471 5141 1884 5210 Synadensium
1909 5141 2011 5196 di-

361 5231 485 5287 xit:
511 5228 875 5286 Pastillarius
901 5228 1146 5298 dicebat,
1171 5229 1532 5285 sanctissime
1549 5229 1799 5299 domine,
1834 5227 2009 5285 falsos

363 5321 704 5390 interpretes
739 5323 797 5374 et
839 5317 857 5374 i
902 5319 1208 5374 sidiatores
1251 5317 1464 5372 divina
1507 5317 1818 5387 Scriptura
1862 5331 2010 5373 ana-

360 5409 568 5467 thema.

429 5497 698 5556 Tarasius
728 5497 1128 5555 sanctissimus
1157 5495 1484 5567 patriarcha
1512 5488 1836 5552 d’ixlt‘;Sed
1859 5509 2005 5553 con-

357 5571 554 5654 versus
585 5573 671 5645 est
697 5585 864 5644 dolor
899 5586 1026 5656 ejus
1060 5585 1124 5642 in
1154 5589 1329 5657 caput
1363 5585 1506 5655 ejus.

2128 4517 2357 4573 incensa
2407 4530 2666 4590 aggerem
2714 4517 2783 4572 ad
2831 4520 3039 4573 terram
3091 4517 3456 4588 deponerent.
3515 4519 3582 4574 Et
3629 4533 3804 4590 opus

2126 4606 2298 4676 quide
2323 4622 2354 4660 n
2385 4615 2840 4663 consummatum
2862 4611 2984 4662 est:
3020 4620 3279 4680 aggerem
3310 4612 3499 4664 autem
3527 4622 3805 4665 succen—

2123 4695 2319 4751 dentes
2353 4695 2598 4752 consilio
2649 4695 2972 4752 defraudati
3011 4701 3166 4768 sunt,
3207 4711 3320 4752 non
3361 4695 3602 4753 habente
3645 4697 3804 4770 igne

2126 4783 2598 4855 progressionem,
2635 4784 2788 4840 unde
2820 4797 2948 4840 aere
2979 4791 3201 4854 recepto
3233 4785 3524 4842 materiam
3555 4800 3804 4842 consu—

2124 4885 2274 4928 mere
2318 4879 2522 4944 posset.
2559 4873 2698 4928 Cum
2742 4887 2876 4945 ergo
2911 4873 2970 4928 in
3004 4886 3223 4928 omnem
3261 4871 3633 4930 defectionem
3665 4875 3804 4931 de-

2120 4962 2427 5031 venissent,
2483 4960 2747 5016 deferunt
2791 4961 3078 5016 divinitus
3121 4959 3451 5018 fabricatam
3496 4958 3805 5036 [fabrefa-

2119 5046 2288 5122 ctam]
2324 5049 2566 5117 iconam,
2599 5061 2767 5118 quam
2805 5048 3098 5104 hominum
3139 5049 3369 5120 quidem
3418 5063 3622 5106 manus
3655 5064 3796 5110 non

2119 5141 2362 5208 operata
2401 5143 2572 5192 sunt:
2605 5135 2864 5209 Abagaro
2894 5141 3083 5192 autem
3120 5137 3386 5194 Christus
3412 5139 3580 5208 Deus,
3616 5155 3804 5210 quo—

2120 5225 2272 5281 niam
2299 5239 2426 5281 eum
2458 5225 2650 5280 videre
2685 5224 2983 5296 gestiebat,
3023 5227 3366 5282 transmisit.
3404 5228 3556 5282 llanc
3585 5227 3802 5300 igitur

2119 5314 2538 5371 sanctissimam
2577 5314 2882 5386 imaginem
2919 5329 3018 5385 per
3045 5313 3404 5371 eﬂ‘ossionem
3443 5329 3614 5386 quam
3649 5317 3801 5376 sibi

2114 5404 2330 5472 cperati
2364 5410 2519 5476 sunt,
2560 5403 3031 5472 intromittentes,
3066 5409 3120 5459 et
3144 5415 3294 5474 aqua
3335 5403 3802 5480 perfundentes,

2115 5491 2186 5548 ab
2216 5507 2278 5548 ea
2308 5499 2504 5550 contra
2535 5507 2733 5565 rogum
2765 5497 2821 5548 et
2856 5493 3012 5566 ligna
3047 5492 3397 5549 dimiserunt
3434 5491 3569 5566 [Gr.,
3607 5509 3674 5550 ex
3707 5511 3804 5555 ea

2111 5597 2311 5655 rogum
2331 5589 2388 5640 et
2409 5582 2565 5654 ligna
2595 5577 3007 5657 resperserunt]
3029 5598 3045 5652 ;
3065 5587 3121 5638 et
3139 5580 3335 5638 statim
3357 5581 3554 5640 divina
3576 5584 3810 5642 virtus
