  <div class='ocr_page' id='page_1' title='image "/cluster/home/n/w/nwhite01/storage/ocr_20150623/129/hvd.32044054759907/190.png"; bbox 0 0 4010 6160; ppageno 0'>
   <div class='ocr_carea' id='block_1_1' title="bbox 213 254 2791 320">
    <p class='ocr_par' dir='ltr' id='par_1_1' title="bbox 213 254 2791 320">
     <span class='ocr_line' id='line_1_1' title="bbox 213 254 2791 320; baseline 0.004 -10"><span class='ocrx_word' id='word_1_1' title='bbox 213 259 306 318; x_wconf 83' lang='lat'><strong>369</strong></span> <span class='ocrx_word' id='word_1_2' title='bbox 949 256 1492 314; x_wconf 79' lang='lat' dir='ltr'><strong>INTERPRETATIO</strong></span> <span class='ocrx_word' id='word_1_3' title='bbox 1529 257 1775 313; x_wconf 78' lang='lat' dir='ltr'><strong>SYNODI</strong></span> <span class='ocrx_word' id='word_1_4' title='bbox 1813 254 1909 311; x_wconf 81' lang='lat' dir='ltr'><strong>VII</strong></span> <span class='ocrx_word' id='word_1_5' title='bbox 1943 256 2345 317; x_wconf 74' lang='lat' dir='ltr'><strong>GENERALIS.</strong></span> <span class='ocrx_word' id='word_1_6' title='bbox 2368 292 2441 303; x_wconf 91' lang='lat'>—</span> <span class='ocrx_word' id='word_1_7' title='bbox 2478 262 2676 320; x_wconf 72' lang='lat' dir='ltr'><strong>ACTIO</strong></span> <span class='ocrx_word' id='word_1_8' title='bbox 2731 266 2791 320; x_wconf 68' lang='grc' dir='ltr'><strong>Υ.</strong></span> 
     </span>
    </p>
   </div>
   <div class='ocr_carea' id='block_1_2' title="bbox 3468 266 3575 328">
    <p class='ocr_par' dir='ltr' id='par_1_2' title="bbox 3468 266 3575 328">
     <span class='ocr_line' id='line_1_2' title="bbox 3468 266 3575 328; baseline 0 0"><span class='ocrx_word' id='word_1_9' title='bbox 3468 266 3575 328; x_wconf 84' lang='lat'><strong>3’70</strong></span> 
     </span>
    </p>
   </div>
   <div class='ocr_carea' id='block_1_3' title="bbox 212 380 3573 469">
    <p class='ocr_par' dir='ltr' id='par_1_3' title="bbox 212 380 3573 469">
     <span class='ocr_line' id='line_1_3' title="bbox 212 380 3573 469; baseline 0.003 -27"><span class='ocrx_word' id='word_1_10' title='bbox 212 386 323 443; x_wconf 86' lang='lat' dir='ltr'><strong>tidei</strong></span> <span class='ocrx_word' id='word_1_11' title='bbox 347 382 687 455; x_wconf 84' lang='lat' dir='ltr'><strong>cperantium</strong></span> <span class='ocrx_word' id='word_1_12' title='bbox 717 380 924 452; x_wconf 83' lang='lat' dir='ltr'><strong>adfuit,</strong></span> <span class='ocrx_word' id='word_1_13' title='bbox 956 387 1014 438; x_wconf 90' lang='lat' dir='ltr'><strong>et</strong></span> <span class='ocrx_word' id='word_1_14' title='bbox 1033 384 1181 452; x_wconf 88' lang='lat' dir='ltr'><strong>quod</strong></span> <span class='ocrx_word' id='word_1_15' title='bbox 1217 384 1380 454; x_wconf 89' lang='lat' dir='ltr'><strong>prius</strong></span> <span class='ocrx_word' id='word_1_16' title='bbox 1403 390 1525 441; x_wconf 90' lang='lat' dir='ltr'><strong>erat</strong></span> <span class='ocrx_word' id='word_1_17' title='bbox 1561 384 1685 440; x_wconf 88' lang='lat' dir='ltr'>illis</span> <span class='ocrx_word' id='word_1_18' title='bbox 1710 385 1812 439; x_wconf 90' lang='lat' dir='ltr'><strong>im-</strong></span> <span class='ocrx_word' id='word_1_19' title='bbox 1836 384 1898 445; x_wconf 87' lang='lat' dir='ltr'><strong>A</strong></span> <span class='ocrx_word' id='word_1_20' title='bbox 1925 398 1991 440; x_wconf 90' lang='lat' dir='ltr'><strong>eo</strong></span> <span class='ocrx_word' id='word_1_21' title='bbox 2010 390 2067 441; x_wconf 93' lang='lat' dir='ltr'><strong>et</strong></span> <span class='ocrx_word' id='word_1_22' title='bbox 2086 385 2403 445; x_wconf 85' lang='lat' dir='ltr'><strong>confortato</strong></span> <span class='ocrx_word' id='word_1_23' title='bbox 2429 389 2700 460; x_wconf 84' lang='lat' dir='ltr'><strong>plurimis</strong></span> <span class='ocrx_word' id='word_1_24' title='bbox 2720 392 2929 462; x_wconf 79' lang='lat' dir='ltr'><strong>verbis,</strong></span> <span class='ocrx_word' id='word_1_25' title='bbox 2958 393 3153 450; x_wconf 90' lang='lat' dir='ltr'><strong>abibat</strong></span> <span class='ocrx_word' id='word_1_26' title='bbox 3174 396 3243 452; x_wconf 90' lang='lat' dir='ltr'><strong>ad</strong></span> <span class='ocrx_word' id='word_1_27' title='bbox 3276 396 3573 469; x_wconf 91' lang='lat' dir='ltr'><strong>proprium</strong></span> 
     </span>
    </p>
   </div>
   <div class='ocr_carea' id='block_1_4' title="bbox 212 471 1814 544">
    <p class='ocr_par' dir='ltr' id='par_1_4' title="bbox 212 471 1814 544">
     <span class='ocr_line' id='line_1_4' title="bbox 212 471 1814 544; baseline -0.001 -15"><span class='ocrx_word' id='word_1_28' title='bbox 212 472 473 544; x_wconf 82' lang='lat' dir='ltr'><strong>possibile,</strong></span> <span class='ocrx_word' id='word_1_29' title='bbox 500 471 921 541; x_wconf 79' lang='lat' dir='ltr'><strong>perficiebatur:</strong></span> <span class='ocrx_word' id='word_1_30' title='bbox 948 472 1223 528; x_wconf 91' lang='lat' dir='ltr'><strong>continuo</strong></span> <span class='ocrx_word' id='word_1_31' title='bbox 1244 473 1455 543; x_wconf 88' lang='lat' dir='ltr'><strong>quippe</strong></span> <span class='ocrx_word' id='word_1_32' title='bbox 1483 478 1814 543; x_wconf 56' lang='lat' dir='ltr'><strong>receperunt</strong></span> 
     </span>
    </p>
   </div>
   <div class='ocr_carea' id='block_1_5' title="bbox 210 559 1815 632">
    <p class='ocr_par' dir='ltr' id='par_1_5' title="bbox 210 559 1815 632">
     <span class='ocr_line' id='line_1_5' title="bbox 210 559 1815 632; baseline 0.001 -15"><span class='ocrx_word' id='word_1_33' title='bbox 210 563 454 617; x_wconf 81' lang='lat' dir='ltr'><strong>ﬂammam</strong></span> <span class='ocrx_word' id='word_1_34' title='bbox 488 561 658 631; x_wconf 89' lang='lat' dir='ltr'><strong>ligna,</strong></span> <span class='ocrx_word' id='word_1_35' title='bbox 689 566 745 615; x_wconf 89' lang='lat' dir='ltr'><strong>et</strong></span> <span class='ocrx_word' id='word_1_36' title='bbox 779 560 947 616; x_wconf 85' lang='lat' dir='ltr'><strong>verbo</strong></span> <span class='ocrx_word' id='word_1_37' title='bbox 979 559 1276 616; x_wconf 84' lang='lat' dir='ltr'><strong>confestim</strong></span> <span class='ocrx_word' id='word_1_38' title='bbox 1313 562 1370 617; x_wconf 90' lang='lat' dir='ltr'><strong>in</strong></span> <span class='ocrx_word' id='word_1_39' title='bbox 1404 563 1640 632; x_wconf 81' lang='lat' dir='ltr'><strong>pruinas</strong></span> <span class='ocrx_word' id='word_1_40' title='bbox 1656 576 1815 618; x_wconf 90' lang='lat' dir='ltr'><strong>versa</strong></span> 
     </span>
    </p>
   </div>
   <div class='ocr_carea' id='block_1_6' title="bbox 207 648 1816 721">
    <p class='ocr_par' dir='ltr' id='par_1_6' title="bbox 207 648 1816 721">
     <span class='ocr_line' id='line_1_6' title="bbox 207 648 1816 721; baseline 0 -15"><span class='ocrx_word' id='word_1_41' title='bbox 207 649 567 720; x_wconf 88' lang='lat' dir='ltr'><strong>superioribus</strong></span> <span class='ocrx_word' id='word_1_42' title='bbox 588 649 662 703; x_wconf 92' lang='lat' dir='ltr'><strong>im</strong></span> <span class='ocrx_word' id='word_1_43' title='bbox 672 648 1088 719; x_wconf 85' lang='lat' dir='ltr'><strong>partiebantur,</strong></span> <span class='ocrx_word' id='word_1_44' title='bbox 1106 651 1295 705; x_wconf 83' lang='lat' dir='ltr'><strong>omnia</strong></span> <span class='ocrx_word' id='word_1_45' title='bbox 1316 650 1446 721; x_wconf 82' lang='lat' dir='ltr'><strong>igne</strong></span> <span class='ocrx_word' id='word_1_46' title='bbox 1462 650 1591 705; x_wconf 82' lang='lat' dir='ltr'><strong>hinc</strong></span> <span class='ocrx_word' id='word_1_47' title='bbox 1610 655 1666 706; x_wconf 91' lang='lat' dir='ltr'><strong>et</strong></span> <span class='ocrx_word' id='word_1_48' title='bbox 1687 652 1816 706; x_wconf 91' lang='lat' dir='ltr'><strong>inde</strong></span> 
     </span>
    </p>
   </div>
   <div class='ocr_carea' id='block_1_7' title="bbox 207 733 1810 810">
    <p class='ocr_par' dir='ltr' id='par_1_7' title="bbox 207 733 1810 810">
     <span class='ocr_line' id='line_1_7' title="bbox 207 733 1810 810; baseline -0.002 -16"><span class='ocrx_word' id='word_1_49' title='bbox 207 738 496 809; x_wconf 87' lang='lat' dir='ltr'><strong>porrigente</strong></span> <span class='ocrx_word' id='word_1_50' title='bbox 533 733 682 810; x_wconf 57' lang='grc' dir='ltr'><strong>[ατη</strong></span> <span class='ocrx_word' id='word_1_51' title='bbox 712 742 767 792; x_wconf 90' lang='lat' dir='ltr'><strong>et</strong></span> <span class='ocrx_word' id='word_1_52' title='bbox 792 738 947 793; x_wconf 86' lang='lat' dir='ltr'><strong>dicto</strong></span> <span class='ocrx_word' id='word_1_53' title='bbox 965 738 1145 794; x_wconf 80' lang='lat' dir='ltr'><strong>citius</strong></span> <span class='ocrx_word' id='word_1_54' title='bbox 1164 738 1221 792; x_wconf 91' lang='lat' dir='ltr'><strong>in</strong></span> <span class='ocrx_word' id='word_1_55' title='bbox 1243 738 1480 809; x_wconf 82' lang='lat' dir='ltr'><strong>pruinas</strong></span> <span class='ocrx_word' id='word_1_56' title='bbox 1498 752 1654 794; x_wconf 87' lang='lat' dir='ltr'><strong>versa</strong></span> <span class='ocrx_word' id='word_1_57' title='bbox 1684 754 1810 809; x_wconf 89' lang='lat' dir='ltr'><strong>sup.</strong></span> 
     </span>
    </p>
   </div>
   <div class='ocr_carea' id='block_1_8' title="bbox 205 822 900 900">
    <p class='ocr_par' dir='ltr' id='par_1_8' title="bbox 205 822 900 900">
     <span class='ocr_line' id='line_1_8' title="bbox 205 822 900 900; baseline -0.004 -18"><span class='ocrx_word' id='word_1_58' title='bbox 205 829 315 897; x_wconf 89' lang='lat' dir='ltr'><strong>imp.</strong></span> <span class='ocrx_word' id='word_1_59' title='bbox 347 840 394 881; x_wconf 89' lang='grc' dir='ltr'><strong>ο.</strong></span> <span class='ocrx_word' id='word_1_60' title='bbox 429 826 466 881; x_wconf 92' lang='lat' dir='ltr'><strong>i.</strong></span> <span class='ocrx_word' id='word_1_61' title='bbox 510 822 900 900; x_wconf 78' lang='lat' dir='ltr'><strong>deposcente].</strong></span> 
     </span>
    </p>
   </div>
   <div class='ocr_carea' id='block_1_9' title="bbox 258 914 1815 987">
    <p class='ocr_par' dir='ltr' id='par_1_9' title="bbox 258 914 1815 987">
     <span class='ocr_line' id='line_1_9' title="bbox 258 914 1815 987; baseline 0.001 -16"><span class='ocrx_word' id='word_1_62' title='bbox 258 917 349 971; x_wconf 88' lang='lat' dir='ltr'><strong>Leo</strong></span> <span class='ocrx_word' id='word_1_63' title='bbox 369 914 874 971; x_wconf 84' lang='lat' dir='ltr'><strong>reverendissimus</strong></span> <span class='ocrx_word' id='word_1_64' title='bbox 906 915 1084 971; x_wconf 86' lang='lat' dir='ltr'><strong>lector</strong></span> <span class='ocrx_word' id='word_1_65' title='bbox 1106 928 1321 986; x_wconf 68' lang='lat' dir='ltr'><strong>magna:</strong></span> <span class='ocrx_word' id='word_1_66' title='bbox 1351 916 1616 971; x_wconf 65' lang='lat' dir='ltr'><strong>Ecclesia:</strong></span> <span class='ocrx_word' id='word_1_67' title='bbox 1646 917 1815 987; x_wconf 70' lang='lat' dir='ltr'><strong>regiae</strong></span> 
     </span>
    </p>
   </div>
   <div class='ocr_carea' id='block_1_10' title="bbox 201 1002 1817 1075">
    <p class='ocr_par' dir='ltr' id='par_1_10' title="bbox 201 1002 1817 1075">
     <span class='ocr_line' id='line_1_10' title="bbox 201 1002 1817 1075; baseline 0.001 -16"><span class='ocrx_word' id='word_1_68' title='bbox 201 1002 737 1073; x_wconf 83' lang='lat' dir='ltr'><strong>Constantinopoleos</strong></span> <span class='ocrx_word' id='word_1_69' title='bbox 764 1003 919 1058; x_wconf 81' lang='lat' dir='ltr'><strong>dixit</strong></span> <span class='ocrx_word' id='word_1_70' title='bbox 942 1022 954 1058; x_wconf 95' lang='lat'><strong>:</strong></span> <span class='ocrx_word' id='word_1_71' title='bbox 977 1005 1045 1059; x_wconf 90' lang='lat' dir='ltr'><strong>Et</strong></span> <span class='ocrx_word' id='word_1_72' title='bbox 1074 1017 1176 1075; x_wconf 92' lang='lat' dir='ltr'><strong>ego</strong></span> <span class='ocrx_word' id='word_1_73' title='bbox 1204 1004 1481 1075; x_wconf 90' lang='lat' dir='ltr'><strong>indignus</strong></span> <span class='ocrx_word' id='word_1_74' title='bbox 1506 1019 1704 1060; x_wconf 90' lang='lat' dir='ltr'><strong>servus</strong></span> <span class='ocrx_word' id='word_1_75' title='bbox 1732 1019 1817 1060; x_wconf 86' lang='lat' dir='ltr'><strong>ve-</strong></span> 
     </span>
    </p>
   </div>
   <div class='ocr_carea' id='block_1_11' title="bbox 199 1091 1819 1165">
    <p class='ocr_par' dir='ltr' id='par_1_11' title="bbox 199 1091 1819 1165">
     <span class='ocr_line' id='line_1_11' title="bbox 199 1091 1819 1165; baseline 0.001 -19"><span class='ocrx_word' id='word_1_76' title='bbox 199 1097 307 1157; x_wconf 84' lang='lat' dir='ltr'><strong>ster,</strong></span> <span class='ocrx_word' id='word_1_77' title='bbox 336 1104 457 1146; x_wconf 92' lang='lat' dir='ltr'><strong>cum</strong></span> <span class='ocrx_word' id='word_1_78' title='bbox 487 1091 909 1147; x_wconf 86' lang='lat' dir='ltr'><strong>descendissem</strong></span> <span class='ocrx_word' id='word_1_79' title='bbox 939 1092 1008 1147; x_wconf 90' lang='lat' dir='ltr'><strong>ad</strong></span> <span class='ocrx_word' id='word_1_80' title='bbox 1057 1092 1276 1163; x_wconf 85' lang='lat' dir='ltr'><strong>Syriam</strong></span> <span class='ocrx_word' id='word_1_81' title='bbox 1307 1107 1436 1148; x_wconf 90' lang='lat' dir='ltr'><strong>eum</strong></span> <span class='ocrx_word' id='word_1_82' title='bbox 1464 1092 1642 1165; x_wconf 90' lang='lat' dir='ltr'><strong>regiis</strong></span> <span class='ocrx_word' id='word_1_83' title='bbox 1670 1106 1819 1162; x_wconf 90' lang='lat' dir='ltr'><strong>apo-</strong></span> 
     </span>
    </p>
   </div>
   <div class='ocr_carea' id='block_1_12' title="bbox 196 1178 1820 1249">
    <p class='ocr_par' dir='ltr' id='par_1_12' title="bbox 196 1178 1820 1249">
     <span class='ocr_line' id='line_1_12' title="bbox 196 1178 1820 1249; baseline 0.001 -14"><span class='ocrx_word' id='word_1_84' title='bbox 196 1179 469 1249; x_wconf 90' lang='lat' dir='ltr'><strong>crisiariis,</strong></span> <span class='ocrx_word' id='word_1_85' title='bbox 526 1178 612 1235; x_wconf 84' lang='lat' dir='ltr'><strong>fui</strong></span> <span class='ocrx_word' id='word_1_86' title='bbox 662 1179 905 1249; x_wconf 71' lang='lat' dir='ltr'><strong>Edessm,</strong></span> <span class='ocrx_word' id='word_1_87' title='bbox 938 1184 996 1235; x_wconf 91' lang='lat' dir='ltr'><strong>et</strong></span> <span class='ocrx_word' id='word_1_88' title='bbox 1022 1194 1240 1236; x_wconf 87' lang='lat' dir='ltr'><strong>sacram</strong></span> <span class='ocrx_word' id='word_1_89' title='bbox 1284 1194 1349 1237; x_wconf 90' lang='lat' dir='ltr'><strong>ac</strong></span> <span class='ocrx_word' id='word_1_90' title='bbox 1390 1195 1500 1237; x_wconf 91' lang='lat' dir='ltr'><strong>non</strong></span> <span class='ocrx_word' id='word_1_91' title='bbox 1550 1180 1820 1237; x_wconf 84' lang='lat' dir='ltr'><strong>manufa—</strong></span> 
     </span>
    </p>
   </div>
   <div class='ocr_carea' id='block_1_13' title="bbox 195 1268 1815 1340">
    <p class='ocr_par' dir='ltr' id='par_1_13' title="bbox 195 1268 1815 1340">
     <span class='ocr_line' id='line_1_13' title="bbox 195 1268 1815 1340; baseline 0.002 -19"><span class='ocrx_word' id='word_1_92' title='bbox 195 1272 318 1322; x_wconf 84' lang='lat' dir='ltr'><strong>ctam</strong></span> <span class='ocrx_word' id='word_1_93' title='bbox 356 1268 573 1323; x_wconf 90' lang='lat' dir='ltr'><strong>iconam</strong></span> <span class='ocrx_word' id='word_1_94' title='bbox 614 1269 734 1324; x_wconf 88' lang='lat' dir='ltr'><strong>vidi</strong></span> <span class='ocrx_word' id='word_1_95' title='bbox 781 1283 812 1324; x_wconf 87' lang='lat' dir='ltr'><strong>a</strong></span> <span class='ocrx_word' id='word_1_96' title='bbox 864 1269 1134 1325; x_wconf 81' lang='lat' dir='ltr'><strong>ﬁdelibus</strong></span> <span class='ocrx_word' id='word_1_97' title='bbox 1182 1271 1451 1325; x_wconf 90' lang='lat' dir='ltr'><strong>honorari</strong></span> <span class='ocrx_word' id='word_1_98' title='bbox 1502 1269 1716 1340; x_wconf 89' lang='lat' dir='ltr'><strong>pariter</strong></span> <span class='ocrx_word' id='word_1_99' title='bbox 1760 1273 1815 1325; x_wconf 88' lang='lat' dir='ltr'><strong>et</strong></span> 
     </span>
    </p>
   </div>
   <div class='ocr_carea' id='block_1_14' title="bbox 194 1356 409 1411">
    <p class='ocr_par' dir='ltr' id='par_1_14' title="bbox 194 1356 409 1411">
     <span class='ocr_line' id='line_1_14' title="bbox 194 1356 409 1411; baseline 0 0"><span class='ocrx_word' id='word_1_100' title='bbox 194 1356 409 1411; x_wconf 87' lang='lat' dir='ltr'><strong>adorari.</strong></span> 
     </span>
    </p>
   </div>
   <div class='ocr_carea' id='block_1_15' title="bbox 248 1446 1813 1518">
    <p class='ocr_par' dir='ltr' id='par_1_15' title="bbox 248 1446 1813 1518">
     <span class='ocr_line' id='line_1_15' title="bbox 248 1446 1813 1518; baseline 0.002 -19"><span class='ocrx_word' id='word_1_101' title='bbox 248 1446 497 1501; x_wconf 88' lang='lat' dir='ltr'><strong>Tarasius</strong></span> <span class='ocrx_word' id='word_1_102' title='bbox 533 1446 940 1503; x_wconf 88' lang='lat' dir='ltr'><strong>sanctissimus</strong></span> <span class='ocrx_word' id='word_1_103' title='bbox 972 1448 1296 1518; x_wconf 82' lang='lat' dir='ltr'><strong>patriarcha</strong></span> <span class='ocrx_word' id='word_1_104' title='bbox 1327 1449 1511 1504; x_wconf 86' lang='lat' dir='ltr'><strong>dixit:</strong></span> <span class='ocrx_word' id='word_1_105' title='bbox 1544 1450 1813 1503; x_wconf 85' lang='lat' dir='ltr'><strong>Hesterno</strong></span> 
     </span>
    </p>
   </div>
   <div class='ocr_carea' id='block_1_16' title="bbox 190 1533 1810 1607">
    <p class='ocr_par' dir='ltr' id='par_1_16' title="bbox 190 1533 1810 1607">
     <span class='ocr_line' id='line_1_16' title="bbox 190 1533 1810 1607; baseline 0.002 -20"><span class='ocrx_word' id='word_1_106' title='bbox 190 1533 265 1588; x_wconf 92' lang='lat' dir='ltr'><strong>die</strong></span> <span class='ocrx_word' id='word_1_107' title='bbox 309 1534 754 1591; x_wconf 84' lang='lat' dir='ltr'><strong>revendissimus</strong></span> <span class='ocrx_word' id='word_1_108' title='bbox 806 1536 1159 1607; x_wconf 88' lang='lat' dir='ltr'><strong>hegumenus</strong></span> <span class='ocrx_word' id='word_1_109' title='bbox 1208 1537 1507 1592; x_wconf 82' lang='lat' dir='ltr'><strong>Maximini</strong></span> <span class='ocrx_word' id='word_1_110' title='bbox 1561 1536 1810 1592; x_wconf 89' lang='lat' dir='ltr'><strong>codicem</strong></span> 
     </span>
    </p>
   </div>
   <div class='ocr_carea' id='block_1_17' title="bbox 192 1622 1815 1696">
    <p class='ocr_par' dir='ltr' id='par_1_17' title="bbox 192 1622 1815 1696">
     <span class='ocr_line' id='line_1_17' title="bbox 192 1622 1815 1696; baseline 0.002 -20"><span class='ocrx_word' id='word_1_111' title='bbox 192 1622 406 1690; x_wconf 84' lang='lat' dir='ltr'><strong>paradisi</strong></span> <span class='ocrx_word' id='word_1_112' title='bbox 451 1623 837 1679; x_wconf 68' lang='lat' dir='ltr'><strong>ammnissimi</strong></span> <span class='ocrx_word' id='word_1_113' title='bbox 890 1625 1201 1680; x_wconf 88' lang='lat' dir='ltr'><strong>Limonarii</strong></span> <span class='ocrx_word' id='word_1_114' title='bbox 1250 1625 1516 1696; x_wconf 87' lang='lat' dir='ltr'><strong>protulit,</strong></span> <span class='ocrx_word' id='word_1_115' title='bbox 1546 1629 1603 1680; x_wconf 92' lang='lat' dir='ltr'><strong>et</strong></span> <span class='ocrx_word' id='word_1_116' title='bbox 1632 1625 1815 1681; x_wconf 86' lang='lat' dir='ltr'><strong>lectus</strong></span> 
     </span>
    </p>
   </div>
   <div class='ocr_carea' id='block_1_18' title="bbox 186 1707 1899 1783">
    <p class='ocr_par' dir='ltr' id='par_1_18' title="bbox 186 1707 1899 1783">
     <span class='ocr_line' id='line_1_18' title="bbox 186 1707 1899 1783; baseline 0.002 -19"><span class='ocrx_word' id='word_1_117' title='bbox 186 1714 280 1765; x_wconf 87' lang='lat' dir='ltr'><strong>est:</strong></span> <span class='ocrx_word' id='word_1_118' title='bbox 329 1715 381 1767; x_wconf 89' lang='lat' dir='ltr'><strong>et</strong></span> <span class='ocrx_word' id='word_1_119' title='bbox 407 1711 731 1780; x_wconf 88' lang='lat' dir='ltr'><strong>reperimus</strong></span> <span class='ocrx_word' id='word_1_120' title='bbox 759 1718 814 1767; x_wconf 91' lang='lat' dir='ltr'><strong>et</strong></span> <span class='ocrx_word' id='word_1_121' title='bbox 872 1726 974 1768; x_wconf 91' lang='lat' dir='ltr'><strong>nos</strong></span> <span class='ocrx_word' id='word_1_122' title='bbox 1028 1713 1084 1767; x_wconf 93' lang='lat' dir='ltr'><strong>in</strong></span> <span class='ocrx_word' id='word_1_123' title='bbox 1129 1712 1476 1769; x_wconf 89' lang='lat' dir='ltr'><strong>bibliotheca</strong></span> <span class='ocrx_word' id='word_1_124' title='bbox 1527 1713 1813 1783; x_wconf 83' lang='lat' dir='ltr'><strong>exemplar</strong></span> <span class='ocrx_word' id='word_1_125' title='bbox 1847 1707 1899 1768; x_wconf 85' lang='grc' dir='ltr'>Β</span> 
     </span>
    </p>
   </div>
   <div class='ocr_carea' id='block_1_19' title="bbox 187 1799 1813 1874">
    <p class='ocr_par' dir='ltr' id='par_1_19' title="bbox 187 1799 1813 1874">
     <span class='ocr_line' id='line_1_19' title="bbox 187 1799 1813 1874; baseline 0.003 -21"><span class='ocrx_word' id='word_1_126' title='bbox 187 1799 405 1867; x_wconf 87' lang='lat' dir='ltr'><strong>ejusdem</strong></span> <span class='ocrx_word' id='word_1_127' title='bbox 433 1800 754 1856; x_wconf 89' lang='lat' dir='ltr'><strong>Limonarii</strong></span> <span class='ocrx_word' id='word_1_128' title='bbox 785 1801 965 1857; x_wconf 88' lang='lat' dir='ltr'><strong>incisa</strong></span> <span class='ocrx_word' id='word_1_129' title='bbox 998 1801 1212 1857; x_wconf 87' lang='lat' dir='ltr'><strong>habens</strong></span> <span class='ocrx_word' id='word_1_130' title='bbox 1238 1801 1396 1874; x_wconf 84' lang='lat' dir='ltr'><strong>folia,</strong></span> <span class='ocrx_word' id='word_1_131' title='bbox 1424 1802 1484 1857; x_wconf 92' lang='lat' dir='ltr'><strong>in</strong></span> <span class='ocrx_word' id='word_1_132' title='bbox 1509 1802 1724 1873; x_wconf 87' lang='lat' dir='ltr'><strong>quibus</strong></span> <span class='ocrx_word' id='word_1_133' title='bbox 1744 1803 1813 1858; x_wconf 92' lang='lat' dir='ltr'><strong>de</strong></span> 
     </span>
    </p>
   </div>
   <div class='ocr_carea' id='block_1_20' title="bbox 186 1886 1109 1959">
    <p class='ocr_par' dir='ltr' id='par_1_20' title="bbox 186 1886 1109 1959">
     <span class='ocr_line' id='line_1_20' title="bbox 186 1886 1109 1959; baseline 0.001 -17"><span class='ocrx_word' id='word_1_134' title='bbox 186 1886 509 1959; x_wconf 83' lang='lat' dir='ltr'><strong>imaginibus</strong></span> <span class='ocrx_word' id='word_1_135' title='bbox 536 1889 753 1958; x_wconf 87' lang='lat' dir='ltr'><strong>scripta</strong></span> <span class='ocrx_word' id='word_1_136' title='bbox 792 1891 1109 1958; x_wconf 86' lang='lat' dir='ltr'><strong>jacuerant.</strong></span> 
     </span>
    </p>
   </div>
   <div class='ocr_carea' id='block_1_21' title="bbox 237 1976 1820 2051">
    <p class='ocr_par' dir='ltr' id='par_1_21' title="bbox 237 1976 1820 2051">
     <span class='ocr_line' id='line_1_21' title="bbox 237 1976 1820 2051; baseline 0.002 -21"><span class='ocrx_word' id='word_1_137' title='bbox 237 1976 678 2047; x_wconf 88' lang='lat' dir='ltr'><strong>Christophorus</strong></span> <span class='ocrx_word' id='word_1_138' title='bbox 706 1978 1111 2033; x_wconf 89' lang='lat' dir='ltr'><strong>sanctissimus</strong></span> <span class='ocrx_word' id='word_1_139' title='bbox 1141 1978 1451 2049; x_wconf 89' lang='lat' dir='ltr'><strong>episcopus</strong></span> <span class='ocrx_word' id='word_1_140' title='bbox 1482 1986 1688 2035; x_wconf 79' lang='lat' dir='ltr'><strong>sanctae</strong></span> <span class='ocrx_word' id='word_1_141' title='bbox 1720 1980 1820 2051; x_wconf 88' lang='lat' dir='ltr'><strong>Cy-</strong></span> 
     </span>
    </p>
   </div>
   <div class='ocr_carea' id='block_1_22' title="bbox 186 2065 1817 2140">
    <p class='ocr_par' dir='ltr' id='par_1_22' title="bbox 186 2065 1817 2140">
     <span class='ocr_line' id='line_1_22' title="bbox 186 2065 1817 2140; baseline 0.003 -20"><span class='ocrx_word' id='word_1_142' title='bbox 186 2065 325 2120; x_wconf 68' lang='lat' dir='ltr'><strong>riacae</strong></span> <span class='ocrx_word' id='word_1_143' title='bbox 366 2065 552 2122; x_wconf 85' lang='lat' dir='ltr'><strong>dixit:</strong></span> <span class='ocrx_word' id='word_1_144' title='bbox 613 2067 986 2122; x_wconf 87' lang='lat' dir='ltr'><strong>Sanctissime</strong></span> <span class='ocrx_word' id='word_1_145' title='bbox 1015 2067 1265 2139; x_wconf 87' lang='lat' dir='ltr'><strong>domine,</strong></span> <span class='ocrx_word' id='word_1_146' title='bbox 1310 2068 1589 2140; x_wconf 89' lang='lat' dir='ltr'><strong>indignus</strong></span> <span class='ocrx_word' id='word_1_147' title='bbox 1618 2083 1817 2125; x_wconf 91' lang='lat' dir='ltr'><strong>servus</strong></span> 
     </span>
    </p>
   </div>
   <div class='ocr_carea' id='block_1_23' title="bbox 182 2155 1815 2228">
    <p class='ocr_par' dir='ltr' id='par_1_23' title="bbox 182 2155 1815 2228">
     <span class='ocr_line' id='line_1_23' title="bbox 182 2155 1815 2228; baseline 0.002 -19"><span class='ocrx_word' id='word_1_148' title='bbox 182 2169 491 2223; x_wconf 61' lang='lat' dir='ltr'><strong>praesumam</strong></span> <span class='ocrx_word' id='word_1_149' title='bbox 520 2155 689 2226; x_wconf 88' lang='lat' dir='ltr'><strong>loqui</strong></span> <span class='ocrx_word' id='word_1_150' title='bbox 738 2169 925 2211; x_wconf 89' lang='lat' dir='ltr'><strong>coram</strong></span> <span class='ocrx_word' id='word_1_151' title='bbox 975 2161 1168 2211; x_wconf 88' lang='lat' dir='ltr'><strong>sancta</strong></span> <span class='ocrx_word' id='word_1_152' title='bbox 1194 2164 1249 2212; x_wconf 90' lang='lat' dir='ltr'><strong>et</strong></span> <span class='ocrx_word' id='word_1_153' title='bbox 1291 2171 1450 2213; x_wconf 89' lang='lat' dir='ltr'><strong>sacra</strong></span> <span class='ocrx_word' id='word_1_154' title='bbox 1475 2163 1646 2228; x_wconf 89' lang='lat' dir='ltr'><strong>atque</strong></span> <span class='ocrx_word' id='word_1_155' title='bbox 1672 2158 1815 2213; x_wconf 89' lang='lat' dir='ltr'><strong>uni-</strong></span> 
     </span>
    </p>
   </div>
   <div class='ocr_carea' id='block_1_24' title="bbox 182 2243 1813 2316">
    <p class='ocr_par' dir='ltr' id='par_1_24' title="bbox 182 2243 1813 2316">
     <span class='ocr_line' id='line_1_24' title="bbox 182 2243 1813 2316; baseline 0.002 -19"><span class='ocrx_word' id='word_1_156' title='bbox 182 2243 359 2298; x_wconf 80' lang='lat' dir='ltr'><strong>versali</strong></span> <span class='ocrx_word' id='word_1_157' title='bbox 390 2245 633 2315; x_wconf 80' lang='lat' dir='ltr'><strong>synodo.</strong></span> <span class='ocrx_word' id='word_1_158' title='bbox 662 2244 1037 2314; x_wconf 85' lang='lat' dir='ltr'><strong>Propheticus</strong></span> <span class='ocrx_word' id='word_1_159' title='bbox 1068 2260 1251 2301; x_wconf 89' lang='lat' dir='ltr'><strong>sermo</strong></span> <span class='ocrx_word' id='word_1_160' title='bbox 1280 2250 1384 2316; x_wconf 90' lang='lat' dir='ltr'><strong>est,</strong></span> <span class='ocrx_word' id='word_1_161' title='bbox 1419 2247 1555 2316; x_wconf 88' lang='lat' dir='ltr'><strong>quia</strong></span> <span class='ocrx_word' id='word_1_162' title='bbox 1580 2249 1639 2300; x_wconf 83' lang='lat' dir='ltr'><strong>in</strong></span> <span class='ocrx_word' id='word_1_163' title='bbox 1678 2263 1813 2316; x_wconf 85' lang='lat' dir='ltr'><strong>ope-</strong></span> 
     </span>
    </p>
   </div>
   <div class='ocr_carea' id='block_1_25' title="bbox 178 2334 1811 2405">
    <p class='ocr_par' dir='ltr' id='par_1_25' title="bbox 178 2334 1811 2405">
     <span class='ocr_line' id='line_1_25' title="bbox 178 2334 1811 2405; baseline 0.002 -20"><span class='ocrx_word' id='word_1_164' title='bbox 178 2334 305 2387; x_wconf 78' lang='lat' dir='ltr'><strong>ribus</strong></span> <span class='ocrx_word' id='word_1_165' title='bbox 346 2350 617 2388; x_wconf 84' lang='lat' dir='ltr'><strong>manuum</strong></span> <span class='ocrx_word' id='word_1_166' title='bbox 669 2350 894 2388; x_wconf 75' lang='lat' dir='ltr'><strong>suarum</strong></span> <span class='ocrx_word' id='word_1_167' title='bbox 961 2336 1370 2404; x_wconf 82' lang='lat' dir='ltr'><strong>comprehensus</strong></span> <span class='ocrx_word' id='word_1_168' title='bbox 1429 2341 1506 2390; x_wconf 82' lang='lat' dir='ltr'><strong>est</strong></span> <span class='ocrx_word' id='word_1_169' title='bbox 1558 2340 1811 2405; x_wconf 79' lang='lat' dir='ltr'><strong>peccator</strong></span> 
     </span>
    </p>
   </div>
   <div class='ocr_carea' id='block_1_26' title="bbox 177 2420 1809 2495">
    <p class='ocr_par' dir='ltr' id='par_1_26' title="bbox 177 2420 1809 2495">
     <span class='ocr_line' id='line_1_26' title="bbox 177 2420 1809 2495; baseline 0.003 -21"><span class='ocrx_word' id='word_1_170' title='bbox 177 2420 333 2489; x_wconf 87' lang='lat' dir='ltr'><strong>(Psal.</strong></span> <span class='ocrx_word' id='word_1_171' title='bbox 368 2423 468 2495; x_wconf 82' lang='lat' dir='ltr'><strong>1x).</strong></span> <span class='ocrx_word' id='word_1_172' title='bbox 499 2423 669 2492; x_wconf 89' lang='lat' dir='ltr'><strong>Quod</strong></span> <span class='ocrx_word' id='word_1_173' title='bbox 702 2423 855 2477; x_wconf 90' lang='lat' dir='ltr'><strong>enim</strong></span> <span class='ocrx_word' id='word_1_174' title='bbox 886 2423 1161 2492; x_wconf 86' lang='lat' dir='ltr'><strong>putabant</strong></span> <span class='ocrx_word' id='word_1_175' title='bbox 1189 2425 1462 2480; x_wconf 90' lang='lat' dir='ltr'><strong>adversus</strong></span> <span class='ocrx_word' id='word_1_176' title='bbox 1493 2438 1597 2480; x_wconf 92' lang='lat' dir='ltr'><strong>nos</strong></span> <span class='ocrx_word' id='word_1_177' title='bbox 1625 2422 1809 2480; x_wconf 86' lang='lat' dir='ltr'><strong>facere</strong></span> 
     </span>
    </p>
   </div>
   <div class='ocr_carea' id='block_1_27' title="bbox 181 2509 1808 2582">
    <p class='ocr_par' dir='ltr' id='par_1_27' title="bbox 181 2509 1808 2582">
     <span class='ocr_line' id='line_1_27' title="bbox 181 2509 1808 2582; baseline 0.003 -19"><span class='ocrx_word' id='word_1_178' title='bbox 181 2509 227 2564; x_wconf 88' lang='lat' dir='ltr'><strong>in</strong></span> <span class='ocrx_word' id='word_1_179' title='bbox 250 2512 683 2582; x_wconf 88' lang='lat' dir='ltr'><strong>pseudosyllogo</strong></span> <span class='ocrx_word' id='word_1_180' title='bbox 716 2511 817 2567; x_wconf 89' lang='lat' dir='ltr'><strong>illo</strong></span> <span class='ocrx_word' id='word_1_181' title='bbox 848 2511 1093 2581; x_wconf 89' lang='lat' dir='ltr'><strong>collecti,</strong></span> <span class='ocrx_word' id='word_1_182' title='bbox 1151 2513 1257 2567; x_wconf 89' lang='lat' dir='ltr'><strong>hoc</strong></span> <span class='ocrx_word' id='word_1_183' title='bbox 1286 2514 1560 2569; x_wconf 88' lang='lat' dir='ltr'><strong>adversus</strong></span> <span class='ocrx_word' id='word_1_184' title='bbox 1587 2526 1684 2568; x_wconf 90' lang='lat' dir='ltr'><strong>eos</strong></span> <span class='ocrx_word' id='word_1_185' title='bbox 1713 2512 1808 2568; x_wconf 82' lang='lat' dir='ltr'><strong>fa-</strong></span> 
     </span>
    </p>
   </div>
   <div class='ocr_carea' id='block_1_28' title="bbox 176 2600 1802 2671">
    <p class='ocr_par' dir='ltr' id='par_1_28' title="bbox 176 2600 1802 2671">
     <span class='ocr_line' id='line_1_28' title="bbox 176 2600 1802 2671; baseline 0.003 -20"><span class='ocrx_word' id='word_1_186' title='bbox 176 2604 301 2653; x_wconf 87' lang='lat' dir='ltr'><strong>ctum</strong></span> <span class='ocrx_word' id='word_1_187' title='bbox 328 2607 428 2655; x_wconf 89' lang='lat' dir='ltr'><strong>est.</strong></span> <span class='ocrx_word' id='word_1_188' title='bbox 462 2601 533 2654; x_wconf 88' lang='lat' dir='ltr'><strong>Et</strong></span> <span class='ocrx_word' id='word_1_189' title='bbox 582 2600 844 2669; x_wconf 64' lang='lat' dir='ltr'><strong>quaedam</strong></span> <span class='ocrx_word' id='word_1_190' title='bbox 893 2600 1121 2669; x_wconf 88' lang='lat' dir='ltr'><strong>quidem</strong></span> <span class='ocrx_word' id='word_1_191' title='bbox 1162 2601 1512 2671; x_wconf 89' lang='lat' dir='ltr'><strong>inciderunt,</strong></span> <span class='ocrx_word' id='word_1_192' title='bbox 1547 2602 1802 2671; x_wconf 67' lang='lat' dir='ltr'><strong>quaedam</strong></span> 
     </span>
    </p>
   </div>
   <div class='ocr_carea' id='block_1_29' title="bbox 175 2686 1806 2761">
    <p class='ocr_par' dir='ltr' id='par_1_29' title="bbox 175 2686 1806 2761">
     <span class='ocr_line' id='line_1_29' title="bbox 175 2686 1806 2761; baseline 0.004 -22"><span class='ocrx_word' id='word_1_193' title='bbox 175 2700 279 2741; x_wconf 84' lang='lat' dir='ltr'><strong>vero</strong></span> <span class='ocrx_word' id='word_1_194' title='bbox 305 2686 681 2757; x_wconf 84' lang='lat' dir='ltr'><strong>falsaverunt,</strong></span> <span class='ocrx_word' id='word_1_195' title='bbox 727 2691 791 2743; x_wconf 90' lang='lat' dir='ltr'><strong>ut</strong></span> <span class='ocrx_word' id='word_1_196' title='bbox 831 2686 1189 2744; x_wconf 84' lang='lat' dir='ltr'><strong>manifestata</strong></span> <span class='ocrx_word' id='word_1_197' title='bbox 1224 2689 1459 2745; x_wconf 84' lang='lat' dir='ltr'><strong>veritate</strong></span> <span class='ocrx_word' id='word_1_198' title='bbox 1488 2693 1806 2761; x_wconf 86' lang='lat' dir='ltr'><strong>arguantur</strong></span> 
     </span>
    </p>
   </div>
   <div class='ocr_carea' id='block_1_30' title="bbox 178 2773 727 2843">
    <p class='ocr_par' dir='ltr' id='par_1_30' title="bbox 178 2773 727 2843">
     <span class='ocr_line' id='line_1_30' title="bbox 178 2773 727 2843; baseline 0.005 -17"><span class='ocrx_word' id='word_1_199' title='bbox 178 2773 468 2843; x_wconf 88' lang='lat' dir='ltr'><strong>impietates</strong></span> <span class='ocrx_word' id='word_1_200' title='bbox 497 2790 727 2831; x_wconf 88' lang='lat' dir='ltr'><strong>eorum.</strong></span> 
     </span>
    </p>
   </div>
   <div class='ocr_carea' id='block_1_31' title="bbox 227 2864 1798 2934">
    <p class='ocr_par' dir='ltr' id='par_1_31' title="bbox 227 2864 1798 2934">
     <span class='ocr_line' id='line_1_31' title="bbox 227 2864 1798 2934; baseline 0.003 -16"><span class='ocrx_word' id='word_1_201' title='bbox 227 2864 539 2934; x_wconf 88' lang='lat' dir='ltr'><strong>Stephanus</strong></span> <span class='ocrx_word' id='word_1_202' title='bbox 588 2864 906 2921; x_wconf 88' lang='lat' dir='ltr'><strong>monachus</strong></span> <span class='ocrx_word' id='word_1_203' title='bbox 957 2871 1012 2921; x_wconf 91' lang='lat' dir='ltr'><strong>et</strong></span> <span class='ocrx_word' id='word_1_204' title='bbox 1059 2865 1341 2921; x_wconf 88' lang='lat' dir='ltr'><strong>librorum</strong></span> <span class='ocrx_word' id='word_1_205' title='bbox 1394 2870 1588 2922; x_wconf 91' lang='lat' dir='ltr'><strong>custos</strong></span> <span class='ocrx_word' id='word_1_206' title='bbox 1615 2867 1798 2923; x_wconf 87' lang='lat' dir='ltr'><strong>dixit:</strong></span> 
     </span>
    </p>
   </div>
   <div class='ocr_carea' id='block_1_32' title="bbox 176 2950 1806 3025">
    <p class='ocr_par' dir='ltr' id='par_1_32' title="bbox 176 2950 1806 3025">
     <span class='ocr_line' id='line_1_32' title="bbox 176 2950 1806 3025; baseline 0.003 -19"><span class='ocrx_word' id='word_1_207' title='bbox 176 2950 330 3007; x_wconf 87' lang='lat' dir='ltr'><strong>Codex</strong></span> <span class='ocrx_word' id='word_1_208' title='bbox 357 2954 531 3008; x_wconf 90' lang='lat' dir='ltr'><strong>datus</strong></span> <span class='ocrx_word' id='word_1_209' title='bbox 563 2952 641 3007; x_wconf 89' lang='lat' dir='ltr'><strong>ab</strong></span> <span class='ocrx_word' id='word_1_210' title='bbox 669 2952 984 3024; x_wconf 87' lang='lat' dir='ltr'><strong>hegumeno</strong></span> <span class='ocrx_word' id='word_1_211' title='bbox 1016 2953 1336 3025; x_wconf 86' lang='lat' dir='ltr'><strong>Maximini,</strong></span> <span class='ocrx_word' id='word_1_212' title='bbox 1370 2955 1670 3010; x_wconf 85' lang='lat' dir='ltr'><strong>continens</strong></span> <span class='ocrx_word' id='word_1_213' title='bbox 1694 2969 1806 3011; x_wconf 91' lang='lat' dir='ltr'><strong>ser-</strong></span> 
     </span>
    </p>
   </div>
   <div class='ocr_carea' id='block_1_33' title="bbox 1926 474 3574 554">
    <p class='ocr_par' dir='ltr' id='par_1_33' title="bbox 1926 474 3574 554">
     <span class='ocr_line' id='line_1_33' title="bbox 1926 474 3574 554; baseline 0.006 -24"><span class='ocrx_word' id='word_1_214' title='bbox 1926 474 2114 531; x_wconf 90' lang='lat' dir='ltr'><strong>locum</strong></span> <span class='ocrx_word' id='word_1_215' title='bbox 2133 492 2319 533; x_wconf 93' lang='lat' dir='ltr'><strong>suum.</strong></span> <span class='ocrx_word' id='word_1_216' title='bbox 2349 479 2599 549; x_wconf 86' lang='lat' dir='ltr'><strong>Apparet</strong></span> <span class='ocrx_word' id='word_1_217' title='bbox 2617 480 2823 537; x_wconf 89' lang='lat' dir='ltr'><strong>iterum</strong></span> <span class='ocrx_word' id='word_1_218' title='bbox 2851 484 3069 538; x_wconf 61' lang='lat' dir='ltr'><strong>daemon</strong></span> <span class='ocrx_word' id='word_1_219' title='bbox 3089 483 3333 554; x_wconf 89' lang='lat' dir='ltr'><strong>incluso,</strong></span> <span class='ocrx_word' id='word_1_220' title='bbox 3353 491 3409 541; x_wconf 88' lang='lat' dir='ltr'><strong>et</strong></span> <span class='ocrx_word' id='word_1_221' title='bbox 3426 485 3574 542; x_wconf 88' lang='lat' dir='ltr'><strong>dicit</strong></span> 
     </span>
    </p>
   </div>
   <div class='ocr_carea' id='block_1_34' title="bbox 1923 564 3570 644">
    <p class='ocr_par' dir='ltr' id='par_1_34' title="bbox 1923 564 3570 644">
     <span class='ocr_line' id='line_1_34' title="bbox 1923 564 3570 644; baseline 0.007 -26"><span class='ocrx_word' id='word_1_222' title='bbox 1923 564 2010 619; x_wconf 89' lang='lat' dir='ltr'><strong>ei:</strong></span> <span class='ocrx_word' id='word_1_223' title='bbox 2044 564 2191 634; x_wconf 90' lang='lat' dir='ltr'><strong>Quid</strong></span> <span class='ocrx_word' id='word_1_224' title='bbox 2230 574 2335 638; x_wconf 89' lang='lat' dir='ltr'><strong>est,</strong></span> <span class='ocrx_word' id='word_1_225' title='bbox 2365 569 2509 624; x_wconf 86' lang='lat' dir='ltr'><strong>male</strong></span> <span class='ocrx_word' id='word_1_226' title='bbox 2541 570 2755 624; x_wconf 82' lang='lat' dir='ltr'><strong>senex?</strong></span> <span class='ocrx_word' id='word_1_227' title='bbox 2786 584 2973 626; x_wconf 89' lang='lat' dir='ltr'><strong>nonne</strong></span> <span class='ocrx_word' id='word_1_228' title='bbox 3006 572 3216 642; x_wconf 88' lang='lat' dir='ltr'><strong>jurasti</strong></span> <span class='ocrx_word' id='word_1_229' title='bbox 3250 573 3392 628; x_wconf 90' lang='lat' dir='ltr'><strong>mihi</strong></span> <span class='ocrx_word' id='word_1_230' title='bbox 3422 574 3570 644; x_wconf 90' lang='lat' dir='ltr'><strong>quod</strong></span> 
     </span>
    </p>
   </div>
   <div class='ocr_carea' id='block_1_35' title="bbox 1928 654 3572 728">
    <p class='ocr_par' dir='ltr' id='par_1_35' title="bbox 1928 654 3572 728">
     <span class='ocr_line' id='line_1_35' title="bbox 1928 654 3572 728; baseline 0.005 -19"><span class='ocrx_word' id='word_1_231' title='bbox 1928 654 2139 709; x_wconf 91' lang='lat' dir='ltr'><strong>nemini</strong></span> <span class='ocrx_word' id='word_1_232' title='bbox 2172 656 2436 713; x_wconf 84' lang='lat' dir='ltr'><strong>diceres?</strong></span> <span class='ocrx_word' id='word_1_233' title='bbox 2464 662 2519 712; x_wconf 92' lang='lat' dir='ltr'><strong>et</strong></span> <span class='ocrx_word' id='word_1_234' title='bbox 2549 659 2833 728; x_wconf 90' lang='lat' dir='ltr'><strong>quomodo</strong></span> <span class='ocrx_word' id='word_1_235' title='bbox 2859 665 3063 715; x_wconf 88' lang='lat' dir='ltr'><strong>cuncta</strong></span> <span class='ocrx_word' id='word_1_236' title='bbox 3089 660 3291 716; x_wconf 82' lang='lat' dir='ltr'><strong>dixisti</strong></span> <span class='ocrx_word' id='word_1_237' title='bbox 3323 661 3572 718; x_wconf 90' lang='lat' dir='ltr'><strong>venienti</strong></span> 
     </span>
    </p>
   </div>
   <div class='ocr_carea' id='block_1_36' title="bbox 1925 744 3578 819">
    <p class='ocr_par' dir='ltr' id='par_1_36' title="bbox 1925 744 3578 819">
     <span class='ocr_line' id='line_1_36' title="bbox 1925 744 3578 819; baseline 0.005 -22"><span class='ocrx_word' id='word_1_238' title='bbox 1925 744 1993 798; x_wconf 90' lang='lat' dir='ltr'><strong>ad</strong></span> <span class='ocrx_word' id='word_1_239' title='bbox 2018 744 2117 797; x_wconf 78' lang='lat' dir='ltr'><strong>te?</strong></span> <span class='ocrx_word' id='word_1_240' title='bbox 2141 746 2281 801; x_wconf 92' lang='lat' dir='ltr'><strong>Dico</strong></span> <span class='ocrx_word' id='word_1_241' title='bbox 2320 746 2449 816; x_wconf 89' lang='lat' dir='ltr'><strong>tibi,</strong></span> <span class='ocrx_word' id='word_1_242' title='bbox 2488 746 2631 802; x_wconf 91' lang='lat' dir='ltr'><strong>male</strong></span> <span class='ocrx_word' id='word_1_243' title='bbox 2658 762 2848 819; x_wconf 84' lang='lat' dir='ltr'><strong>senex,</strong></span> <span class='ocrx_word' id='word_1_244' title='bbox 2881 756 2942 804; x_wconf 94' lang='lat' dir='ltr'><strong>ut</strong></span> <span class='ocrx_word' id='word_1_245' title='bbox 2970 750 3237 819; x_wconf 89' lang='lat' dir='ltr'><strong>perjurus</strong></span> <span class='ocrx_word' id='word_1_246' title='bbox 3269 750 3578 819; x_wconf 81' lang='lat' dir='ltr'><strong>judicabe-</strong></span> 
     </span>
    </p>
   </div>
   <div class='ocr_carea' id='block_1_37' title="bbox 1926 831 3572 908">
    <p class='ocr_par' dir='ltr' id='par_1_37' title="bbox 1926 831 3572 908">
     <span class='ocr_line' id='line_1_37' title="bbox 1926 831 3572 908; baseline 0.005 -23"><span class='ocrx_word' id='word_1_247' title='bbox 1926 831 2009 886; x_wconf 90' lang='lat' dir='ltr'><strong>ris</strong></span> <span class='ocrx_word' id='word_1_248' title='bbox 2028 831 2085 887; x_wconf 91' lang='lat' dir='ltr'><strong>in</strong></span> <span class='ocrx_word' id='word_1_249' title='bbox 2112 832 2451 904; x_wconf 91' lang='lat' dir='ltr'><strong>diejudicii.</strong></span> <span class='ocrx_word' id='word_1_250' title='bbox 2489 835 2801 905; x_wconf 85' lang='lat' dir='ltr'><strong>Respondit</strong></span> <span class='ocrx_word' id='word_1_251' title='bbox 2821 837 2872 891; x_wconf 91' lang='lat' dir='ltr'><strong>ei</strong></span> <span class='ocrx_word' id='word_1_252' title='bbox 2896 836 3191 893; x_wconf 89' lang='lat' dir='ltr'><strong>inclusus:</strong></span> <span class='ocrx_word' id='word_1_253' title='bbox 3220 837 3572 908; x_wconf 87' lang='lat' dir='ltr'><strong>Quiajuravi</strong></span> 
     </span>
    </p>
   </div>
   <div class='ocr_carea' id='block_1_38' title="bbox 1925 921 3573 1001">
    <p class='ocr_par' dir='ltr' id='par_1_38' title="bbox 1925 921 3573 1001">
     <span class='ocr_line' id='line_1_38' title="bbox 1925 921 3573 1001; baseline 0.005 -27"><span class='ocrx_word' id='word_1_254' title='bbox 1925 921 2179 990; x_wconf 89' lang='lat' dir='ltr'><strong>quidem,</strong></span> <span class='ocrx_word' id='word_1_255' title='bbox 2203 923 2394 991; x_wconf 88' lang='lat' dir='ltr'><strong>juravi</strong></span> <span class='ocrx_word' id='word_1_256' title='bbox 2426 924 2659 995; x_wconf 84' lang='lat' dir='ltr'><strong>utique;</strong></span> <span class='ocrx_word' id='word_1_257' title='bbox 2685 926 2893 996; x_wconf 90' lang='lat' dir='ltr'><strong>etquia</strong></span> <span class='ocrx_word' id='word_1_258' title='bbox 2916 927 3202 996; x_wconf 89' lang='lat' dir='ltr'><strong>perjuravi</strong></span> <span class='ocrx_word' id='word_1_259' title='bbox 3233 922 3573 1001; x_wconf 84' lang='lat' dir='ltr'><strong>[pejeravi],</strong></span> 
     </span>
    </p>
   </div>
   <div class='ocr_carea' id='block_1_39' title="bbox 1926 1009 3571 1085">
    <p class='ocr_par' dir='ltr' id='par_1_39' title="bbox 1926 1009 3571 1085">
     <span class='ocr_line' id='line_1_39' title="bbox 1926 1009 3571 1085; baseline 0.004 -21"><span class='ocrx_word' id='word_1_260' title='bbox 1926 1009 2076 1065; x_wconf 91' lang='lat' dir='ltr'><strong>scio:</strong></span> <span class='ocrx_word' id='word_1_261' title='bbox 2106 1023 2296 1066; x_wconf 88' lang='lat' dir='ltr'><strong>verum</strong></span> <span class='ocrx_word' id='word_1_262' title='bbox 2329 1026 2511 1068; x_wconf 92' lang='lat' dir='ltr'><strong>meum</strong></span> <span class='ocrx_word' id='word_1_263' title='bbox 2534 1013 2838 1069; x_wconf 92' lang='lat' dir='ltr'><strong>Dominum</strong></span> <span class='ocrx_word' id='word_1_264' title='bbox 2864 1018 2921 1069; x_wconf 91' lang='lat' dir='ltr'><strong>et</strong></span> <span class='ocrx_word' id='word_1_265' title='bbox 2950 1013 3217 1071; x_wconf 85' lang='lat' dir='ltr'><strong>factorem</strong></span> <span class='ocrx_word' id='word_1_266' title='bbox 3245 1015 3530 1085; x_wconf 86' lang='lat' dir='ltr'><strong>perjuravi</strong></span> <span class='ocrx_word' id='word_1_267' title='bbox 3556 1032 3571 1085; x_wconf 83' lang='lat'><strong>;</strong></span> 
     </span>
    </p>
   </div>
   <div class='ocr_carea' id='block_1_40' title="bbox 1926 1101 2609 1156">
    <p class='ocr_par' dir='ltr' id='par_1_40' title="bbox 1926 1101 2609 1156">
     <span class='ocr_line' id='line_1_40' title="bbox 1926 1101 2609 1156; baseline 0.006 -4"><span class='ocrx_word' id='word_1_268' title='bbox 1926 1103 1980 1153; x_wconf 90' lang='lat' dir='ltr'><strong>te</strong></span> <span class='ocrx_word' id='word_1_269' title='bbox 2008 1103 2194 1154; x_wconf 90' lang='lat' dir='ltr'><strong>tamen</strong></span> <span class='ocrx_word' id='word_1_270' title='bbox 2221 1113 2333 1156; x_wconf 90' lang='lat' dir='ltr'><strong>non</strong></span> <span class='ocrx_word' id='word_1_271' title='bbox 2359 1101 2609 1156; x_wconf 89' lang='lat' dir='ltr'><strong>audiam.</strong></span> 
     </span>
    </p>
   </div>
   <div class='ocr_carea' id='block_1_41' title="bbox 2423 1209 3070 1265">
    <p class='ocr_par' dir='ltr' id='par_1_41' title="bbox 2423 1209 3070 1265">
     <span class='ocr_line' id='line_1_41' title="bbox 2423 1209 3070 1265; baseline 0.006 -4"><span class='ocrx_word' id='word_1_272' title='bbox 2423 1210 2497 1262; x_wconf 89' lang='lat' dir='ltr'><strong>De</strong></span> <span class='ocrx_word' id='word_1_273' title='bbox 2534 1209 2713 1263; x_wconf 82' lang='lat' dir='ltr'><strong>eodem</strong></span> <span class='ocrx_word' id='word_1_274' title='bbox 2742 1210 3070 1265; x_wconf 79' lang='lat' dir='ltr'><strong>Limonario.</strong></span> 
     </span>
    </p>
   </div>
   <div class='ocr_carea' id='block_1_42' title="bbox 1996 1314 3569 1375">
    <p class='ocr_par' dir='ltr' id='par_1_42' title="bbox 1996 1314 3569 1375">
     <span class='ocr_line' id='line_1_42' title="bbox 1996 1314 3569 1375; baseline 0.006 -9"><span class='ocrx_word' id='word_1_275' title='bbox 1996 1314 2382 1368; x_wconf 90' lang='lat' dir='ltr'><strong>Narraverunt</strong></span> <span class='ocrx_word' id='word_1_276' title='bbox 2415 1315 2557 1369; x_wconf 91' lang='lat' dir='ltr'><strong>mihi</strong></span> <span class='ocrx_word' id='word_1_277' title='bbox 2616 1316 2788 1371; x_wconf 92' lang='lat' dir='ltr'><strong>iidem</strong></span> <span class='ocrx_word' id='word_1_278' title='bbox 2822 1319 3014 1372; x_wconf 90' lang='lat' dir='ltr'><strong>Patres</strong></span> <span class='ocrx_word' id='word_1_279' title='bbox 3065 1324 3120 1373; x_wconf 92' lang='lat' dir='ltr'><strong>et</strong></span> <span class='ocrx_word' id='word_1_280' title='bbox 3147 1318 3252 1374; x_wconf 92' lang='lat' dir='ltr'><strong>hoc</strong></span> <span class='ocrx_word' id='word_1_281' title='bbox 3279 1318 3569 1375; x_wconf 89' lang='lat' dir='ltr'><strong>dicentes:</strong></span> 
     </span>
    </p>
   </div>
   <div class='ocr_carea' id='block_1_43' title="bbox 1924 1401 3574 1476">
    <p class='ocr_par' dir='ltr' id='par_1_43' title="bbox 1924 1401 3574 1476">
     <span class='ocr_line' id='line_1_43' title="bbox 1924 1401 3574 1476; baseline 0.005 -21"><span class='ocrx_word' id='word_1_282' title='bbox 1924 1401 2070 1470; x_wconf 88' lang='lat' dir='ltr'><strong>Qula</strong></span> <span class='ocrx_word' id='word_1_283' title='bbox 2095 1402 2151 1456; x_wconf 92' lang='lat' dir='ltr'><strong>in</strong></span> <span class='ocrx_word' id='word_1_284' title='bbox 2186 1402 2278 1457; x_wconf 90' lang='lat' dir='ltr'><strong>his</strong></span> <span class='ocrx_word' id='word_1_285' title='bbox 2308 1404 2515 1459; x_wconf 88' lang='lat' dir='ltr'><strong>diebus</strong></span> <span class='ocrx_word' id='word_1_286' title='bbox 2542 1405 2753 1460; x_wconf 89' lang='lat' dir='ltr'><strong>mulier</strong></span> <span class='ocrx_word' id='word_1_287' title='bbox 2783 1407 3037 1476; x_wconf 61' lang='lat' dir='ltr'><strong>quaedam</strong></span> <span class='ocrx_word' id='word_1_288' title='bbox 3079 1407 3295 1463; x_wconf 87' lang='lat' dir='ltr'><strong>Christi</strong></span> <span class='ocrx_word' id='word_1_289' title='bbox 3328 1409 3574 1464; x_wconf 89' lang='lat' dir='ltr'><strong>amatrix</strong></span> 
     </span>
    </p>
   </div>
   <div class='ocr_carea' id='block_1_44' title="bbox 1925 1491 3575 1566">
    <p class='ocr_par' dir='ltr' id='par_1_44' title="bbox 1925 1491 3575 1566">
     <span class='ocr_line' id='line_1_44' title="bbox 1925 1491 3575 1566; baseline 0.005 -22"><span class='ocrx_word' id='word_1_290' title='bbox 1925 1491 1982 1545; x_wconf 90' lang='lat' dir='ltr'><strong>in</strong></span> <span class='ocrx_word' id='word_1_291' title='bbox 2035 1491 2248 1547; x_wconf 82' lang='lat' dir='ltr'><strong>ﬁnibus</strong></span> <span class='ocrx_word' id='word_1_292' title='bbox 2276 1491 2526 1561; x_wconf 74' lang='lat' dir='ltr'><strong>Apamiae</strong></span> <span class='ocrx_word' id='word_1_293' title='bbox 2568 1499 2799 1563; x_wconf 85' lang='lat' dir='ltr'><strong>puteum</strong></span> <span class='ocrx_word' id='word_1_294' title='bbox 2828 1493 2973 1551; x_wconf 83' lang='lat' dir='ltr'><strong>fodit</strong></span> <span class='ocrx_word' id='word_1_295' title='bbox 3007 1515 3019 1550; x_wconf 92' lang='lat'><strong>:</strong></span> <span class='ocrx_word' id='word_1_296' title='bbox 3054 1503 3109 1552; x_wconf 89' lang='lat' dir='ltr'><strong>et</strong></span> <span class='ocrx_word' id='word_1_297' title='bbox 3138 1496 3313 1553; x_wconf 90' lang='lat' dir='ltr'><strong>multa</strong></span> <span class='ocrx_word' id='word_1_298' title='bbox 3357 1511 3575 1566; x_wconf 89' lang='lat' dir='ltr'><strong>expen-</strong></span> 
     </span>
    </p>
   </div>
   <div class='ocr_carea' id='block_1_45' title="bbox 1921 1581 3571 1655">
    <p class='ocr_par' dir='ltr' id='par_1_45' title="bbox 1921 1581 3571 1655">
     <span class='ocr_line' id='line_1_45' title="bbox 1921 1581 3571 1655; baseline 0.004 -21"><span class='ocrx_word' id='word_1_299' title='bbox 1921 1581 2080 1650; x_wconf 89' lang='lat' dir='ltr'><strong>dens,</strong></span> <span class='ocrx_word' id='word_1_300' title='bbox 2104 1586 2161 1635; x_wconf 89' lang='lat' dir='ltr'><strong>et</strong></span> <span class='ocrx_word' id='word_1_301' title='bbox 2190 1581 2432 1637; x_wconf 91' lang='lat' dir='ltr'><strong>multum</strong></span> <span class='ocrx_word' id='word_1_302' title='bbox 2467 1582 2714 1637; x_wconf 87' lang='lat' dir='ltr'><strong>laborem</strong></span> <span class='ocrx_word' id='word_1_303' title='bbox 2756 1583 2993 1655; x_wconf 89' lang='lat' dir='ltr'><strong>faciens,</strong></span> <span class='ocrx_word' id='word_1_304' title='bbox 3038 1592 3094 1641; x_wconf 92' lang='lat' dir='ltr'><strong>et</strong></span> <span class='ocrx_word' id='word_1_305' title='bbox 3137 1585 3196 1640; x_wconf 91' lang='lat' dir='ltr'><strong>in</strong></span> <span class='ocrx_word' id='word_1_306' title='bbox 3224 1585 3571 1655; x_wconf 87' lang='lat' dir='ltr'><strong>profundum</strong></span> 
     </span>
    </p>
   </div>
   <div class='ocr_carea' id='block_1_46' title="bbox 1922 1669 3575 1745">
    <p class='ocr_par' dir='ltr' id='par_1_46' title="bbox 1922 1669 3575 1745">
     <span class='ocr_line' id='line_1_46' title="bbox 1922 1669 3575 1745; baseline 0.004 -22"><span class='ocrx_word' id='word_1_307' title='bbox 1922 1669 2164 1724; x_wconf 89' lang='lat' dir='ltr'><strong>multum</strong></span> <span class='ocrx_word' id='word_1_308' title='bbox 2195 1670 2560 1743; x_wconf 91' lang='lat' dir='ltr'><strong>descendens,</strong></span> <span class='ocrx_word' id='word_1_309' title='bbox 2610 1687 2720 1728; x_wconf 91' lang='lat' dir='ltr'><strong>non</strong></span> <span class='ocrx_word' id='word_1_310' title='bbox 2772 1674 2984 1744; x_wconf 91' lang='lat' dir='ltr'><strong>reperit</strong></span> <span class='ocrx_word' id='word_1_311' title='bbox 3019 1688 3265 1745; x_wconf 89' lang='lat' dir='ltr'><strong>aquam:</strong></span> <span class='ocrx_word' id='word_1_312' title='bbox 3293 1675 3436 1730; x_wconf 90' lang='lat' dir='ltr'><strong>etin</strong></span> <span class='ocrx_word' id='word_1_313' title='bbox 3466 1675 3575 1730; x_wconf 82' lang='lat' dir='ltr'><strong>de-</strong></span> 
     </span>
    </p>
   </div>
   <div class='ocr_carea' id='block_1_47' title="bbox 1923 1756 3571 1833">
    <p class='ocr_par' dir='ltr' id='par_1_47' title="bbox 1923 1756 3571 1833">
     <span class='ocr_line' id='line_1_47' title="bbox 1923 1756 3571 1833; baseline 0.005 -21"><span class='ocrx_word' id='word_1_314' title='bbox 1923 1756 2165 1814; x_wconf 88' lang='lat' dir='ltr'><strong>fectione</strong></span> <span class='ocrx_word' id='word_1_315' title='bbox 2181 1759 2359 1814; x_wconf 90' lang='lat' dir='ltr'><strong>animi</strong></span> <span class='ocrx_word' id='word_1_316' title='bbox 2393 1761 2570 1816; x_wconf 81' lang='lat' dir='ltr'><strong>multa</strong></span> <span class='ocrx_word' id='word_1_317' title='bbox 2600 1765 2722 1817; x_wconf 90' lang='lat' dir='ltr'><strong>erat</strong></span> <span class='ocrx_word' id='word_1_318' title='bbox 2762 1762 2969 1818; x_wconf 91' lang='lat' dir='ltr'><strong>mulier</strong></span> <span class='ocrx_word' id='word_1_319' title='bbox 2986 1768 3043 1819; x_wconf 90' lang='lat' dir='ltr'><strong>et</strong></span> <span class='ocrx_word' id='word_1_320' title='bbox 3062 1768 3292 1833; x_wconf 89' lang='lat' dir='ltr'><strong>propter</strong></span> <span class='ocrx_word' id='word_1_321' title='bbox 3323 1763 3571 1820; x_wconf 89' lang='lat' dir='ltr'><strong>laborem</strong></span> 
     </span>
    </p>
   </div>
   <div class='ocr_carea' id='block_1_48' title="bbox 1923 1850 3574 1922">
    <p class='ocr_par' dir='ltr' id='par_1_48' title="bbox 1923 1850 3574 1922">
     <span class='ocr_line' id='line_1_48' title="bbox 1923 1850 3574 1922; baseline 0.005 -21"><span class='ocrx_word' id='word_1_322' title='bbox 1923 1852 1979 1901; x_wconf 90' lang='lat' dir='ltr'><strong>et</strong></span> <span class='ocrx_word' id='word_1_323' title='bbox 2032 1852 2260 1916; x_wconf 87' lang='lat' dir='ltr'><strong>propter</strong></span> <span class='ocrx_word' id='word_1_324' title='bbox 2311 1855 2595 1918; x_wconf 85' lang='lat' dir='ltr'><strong>sumptus.</strong></span> <span class='ocrx_word' id='word_1_325' title='bbox 2637 1850 2817 1906; x_wconf 90' lang='lat' dir='ltr'><strong>Semel</strong></span> <span class='ocrx_word' id='word_1_326' title='bbox 2861 1865 2996 1922; x_wconf 87' lang='lat' dir='ltr'><strong>ergo</strong></span> <span class='ocrx_word' id='word_1_327' title='bbox 3044 1853 3103 1907; x_wconf 92' lang='lat' dir='ltr'><strong>in</strong></span> <span class='ocrx_word' id='word_1_328' title='bbox 3150 1853 3369 1909; x_wconf 89' lang='lat' dir='ltr'><strong>somnis</strong></span> <span class='ocrx_word' id='word_1_329' title='bbox 3418 1854 3574 1910; x_wconf 87' lang='lat' dir='ltr'><strong>videt</strong></span> 
     </span>
    </p>
   </div>
   <div class='ocr_carea' id='block_1_49' title="bbox 1928 1936 3574 2011">
    <p class='ocr_par' dir='ltr' id='par_1_49' title="bbox 1928 1936 3574 2011">
     <span class='ocr_line' id='line_1_49' title="bbox 1928 1936 3574 2011; baseline 0.004 -20"><span class='ocrx_word' id='word_1_330' title='bbox 1928 1936 2137 1991; x_wconf 90' lang='lat' dir='ltr'><strong>mulier</strong></span> <span class='ocrx_word' id='word_1_331' title='bbox 2160 1937 2460 2005; x_wconf 85' lang='lat' dir='ltr'><strong>quemdam</strong></span> <span class='ocrx_word' id='word_1_332' title='bbox 2488 1938 2768 1994; x_wconf 82' lang='lat' dir='ltr'><strong>dicentem</strong></span> <span class='ocrx_word' id='word_1_333' title='bbox 2803 1939 2916 1995; x_wconf 91' lang='lat' dir='ltr'><strong>sibi</strong></span> <span class='ocrx_word' id='word_1_334' title='bbox 2943 1959 2955 1994; x_wconf 89' lang='lat'><strong>:</strong></span> <span class='ocrx_word' id='word_1_335' title='bbox 2985 1940 3161 2011; x_wconf 89' lang='lat' dir='ltr'><strong>Mitte,</strong></span> <span class='ocrx_word' id='word_1_336' title='bbox 3191 1939 3275 1996; x_wconf 86' lang='lat' dir='ltr'><strong>fer</strong></span> <span class='ocrx_word' id='word_1_337' title='bbox 3299 1942 3574 1998; x_wconf 91' lang='lat' dir='ltr'><strong>similitu-</strong></span> 
     </span>
    </p>
   </div>
   <div class='ocr_carea' id='block_1_50' title="bbox 1926 2025 3571 2101">
    <p class='ocr_par' dir='ltr' id='par_1_50' title="bbox 1926 2025 3571 2101">
     <span class='ocr_line' id='line_1_50' title="bbox 1926 2025 3571 2101; baseline 0.004 -20"><span class='ocrx_word' id='word_1_338' title='bbox 1926 2026 2117 2081; x_wconf 88' lang='lat' dir='ltr'><strong>dinem</strong></span> <span class='ocrx_word' id='word_1_339' title='bbox 2165 2025 2389 2081; x_wconf 89' lang='lat' dir='ltr'><strong>abbatis</strong></span> <span class='ocrx_word' id='word_1_340' title='bbox 2440 2028 2764 2098; x_wconf 90' lang='lat' dir='ltr'><strong>Theodosii,</strong></span> <span class='ocrx_word' id='word_1_341' title='bbox 2800 2030 2901 2099; x_wconf 92' lang='lat' dir='ltr'><strong>qui</strong></span> <span class='ocrx_word' id='word_1_342' title='bbox 2955 2030 3015 2084; x_wconf 91' lang='lat' dir='ltr'><strong>in</strong></span> <span class='ocrx_word' id='word_1_343' title='bbox 3066 2030 3302 2100; x_wconf 91' lang='lat' dir='ltr'><strong>scopulo</strong></span> <span class='ocrx_word' id='word_1_344' title='bbox 3349 2035 3469 2101; x_wconf 84' lang='lat' dir='ltr'><strong>est;</strong></span> <span class='ocrx_word' id='word_1_345' title='bbox 3515 2036 3571 2088; x_wconf 90' lang='lat' dir='ltr'><strong>et</strong></span> 
     </span>
    </p>
   </div>
   <div class='ocr_carea' id='block_1_51' title="bbox 1922 2116 3567 2185">
    <p class='ocr_par' dir='ltr' id='par_1_51' title="bbox 1922 2116 3567 2185">
     <span class='ocr_line' id='line_1_51' title="bbox 1922 2116 3567 2185; baseline 0.004 -16"><span class='ocrx_word' id='word_1_346' title='bbox 1922 2128 2127 2183; x_wconf 89' lang='lat' dir='ltr'><strong>aquam</strong></span> <span class='ocrx_word' id='word_1_347' title='bbox 2160 2127 2258 2183; x_wconf 90' lang='lat' dir='ltr'><strong>per</strong></span> <span class='ocrx_word' id='word_1_348' title='bbox 2282 2128 2409 2169; x_wconf 90' lang='lat' dir='ltr'><strong>eum</strong></span> <span class='ocrx_word' id='word_1_349' title='bbox 2442 2117 2590 2170; x_wconf 90' lang='lat' dir='ltr'><strong>Deus</strong></span> <span class='ocrx_word' id='word_1_350' title='bbox 2635 2116 2908 2185; x_wconf 83' lang='lat' dir='ltr'><strong>praebebit</strong></span> <span class='ocrx_word' id='word_1_351' title='bbox 2958 2117 3087 2172; x_wconf 90' lang='lat' dir='ltr'><strong>tibi.</strong></span> <span class='ocrx_word' id='word_1_352' title='bbox 3123 2117 3331 2173; x_wconf 87' lang='lat' dir='ltr'><strong>Mulier</strong></span> <span class='ocrx_word' id='word_1_353' title='bbox 3378 2124 3567 2176; x_wconf 90' lang='lat' dir='ltr'><strong>autem</strong></span> 
     </span>
    </p>
   </div>
   <div class='ocr_carea' id='block_1_52' title="bbox 1923 2202 3563 2279">
    <p class='ocr_par' dir='ltr' id='par_1_52' title="bbox 1923 2202 3563 2279">
     <span class='ocr_line' id='line_1_52' title="bbox 1923 2202 3563 2279; baseline 0.004 -22"><span class='ocrx_word' id='word_1_354' title='bbox 1923 2202 2162 2258; x_wconf 89' lang='lat' dir='ltr'><strong>missisd</strong></span> <span class='ocrx_word' id='word_1_355' title='bbox 2174 2202 2356 2259; x_wconf 91' lang='lat' dir='ltr'><strong>uobus</strong></span> <span class='ocrx_word' id='word_1_356' title='bbox 2371 2204 2700 2259; x_wconf 89' lang='lat' dir='ltr'><strong>hominibus</strong></span> <span class='ocrx_word' id='word_1_357' title='bbox 2716 2205 2859 2275; x_wconf 91' lang='lat' dir='ltr'><strong>suis,</strong></span> <span class='ocrx_word' id='word_1_358' title='bbox 2874 2205 3326 2275; x_wconf 88' lang='lat' dir='ltr'><strong>accepiticonam</strong></span> <span class='ocrx_word' id='word_1_359' title='bbox 3348 2208 3563 2279; x_wconf 85' lang='lat' dir='ltr'><strong>sancti;</strong></span> 
     </span>
    </p>
   </div>
   <div class='ocr_carea' id='block_1_53' title="bbox 1919 2292 3567 2365">
    <p class='ocr_par' dir='ltr' id='par_1_53' title="bbox 1919 2292 3567 2365">
     <span class='ocr_line' id='line_1_53' title="bbox 1919 2292 3567 2365; baseline 0.004 -19"><span class='ocrx_word' id='word_1_360' title='bbox 1919 2299 1973 2347; x_wconf 91' lang='lat' dir='ltr'><strong>et</strong></span> <span class='ocrx_word' id='word_1_361' title='bbox 2002 2292 2260 2362; x_wconf 89' lang='lat' dir='ltr'><strong>deposita</strong></span> <span class='ocrx_word' id='word_1_362' title='bbox 2290 2306 2353 2347; x_wconf 90' lang='lat' dir='ltr'><strong>ea</strong></span> <span class='ocrx_word' id='word_1_363' title='bbox 2382 2293 2439 2347; x_wconf 92' lang='lat' dir='ltr'><strong>in</strong></span> <span class='ocrx_word' id='word_1_364' title='bbox 2467 2298 2722 2365; x_wconf 90' lang='lat' dir='ltr'><strong>puteum,</strong></span> <span class='ocrx_word' id='word_1_365' title='bbox 2756 2294 2949 2349; x_wconf 86' lang='lat' dir='ltr'><strong>statim</strong></span> <span class='ocrx_word' id='word_1_366' title='bbox 2975 2300 3032 2350; x_wconf 90' lang='lat' dir='ltr'><strong>et</strong></span> <span class='ocrx_word' id='word_1_367' title='bbox 3051 2294 3268 2364; x_wconf 88' lang='lat' dir='ltr'><strong>absque</strong></span> <span class='ocrx_word' id='word_1_368' title='bbox 3286 2295 3567 2353; x_wconf 88' lang='lat' dir='ltr'><strong>dilatione</strong></span> 
     </span>
    </p>
   </div>
   <div class='ocr_carea' id='block_1_54' title="bbox 1917 2382 3570 2454">
    <p class='ocr_par' dir='ltr' id='par_1_54' title="bbox 1917 2382 3570 2454">
     <span class='ocr_line' id='line_1_54' title="bbox 1917 2382 3570 2454; baseline 0.002 -17"><span class='ocrx_word' id='word_1_369' title='bbox 1917 2396 2065 2452; x_wconf 89' lang='lat' dir='ltr'><strong>aqua</strong></span> <span class='ocrx_word' id='word_1_370' title='bbox 2098 2382 2261 2451; x_wconf 88' lang='lat' dir='ltr'><strong>exiit,</strong></span> <span class='ocrx_word' id='word_1_371' title='bbox 2285 2382 2367 2437; x_wconf 90' lang='lat' dir='ltr'><strong>ita</strong></span> <span class='ocrx_word' id='word_1_372' title='bbox 2396 2386 2461 2437; x_wconf 91' lang='lat' dir='ltr'><strong>ut</strong></span> <span class='ocrx_word' id='word_1_373' title='bbox 2490 2383 2760 2438; x_wconf 89' lang='lat' dir='ltr'><strong>medietas</strong></span> <span class='ocrx_word' id='word_1_374' title='bbox 2789 2382 2945 2454; x_wconf 90' lang='lat' dir='ltr'><strong>putei</strong></span> <span class='ocrx_word' id='word_1_375' title='bbox 2983 2384 3316 2453; x_wconf 87' lang='lat' dir='ltr'><strong>repleretur.</strong></span> <span class='ocrx_word' id='word_1_376' title='bbox 3344 2386 3570 2441; x_wconf 90' lang='lat' dir='ltr'><strong>Detule-</strong></span> 
     </span>
    </p>
   </div>
   <div class='ocr_carea' id='block_1_55' title="bbox 1918 2471 3562 2546">
    <p class='ocr_par' dir='ltr' id='par_1_55' title="bbox 1918 2471 3562 2546">
     <span class='ocr_line' id='line_1_55' title="bbox 1918 2471 3562 2546; baseline 0.002 -19"><span class='ocrx_word' id='word_1_377' title='bbox 1918 2476 2054 2527; x_wconf 91' lang='lat' dir='ltr'><strong>runt</strong></span> <span class='ocrx_word' id='word_1_378' title='bbox 2081 2486 2216 2543; x_wconf 88' lang='lat' dir='ltr'><strong>ergo</strong></span> <span class='ocrx_word' id='word_1_379' title='bbox 2249 2471 2414 2528; x_wconf 90' lang='lat' dir='ltr'><strong>nobis</strong></span> <span class='ocrx_word' id='word_1_380' title='bbox 2442 2485 2511 2527; x_wconf 91' lang='lat' dir='ltr'><strong>ex</strong></span> <span class='ocrx_word' id='word_1_381' title='bbox 2539 2471 2730 2527; x_wconf 90' lang='lat' dir='ltr'><strong>eadem</strong></span> <span class='ocrx_word' id='word_1_382' title='bbox 2760 2486 2929 2543; x_wconf 89' lang='lat' dir='ltr'><strong>aqua,</strong></span> <span class='ocrx_word' id='word_1_383' title='bbox 2961 2477 3018 2528; x_wconf 91' lang='lat' dir='ltr'><strong>et</strong></span> <span class='ocrx_word' id='word_1_384' title='bbox 3044 2472 3321 2543; x_wconf 90' lang='lat' dir='ltr'><strong>bibimus,</strong></span> <span class='ocrx_word' id='word_1_385' title='bbox 3350 2479 3407 2530; x_wconf 90' lang='lat' dir='ltr'><strong>et</strong></span> <span class='ocrx_word' id='word_1_386' title='bbox 3429 2473 3562 2546; x_wconf 83' lang='lat' dir='ltr'><strong>glo—</strong></span> 
     </span>
    </p>
   </div>
   <div class='ocr_carea' id='block_1_56' title="bbox 1916 2560 2776 2617">
    <p class='ocr_par' dir='ltr' id='par_1_56' title="bbox 1916 2560 2776 2617">
     <span class='ocr_line' id='line_1_56' title="bbox 1916 2560 2776 2617; baseline 0 -2"><span class='ocrx_word' id='word_1_387' title='bbox 1916 2560 2268 2617; x_wconf 79' lang='lat' dir='ltr'><strong>riﬁcavimus</strong></span> <span class='ocrx_word' id='word_1_388' title='bbox 2292 2562 2468 2616; x_wconf 91' lang='lat' dir='ltr'><strong>Deum</strong></span> <span class='ocrx_word' id='word_1_389' title='bbox 2498 2565 2776 2617; x_wconf 88' lang='lat' dir='ltr'><strong>nostrum.</strong></span> 
     </span>
    </p>
   </div>
   <div class='ocr_carea' id='block_1_57' title="bbox 2537 2669 2959 2737">
    <p class='ocr_par' dir='ltr' id='par_1_57' title="bbox 2537 2669 2959 2737">
     <span class='ocr_line' id='line_1_57' title="bbox 2537 2669 2959 2737; baseline 0 -14"><span class='ocrx_word' id='word_1_390' title='bbox 2537 2670 2671 2723; x_wconf 84' lang='lat' dir='ltr'><strong>Item</strong></span> <span class='ocrx_word' id='word_1_391' title='bbox 2699 2669 2959 2737; x_wconf 85' lang='lat' dir='ltr'><strong>ejusdem,</strong></span> 
     </span>
    </p>
   </div>
   <div class='ocr_carea' id='block_1_58' title="bbox 1982 2774 3567 2847">
    <p class='ocr_par' dir='ltr' id='par_1_58' title="bbox 1982 2774 3567 2847">
     <span class='ocr_line' id='line_1_58' title="bbox 1982 2774 3567 2847; baseline 0.002 -18"><span class='ocrx_word' id='word_1_392' title='bbox 1982 2774 2246 2830; x_wconf 87' lang='lat' dir='ltr'><strong>Narravit</strong></span> <span class='ocrx_word' id='word_1_393' title='bbox 2315 2774 2483 2831; x_wconf 91' lang='lat' dir='ltr'><strong>nobis</strong></span> <span class='ocrx_word' id='word_1_394' title='bbox 2558 2775 2870 2846; x_wconf 87' lang='lat' dir='ltr'><strong>Dionysius</strong></span> <span class='ocrx_word' id='word_1_395' title='bbox 2954 2775 3245 2847; x_wconf 86' lang='lat' dir='ltr'><strong>presbyter</strong></span> <span class='ocrx_word' id='word_1_396' title='bbox 3300 2776 3567 2834; x_wconf 72' lang='lat' dir='ltr'><strong>Ecclesiae</strong></span> 
     </span>
    </p>
   </div>
   <div class='ocr_carea' id='block_1_59' title="bbox 1913 2864 3562 2934">
    <p class='ocr_par' dir='ltr' id='par_1_59' title="bbox 1913 2864 3562 2934">
     <span class='ocr_line' id='line_1_59' title="bbox 1913 2864 3562 2934; baseline 0.001 -14"><span class='ocrx_word' id='word_1_397' title='bbox 1913 2864 2216 2920; x_wconf 79' lang='lat' dir='ltr'><strong>Ascalonis</strong></span> <span class='ocrx_word' id='word_1_398' title='bbox 2274 2865 2345 2920; x_wconf 94' lang='lat' dir='ltr'><strong>de</strong></span> <span class='ocrx_word' id='word_1_399' title='bbox 2391 2864 2592 2920; x_wconf 89' lang='lat' dir='ltr'><strong>abbate</strong></span> <span class='ocrx_word' id='word_1_400' title='bbox 2640 2865 2852 2919; x_wconf 85' lang='lat' dir='ltr'><strong>Joanne</strong></span> <span class='ocrx_word' id='word_1_401' title='bbox 2906 2865 3267 2934; x_wconf 88' lang='lat' dir='ltr'><strong>anachoreta,</strong></span> <span class='ocrx_word' id='word_1_402' title='bbox 3324 2865 3562 2921; x_wconf 89' lang='lat' dir='ltr'><strong>dicens:</strong></span> 
     </span>
    </p>
   </div>
   <div class='ocr_carea' id='block_1_60' title="bbox 1912 2953 3561 3028">
    <p class='ocr_par' dir='ltr' id='par_1_60' title="bbox 1912 2953 3561 3028">
     <span class='ocr_line' id='line_1_60' title="bbox 1912 2953 3561 3028; baseline 0.001 -18"><span class='ocrx_word' id='word_1_403' title='bbox 1912 2955 2059 3024; x_wconf 90' lang='lat' dir='ltr'><strong>Quia</strong></span> <span class='ocrx_word' id='word_1_404' title='bbox 2089 2954 2182 3009; x_wconf 91' lang='lat' dir='ltr'><strong>hic</strong></span> <span class='ocrx_word' id='word_1_405' title='bbox 2206 2967 2445 3026; x_wconf 88' lang='lat' dir='ltr'><strong>magnus</strong></span> <span class='ocrx_word' id='word_1_406' title='bbox 2472 2954 2531 3009; x_wconf 90' lang='lat' dir='ltr'><strong>in</strong></span> <span class='ocrx_word' id='word_1_407' title='bbox 2559 2954 2822 3024; x_wconf 64' lang='lat' dir='ltr'><strong>praesenti</strong></span> <span class='ocrx_word' id='word_1_408' title='bbox 2845 2955 3211 3025; x_wconf 78' lang='lat' dir='ltr'><strong>generatione</strong></span> <span class='ocrx_word' id='word_1_409' title='bbox 3236 2953 3351 3010; x_wconf 82' lang='lat' dir='ltr'><strong>fuit</strong></span> <span class='ocrx_word' id='word_1_410' title='bbox 3372 2956 3561 3028; x_wconf 91' lang='lat' dir='ltr'><strong>homo,</strong></span> 
     </span>
    </p>
   </div>
   <div class='ocr_carea' id='block_1_61' title="bbox 175 3030 3565 3121">
    <p class='ocr_par' dir='ltr' id='par_1_61' title="bbox 175 3030 3565 3121">
     <span class='ocr_line' id='line_1_61' title="bbox 175 3030 3565 3121; baseline 0.002 -27"><span class='ocrx_word' id='word_1_411' title='bbox 175 3052 361 3095; x_wconf 88' lang='lat' dir='ltr'><strong>monem</strong></span> <span class='ocrx_word' id='word_1_412' title='bbox 394 3041 495 3111; x_wconf 90' lang='lat' dir='ltr'><strong>qui</strong></span> <span class='ocrx_word' id='word_1_413' title='bbox 532 3039 784 3096; x_wconf 85' lang='lat' dir='ltr'><strong>falsatus</strong></span> <span class='ocrx_word' id='word_1_414' title='bbox 810 3044 898 3096; x_wconf 91' lang='lat' dir='ltr'><strong>est</strong></span> <span class='ocrx_word' id='word_1_415' title='bbox 928 3042 987 3096; x_wconf 93' lang='lat' dir='ltr'><strong>in</strong></span> <span class='ocrx_word' id='word_1_416' title='bbox 1033 3042 1211 3121; x_wconf 86' lang='lat' dir='ltr'><strong>altero</strong></span> <span class='ocrx_word' id='word_1_417' title='bbox 1240 3042 1434 3098; x_wconf 90' lang='lat' dir='ltr'><strong>codice</strong></span> <span class='ocrx_word' id='word_1_418' title='bbox 1487 3043 1587 3112; x_wconf 91' lang='lat' dir='ltr'><strong>qui</strong></span> <span class='ocrx_word' id='word_1_419' title='bbox 1627 3048 1713 3099; x_wconf 91' lang='lat' dir='ltr'><strong>est</strong></span> <span class='ocrx_word' id='word_1_420' title='bbox 1735 3043 1805 3099; x_wconf 91' lang='lat' dir='ltr'><strong>de</strong></span> <span class='ocrx_word' id='word_1_421' title='bbox 1835 3030 1884 3093; x_wconf 91' lang='lat' dir='ltr'><strong>C</strong></span> <span class='ocrx_word' id='word_1_422' title='bbox 1913 3050 1969 3099; x_wconf 90' lang='lat' dir='ltr'><strong>et</strong></span> <span class='ocrx_word' id='word_1_423' title='bbox 1991 3044 2060 3099; x_wconf 90' lang='lat' dir='ltr'><strong>ad</strong></span> <span class='ocrx_word' id='word_1_424' title='bbox 2110 3050 2320 3100; x_wconf 91' lang='lat' dir='ltr'><strong>statum</strong></span> <span class='ocrx_word' id='word_1_425' title='bbox 2353 3058 2521 3100; x_wconf 90' lang='lat' dir='ltr'><strong>suum</strong></span> <span class='ocrx_word' id='word_1_426' title='bbox 2572 3040 2712 3116; x_wconf 82' lang='lat' dir='ltr'><strong>[Gr.,</strong></span> <span class='ocrx_word' id='word_1_427' title='bbox 2770 3043 3126 3114; x_wconf 89' lang='lat' dir='ltr'><strong>probandum</strong></span> <span class='ocrx_word' id='word_1_428' title='bbox 3173 3042 3407 3120; x_wconf 90' lang='lat' dir='ltr'><strong>statum]</strong></span> <span class='ocrx_word' id='word_1_429' title='bbox 3452 3047 3565 3101; x_wconf 89' lang='lat' dir='ltr'><strong>Deo</strong></span> 
     </span>
    </p>
   </div>
   <div class='ocr_carea' id='block_1_62' title="bbox 173 3128 392 3184">
    <p class='ocr_par' dir='ltr' id='par_1_62' title="bbox 173 3128 392 3184">
     <span class='ocr_line' id='line_1_62' title="bbox 173 3128 392 3184; baseline 0.005 -3"><span class='ocrx_word' id='word_1_430' title='bbox 173 3128 330 3184; x_wconf 83' lang='lat' dir='ltr'><strong>iconis</strong></span> <span class='ocrx_word' id='word_1_431' title='bbox 353 3139 392 3182; x_wconf 77' lang='grc' dir='ltr'><strong>ι.</strong></span> 
     </span>
    </p>
   </div>
   <div class='ocr_carea' id='block_1_63' title="bbox 226 3216 1800 3290">
    <p class='ocr_par' dir='ltr' id='par_1_63' title="bbox 226 3216 1800 3290">
     <span class='ocr_line' id='line_1_63' title="bbox 226 3216 1800 3290; baseline 0.004 -20"><span class='ocrx_word' id='word_1_432' title='bbox 226 3217 284 3272; x_wconf 86' lang='lat' dir='ltr'><strong>Et</strong></span> <span class='ocrx_word' id='word_1_433' title='bbox 327 3218 463 3290; x_wconf 87' lang='lat' dir='ltr'><strong>legit</strong></span> <span class='ocrx_word' id='word_1_434' title='bbox 517 3218 677 3274; x_wconf 87' lang='lat' dir='ltr'><strong>idem</strong></span> <span class='ocrx_word' id='word_1_435' title='bbox 708 3216 1028 3288; x_wconf 88' lang='lat' dir='ltr'><strong>Stephanus</strong></span> <span class='ocrx_word' id='word_1_436' title='bbox 1079 3220 1390 3275; x_wconf 90' lang='lat' dir='ltr'><strong>monachus</strong></span> <span class='ocrx_word' id='word_1_437' title='bbox 1419 3223 1475 3275; x_wconf 91' lang='lat' dir='ltr'><strong>et</strong></span> <span class='ocrx_word' id='word_1_438' title='bbox 1522 3219 1800 3277; x_wconf 90' lang='lat' dir='ltr'><strong>librorum</strong></span> 
     </span>
    </p>
   </div>
   <div class='ocr_carea' id='block_1_64' title="bbox 172 3313 350 3362">
    <p class='ocr_par' dir='ltr' id='par_1_64' title="bbox 172 3313 350 3362">
     <span class='ocr_line' id='line_1_64' title="bbox 172 3313 350 3362; baseline 0.011 -4"><span class='ocrx_word' id='word_1_439' title='bbox 172 3313 350 3362; x_wconf 69' lang='grc' dir='ltr'><strong>οιιδῐοε.</strong></span> 
     </span>
    </p>
   </div>
   <div class='ocr_carea' id='block_1_65' title="bbox 682 3396 1304 3451">
    <p class='ocr_par' dir='ltr' id='par_1_65' title="bbox 682 3396 1304 3451">
     <span class='ocr_line' id='line_1_65' title="bbox 682 3396 1304 3451; baseline 0.002 -2"><span class='ocrx_word' id='word_1_440' title='bbox 682 3396 770 3449; x_wconf 82' lang='lat' dir='ltr'><strong>Ea:</strong></span> <span class='ocrx_word' id='word_1_441' title='bbox 788 3396 967 3450; x_wconf 83' lang='lat' dir='ltr'><strong>eodem</strong></span> <span class='ocrx_word' id='word_1_442' title='bbox 994 3397 1304 3451; x_wconf 82' lang='lat' dir='ltr'><strong>Limonario</strong></span> 
     </span>
    </p>
   </div>
   <div class='ocr_carea' id='block_1_66' title="bbox 224 3482 1802 3556">
    <p class='ocr_par' dir='ltr' id='par_1_66' title="bbox 224 3482 1802 3556">
     <span class='ocr_line' id='line_1_66' title="bbox 224 3482 1802 3556; baseline 0.004 -22"><span class='ocrx_word' id='word_1_443' title='bbox 224 3482 484 3540; x_wconf 87' lang='lat' dir='ltr'><strong>Dicebant</strong></span> <span class='ocrx_word' id='word_1_444' title='bbox 511 3483 755 3555; x_wconf 88' lang='lat' dir='ltr'><strong>quidam</strong></span> <span class='ocrx_word' id='word_1_445' title='bbox 788 3484 1102 3555; x_wconf 89' lang='lat' dir='ltr'><strong>seniorum,</strong></span> <span class='ocrx_word' id='word_1_446' title='bbox 1129 3484 1268 3555; x_wconf 90' lang='lat' dir='ltr'><strong>quia</strong></span> <span class='ocrx_word' id='word_1_447' title='bbox 1297 3494 1419 3540; x_wconf 90' lang='lat' dir='ltr'><strong>erat</strong></span> <span class='ocrx_word' id='word_1_448' title='bbox 1451 3485 1685 3556; x_wconf 91' lang='lat' dir='ltr'><strong>quidam</strong></span> <span class='ocrx_word' id='word_1_449' title='bbox 1719 3484 1802 3540; x_wconf 91' lang='lat' dir='ltr'><strong>in-</strong></span> 
     </span>
    </p>
   </div>
   <div class='ocr_carea' id='block_1_67' title="bbox 170 3566 1803 3628">
    <p class='ocr_par' dir='ltr' id='par_1_67' title="bbox 170 3566 1803 3628">
     <span class='ocr_line' id='line_1_67' title="bbox 170 3566 1803 3628; baseline 0.004 -7"><span class='ocrx_word' id='word_1_450' title='bbox 170 3566 336 3624; x_wconf 86' lang='lat' dir='ltr'><strong>clusus</strong></span> <span class='ocrx_word' id='word_1_451' title='bbox 364 3571 423 3626; x_wconf 92' lang='lat' dir='ltr'><strong>in</strong></span> <span class='ocrx_word' id='word_1_452' title='bbox 480 3576 676 3626; x_wconf 90' lang='lat' dir='ltr'><strong>monte</strong></span> <span class='ocrx_word' id='word_1_453' title='bbox 719 3571 925 3627; x_wconf 88' lang='lat' dir='ltr'><strong>Oliveti</strong></span> <span class='ocrx_word' id='word_1_454' title='bbox 979 3572 1298 3627; x_wconf 91' lang='lat' dir='ltr'><strong>decertator</strong></span> <span class='ocrx_word' id='word_1_455' title='bbox 1326 3573 1646 3628; x_wconf 88' lang='lat' dir='ltr'><strong>maximus:</strong></span> <span class='ocrx_word' id='word_1_456' title='bbox 1685 3572 1803 3627; x_wconf 85' lang='lat' dir='ltr'><strong>im-</strong></span> 
     </span>
    </p>
   </div>
   <div class='ocr_carea' id='block_1_68' title="bbox 169 3657 1797 3729">
    <p class='ocr_par' dir='ltr' id='par_1_68' title="bbox 169 3657 1797 3729">
     <span class='ocr_line' id='line_1_68' title="bbox 169 3657 1797 3729; baseline 0.002 -20"><span class='ocrx_word' id='word_1_457' title='bbox 169 3657 427 3726; x_wconf 83' lang='lat' dir='ltr'><strong>pugnabat</strong></span> <span class='ocrx_word' id='word_1_458' title='bbox 451 3664 652 3714; x_wconf 84' lang='lat' dir='ltr'><strong>autem</strong></span> <span class='ocrx_word' id='word_1_459' title='bbox 683 3671 812 3713; x_wconf 90' lang='lat' dir='ltr'><strong>eum</strong></span> <span class='ocrx_word' id='word_1_460' title='bbox 840 3658 1061 3714; x_wconf 62' lang='lat' dir='ltr'><strong>daemon</strong></span> <span class='ocrx_word' id='word_1_461' title='bbox 1092 3657 1515 3715; x_wconf 88' lang='lat' dir='ltr'><strong>fornicationis.</strong></span> <span class='ocrx_word' id='word_1_462' title='bbox 1544 3660 1797 3729; x_wconf 89' lang='lat' dir='ltr'><strong>Quadam</strong></span> 
     </span>
    </p>
   </div>
   <div class='ocr_carea' id='block_1_69' title="bbox 169 3747 1802 3819">
    <p class='ocr_par' dir='ltr' id='par_1_69' title="bbox 169 3747 1802 3819">
     <span class='ocr_line' id='line_1_69' title="bbox 169 3747 1802 3819; baseline 0.004 -22"><span class='ocrx_word' id='word_1_463' title='bbox 169 3757 276 3815; x_wconf 79' lang='lat' dir='ltr'><strong>ergo</strong></span> <span class='ocrx_word' id='word_1_464' title='bbox 301 3747 393 3802; x_wconf 91' lang='lat' dir='ltr'><strong>die</strong></span> <span class='ocrx_word' id='word_1_465' title='bbox 426 3762 564 3802; x_wconf 89' lang='lat' dir='ltr'><strong>cum</strong></span> <span class='ocrx_word' id='word_1_466' title='bbox 607 3747 661 3801; x_wconf 91' lang='lat' dir='ltr'><strong>ei</strong></span> <span class='ocrx_word' id='word_1_467' title='bbox 694 3747 879 3803; x_wconf 88' lang='lat' dir='ltr'><strong>valide</strong></span> <span class='ocrx_word' id='word_1_468' title='bbox 928 3748 1271 3819; x_wconf 89' lang='lat' dir='ltr'><strong>immineret,</strong></span> <span class='ocrx_word' id='word_1_469' title='bbox 1304 3749 1476 3818; x_wconf 73' lang='lat' dir='ltr'><strong>cmpit</strong></span> <span class='ocrx_word' id='word_1_470' title='bbox 1506 3748 1699 3803; x_wconf 89' lang='lat' dir='ltr'><strong>senior</strong></span> <span class='ocrx_word' id='word_1_471' title='bbox 1724 3748 1802 3803; x_wconf 91' lang='lat' dir='ltr'><strong>la-</strong></span> 
     </span>
    </p>
   </div>
   <div class='ocr_carea' id='block_1_70' title="bbox 170 3836 1798 3908">
    <p class='ocr_par' dir='ltr' id='par_1_70' title="bbox 170 3836 1798 3908">
     <span class='ocr_line' id='line_1_70' title="bbox 170 3836 1798 3908; baseline 0.002 -20"><span class='ocrx_word' id='word_1_472' title='bbox 170 3836 375 3891; x_wconf 87' lang='lat' dir='ltr'><strong>mentari</strong></span> <span class='ocrx_word' id='word_1_473' title='bbox 426 3844 485 3892; x_wconf 90' lang='lat' dir='ltr'><strong>et</strong></span> <span class='ocrx_word' id='word_1_474' title='bbox 509 3836 713 3897; x_wconf 83' lang='lat' dir='ltr'><strong>dicere</strong></span> <span class='ocrx_word' id='word_1_475' title='bbox 738 3836 1017 3892; x_wconf 68' lang='lat' dir='ltr'><strong>daemoni:</strong></span> <span class='ocrx_word' id='word_1_476' title='bbox 1080 3836 1384 3908; x_wconf 89' lang='lat' dir='ltr'><strong>Usquequo</strong></span> <span class='ocrx_word' id='word_1_477' title='bbox 1443 3851 1553 3893; x_wconf 91' lang='lat' dir='ltr'><strong>non</strong></span> <span class='ocrx_word' id='word_1_478' title='bbox 1610 3837 1798 3906; x_wconf 91' lang='lat' dir='ltr'><strong>parcis</strong></span> 
     </span>
    </p>
   </div>
   <div class='ocr_carea' id='block_1_71' title="bbox 171 3923 1800 3996">
    <p class='ocr_par' dir='ltr' id='par_1_71' title="bbox 171 3923 1800 3996">
     <span class='ocr_line' id='line_1_71' title="bbox 171 3923 1800 3996; baseline 0.002 -20"><span class='ocrx_word' id='word_1_479' title='bbox 171 3923 333 3979; x_wconf 80' lang='lat' dir='ltr'><strong>mihi?</strong></span> <span class='ocrx_word' id='word_1_480' title='bbox 356 3926 559 3981; x_wconf 83' lang='lat' dir='ltr'><strong>recede</strong></span> <span class='ocrx_word' id='word_1_481' title='bbox 585 3925 704 3994; x_wconf 83' lang='lat' dir='ltr'><strong>jam</strong></span> <span class='ocrx_word' id='word_1_482' title='bbox 731 3939 763 3980; x_wconf 92' lang='lat' dir='ltr'><strong>a</strong></span> <span class='ocrx_word' id='word_1_483' title='bbox 809 3939 913 3996; x_wconf 91' lang='lat' dir='ltr'><strong>me,</strong></span> <span class='ocrx_word' id='word_1_484' title='bbox 945 3926 1299 3982; x_wconf 89' lang='lat' dir='ltr'><strong>eonsenuisti</strong></span> <span class='ocrx_word' id='word_1_485' title='bbox 1342 3926 1506 3981; x_wconf 91' lang='lat' dir='ltr'><strong>mihi.</strong></span> <span class='ocrx_word' id='word_1_486' title='bbox 1552 3927 1800 3996; x_wconf 84' lang='lat' dir='ltr'><strong>Apparet</strong></span> 
     </span>
    </p>
   </div>
   <div class='ocr_carea' id='block_1_72' title="bbox 164 4014 1789 4085">
    <p class='ocr_par' dir='ltr' id='par_1_72' title="bbox 164 4014 1789 4085">
     <span class='ocr_line' id='line_1_72' title="bbox 164 4014 1789 4085; baseline 0.004 -20"><span class='ocrx_word' id='word_1_487' title='bbox 164 4020 323 4069; x_wconf 85' lang='lat' dir='ltr'><strong>autem</strong></span> <span class='ocrx_word' id='word_1_488' title='bbox 347 4015 399 4070; x_wconf 89' lang='lat' dir='ltr'><strong>ei</strong></span> <span class='ocrx_word' id='word_1_489' title='bbox 421 4015 653 4071; x_wconf 69' lang='lat' dir='ltr'><strong>daemon</strong></span> <span class='ocrx_word' id='word_1_490' title='bbox 685 4014 974 4071; x_wconf 88' lang='lat' dir='ltr'><strong>evidenter</strong></span> <span class='ocrx_word' id='word_1_491' title='bbox 1004 4016 1235 4071; x_wconf 90' lang='lat' dir='ltr'><strong>dicens:</strong></span> <span class='ocrx_word' id='word_1_492' title='bbox 1277 4016 1413 4071; x_wconf 87' lang='lat' dir='ltr'><strong>Jura</strong></span> <span class='ocrx_word' id='word_1_493' title='bbox 1442 4015 1606 4082; x_wconf 88' lang='lat' dir='ltr'><strong>mihi,</strong></span> <span class='ocrx_word' id='word_1_494' title='bbox 1640 4016 1789 4085; x_wconf 92' lang='lat' dir='ltr'><strong>quod</strong></span> 
     </span>
    </p>
   </div>
   <div class='ocr_carea' id='block_1_73' title="bbox 166 4102 1799 4176">
    <p class='ocr_par' dir='ltr' id='par_1_73' title="bbox 166 4102 1799 4176">
     <span class='ocr_line' id='line_1_73' title="bbox 166 4102 1799 4176; baseline 0.004 -22"><span class='ocrx_word' id='word_1_495' title='bbox 166 4102 350 4158; x_wconf 89' lang='lat' dir='ltr'><strong>nemini</strong></span> <span class='ocrx_word' id='word_1_496' title='bbox 377 4104 548 4160; x_wconf 88' lang='lat' dir='ltr'><strong>dicas</strong></span> <span class='ocrx_word' id='word_1_497' title='bbox 579 4105 733 4173; x_wconf 90' lang='lat' dir='ltr'><strong>quod</strong></span> <span class='ocrx_word' id='word_1_498' title='bbox 766 4104 871 4159; x_wconf 89' lang='lat' dir='ltr'><strong>tibi</strong></span> <span class='ocrx_word' id='word_1_499' title='bbox 910 4105 1177 4160; x_wconf 91' lang='lat' dir='ltr'><strong>dicturus</strong></span> <span class='ocrx_word' id='word_1_500' title='bbox 1202 4119 1350 4176; x_wconf 92' lang='lat' dir='ltr'><strong>sum,</strong></span> <span class='ocrx_word' id='word_1_501' title='bbox 1378 4110 1434 4160; x_wconf 90' lang='lat' dir='ltr'><strong>et</strong></span> <span class='ocrx_word' id='word_1_502' title='bbox 1464 4109 1517 4160; x_wconf 93' lang='lat' dir='ltr'><strong>te</strong></span> <span class='ocrx_word' id='word_1_503' title='bbox 1553 4104 1799 4161; x_wconf 89' lang='lat' dir='ltr'><strong>ulterius</strong></span> 
     </span>
    </p>
   </div>
   <div class='ocr_carea' id='block_1_74' title="bbox 166 4186 1795 4265">
    <p class='ocr_par' dir='ltr' id='par_1_74' title="bbox 166 4186 1795 4265">
     <span class='ocr_line' id='line_1_74' title="bbox 166 4186 1795 4265; baseline 0.002 -21"><span class='ocrx_word' id='word_1_504' title='bbox 166 4202 254 4245; x_wconf 86' lang='lat' dir='ltr'><strong>non</strong></span> <span class='ocrx_word' id='word_1_505' title='bbox 279 4186 649 4265; x_wconf 82' lang='lat' dir='ltr'><strong>impugnabo.</strong></span> <span class='ocrx_word' id='word_1_506' title='bbox 682 4193 904 4249; x_wconf 89' lang='lat' dir='ltr'><strong>Juravit</strong></span> <span class='ocrx_word' id='word_1_507' title='bbox 931 4194 981 4249; x_wconf 92' lang='lat' dir='ltr'><strong>ei</strong></span> <span class='ocrx_word' id='word_1_508' title='bbox 1016 4208 1204 4265; x_wconf 89' lang='lat' dir='ltr'><strong>senex,</strong></span> <span class='ocrx_word' id='word_1_509' title='bbox 1240 4195 1377 4264; x_wconf 90' lang='lat' dir='ltr'><strong>quia</strong></span> <span class='ocrx_word' id='word_1_510' title='bbox 1406 4207 1503 4264; x_wconf 87' lang='lat' dir='ltr'><strong>per</strong></span> <span class='ocrx_word' id='word_1_511' title='bbox 1532 4208 1667 4249; x_wconf 91' lang='lat' dir='ltr'><strong>eum</strong></span> <span class='ocrx_word' id='word_1_512' title='bbox 1695 4194 1795 4263; x_wconf 88' lang='lat' dir='ltr'><strong>qui</strong></span> 
     </span>
    </p>
   </div>
   <div class='ocr_carea' id='block_1_75' title="bbox 168 4277 1795 4354">
    <p class='ocr_par' dir='ltr' id='par_1_75' title="bbox 168 4277 1795 4354">
     <span class='ocr_line' id='line_1_75' title="bbox 168 4277 1795 4354; baseline 0.003 -22"><span class='ocrx_word' id='word_1_513' title='bbox 168 4277 357 4338; x_wconf 85' lang='lat' dir='ltr'><strong>habitat</strong></span> <span class='ocrx_word' id='word_1_514' title='bbox 400 4284 463 4339; x_wconf 90' lang='lat' dir='ltr'><strong>in</strong></span> <span class='ocrx_word' id='word_1_515' title='bbox 496 4283 765 4354; x_wconf 83' lang='lat' dir='ltr'><strong>excelsis,</strong></span> <span class='ocrx_word' id='word_1_516' title='bbox 800 4297 910 4339; x_wconf 90' lang='lat' dir='ltr'><strong>non</strong></span> <span class='ocrx_word' id='word_1_517' title='bbox 953 4284 1139 4339; x_wconf 90' lang='lat' dir='ltr'><strong>dicam</strong></span> <span class='ocrx_word' id='word_1_518' title='bbox 1183 4285 1454 4354; x_wconf 89' lang='lat' dir='ltr'><strong>cuiquam</strong></span> <span class='ocrx_word' id='word_1_519' title='bbox 1484 4298 1610 4354; x_wconf 72' lang='lat' dir='ltr'><strong>quae</strong></span> <span class='ocrx_word' id='word_1_520' title='bbox 1651 4283 1795 4338; x_wconf 91' lang='lat' dir='ltr'><strong>mihi</strong></span> 
     </span>
    </p>
   </div>
   <div class='ocr_carea' id='block_1_76' title="bbox 1913 3133 3564 3204">
    <p class='ocr_par' dir='ltr' id='par_1_76' title="bbox 1913 3133 3564 3204">
     <span class='ocr_line' id='line_1_76' title="bbox 1913 3133 3564 3204; baseline 0.001 -15"><span class='ocrx_word' id='word_1_521' title='bbox 1913 3134 2369 3204; x_wconf 90' lang='lat' dir='ltr'><strong>beneplacentem</strong></span> <span class='ocrx_word' id='word_1_522' title='bbox 2402 3134 2508 3189; x_wconf 91' lang='lat' dir='ltr'><strong>hoc</strong></span> <span class='ocrx_word' id='word_1_523' title='bbox 2544 3134 2615 3189; x_wconf 91' lang='lat' dir='ltr'><strong>de</strong></span> <span class='ocrx_word' id='word_1_524' title='bbox 2668 3147 2734 3189; x_wconf 92' lang='lat' dir='ltr'><strong>eo</strong></span> <span class='ocrx_word' id='word_1_525' title='bbox 2787 3133 3130 3190; x_wconf 89' lang='lat' dir='ltr'><strong>miraculum</strong></span> <span class='ocrx_word' id='word_1_526' title='bbox 3160 3134 3466 3190; x_wconf 89' lang='lat' dir='ltr'><strong>asserebat.</strong></span> <span class='ocrx_word' id='word_1_527' title='bbox 3501 3137 3564 3191; x_wconf 91' lang='lat' dir='ltr'><strong>In</strong></span> 
     </span>
    </p>
   </div>
   <div class='ocr_carea' id='block_1_77' title="bbox 1913 3222 3566 3294">
    <p class='ocr_par' dir='ltr' id='par_1_77' title="bbox 1913 3222 3566 3294">
     <span class='ocr_line' id='line_1_77' title="bbox 1913 3222 3566 3294; baseline 0.002 -17"><span class='ocrx_word' id='word_1_528' title='bbox 1913 3237 2105 3292; x_wconf 91' lang='lat' dir='ltr'><strong>specu,</strong></span> <span class='ocrx_word' id='word_1_529' title='bbox 2138 3223 2426 3294; x_wconf 91' lang='lat' dir='ltr'><strong>inquiens,</strong></span> <span class='ocrx_word' id='word_1_530' title='bbox 2459 3236 2629 3278; x_wconf 87' lang='lat' dir='ltr'><strong>senex</strong></span> <span class='ocrx_word' id='word_1_531' title='bbox 2672 3222 2902 3278; x_wconf 88' lang='lat' dir='ltr'><strong>sedebat</strong></span> <span class='ocrx_word' id='word_1_532' title='bbox 2935 3223 2993 3277; x_wconf 91' lang='lat' dir='ltr'><strong>in</strong></span> <span class='ocrx_word' id='word_1_533' title='bbox 3022 3222 3286 3293; x_wconf 88' lang='lat' dir='ltr'><strong>partibus</strong></span> <span class='ocrx_word' id='word_1_534' title='bbox 3313 3224 3566 3280; x_wconf 86' lang='lat' dir='ltr'><strong>Socchus</strong></span> 
     </span>
    </p>
   </div>
   <div class='ocr_carea' id='block_1_78' title="bbox 1913 3309 3565 3381">
    <p class='ocr_par' dir='ltr' id='par_1_78' title="bbox 1913 3309 3565 3381">
     <span class='ocr_line' id='line_1_78' title="bbox 1913 3309 3565 3381; baseline 0.001 -16"><span class='ocrx_word' id='word_1_535' title='bbox 1913 3310 2312 3381; x_wconf 90' lang='lat' dir='ltr'><strong>possessionis,</strong></span> <span class='ocrx_word' id='word_1_536' title='bbox 2332 3310 2403 3363; x_wconf 90' lang='lat' dir='ltr'><strong>ab</strong></span> <span class='ocrx_word' id='word_1_537' title='bbox 2423 3310 2829 3379; x_wconf 85' lang='lat' dir='ltr'><strong>Hierosolymis</strong></span> <span class='ocrx_word' id='word_1_538' title='bbox 2847 3310 3146 3366; x_wconf 87' lang='lat' dir='ltr'><strong>milliariis</strong></span> <span class='ocrx_word' id='word_1_539' title='bbox 3161 3310 3368 3381; x_wconf 84' lang='lat' dir='ltr'><strong>viginti</strong></span> <span class='ocrx_word' id='word_1_540' title='bbox 3389 3309 3565 3367; x_wconf 85' lang='lat' dir='ltr'><strong>ferme</strong></span> 
     </span>
    </p>
   </div>
   <div class='ocr_carea' id='block_1_79' title="bbox 1909 3396 3563 3469">
    <p class='ocr_par' dir='ltr' id='par_1_79' title="bbox 1909 3396 3563 3469">
     <span class='ocr_line' id='line_1_79' title="bbox 1909 3396 3563 3469; baseline 0.001 -16"><span class='ocrx_word' id='word_1_541' title='bbox 1909 3397 2199 3453; x_wconf 89' lang='lat' dir='ltr'><strong>distantis.</strong></span> <span class='ocrx_word' id='word_1_542' title='bbox 2232 3397 2538 3467; x_wconf 82' lang='lat' dir='ltr'><strong>Imaginem</strong></span> <span class='ocrx_word' id='word_1_543' title='bbox 2569 3400 2758 3451; x_wconf 88' lang='lat' dir='ltr'><strong>autem</strong></span> <span class='ocrx_word' id='word_1_544' title='bbox 2810 3396 3053 3452; x_wconf 89' lang='lat' dir='ltr'><strong>habebat</strong></span> <span class='ocrx_word' id='word_1_545' title='bbox 3082 3411 3252 3452; x_wconf 88' lang='lat' dir='ltr'><strong>senex</strong></span> <span class='ocrx_word' id='word_1_546' title='bbox 3285 3398 3345 3453; x_wconf 90' lang='lat' dir='ltr'><strong>in</strong></span> <span class='ocrx_word' id='word_1_547' title='bbox 3389 3411 3563 3469; x_wconf 87' lang='lat' dir='ltr'><strong>specu</strong></span> 
     </span>
    </p>
   </div>
   <div class='ocr_carea' id='block_1_80' title="bbox 1910 3483 3566 3541">
    <p class='ocr_par' dir='ltr' id='par_1_80' title="bbox 1910 3483 3566 3541">
     <span class='ocr_line' id='line_1_80' title="bbox 1910 3483 3566 3541; baseline 0 -1"><span class='ocrx_word' id='word_1_548' title='bbox 1910 3490 2117 3540; x_wconf 67' lang='lat' dir='ltr'><strong>sanctae</strong></span> <span class='ocrx_word' id='word_1_549' title='bbox 2149 3485 2495 3539; x_wconf 59' lang='lat' dir='ltr'><strong>intemerata</strong></span> <span class='ocrx_word' id='word_1_550' title='bbox 2524 3483 2770 3540; x_wconf 66' lang='lat' dir='ltr'><strong>domina:</strong></span> <span class='ocrx_word' id='word_1_551' title='bbox 2796 3490 3003 3539; x_wconf 74' lang='lat' dir='ltr'><strong>nostra:</strong></span> <span class='ocrx_word' id='word_1_552' title='bbox 3037 3484 3137 3539; x_wconf 91' lang='lat' dir='ltr'><strong>Dei</strong></span> <span class='ocrx_word' id='word_1_553' title='bbox 3167 3484 3484 3539; x_wconf 90' lang='lat' dir='ltr'><strong>Genitricis</strong></span> <span class='ocrx_word' id='word_1_554' title='bbox 3507 3491 3566 3541; x_wconf 92' lang='lat' dir='ltr'><strong>et</strong></span> 
     </span>
    </p>
   </div>
   <div class='ocr_carea' id='block_1_81' title="bbox 1910 3571 3562 3643">
    <p class='ocr_par' dir='ltr' id='par_1_81' title="bbox 1910 3571 3562 3643">
     <span class='ocr_line' id='line_1_81' title="bbox 1910 3571 3562 3643; baseline -0.001 -14"><span class='ocrx_word' id='word_1_555' title='bbox 1910 3587 2131 3643; x_wconf 90' lang='lat' dir='ltr'><strong>semper</strong></span> <span class='ocrx_word' id='word_1_556' title='bbox 2152 3572 2408 3643; x_wconf 78' lang='lat' dir='ltr'><strong>Virginis</strong></span> <span class='ocrx_word' id='word_1_557' title='bbox 2434 3572 2646 3643; x_wconf 58' lang='lat' dir='ltr'><strong>Mariae,</strong></span> <span class='ocrx_word' id='word_1_558' title='bbox 2671 3571 2970 3627; x_wconf 88' lang='lat' dir='ltr'><strong>habentem</strong></span> <span class='ocrx_word' id='word_1_559' title='bbox 2999 3572 3059 3627; x_wconf 93' lang='lat' dir='ltr'><strong>in</strong></span> <span class='ocrx_word' id='word_1_560' title='bbox 3084 3571 3243 3626; x_wconf 91' lang='lat' dir='ltr'><strong>ulnis</strong></span> <span class='ocrx_word' id='word_1_561' title='bbox 3266 3571 3562 3627; x_wconf 88' lang='lat' dir='ltr'><strong>Christum</strong></span> 
     </span>
    </p>
   </div>
   <div class='ocr_carea' id='block_1_82' title="bbox 1908 3658 3564 3731">
    <p class='ocr_par' dir='ltr' id='par_1_82' title="bbox 1908 3658 3564 3731">
     <span class='ocr_line' id='line_1_82' title="bbox 1908 3658 3564 3731; baseline -0.001 -14"><span class='ocrx_word' id='word_1_562' title='bbox 1908 3661 2212 3717; x_wconf 90' lang='lat' dir='ltr'><strong>Dominum</strong></span> <span class='ocrx_word' id='word_1_563' title='bbox 2262 3665 2539 3716; x_wconf 89' lang='lat' dir='ltr'><strong>nostrum.</strong></span> <span class='ocrx_word' id='word_1_564' title='bbox 2616 3660 3084 3731; x_wconf 89' lang='lat' dir='ltr'><strong>Quotiescunque</strong></span> <span class='ocrx_word' id='word_1_565' title='bbox 3151 3673 3285 3731; x_wconf 90' lang='lat' dir='ltr'><strong>ergo</strong></span> <span class='ocrx_word' id='word_1_566' title='bbox 3337 3658 3564 3715; x_wconf 88' lang='lat' dir='ltr'><strong>volebat</strong></span> 
     </span>
    </p>
   </div>
   <div class='ocr_carea' id='block_1_83' title="bbox 1909 3749 3565 3821">
    <p class='ocr_par' dir='ltr' id='par_1_83' title="bbox 1909 3749 3565 3821">
     <span class='ocr_line' id='line_1_83' title="bbox 1909 3749 3565 3821; baseline -0.001 -16"><span class='ocrx_word' id='word_1_567' title='bbox 1909 3764 2195 3821; x_wconf 89' lang='lat' dir='ltr'><strong>quoquam</strong></span> <span class='ocrx_word' id='word_1_568' title='bbox 2250 3762 2499 3820; x_wconf 85' lang='lat' dir='ltr'><strong>pergere,</strong></span> <span class='ocrx_word' id='word_1_569' title='bbox 2531 3755 2632 3805; x_wconf 91' lang='lat' dir='ltr'><strong>aut</strong></span> <span class='ocrx_word' id='word_1_570' title='bbox 2683 3749 2751 3804; x_wconf 91' lang='lat' dir='ltr'><strong>ad</strong></span> <span class='ocrx_word' id='word_1_571' title='bbox 2781 3762 3001 3804; x_wconf 89' lang='lat' dir='ltr'><strong>eremos</strong></span> <span class='ocrx_word' id='word_1_572' title='bbox 3047 3749 3410 3821; x_wconf 90' lang='lat' dir='ltr'><strong>longinquas,</strong></span> <span class='ocrx_word' id='word_1_573' title='bbox 3460 3753 3565 3804; x_wconf 94' lang='lat' dir='ltr'><strong>aut</strong></span> 
     </span>
    </p>
   </div>
   <div class='ocr_carea' id='block_1_84' title="bbox 1907 3838 3565 3909">
    <p class='ocr_par' dir='ltr' id='par_1_84' title="bbox 1907 3838 3565 3909">
     <span class='ocr_line' id='line_1_84' title="bbox 1907 3838 3565 3909; baseline -0.001 -15"><span class='ocrx_word' id='word_1_574' title='bbox 1907 3838 2353 3909; x_wconf 82' lang='lat' dir='ltr'><strong>Hierosolymam</strong></span> <span class='ocrx_word' id='word_1_575' title='bbox 2396 3838 2465 3893; x_wconf 91' lang='lat' dir='ltr'><strong>ad</strong></span> <span class='ocrx_word' id='word_1_576' title='bbox 2519 3838 2865 3894; x_wconf 90' lang='lat' dir='ltr'><strong>adorandam</strong></span> <span class='ocrx_word' id='word_1_577' title='bbox 2926 3841 3175 3893; x_wconf 88' lang='lat' dir='ltr'><strong>sanctam</strong></span> <span class='ocrx_word' id='word_1_578' title='bbox 3235 3850 3461 3892; x_wconf 89' lang='lat' dir='ltr'><strong>crucem</strong></span> <span class='ocrx_word' id='word_1_579' title='bbox 3505 3843 3565 3893; x_wconf 91' lang='lat' dir='ltr'><strong>et</strong></span> 
     </span>
    </p>
   </div>
   <div class='ocr_carea' id='block_1_85' title="bbox 1908 3924 3566 3997">
    <p class='ocr_par' dir='ltr' id='par_1_85' title="bbox 1908 3924 3566 3997">
     <span class='ocr_line' id='line_1_85' title="bbox 1908 3924 3566 3997; baseline -0.001 -15"><span class='ocrx_word' id='word_1_580' title='bbox 1908 3933 2102 3982; x_wconf 89' lang='lat' dir='ltr'><strong>sancta</strong></span> <span class='ocrx_word' id='word_1_581' title='bbox 2133 3927 2274 3997; x_wconf 90' lang='lat' dir='ltr'><strong>loca,</strong></span> <span class='ocrx_word' id='word_1_582' title='bbox 2303 3926 2386 3981; x_wconf 91' lang='lat' dir='ltr'><strong>vel</strong></span> <span class='ocrx_word' id='word_1_583' title='bbox 2418 3927 2589 3982; x_wconf 90' lang='lat' dir='ltr'><strong>etiam</strong></span> <span class='ocrx_word' id='word_1_584' title='bbox 2637 3926 2696 3981; x_wconf 91' lang='lat' dir='ltr'><strong>in</strong></span> <span class='ocrx_word' id='word_1_585' title='bbox 2733 3924 2869 3981; x_wconf 89' lang='lat' dir='ltr'><strong>Sina</strong></span> <span class='ocrx_word' id='word_1_586' title='bbox 2896 3931 3084 3981; x_wconf 91' lang='lat' dir='ltr'><strong>monte</strong></span> <span class='ocrx_word' id='word_1_587' title='bbox 3125 3930 3414 3995; x_wconf 67' lang='lat' dir='ltr'><strong>oraturus,</strong></span> <span class='ocrx_word' id='word_1_588' title='bbox 3462 3930 3566 3981; x_wconf 89' lang='lat' dir='ltr'><strong>aut</strong></span> 
     </span>
    </p>
   </div>
   <div class='ocr_carea' id='block_1_86' title="bbox 1907 4014 3564 4087">
    <p class='ocr_par' dir='ltr' id='par_1_86' title="bbox 1907 4014 3564 4087">
     <span class='ocr_line' id='line_1_86' title="bbox 1907 4014 3564 4087; baseline -0.001 -16"><span class='ocrx_word' id='word_1_589' title='bbox 1907 4017 1975 4072; x_wconf 91' lang='lat' dir='ltr'><strong>ad</strong></span> <span class='ocrx_word' id='word_1_590' title='bbox 2013 4022 2306 4087; x_wconf 88' lang='lat' dir='ltr'><strong>martyres,</strong></span> <span class='ocrx_word' id='word_1_591' title='bbox 2339 4016 2438 4086; x_wconf 90' lang='lat' dir='ltr'><strong>qui</strong></span> <span class='ocrx_word' id='word_1_592' title='bbox 2471 4015 2542 4070; x_wconf 89' lang='lat' dir='ltr'><strong>ab</strong></span> <span class='ocrx_word' id='word_1_593' title='bbox 2572 4015 2981 4086; x_wconf 86' lang='lat' dir='ltr'><strong>Hierosolymis</strong></span> <span class='ocrx_word' id='word_1_594' title='bbox 3013 4015 3212 4071; x_wconf 87' lang='lat' dir='ltr'><strong>multis</strong></span> <span class='ocrx_word' id='word_1_595' title='bbox 3242 4015 3448 4085; x_wconf 87' lang='lat' dir='ltr'><strong>spatiis</strong></span> <span class='ocrx_word' id='word_1_596' title='bbox 3471 4014 3564 4070; x_wconf 83' lang='lat' dir='ltr'><strong>ab-</strong></span> 
     </span>
    </p>
   </div>
   <div class='ocr_carea' id='block_1_87' title="bbox 1908 4102 3556 4175">
    <p class='ocr_par' dir='ltr' id='par_1_87' title="bbox 1908 4102 3556 4175">
     <span class='ocr_line' id='line_1_87' title="bbox 1908 4102 3556 4175; baseline -0.001 -16"><span class='ocrx_word' id='word_1_597' title='bbox 1908 4112 2071 4159; x_wconf 89' lang='lat' dir='ltr'><strong>erant</strong></span> <span class='ocrx_word' id='word_1_598' title='bbox 2109 4102 2263 4175; x_wconf 91' lang='lat' dir='ltr'><strong>(erat</strong></span> <span class='ocrx_word' id='word_1_599' title='bbox 2311 4104 2464 4159; x_wconf 89' lang='lat' dir='ltr'><strong>enim</strong></span> <span class='ocrx_word' id='word_1_600' title='bbox 2494 4104 2718 4160; x_wconf 90' lang='lat' dir='ltr'><strong>amicus</strong></span> <span class='ocrx_word' id='word_1_601' title='bbox 2750 4109 3061 4174; x_wconf 89' lang='lat' dir='ltr'><strong>martyrum</strong></span> <span class='ocrx_word' id='word_1_602' title='bbox 3119 4103 3332 4174; x_wconf 91' lang='lat' dir='ltr'><strong>oppido</strong></span> <span class='ocrx_word' id='word_1_603' title='bbox 3368 4117 3556 4160; x_wconf 88' lang='lat' dir='ltr'><strong>senex.</strong></span> 
     </span>
    </p>
   </div>
   <div class='ocr_carea' id='block_1_88' title="bbox 1908 4193 3559 4262">
    <p class='ocr_par' dir='ltr' id='par_1_88' title="bbox 1908 4193 3559 4262">
     <span class='ocr_line' id='line_1_88' title="bbox 1908 4193 3559 4262; baseline -0.001 -14"><span class='ocrx_word' id='word_1_604' title='bbox 1908 4196 2046 4249; x_wconf 90' lang='lat' dir='ltr'><strong>Nam</strong></span> <span class='ocrx_word' id='word_1_605' title='bbox 2079 4207 2231 4248; x_wconf 89' lang='lat' dir='ltr'><strong>nunc</strong></span> <span class='ocrx_word' id='word_1_606' title='bbox 2258 4193 2488 4262; x_wconf 91' lang='lat' dir='ltr'><strong>quidem</strong></span> <span class='ocrx_word' id='word_1_607' title='bbox 2518 4193 2588 4247; x_wconf 93' lang='lat' dir='ltr'><strong>ad</strong></span> <span class='ocrx_word' id='word_1_608' title='bbox 2637 4198 2897 4248; x_wconf 91' lang='lat' dir='ltr'><strong>sanctum</strong></span> <span class='ocrx_word' id='word_1_609' title='bbox 2937 4193 3207 4249; x_wconf 84' lang='lat' dir='ltr'><strong>Joannem</strong></span> <span class='ocrx_word' id='word_1_610' title='bbox 3252 4193 3559 4262; x_wconf 90' lang='lat' dir='ltr'><strong>Ephesum,</strong></span> 
     </span>
    </p>
   </div>
   <div class='ocr_carea' id='block_1_89' title="bbox 1910 4280 3559 4351">
    <p class='ocr_par' dir='ltr' id='par_1_89' title="bbox 1910 4280 3559 4351">
     <span class='ocr_line' id='line_1_89' title="bbox 1910 4280 3559 4351; baseline -0.001 -15"><span class='ocrx_word' id='word_1_611' title='bbox 1910 4296 2062 4338; x_wconf 91' lang='lat' dir='ltr'><strong>nunc</strong></span> <span class='ocrx_word' id='word_1_612' title='bbox 2092 4296 2222 4337; x_wconf 90' lang='lat' dir='ltr'><strong>vero</strong></span> <span class='ocrx_word' id='word_1_613' title='bbox 2254 4281 2323 4337; x_wconf 91' lang='lat' dir='ltr'><strong>ad</strong></span> <span class='ocrx_word' id='word_1_614' title='bbox 2356 4287 2615 4337; x_wconf 89' lang='lat' dir='ltr'><strong>sanctum</strong></span> <span class='ocrx_word' id='word_1_615' title='bbox 2644 4281 3002 4337; x_wconf 89' lang='lat' dir='ltr'><strong>Theodorum</strong></span> <span class='ocrx_word' id='word_1_616' title='bbox 3033 4280 3330 4351; x_wconf 90' lang='lat' dir='ltr'><strong>Euchaita,</strong></span> <span class='ocrx_word' id='word_1_617' title='bbox 3364 4284 3467 4336; x_wconf 86' lang='lat' dir='ltr'><strong>aut</strong></span> <span class='ocrx_word' id='word_1_618' title='bbox 3489 4281 3559 4335; x_wconf 90' lang='lat' dir='ltr'><strong>ad</strong></span> 
     </span>
    </p>
   </div>
   <div class='ocr_carea' id='block_1_90' title="bbox 162 4366 3564 4440">
    <p class='ocr_par' dir='ltr' id='par_1_90' title="bbox 162 4366 3564 4440">
     <span class='ocr_line' id='line_1_90' title="bbox 162 4366 3564 4440; baseline 0 -18"><span class='ocrx_word' id='word_1_619' title='bbox 162 4366 372 4427; x_wconf 79' lang='lat' dir='ltr'><strong>dixeris.</strong></span> <span class='ocrx_word' id='word_1_620' title='bbox 405 4374 573 4429; x_wconf 90' lang='lat' dir='ltr'><strong>Tunc</strong></span> <span class='ocrx_word' id='word_1_621' title='bbox 618 4374 772 4429; x_wconf 88' lang='lat' dir='ltr'><strong>dixit</strong></span> <span class='ocrx_word' id='word_1_622' title='bbox 798 4372 849 4428; x_wconf 88' lang='lat' dir='ltr'><strong>ei</strong></span> <span class='ocrx_word' id='word_1_623' title='bbox 881 4374 1133 4429; x_wconf 69' lang='lat' dir='ltr'><strong>daemon:</strong></span> <span class='ocrx_word' id='word_1_624' title='bbox 1171 4375 1250 4428; x_wconf 91' lang='lat' dir='ltr'><strong>Ne</strong></span> <span class='ocrx_word' id='word_1_625' title='bbox 1277 4373 1480 4429; x_wconf 91' lang='lat' dir='ltr'><strong>adores</strong></span> <span class='ocrx_word' id='word_1_626' title='bbox 1514 4374 1656 4428; x_wconf 88' lang='lat' dir='ltr'><strong>hanc</strong></span> <span class='ocrx_word' id='word_1_627' title='bbox 1690 4374 1801 4428; x_wconf 91' lang='lat' dir='ltr'><strong>ico-</strong></span> <span class='ocrx_word' id='word_1_628' title='bbox 1828 4366 1880 4428; x_wconf 92' lang='lat' dir='ltr'><strong>D</strong></span> <span class='ocrx_word' id='word_1_629' title='bbox 1910 4377 2162 4427; x_wconf 89' lang='lat' dir='ltr'><strong>sanctam</strong></span> <span class='ocrx_word' id='word_1_630' title='bbox 2192 4370 2455 4426; x_wconf 90' lang='lat' dir='ltr'><strong>Theclam</strong></span> <span class='ocrx_word' id='word_1_631' title='bbox 2506 4370 2821 4425; x_wconf 90' lang='lat' dir='ltr'><strong>Seleuciam</strong></span> <span class='ocrx_word' id='word_1_632' title='bbox 2867 4368 3152 4440; x_wconf 83' lang='lat' dir='ltr'><strong>pergebat,</strong></span> <span class='ocrx_word' id='word_1_633' title='bbox 3185 4368 3269 4424; x_wconf 87' lang='lat' dir='ltr'><strong>vel</strong></span> <span class='ocrx_word' id='word_1_634' title='bbox 3318 4368 3387 4424; x_wconf 91' lang='lat' dir='ltr'><strong>ad</strong></span> <span class='ocrx_word' id='word_1_635' title='bbox 3422 4381 3564 4424; x_wconf 91' lang='lat' dir='ltr'><strong>san-</strong></span> 
     </span>
    </p>
   </div>
   <div class='ocr_carea' id='block_1_91' title="bbox 164 4462 1795 4535">
    <p class='ocr_par' dir='ltr' id='par_1_91' title="bbox 164 4462 1795 4535">
     <span class='ocr_line' id='line_1_91' title="bbox 164 4462 1795 4535; baseline 0.004 -23"><span class='ocrx_word' id='word_1_636' title='bbox 164 4468 291 4529; x_wconf 84' lang='lat' dir='ltr'><strong>nam,</strong></span> <span class='ocrx_word' id='word_1_637' title='bbox 321 4467 376 4516; x_wconf 89' lang='lat' dir='ltr'><strong>et</strong></span> <span class='ocrx_word' id='word_1_638' title='bbox 418 4469 474 4517; x_wconf 90' lang='lat' dir='ltr'><strong>te</strong></span> <span class='ocrx_word' id='word_1_639' title='bbox 526 4462 682 4518; x_wconf 89' lang='lat' dir='ltr'><strong>ultra</strong></span> <span class='ocrx_word' id='word_1_640' title='bbox 730 4476 842 4518; x_wconf 90' lang='lat' dir='ltr'><strong>non</strong></span> <span class='ocrx_word' id='word_1_641' title='bbox 893 4462 1264 4535; x_wconf 90' lang='lat' dir='ltr'><strong>impugnabo.</strong></span> <span class='ocrx_word' id='word_1_642' title='bbox 1321 4462 1572 4518; x_wconf 87' lang='lat' dir='ltr'><strong>Habebat</strong></span> <span class='ocrx_word' id='word_1_643' title='bbox 1606 4470 1795 4518; x_wconf 88' lang='lat' dir='ltr'><strong>autem</strong></span> 
     </span>
    </p>
   </div>
   <div class='ocr_carea' id='block_1_92' title="bbox 164 4544 1799 4622">
    <p class='ocr_par' dir='ltr' id='par_1_92' title="bbox 164 4544 1799 4622">
     <span class='ocr_line' id='line_1_92' title="bbox 164 4544 1799 4622; baseline 0.005 -22"><span class='ocrx_word' id='word_1_644' title='bbox 164 4544 325 4621; x_wconf 85' lang='lat' dir='ltr'><strong>imago</strong></span> <span class='ocrx_word' id='word_1_645' title='bbox 371 4551 783 4622; x_wconf 81' lang='lat' dir='ltr'><strong>ﬁgurationem</strong></span> <span class='ocrx_word' id='word_1_646' title='bbox 808 4552 1056 4607; x_wconf 68' lang='lat' dir='ltr'><strong>dominae</strong></span> <span class='ocrx_word' id='word_1_647' title='bbox 1106 4555 1314 4607; x_wconf 68' lang='lat' dir='ltr'><strong>nostra:</strong></span> <span class='ocrx_word' id='word_1_648' title='bbox 1346 4557 1555 4607; x_wconf 85' lang='lat' dir='ltr'><strong>sanctae</strong></span> <span class='ocrx_word' id='word_1_649' title='bbox 1608 4552 1799 4608; x_wconf 80' lang='lat' dir='ltr'><strong>Mariae</strong></span> 
     </span>
    </p>
   </div>
   <div class='ocr_carea' id='block_1_93' title="bbox 161 4635 1797 4709">
    <p class='ocr_par' dir='ltr' id='par_1_93' title="bbox 161 4635 1797 4709">
     <span class='ocr_line' id='line_1_93' title="bbox 161 4635 1797 4709; baseline 0.003 -19"><span class='ocrx_word' id='word_1_650' title='bbox 161 4635 241 4691; x_wconf 86' lang='lat' dir='ltr'><strong>Dei</strong></span> <span class='ocrx_word' id='word_1_651' title='bbox 268 4641 587 4696; x_wconf 71' lang='lat' dir='ltr'><strong>Genitricis</strong></span> <span class='ocrx_word' id='word_1_652' title='bbox 627 4640 910 4709; x_wconf 90' lang='lat' dir='ltr'><strong>portantis</strong></span> <span class='ocrx_word' id='word_1_653' title='bbox 939 4641 1245 4697; x_wconf 91' lang='lat' dir='ltr'><strong>Dominum</strong></span> <span class='ocrx_word' id='word_1_654' title='bbox 1300 4647 1557 4696; x_wconf 90' lang='lat' dir='ltr'><strong>nostrum</strong></span> <span class='ocrx_word' id='word_1_655' title='bbox 1607 4641 1797 4695; x_wconf 89' lang='lat' dir='ltr'><strong>Jesum</strong></span> 
     </span>
    </p>
   </div>
   <div class='ocr_carea' id='block_1_94' title="bbox 161 4724 1796 4786">
    <p class='ocr_par' dir='ltr' id='par_1_94' title="bbox 161 4724 1796 4786">
     <span class='ocr_line' id='line_1_94' title="bbox 161 4724 1796 4786; baseline 0.003 -8"><span class='ocrx_word' id='word_1_656' title='bbox 161 4724 446 4784; x_wconf 85' lang='lat' dir='ltr'><strong>Christum.</strong></span> <span class='ocrx_word' id='word_1_657' title='bbox 482 4731 641 4786; x_wconf 90' lang='lat' dir='ltr'><strong>Dicit</strong></span> <span class='ocrx_word' id='word_1_658' title='bbox 668 4729 929 4785; x_wconf 89' lang='lat' dir='ltr'><strong>inclusus</strong></span> <span class='ocrx_word' id='word_1_659' title='bbox 949 4730 1236 4786; x_wconf 66' lang='lat' dir='ltr'><strong>daemonio</strong></span> <span class='ocrx_word' id='word_1_660' title='bbox 1264 4748 1275 4783; x_wconf 94' lang='lat'><strong>:</strong></span> <span class='ocrx_word' id='word_1_661' title='bbox 1300 4730 1435 4785; x_wconf 91' lang='lat' dir='ltr'><strong>Sine</strong></span> <span class='ocrx_word' id='word_1_662' title='bbox 1462 4735 1715 4785; x_wconf 87' lang='lat' dir='ltr'><strong>tractem.</strong></span> <span class='ocrx_word' id='word_1_663' title='bbox 1736 4731 1796 4783; x_wconf 91' lang='lat' dir='ltr'><strong>In</strong></span> 
     </span>
    </p>
   </div>
   <div class='ocr_carea' id='block_1_95' title="bbox 161 4819 1795 4891">
    <p class='ocr_par' dir='ltr' id='par_1_95' title="bbox 161 4819 1795 4891">
     <span class='ocr_line' id='line_1_95' title="bbox 161 4819 1795 4891; baseline 0.004 -23"><span class='ocrx_word' id='word_1_664' title='bbox 161 4819 385 4874; x_wconf 76' lang='lat' dir='ltr'><strong>crastino</strong></span> <span class='ocrx_word' id='word_1_665' title='bbox 408 4825 607 4875; x_wconf 88' lang='lat' dir='ltr'><strong>autem</strong></span> <span class='ocrx_word' id='word_1_666' title='bbox 640 4819 860 4874; x_wconf 90' lang='lat' dir='ltr'><strong>indicat</strong></span> <span class='ocrx_word' id='word_1_667' title='bbox 893 4821 996 4875; x_wconf 90' lang='lat' dir='ltr'><strong>hoc</strong></span> <span class='ocrx_word' id='word_1_668' title='bbox 1023 4819 1215 4875; x_wconf 89' lang='lat' dir='ltr'><strong>abbati</strong></span> <span class='ocrx_word' id='word_1_669' title='bbox 1236 4820 1531 4875; x_wconf 88' lang='lat' dir='ltr'><strong>Theodoro</strong></span> <span class='ocrx_word' id='word_1_670' title='bbox 1554 4819 1795 4891; x_wconf 62' lang='lat' dir='ltr'><strong>Eliotae,</strong></span> 
     </span>
    </p>
   </div>
   <div class='ocr_carea' id='block_1_96' title="bbox 164 4904 1801 4980">
    <p class='ocr_par' dir='ltr' id='par_1_96' title="bbox 164 4904 1801 4980">
     <span class='ocr_line' id='line_1_96' title="bbox 164 4904 1801 4980; baseline 0.004 -23"><span class='ocrx_word' id='word_1_671' title='bbox 164 4904 244 4971; x_wconf 87' lang='lat' dir='ltr'><strong>qui</strong></span> <span class='ocrx_word' id='word_1_672' title='bbox 274 4906 569 4964; x_wconf 88' lang='lat' dir='ltr'><strong>habitabat</strong></span> <span class='ocrx_word' id='word_1_673' title='bbox 585 4916 724 4963; x_wconf 91' lang='lat' dir='ltr'><strong>tunc</strong></span> <span class='ocrx_word' id='word_1_674' title='bbox 752 4908 810 4962; x_wconf 91' lang='lat' dir='ltr'><strong>in</strong></span> <span class='ocrx_word' id='word_1_675' title='bbox 843 4910 1027 4963; x_wconf 89' lang='lat' dir='ltr'><strong>Laura</strong></span> <span class='ocrx_word' id='word_1_676' title='bbox 1050 4909 1421 4966; x_wconf 86' lang='lat' dir='ltr'><strong>Pharensium</strong></span> <span class='ocrx_word' id='word_1_677' title='bbox 1453 4914 1547 4980; x_wconf 84' lang='lat' dir='ltr'><strong>;et</strong></span> <span class='ocrx_word' id='word_1_678' title='bbox 1569 4914 1801 4964; x_wconf 88' lang='lat' dir='ltr'><strong>enarrat</strong></span> 
     </span>
    </p>
   </div>
   <div class='ocr_carea' id='block_1_97' title="bbox 160 4993 1801 5069">
    <p class='ocr_par' dir='ltr' id='par_1_97' title="bbox 160 4993 1801 5069">
     <span class='ocr_line' id='line_1_97' title="bbox 160 4993 1801 5069; baseline 0.004 -24"><span class='ocrx_word' id='word_1_679' title='bbox 160 4993 201 5046; x_wconf 85' lang='lat' dir='ltr'><strong>ei</strong></span> <span class='ocrx_word' id='word_1_680' title='bbox 227 4998 432 5053; x_wconf 86' lang='lat' dir='ltr'><strong>omnia.</strong></span> <span class='ocrx_word' id='word_1_681' title='bbox 468 4998 543 5052; x_wconf 80' lang='lat' dir='ltr'><strong>At</strong></span> <span class='ocrx_word' id='word_1_682' title='bbox 579 5011 711 5053; x_wconf 90' lang='lat' dir='ltr'><strong>vero</strong></span> <span class='ocrx_word' id='word_1_683' title='bbox 750 4997 943 5053; x_wconf 89' lang='lat' dir='ltr'><strong>senior</strong></span> <span class='ocrx_word' id='word_1_684' title='bbox 970 4997 1196 5053; x_wconf 89' lang='lat' dir='ltr'><strong>incluso</strong></span> <span class='ocrx_word' id='word_1_685' title='bbox 1234 4999 1417 5054; x_wconf 89' lang='lat' dir='ltr'><strong>dixit:</strong></span> <span class='ocrx_word' id='word_1_686' title='bbox 1462 4998 1642 5069; x_wconf 85' lang='lat' dir='ltr'><strong>Abba,</strong></span> <span class='ocrx_word' id='word_1_687' title='bbox 1673 5012 1801 5053; x_wconf 87' lang='lat' dir='ltr'><strong>vere</strong></span> 
     </span>
    </p>
   </div>
   <div class='ocr_carea' id='block_1_98' title="bbox 164 5081 1802 5157">
    <p class='ocr_par' dir='ltr' id='par_1_98' title="bbox 164 5081 1802 5157">
     <span class='ocr_line' id='line_1_98' title="bbox 164 5081 1802 5157; baseline 0.005 -24"><span class='ocrx_word' id='word_1_688' title='bbox 164 5081 348 5141; x_wconf 88' lang='lat' dir='ltr'><strong>illusus</strong></span> <span class='ocrx_word' id='word_1_689' title='bbox 374 5101 459 5153; x_wconf 89' lang='lat' dir='ltr'><strong>es,</strong></span> <span class='ocrx_word' id='word_1_690' title='bbox 496 5088 630 5157; x_wconf 91' lang='lat' dir='ltr'><strong>quia</strong></span> <span class='ocrx_word' id='word_1_691' title='bbox 661 5085 870 5157; x_wconf 86' lang='lat' dir='ltr'><strong>jurasti</strong></span> <span class='ocrx_word' id='word_1_692' title='bbox 904 5086 1627 5155; x_wconf 67' lang='lat' dir='ltr'><strong>daamonio;verumtamen</strong></span> <span class='ocrx_word' id='word_1_693' title='bbox 1664 5088 1802 5143; x_wconf 91' lang='lat' dir='ltr'><strong>bene</strong></span> 
     </span>
    </p>
   </div>
   <div class='ocr_carea' id='block_1_99' title="bbox 167 5168 1810 5248">
    <p class='ocr_par' dir='ltr' id='par_1_99' title="bbox 167 5168 1810 5248">
     <span class='ocr_line' id='line_1_99' title="bbox 167 5168 1810 5248; baseline 0.001 -20"><span class='ocrx_word' id='word_1_694' title='bbox 167 5168 328 5230; x_wconf 78' lang='lat' dir='ltr'><strong>fecisti</strong></span> <span class='ocrx_word' id='word_1_695' title='bbox 360 5176 472 5232; x_wconf 89' lang='lat' dir='ltr'><strong>hoc</strong></span> <span class='ocrx_word' id='word_1_696' title='bbox 529 5176 791 5233; x_wconf 89' lang='lat' dir='ltr'><strong>dicendo.</strong></span> <span class='ocrx_word' id='word_1_697' title='bbox 845 5174 1017 5232; x_wconf 87' lang='lat' dir='ltr'><strong>Porro</strong></span> <span class='ocrx_word' id='word_1_698' title='bbox 1068 5176 1297 5248; x_wconf 89' lang='lat' dir='ltr'><strong>expedit</strong></span> <span class='ocrx_word' id='word_1_699' title='bbox 1327 5178 1455 5247; x_wconf 90' lang='lat' dir='ltr'><strong>tibi,</strong></span> <span class='ocrx_word' id='word_1_700' title='bbox 1491 5183 1557 5233; x_wconf 91' lang='lat' dir='ltr'><strong>ut</strong></span> <span class='ocrx_word' id='word_1_701' title='bbox 1587 5192 1698 5234; x_wconf 91' lang='lat' dir='ltr'><strong>non</strong></span> <span class='ocrx_word' id='word_1_702' title='bbox 1722 5178 1810 5232; x_wconf 77' lang='lat' dir='ltr'><strong>di.</strong></span> 
     </span>
    </p>
   </div>
   <div class='ocr_carea' id='block_1_100' title="bbox 170 5261 1807 5339">
    <p class='ocr_par' dir='ltr' id='par_1_100' title="bbox 170 5261 1807 5339">
     <span class='ocr_line' id='line_1_100' title="bbox 170 5261 1807 5339; baseline 0.005 -26"><span class='ocrx_word' id='word_1_703' title='bbox 170 5261 332 5319; x_wconf 81' lang='lat' dir='ltr'><strong>mittas</strong></span> <span class='ocrx_word' id='word_1_704' title='bbox 373 5265 436 5320; x_wconf 90' lang='lat' dir='ltr'><strong>in</strong></span> <span class='ocrx_word' id='word_1_705' title='bbox 471 5266 577 5321; x_wconf 87' lang='lat' dir='ltr'><strong>hac</strong></span> <span class='ocrx_word' id='word_1_706' title='bbox 605 5266 835 5322; x_wconf 89' lang='lat' dir='ltr'><strong>civitate</strong></span> <span class='ocrx_word' id='word_1_707' title='bbox 871 5270 1147 5337; x_wconf 86' lang='lat' dir='ltr'><strong>scortum,</strong></span> <span class='ocrx_word' id='word_1_708' title='bbox 1181 5267 1248 5322; x_wconf 90' lang='lat' dir='ltr'><strong>ad</strong></span> <span class='ocrx_word' id='word_1_709' title='bbox 1289 5268 1437 5337; x_wconf 89' lang='lat' dir='ltr'><strong>quod</strong></span> <span class='ocrx_word' id='word_1_710' title='bbox 1475 5281 1586 5322; x_wconf 92' lang='lat' dir='ltr'><strong>non</strong></span> <span class='ocrx_word' id='word_1_711' title='bbox 1624 5268 1807 5339; x_wconf 86' lang='lat' dir='ltr'><strong>ingre.</strong></span> 
     </span>
    </p>
   </div>
   <div class='ocr_carea' id='block_1_101' title="bbox 165 5349 1800 5426">
    <p class='ocr_par' dir='ltr' id='par_1_101' title="bbox 165 5349 1800 5426">
     <span class='ocr_line' id='line_1_101' title="bbox 165 5349 1800 5426; baseline 0.006 -24"><span class='ocrx_word' id='word_1_712' title='bbox 165 5349 338 5422; x_wconf 88' lang='lat' dir='ltr'><strong>diaris,</strong></span> <span class='ocrx_word' id='word_1_713' title='bbox 365 5368 548 5426; x_wconf 89' lang='lat' dir='ltr'><strong>quam</strong></span> <span class='ocrx_word' id='word_1_714' title='bbox 580 5362 643 5410; x_wconf 94' lang='lat' dir='ltr'><strong>ut</strong></span> <span class='ocrx_word' id='word_1_715' title='bbox 671 5369 898 5412; x_wconf 88' lang='lat' dir='ltr'><strong>recuses</strong></span> <span class='ocrx_word' id='word_1_716' title='bbox 929 5357 1168 5412; x_wconf 87' lang='lat' dir='ltr'><strong>adorare</strong></span> <span class='ocrx_word' id='word_1_717' title='bbox 1197 5356 1502 5412; x_wconf 88' lang='lat' dir='ltr'><strong>Dominum</strong></span> <span class='ocrx_word' id='word_1_718' title='bbox 1540 5364 1800 5411; x_wconf 90' lang='lat' dir='ltr'><strong>nostrum</strong></span> 
     </span>
    </p>
   </div>
   <div class='ocr_carea' id='block_1_102' title="bbox 172 5436 1802 5517">
    <p class='ocr_par' dir='ltr' id='par_1_102' title="bbox 172 5436 1802 5517">
     <span class='ocr_line' id='line_1_102' title="bbox 172 5436 1802 5517; baseline 0.006 -24"><span class='ocrx_word' id='word_1_719' title='bbox 172 5436 333 5496; x_wconf 81' lang='lat' dir='ltr'><strong>Jesum</strong></span> <span class='ocrx_word' id='word_1_720' title='bbox 362 5442 665 5499; x_wconf 87' lang='lat' dir='ltr'><strong>Christum</strong></span> <span class='ocrx_word' id='word_1_721' title='bbox 691 5458 818 5500; x_wconf 90' lang='lat' dir='ltr'><strong>cum</strong></span> <span class='ocrx_word' id='word_1_722' title='bbox 844 5448 1022 5501; x_wconf 88' lang='lat' dir='ltr'><strong>Matre</strong></span> <span class='ocrx_word' id='word_1_723' title='bbox 1054 5444 1261 5514; x_wconf 89' lang='lat' dir='ltr'><strong>ipsius.</strong></span> <span class='ocrx_word' id='word_1_724' title='bbox 1293 5443 1638 5501; x_wconf 82' lang='lat' dir='ltr'><strong>Conﬁrmato</strong></span> <span class='ocrx_word' id='word_1_725' title='bbox 1668 5459 1802 5517; x_wconf 89' lang='lat' dir='ltr'><strong>ergo</strong></span> 
     </span>
    </p>
   </div>
   <div class='ocr_carea' id='block_1_103' title="bbox 1909 4454 3558 4532">
    <p class='ocr_par' dir='ltr' id='par_1_103' title="bbox 1909 4454 3558 4532">
     <span class='ocr_line' id='line_1_103' title="bbox 1909 4454 3558 4532; baseline -0.002 -17"><span class='ocrx_word' id='word_1_726' title='bbox 1909 4465 2064 4515; x_wconf 93' lang='lat' dir='ltr'><strong>ctum</strong></span> <span class='ocrx_word' id='word_1_727' title='bbox 2091 4461 2351 4532; x_wconf 89' lang='lat' dir='ltr'><strong>Sergium</strong></span> <span class='ocrx_word' id='word_1_728' title='bbox 2382 4459 2663 4530; x_wconf 84' lang='lat' dir='ltr'><strong>Arapham</strong></span> <span class='ocrx_word' id='word_1_729' title='bbox 2687 4458 2703 4530; x_wconf 98' lang='lat'>)</span> <span class='ocrx_word' id='word_1_730' title='bbox 2728 4458 3086 4528; x_wconf 90' lang='lat' dir='ltr'><strong>perstruebat</strong></span> <span class='ocrx_word' id='word_1_731' title='bbox 3113 4454 3558 4531; x_wconf 69' lang='lat' dir='ltr'><strong>[prmstruebat]</strong></span> 
     </span>
    </p>
   </div>
   <div class='ocr_carea' id='block_1_104' title="bbox 1909 4544 3561 4605">
    <p class='ocr_par' dir='ltr' id='par_1_104' title="bbox 1909 4544 3561 4605">
     <span class='ocr_line' id='line_1_104' title="bbox 1909 4544 3561 4605; baseline -0.004 0"><span class='ocrx_word' id='word_1_732' title='bbox 1909 4549 2201 4605; x_wconf 88' lang='lat' dir='ltr'><strong>candelam</strong></span> <span class='ocrx_word' id='word_1_733' title='bbox 2227 4556 2283 4604; x_wconf 92' lang='lat' dir='ltr'><strong>et</strong></span> <span class='ocrx_word' id='word_1_734' title='bbox 2311 4549 2690 4605; x_wconf 87' lang='lat' dir='ltr'><strong>succendebat</strong></span> <span class='ocrx_word' id='word_1_735' title='bbox 2720 4547 2895 4604; x_wconf 88' lang='lat' dir='ltr'><strong>sicuti</strong></span> <span class='ocrx_word' id='word_1_736' title='bbox 2928 4546 3170 4602; x_wconf 88' lang='lat' dir='ltr'><strong>habebat</strong></span> <span class='ocrx_word' id='word_1_737' title='bbox 3194 4544 3561 4601; x_wconf 88' lang='lat' dir='ltr'><strong>consuetudi-</strong></span> 
     </span>
    </p>
   </div>
   <div class='ocr_carea' id='block_1_105' title="bbox 1912 4634 3564 4709">
    <p class='ocr_par' dir='ltr' id='par_1_105' title="bbox 1912 4634 3564 4709">
     <span class='ocr_line' id='line_1_105' title="bbox 1912 4634 3564 4709; baseline -0.002 -15"><span class='ocrx_word' id='word_1_738' title='bbox 1912 4652 2035 4694; x_wconf 92' lang='lat' dir='ltr'><strong>nem</strong></span> <span class='ocrx_word' id='word_1_739' title='bbox 2066 4657 2079 4693; x_wconf 93' lang='lat'><strong>:</strong></span> <span class='ocrx_word' id='word_1_740' title='bbox 2115 4644 2170 4695; x_wconf 91' lang='lat' dir='ltr'><strong>et</strong></span> <span class='ocrx_word' id='word_1_741' title='bbox 2196 4638 2263 4693; x_wconf 88' lang='lat' dir='ltr'><strong>ad</strong></span> <span class='ocrx_word' id='word_1_742' title='bbox 2292 4638 2747 4709; x_wconf 89' lang='lat' dir='ltr'><strong>deprecationem</strong></span> <span class='ocrx_word' id='word_1_743' title='bbox 2780 4642 2939 4693; x_wconf 88' lang='lat' dir='ltr'><strong>stans</strong></span> <span class='ocrx_word' id='word_1_744' title='bbox 2970 4642 3034 4693; x_wconf 91' lang='lat' dir='ltr'><strong>ut</strong></span> <span class='ocrx_word' id='word_1_745' title='bbox 3068 4636 3179 4692; x_wconf 91' lang='lat' dir='ltr'><strong>iter</strong></span> <span class='ocrx_word' id='word_1_746' title='bbox 3208 4635 3322 4691; x_wconf 90' lang='lat' dir='ltr'><strong>sibi</strong></span> <span class='ocrx_word' id='word_1_747' title='bbox 3349 4634 3564 4707; x_wconf 91' lang='lat' dir='ltr'><strong>dirige-</strong></span> 
     </span>
    </p>
   </div>
   <div class='ocr_carea' id='block_1_106' title="bbox 1912 4726 3564 4799">
    <p class='ocr_par' dir='ltr' id='par_1_106' title="bbox 1912 4726 3564 4799">
     <span class='ocr_line' id='line_1_106' title="bbox 1912 4726 3564 4799; baseline -0.001 -16"><span class='ocrx_word' id='word_1_748' title='bbox 1912 4734 2087 4799; x_wconf 91' lang='lat' dir='ltr'><strong>retur,</strong></span> <span class='ocrx_word' id='word_1_749' title='bbox 2117 4727 2344 4784; x_wconf 89' lang='lat' dir='ltr'><strong>dicebat</strong></span> <span class='ocrx_word' id='word_1_750' title='bbox 2369 4727 2437 4782; x_wconf 89' lang='lat' dir='ltr'><strong>ad</strong></span> <span class='ocrx_word' id='word_1_751' title='bbox 2459 4728 2776 4796; x_wconf 88' lang='lat' dir='ltr'><strong>dominam,</strong></span> <span class='ocrx_word' id='word_1_752' title='bbox 2810 4728 2868 4782; x_wconf 92' lang='lat' dir='ltr'><strong>in</strong></span> <span class='ocrx_word' id='word_1_753' title='bbox 2898 4726 3205 4799; x_wconf 90' lang='lat' dir='ltr'><strong>imaginem</strong></span> <span class='ocrx_word' id='word_1_754' title='bbox 3222 4726 3351 4795; x_wconf 84' lang='lat' dir='ltr'><strong>ejus</strong></span> <span class='ocrx_word' id='word_1_755' title='bbox 3382 4730 3564 4781; x_wconf 89' lang='lat' dir='ltr'><strong>atten-</strong></span> 
     </span>
    </p>
   </div>
   <div class='ocr_carea' id='block_1_107' title="bbox 1909 4815 3560 4887">
    <p class='ocr_par' dir='ltr' id='par_1_107' title="bbox 1909 4815 3560 4887">
     <span class='ocr_line' id='line_1_107' title="bbox 1909 4815 3560 4887; baseline -0.002 -13"><span class='ocrx_word' id='word_1_756' title='bbox 1909 4821 2080 4875; x_wconf 89' lang='lat' dir='ltr'><strong>dens:</strong></span> <span class='ocrx_word' id='word_1_757' title='bbox 2137 4818 2341 4872; x_wconf 89' lang='lat' dir='ltr'><strong>Sancta</strong></span> <span class='ocrx_word' id='word_1_758' title='bbox 2368 4816 2603 4871; x_wconf 86' lang='lat' dir='ltr'><strong>domina</strong></span> <span class='ocrx_word' id='word_1_759' title='bbox 2631 4817 2728 4872; x_wconf 89' lang='lat' dir='ltr'><strong>Dei</strong></span> <span class='ocrx_word' id='word_1_760' title='bbox 2764 4816 3049 4887; x_wconf 87' lang='lat' dir='ltr'><strong>Genitrix,</strong></span> <span class='ocrx_word' id='word_1_761' title='bbox 3104 4815 3376 4886; x_wconf 90' lang='lat' dir='ltr'><strong>quoniam</strong></span> <span class='ocrx_word' id='word_1_762' title='bbox 3408 4815 3560 4871; x_wconf 88' lang='lat' dir='ltr'><strong>viam</strong></span> 
     </span>
    </p>
   </div>
   <div class='ocr_carea' id='block_1_108' title="bbox 1913 4905 3559 4981">
    <p class='ocr_par' dir='ltr' id='par_1_108' title="bbox 1913 4905 3559 4981">
     <span class='ocr_line' id='line_1_108' title="bbox 1913 4905 3559 4981; baseline -0.003 -16"><span class='ocrx_word' id='word_1_763' title='bbox 1913 4910 2091 4967; x_wconf 89' lang='lat' dir='ltr'><strong>habeo</strong></span> <span class='ocrx_word' id='word_1_764' title='bbox 2122 4910 2347 4981; x_wconf 91' lang='lat' dir='ltr'><strong>longam</strong></span> <span class='ocrx_word' id='word_1_765' title='bbox 2379 4908 2445 4964; x_wconf 92' lang='lat' dir='ltr'><strong>ad</strong></span> <span class='ocrx_word' id='word_1_766' title='bbox 2501 4909 2932 4978; x_wconf 90' lang='lat' dir='ltr'><strong>ambulandum,</strong></span> <span class='ocrx_word' id='word_1_767' title='bbox 2977 4907 3287 4963; x_wconf 91' lang='lat' dir='ltr'><strong>multorum</strong></span> <span class='ocrx_word' id='word_1_768' title='bbox 3334 4905 3559 4961; x_wconf 89' lang='lat' dir='ltr'><strong>dierum</strong></span> 
     </span>
    </p>
   </div>
   <div class='ocr_carea' id='block_1_109' title="bbox 1914 4994 3562 5072">
    <p class='ocr_par' dir='ltr' id='par_1_109' title="bbox 1914 4994 3562 5072">
     <span class='ocr_line' id='line_1_109' title="bbox 1914 4994 3562 5072; baseline -0.004 -16"><span class='ocrx_word' id='word_1_769' title='bbox 1914 5001 2164 5072; x_wconf 91' lang='lat' dir='ltr'><strong>spatium</strong></span> <span class='ocrx_word' id='word_1_770' title='bbox 2197 4998 2514 5066; x_wconf 89' lang='lat' dir='ltr'><strong>habentem,</strong></span> <span class='ocrx_word' id='word_1_771' title='bbox 2546 4998 2616 5053; x_wconf 90' lang='lat' dir='ltr'><strong>de</strong></span> <span class='ocrx_word' id='word_1_772' title='bbox 2640 4997 2875 5052; x_wconf 90' lang='lat' dir='ltr'><strong>candela</strong></span> <span class='ocrx_word' id='word_1_773' title='bbox 2901 5003 2999 5051; x_wconf 89' lang='lat' dir='ltr'><strong>tua</strong></span> <span class='ocrx_word' id='word_1_774' title='bbox 3030 5010 3226 5052; x_wconf 90' lang='lat' dir='ltr'><strong>curam</strong></span> <span class='ocrx_word' id='word_1_775' title='bbox 3254 4994 3476 5062; x_wconf 90' lang='lat' dir='ltr'><strong>habeto,</strong></span> <span class='ocrx_word' id='word_1_776' title='bbox 3505 4997 3562 5050; x_wconf 89' lang='lat' dir='ltr'><strong>et</strong></span> 
     </span>
    </p>
   </div>
   <div class='ocr_carea' id='block_1_110' title="bbox 1916 5085 3559 5161">
    <p class='ocr_par' dir='ltr' id='par_1_110' title="bbox 1916 5085 3559 5161">
     <span class='ocr_line' id='line_1_110' title="bbox 1916 5085 3559 5161; baseline -0.005 -16"><span class='ocrx_word' id='word_1_777' title='bbox 1916 5088 2451 5161; x_wconf 79' lang='lat' dir='ltr'><strong>inexstinguibilem</strong></span> <span class='ocrx_word' id='word_1_778' title='bbox 2482 5101 2602 5144; x_wconf 87' lang='lat' dir='ltr'><strong>eam</strong></span> <span class='ocrx_word' id='word_1_779' title='bbox 2631 5086 2944 5143; x_wconf 90' lang='lat' dir='ltr'><strong>secundum</strong></span> <span class='ocrx_word' id='word_1_780' title='bbox 2991 5099 3175 5141; x_wconf 91' lang='lat' dir='ltr'><strong>meum</strong></span> <span class='ocrx_word' id='word_1_781' title='bbox 3203 5085 3559 5157; x_wconf 89' lang='lat' dir='ltr'><strong>propositum</strong></span> 
     </span>
    </p>
   </div>
   <div class='ocr_carea' id='block_1_111' title="bbox 1914 5175 3556 5252">
    <p class='ocr_par' dir='ltr' id='par_1_111' title="bbox 1914 5175 3556 5252">
     <span class='ocr_line' id='line_1_111' title="bbox 1914 5175 3556 5252; baseline -0.005 -16"><span class='ocrx_word' id='word_1_782' title='bbox 1914 5181 2160 5238; x_wconf 88' lang='lat' dir='ltr'><strong>custodi.</strong></span> <span class='ocrx_word' id='word_1_783' title='bbox 2185 5182 2299 5252; x_wconf 83' lang='lat' dir='ltr'><strong>Ego</strong></span> <span class='ocrx_word' id='word_1_784' title='bbox 2316 5180 2467 5235; x_wconf 91' lang='lat' dir='ltr'><strong>enim</strong></span> <span class='ocrx_word' id='word_1_785' title='bbox 2484 5178 2552 5234; x_wconf 89' lang='lat' dir='ltr'><strong>ad</strong></span> <span class='ocrx_word' id='word_1_786' title='bbox 2555 5179 2838 5249; x_wconf 89' lang='lat' dir='ltr'><strong>jutorium</strong></span> <span class='ocrx_word' id='word_1_787' title='bbox 2856 5182 3017 5233; x_wconf 91' lang='lat' dir='ltr'><strong>tuum</strong></span> <span class='ocrx_word' id='word_1_788' title='bbox 3041 5177 3304 5233; x_wconf 89' lang='lat' dir='ltr'><strong>comitem</strong></span> <span class='ocrx_word' id='word_1_789' title='bbox 3325 5175 3556 5244; x_wconf 89' lang='lat' dir='ltr'><strong>habens,</strong></span> 
     </span>
    </p>
   </div>
   <div class='ocr_carea' id='block_1_112' title="bbox 1914 5267 3561 5339">
    <p class='ocr_par' dir='ltr' id='par_1_112' title="bbox 1914 5267 3561 5339">
     <span class='ocr_line' id='line_1_112' title="bbox 1914 5267 3561 5339; baseline -0.004 -13"><span class='ocrx_word' id='word_1_790' title='bbox 1914 5272 2131 5329; x_wconf 87' lang='lat' dir='ltr'><strong>vadam.</strong></span> <span class='ocrx_word' id='word_1_791' title='bbox 2157 5272 2225 5325; x_wconf 90' lang='lat' dir='ltr'><strong>Et</strong></span> <span class='ocrx_word' id='word_1_792' title='bbox 2260 5270 2353 5325; x_wconf 90' lang='lat' dir='ltr'><strong>his</strong></span> <span class='ocrx_word' id='word_1_793' title='bbox 2372 5269 2439 5325; x_wconf 90' lang='lat' dir='ltr'><strong>ad</strong></span> <span class='ocrx_word' id='word_1_794' title='bbox 2472 5269 2775 5339; x_wconf 87' lang='lat' dir='ltr'><strong>imaginem</strong></span> <span class='ocrx_word' id='word_1_795' title='bbox 2806 5267 3002 5339; x_wconf 91' lang='lat' dir='ltr'><strong>dictis,</strong></span> <span class='ocrx_word' id='word_1_796' title='bbox 3030 5267 3225 5323; x_wconf 87' lang='lat' dir='ltr'><strong>abibat</strong></span> <span class='ocrx_word' id='word_1_797' title='bbox 3247 5286 3260 5337; x_wconf 78' lang='lat'><strong>;</strong></span> <span class='ocrx_word' id='word_1_798' title='bbox 3284 5272 3338 5320; x_wconf 92' lang='lat' dir='ltr'><strong>et</strong></span> <span class='ocrx_word' id='word_1_799' title='bbox 3364 5277 3561 5333; x_wconf 91' lang='lat' dir='ltr'><strong>propo-</strong></span> 
     </span>
    </p>
   </div>
   <div class='ocr_carea' id='block_1_113' title="bbox 1915 5338 3554 5427">
    <p class='ocr_par' dir='ltr' id='par_1_113' title="bbox 1915 5338 3554 5427">
     <span class='ocr_line' id='line_1_113' title="bbox 1915 5338 3554 5427; baseline -0.006 -14"><span class='ocrx_word' id='word_1_800' title='bbox 1915 5338 2046 5414; x_wconf 28' lang='lat' dir='ltr'><strong>sit‘oa</strong></span> <span class='ocrx_word' id='word_1_801' title='bbox 2049 5352 2253 5413; x_wconf 86' lang='lat' dir='ltr'><strong>itinere</strong></span> <span class='ocrx_word' id='word_1_802' title='bbox 2270 5356 2548 5427; x_wconf 88' lang='lat' dir='ltr'><strong>completo</strong></span> <span class='ocrx_word' id='word_1_803' title='bbox 2576 5338 2978 5426; x_wconf 86' lang='lat' dir='ltr'><strong>revertebatur,</strong></span> <span class='ocrx_word' id='word_1_804' title='bbox 2993 5338 3308 5424; x_wconf 88' lang='lat' dir='ltr'><strong>aliquando</strong></span> <span class='ocrx_word' id='word_1_805' title='bbox 3325 5350 3554 5422; x_wconf 91' lang='lat' dir='ltr'><strong>quidem</strong></span> 
     </span>
    </p>
   </div>
   <div class='ocr_carea' id='block_1_114' title="bbox 1915 5438 3555 5515">
    <p class='ocr_par' dir='ltr' id='par_1_114' title="bbox 1915 5438 3555 5515">
     <span class='ocr_line' id='line_1_114' title="bbox 1915 5438 3555 5515; baseline -0.007 -15"><span class='ocrx_word' id='word_1_806' title='bbox 1915 5458 2104 5501; x_wconf 88' lang='lat' dir='ltr'><strong>mense</strong></span> <span class='ocrx_word' id='word_1_807' title='bbox 2135 5458 2269 5513; x_wconf 90' lang='lat' dir='ltr'><strong>uno,</strong></span> <span class='ocrx_word' id='word_1_808' title='bbox 2301 5443 2612 5515; x_wconf 89' lang='lat' dir='ltr'><strong>aliquando</strong></span> <span class='ocrx_word' id='word_1_809' title='bbox 2642 5456 2774 5498; x_wconf 92' lang='lat' dir='ltr'><strong>vero</strong></span> <span class='ocrx_word' id='word_1_810' title='bbox 2803 5442 3031 5499; x_wconf 91' lang='lat' dir='ltr'><strong>duobus</strong></span> <span class='ocrx_word' id='word_1_811' title='bbox 3071 5440 3153 5495; x_wconf 90' lang='lat' dir='ltr'><strong>vel</strong></span> <span class='ocrx_word' id='word_1_812' title='bbox 3185 5438 3390 5507; x_wconf 88' lang='lat' dir='ltr'><strong>tribus,</strong></span> <span class='ocrx_word' id='word_1_813' title='bbox 3424 5446 3555 5490; x_wconf 90' lang='lat' dir='ltr'><strong>non-</strong></span> 
     </span>
    </p>
   </div>
   <div class='ocr_carea' id='block_1_115' title="bbox 221 5539 2831 5614">
    <p class='ocr_par' dir='ltr' id='par_1_115' title="bbox 221 5539 2831 5614">
     <span class='ocr_line' id='line_1_115' title="bbox 221 5539 2831 5614; baseline 0 -20"><span class='ocrx_word' id='word_1_814' title='bbox 221 5544 239 5572; x_wconf 84' lang='lat'>&#39;</span> <span class='ocrx_word' id='word_1_815' title='bbox 260 5539 561 5597; x_wconf 79' lang='lat' dir='ltr'><strong>Invenitur</strong></span> <span class='ocrx_word' id='word_1_816' title='bbox 584 5541 753 5597; x_wconf 88' lang='lat' dir='ltr'><strong>etiam</strong></span> <span class='ocrx_word' id='word_1_817' title='bbox 770 5542 840 5598; x_wconf 91' lang='lat' dir='ltr'><strong>ab</strong></span> <span class='ocrx_word' id='word_1_818' title='bbox 868 5542 1006 5598; x_wconf 90' lang='lat' dir='ltr'><strong>aliis</strong></span> <span class='ocrx_word' id='word_1_819' title='bbox 1035 5541 1444 5614; x_wconf 88' lang='lat' dir='ltr'><strong>interpretibus</strong></span> <span class='ocrx_word' id='word_1_820' title='bbox 1474 5549 1529 5598; x_wconf 93' lang='lat' dir='ltr'><strong>et</strong></span> <span class='ocrx_word' id='word_1_821' title='bbox 1555 5542 1796 5599; x_wconf 87' lang='lat' dir='ltr'><strong>maxime</strong></span> <span class='ocrx_word' id='word_1_822' title='bbox 1830 5544 1887 5599; x_wconf 92' lang='lat' dir='ltr'><strong>in</strong></span> <span class='ocrx_word' id='word_1_823' title='bbox 1916 5548 2086 5600; x_wconf 70' lang='lat' dir='ltr'><strong>sexta:</strong></span> <span class='ocrx_word' id='word_1_824' title='bbox 2117 5542 2319 5613; x_wconf 89' lang='lat' dir='ltr'><strong>synodi</strong></span> <span class='ocrx_word' id='word_1_825' title='bbox 2347 5542 2543 5598; x_wconf 91' lang='lat' dir='ltr'><strong>codice</strong></span> <span class='ocrx_word' id='word_1_826' title='bbox 2574 5540 2831 5597; x_wconf 88' lang='lat' dir='ltr'><strong>falsatus.</strong></span> 
     </span>
    </p>
   </div>
  </div>
