4016 6168
401 276 502 335 371

1632 277 1988 334 ANASTASII
2029 274 2568 334 BIBLIOTHECARII

3703 271 3810 330 3Ἱὲ

403 418 698 477 nunquam
718 402 974 478 quinque
1003 371 1502 462 autsexmeratus.
1535 407 1602 462 Et
1618 405 1702 462 sic
1730 404 2056 462 inveniebat
2083 404 2140 464 A
2167 405 2351 461 rantis
2392 403 2552 461 Ezidi
2597 403 2901 472 levitatem,
2941 401 3184 458 accessit
3223 400 3291 459 ad
3340 395 3492 468 eum,
3536 402 3592 456 et
3633 397 3810 468 coepit

404 496 698 552 candelam
748 491 1068 552 ordinatam
1122 501 1178 551 et
1227 495 1541 568 ardentem,
1598 501 1661 551 ut
1691 510 1810 551 eam
1845 495 1913 550 ad
1948 495 2056 550 iter

405 587 687 657 agendum
744 600 1009 658 egressus
1047 585 1302 640 sinebat:
1357 599 1766 656 nunquamque
1819 584 1978 640 illam
2023 598 2056 640 a

407 673 710 743 semetipsa
740 674 1078 730 exstinctam
1110 673 1276 743 vidit,
1302 686 1484 743 neque
1503 687 1536 728 a
1567 687 1766 730 somno
1791 685 2056 746 surgens,

409 776 593 833 neque
621 761 692 817 ab
720 776 907 819 eremo
939 762 1164 818 rediens
1196 763 1254 817 in
1277 763 1627 831 speluncam.
1949 796 1956 804 -

478 851 730 908 Basilius
775 853 1182 908 sanctissimus
1221 852 1526 922 episcopus
1582 852 1816 922 Ancyra:
1871 852 2051 908 dixit:

407 941 865 996 Demonstratum
892 947 996 1012 est,
1027 942 1176 1012 quod
1217 941 1457 1013 antiqua
1491 941 1728 997 traditio
1759 941 1837 996 sit
1861 955 2061 997 sacra—

411 1045 537 1084 rum
559 1029 872 1102 imaginum
903 1031 1274 1086 consuetudo.

479 1118 751 1174 Tarasius
782 1119 1182 1175 sanctissimus
1215 1112 1538 1188 patriarcha
1591 1120 1778 1175 dixit:
1811 1121 1930 1174 Jam
1963 1133 2064 1175 sa-

414 1207 542 1262 tiati
571 1221 772 1263 sumus
801 1221 870 1262 ex
903 1208 1159 1276 paternis
1189 1209 1556 1280 testimoniis,
1589 1213 1644 1264 et
1667 1209 2058 1280 cognovimus,

413 1295 550 1367 quia
604 1296 793 1366 prisca
839 1295 1078 1352 traditio
1135 1302 1222 1352 est
1277 1297 1692 1354 venerabilium
1745 1297 2061 1370 imaginum

413 1384 643 1442 erectio.
701 1385 1017 1441 Sectatores
1075 1385 1260 1457 igitur
1315 1400 1516 1442 sumus
1567 1389 1893 1443 sanctorum
1951 1388 2064 1443 Pa—

415 1478 588 1530 trum.
1169 1535 1174 1540 δ

485 1563 688 1619 Sancta
733 1562 988 1634 synodus
1023 1563 1206 1618 dixit:
1269 1563 1588 1620 Sectatores
1624 1569 1681 1620 et
1732 1565 2060 1620 concordes.

485 1651 806 1721 Stephanus
854 1651 1364 1708 reverendissimus
1404 1653 1714 1708 monachus
1763 1653 1946 1709 dixit:
1997 1656 2068 1710 Et

2168 493 2430 549 divinare
2456 494 2712 565 quaedam
2741 495 2798 547 et
2817 491 3124 562 prtedicere
3148 490 3222 546 ei.
3253 491 3336 544 Ex
3362 503 3474 559 quo
3503 487 3689 560 igitur
3715 486 3808 542 fa—

2165 587 2318 637 ctum
2345 585 2450 647 est,
2479 587 2544 638 ut
2573 586 2837 651 acceptus
2866 585 3107 652 tyranno
3137 583 3192 634 et
3220 581 3420 651 gratus
3447 576 3804 632 efﬁceretur:
3879 602 3891 615 ι

2165 671 2326 742 Volo,
2351 671 2564 742 inquit,
2593 671 2778 742 prime
2797 667 3131 725 consiliarie
3158 679 3188 709 τι
3217 709 3232 740 ,
3253 681 3354 739 pro
3376 665 3632 737 symbolo
3649 664 3812 721 bene-

2167 760 2427 816 volentia:
2470 774 2580 830 qua
2623 760 2776 814 circa
2827 763 2880 813 te
2918 759 3114 829 ﬂagro,
3159 756 3378 812 dictare
3422 754 3530 810 tibi
3578 755 3809 810 modum

2169 850 2488 920 quemdam,
2539 863 2639 919 per
2682 859 2848 918 quem
2894 845 3128 902 facilius
3169 860 3234 902 ac
3275 844 3522 901 celerius
3565 843 3811 914 adipisci

2171 937 2376 1010 possis,
2413 945 2476 994 ut
2504 938 2750 994 addatur
2776 937 2884 992 tibi
2908 937 3036 992 vita:
3059 935 3378 1007 longitudo,
3401 939 3457 989 et
3482 946 3818 1004 permaneas

2169 1027 2338 1083 annis
2382 1027 2622 1099 triginta
2672 1027 2731 1083 in
2777 1026 2883 1082 hoc
2936 1025 3267 1095 principatu
3297 1030 3417 1093 tuo,
3449 1023 3500 1078 si
3535 1026 3723 1077 tamen
3756 1021 3815 1090 in

2172 1130 2317 1186 opus
2348 1116 2685 1186 perduxeris
2712 1115 2880 1171 verba
2911 1128 3050 1169 mea.
3085 1113 3157 1168 At
3187 1113 3471 1182 insipiens
3504 1111 3602 1166 ille
3631 1115 3820 1182 tyran-

2175 1219 2302 1276 nus,
2330 1211 2514 1260 mente
2543 1204 2784 1260 obtusus
2807 1203 3083 1259 aviditate
3109 1201 3647 1274 longtcvitatis(erat
3665 1199 3819 1254 enim

2173 1297 2393 1350 amator
2411 1293 2753 1349 deliciarum
2780 1298 2837 1348 et
2857 1292 3121 1363 petulans
3145 1287 3472 1365 [petulcus])
3494 1288 3816 1360 respondit:

2173 1384 2320 1454 Quia
2351 1397 2706 1455 quaecunque
2731 1381 3060 1450 dictaveris,
3089 1380 3451 1451 paratissime
3477 1377 3654 1435 facio:
3690 1381 3746 1432 et
3771 1377 3822 1432 si

2173 1473 2288 1529 voti
2317 1487 2547 1543 compos
2570 1471 2870 1543 exstitere,
2895 1470 3162 1526 maximis
3183 1475 3238 1525 te
3267 1468 3586 1525 honoribus
3615 1479 3830 1522 recom-

2175 1563 2462 1632 pensando
2508 1560 2883 1632 locupletabo.
2913 1559 2985 1614 At
3015 1573 3145 1615 vero
3170 1558 3455 1614 veneﬁcus
3483 1561 3656 1628 atque
3679 1555 3828 1610 divi-

2177 1666 2287 1708 nus
2315 1651 2583 1707 Hebrzeus
2611 1651 2694 1706 ait
2722 1651 2792 1706 ad
2822 1663 2952 1706 eum
2980 1667 2992 1702 :
3034 1647 3176 1704 Jube
3200 1647 3394 1703 statim
3424 1647 3640 1716 absque
3669 1644 3828 1700 omni

417 1739 565 1796 alios
589 1741 814 1797 codices
835 1741 1111 1797 habemus
1139 1742 1208 1797 de
1239 1755 1411 1798 causa
1431 1755 1723 1799 sacrarum
1749 1743 2064 1815 imaginum
2098 1727 2150 1788 Β
2176 1741 2456 1797 dilatione
2477 1740 2559 1796 vel
2585 1739 2844 1796 induciis
2864 1738 3042 1794 scribi
3068 1753 3170 1808 per
3197 1751 3420 1794 omnem
3439 1736 3829 1807 principatum

422 1843 601 1900 usque
628 1831 696 1886 ad
730 1831 1062 1902 quindecim
1091 1850 1102 1886 :
1138 1834 1193 1886 et
1219 1835 1286 1886 ut
1314 1831 1550 1901 jubetis.

488 1918 758 1974 Tarasius
801 1919 1202 1976 sanctissimus
1249 1920 1576 1990 patriarcha
1619 1921 1808 1977 dixit:
1843 1922 2062 1992 Repleti

421 2023 622 2065 sumus
651 2013 826 2079 atque
855 2009 1132 2065 contenti.

491 2097 696 2152 Sancta
719 2099 970 2169 synodus
999 2098 1190 2154 dixit:
1223 2099 1374 2155 Satis
1393 2103 1496 2156 est.

491 2185 763 2242 Tarasius
793 2187 1197 2244 sanctissimus
1219 2189 1546 2258 patriarcha
1569 2191 1755 2246 dixit:
1790 2189 2071 2258 Quoniam

422 2277 874 2332 demonstratum
918 2281 1004 2332 est
1031 2277 1089 2332 in
1136 2278 1474 2346 praecedenti
1528 2278 1790 2349 lectione,
1823 2279 1959 2350 quia
2003 2279 2074 2336 ab

424 2363 696 2432 Hebraeis,
745 2368 800 2418 et
848 2365 1105 2435 paganis,
1153 2368 1210 2420 et
1249 2365 1572 2437 Samaritis,
1613 2380 1678 2422 ac
1724 2367 2072 2438 Manichmis,

425 2457 602 2523 atque
647 2453 1068 2508 Phantasiastis
1119 2458 1388 2509 accusata
1438 2460 1524 2510 est
1563 2454 1813 2512 Ecclesia
1848 2460 2078 2526 propter

425 2541 780 2596 venerabiles
829 2542 1130 2612 imagines,
1175 2547 1232 2597 et
1269 2556 1465 2598 omnes
1502 2545 1803 2600 certiﬁcati
1855 2559 2074 2616 sumus,

423 2629 646 2698 justum
676 2633 763 2684 est
781 2629 954 2684 etiam
987 2628 1219 2686 fratrem
1248 2636 1504 2687 nostrum
1529 2637 1584 2688 et
1602 2633 1876 2688 dilectum
1898 2633 2078 2689 domi-

431 2730 568 2772 num
623 2718 914 2789 Joannem,
966 2722 1023 2772 et
1071 2719 1182 2774 loci
1233 2725 1573 2776 servatorem
1631 2721 2078 2791 apostolicarum

433 2805 690 2862 Orientis
711 2806 955 2878 sedium,
980 2807 1187 2863 audire
1208 2825 1221 2862 :
1261 2808 1429 2864 habet
1449 2809 1603 2864 enim
1621 2811 1922 2880 quamdam
1941 2811 2084 2867 rela-

433 2893 647 2950 tionem
689 2894 1102 2966 insinuantem,
1137 2897 1286 2952 unde
1323 2897 1561 2967 crepet-it
1592 2897 1908 2970 imaginum
1954 2899 2086 2955 sub-

433 2997 642 3039 VBPSIO.

2179 1835 2342 1886 tuum
2372 1829 2715 1900 encyclicam
2746 1827 3072 1898 epistolam,
3107 1830 3172 1882 ut
3209 1840 3431 1882 omnem
3462 1824 3832 1897 imaginalem

2181 1919 2462 1990 picturam
2475 1917 2594 1974 sive
2607 1918 2668 1973 in
2683 1917 2918 1988 tabulis,
2934 1917 3053 1973 sive
3067 1930 3166 1986 per
3179 1915 3398 1972 musiva
3412 1915 3474 1970 in
3486 1913 3832 1986 parietibus,

2180 2009 2298 2064 sive
2329 2007 2388 2062 in
2418 2007 2572 2062 vasis
2594 2007 2776 2062 sacris
2805 2009 2860 2061 et
2879 2005 3134 2062 vestibus
3155 2004 3450 2076 altarium,
3471 2008 3528 2059 et
3547 2007 3840 2074 quotquot

2182 2097 2576 2168 hujuscemodi
2618 2096 2988 2166 reperiuntur
3027 2095 3086 2150 in
3113 2094 3342 2151 cunctis
3368 2093 3838 2149 Christianorum

2182 2186 2462 2258 ecclesiis,
2481 2185 2858 2242 exterminare
2873 2199 2938 2240 ac
2957 2183 3199 2254 perfecte
3223 2184 3505 2254 deponere
3523 2179 3845 2256 [extermi-

2185 2281 2338 2346 nent,
2372 2289 2436 2332 ac
2464 2291 2515 2346 p.
2549 2271 2865 2348 deponant]
2896 2292 2910 2328 :
2946 2287 3162 2330 necnon
3195 2277 3252 2329 et
3295 2276 3578 2342 quotquot
3605 2271 3663 2327 in
3692 2269 3846 2326 foris

2185 2364 2484 2422 civitatum
2509 2365 2580 2420 ad
2607 2367 2871 2420 ornatum
2894 2367 3030 2418 sunt
3049 2367 3107 2418 et
3125 2363 3385 2418 decorem
3409 2361 3468 2416 in
3493 2372 3849 2431 quacunque

2187 2453 2594 2511 similitudine.
2629 2453 2778 2522 Quin
2819 2452 3036 2508 Satanm
3089 2450 3340 2522 maligna
3368 2449 3696 2520 operatione
3727 2461 3851 2504 mo-

2189 2549 2284 2600 tus
2311 2541 2497 2598 falsus
2525 2541 2762 2597 divinus
2801 2541 3048 2611 addidit,
3083 2553 3305 2596 omnem
3337 2537 3787 2596 similitudinem
3832 2556 3846 2592 :

2188 2635 2621 2704 argumentatus
2667 2631 2792 2699 hoc,
2824 2634 2886 2685 ut
2936 2629 3357 2699 importabilem
3387 2627 3683 2684 ostendere
3733 2625 3854 2680 ini-

2191 2721 2470 2776 micitiam
2505 2733 2671 2790 quam
2697 2725 2895 2775 contra
2928 2732 3030 2775 nos
3065 2717 3310 2774 habebat
3340 2713 3490 2791 [Gr.,
3523 2715 3752 2785 callide,
3777 2719 3856 2769 ut

2192 2809 2409 2865 nullam
2441 2809 2828 2878 suspicionem
2861 2821 2979 2864 sua:
3006 2812 3205 2864 contra
3245 2821 3349 2863 nos
3381 2803 3708 2862 inimicitia:
3748 2803 3856 2858 da-

2194 2895 2328 2972 ret].
2351 2897 2455 2953 Ast
2484 2903 2813 2968 tyrrannus,
2835 2896 3166 2966 deceptione
3194 2899 3417 2966 captus,
3442 2893 3582 2952 huic
3613 2893 3857 2950 levitate

2194 3002 2335 3044 usus
2383 2986 2831 3042 obsecundavit:
2885 2990 2942 3040 et
2983 2986 3217 3040 mittens
3253 2983 3524 3054 deposuit
3571 2981 3642 3037 ab
3683 2983 3854 3040 omni

504 3073 708 3128 Sancta
737 3072 986 3144 synodus
1015 3073 1202 3130 dixit:
1237 3075 1306 3130 Et
1334 3075 1666 3149 quaerimus,
1709 3077 1957 3147 domine,
1991 3091 2087 3134 au-
2114 3050 2164 3116 Ο
2198 3075 2490 3148 provincia
2541 3089 2666 3146 qua:
2709 3073 2818 3130 sub
2847 3075 2972 3144 ipso
3015 3078 3158 3144 erat,
3191 3050 3416 3129 sanctas
3448 3072 3753 3144 imagines,
3798 3078 3858 3128 et

435 3161 562 3218 dire
586 3161 656 3216 de
683 3161 806 3218 hoc.

503 3251 746 3306 Joannes
795 3251 1306 3308 reverendissimus
1356 3253 1670 3310 monachus
1711 3257 1768 3310 et
1808 3254 1920 3311 loci
1959 3268 2090 3310 ser-

399 3336 416 3350 ⁴
435 3343 597 3396 vator
619 3339 1000 3396 Orientalium
1043 3341 1401 3412 pontificum,
1431 3356 1462 3398 a
1495 3343 1736 3412 pittacio
1767 3345 1922 3415 legit.
2076 3349 2085 3354 “

507 3427 647 3484 Volo
676 3441 780 3500 ego
807 3427 1053 3484 humilis
1075 3434 1132 3484 et
1161 3434 1501 3486 cunctorum
1529 3432 1880 3488 novissimus
1909 3437 2092 3488 osten-

435 3517 571 3573 dere
581 3531 712 3574 cum
727 3517 881 3573 omni
896 3518 1132 3575 veritate
1143 3533 1332 3575 coram
1347 3521 1611 3590 praesenti
1624 3535 1690 3577 ac
1701 3526 1895 3578 sancta
1907 3528 2092 3578 vestra

438 3610 495 3662 et
523 3619 682 3661 sacra
715 3606 951 3676 synodo,
987 3606 1240 3676 qualiter
1263 3611 1319 3661 et
1348 3608 1578 3676 quando
1601 3612 1658 3663 et
1697 3611 1848 3664 unde
1872 3609 2094 3664 habue-

439 3693 520 3748 rit
563 3693 800 3748 initium
842 3692 1087 3760 pessima
1128 3697 1184 3747 et
1225 3695 1338 3747 Deo
1367 3706 1536 3750 exosa
1577 3695 1696 3750 hazc
1733 3696 2094 3752 Christianos

440 3779 838 3836 accusantium
869 3784 925 3834 et
968 3779 1248 3851 imagines
1291 3780 1779 3854 confringentium
1820 3784 2088 3840 haeresis:

441 3866 780 3936 compendio
823 3866 1104 3920 duntaxat
1143 3869 1426 3925 sermonis
1478 3870 1564 3925 uti
1617 3885 1950 3944 procurans,
1997 3887 2096 3943 per

443 3953 971 4022 chartamjudicavi
991 3953 1200 4010 bonum
1232 3955 1352 4011 ﬁeri
1375 3958 1780 4030 narrationem,
1813 3966 2096 4030 quatenus

445 4041 531 4096 nil
563 4055 650 4096 me
674 4041 936 4097 veritatis
967 4041 1156 4098 lateat.
1189 4043 1436 4100 Arabum
1472 4047 1666 4118 itaque
1697 4049 1797 4118 qui
1830 4049 1955 4105 sine
1983 4051 2096 4106 Deo

447 4131 603 4199 sunt,
651 4133 876 4185 mortuo
926 4133 1186 4201 tyranno,
1233 4132 1288 4187 id
1322 4137 1408 4189 est
1445 4135 1782 4192 consiliario
1822 4136 2094 4208 (Seleman

447 4220 638 4272 autem
669 4221 792 4272 erat
823 4218 1000 4288 hujus
1029 4221 1252 4294 nomen)
1280 4222 1332 4277 ei
1367 4224 1648 4279 successit
1677 4224 1950 4281 Umarus:
1994 4225 2094 4296 qui

447 4307 517 4364 ad
546 4307 938 4378 principatum
959 4311 1291 4380 ascendens,
1318 4325 1446 4368 mox
1474 4313 1797 4369 accersiens
1829 4314 2050 4384 pepulit
2069 4328 2099 4370 e

2196 3165 2458 3222 residuas
2505 3163 2956 3220 similitudines:
3005 3168 3062 3219 et
3084 3163 3191 3218 hoc
3237 3161 3402 3218 modo
3451 3175 3564 3217 non
3610 3174 3859 3231 parcens

2195 3252 2522 3324 deturpavit
2538 3251 2822 3308 Ecclesias
2843 3251 2942 3307 Dei
2967 3265 3066 3322 per
3084 3251 3396 3308 veneﬁcum
3416 3249 3713 3306 Hebrmum
3743 3250 3858 3306 sub

2200 3347 2473 3414 potestate
2502 3355 2606 3398 sua
2642 3340 2809 3412 sitas,
2841 3345 3148 3411 antequam
3179 3339 3500 3410 perveniret
3529 3337 3750 3394 malum
3783 3337 3858 3394 ad

2199 3437 2407 3487 terram
2457 3431 2642 3486 istam.
2697 3431 2870 3486 Porro
2927 3427 3286 3500 fugientibus
3333 3429 3446 3483 Deo
3497 3425 3863 3483 amabilibus

2197 3520 2566 3590 Christianis,
2601 3533 2669 3575 ne
2700 3518 2952 3589 propriis
2996 3517 3266 3574 manibus
3305 3517 3702 3574 subverterent
3727 3531 3865 3572 san-

2200 3613 2321 3664 ctas
2365 3608 2662 3678 imagines,
2693 3607 2956 3663 Hebraeos
2995 3608 3110 3663 Deo
3139 3605 3406 3676 odibiles,
3433 3610 3490 3661 et
3533 3605 3865 3662 vilissimas

2202 3695 2414 3752 Arabes
2455 3695 2846 3768 angariabant,
2882 3696 2982 3766 qui
3027 3695 3096 3751 ad
3141 3695 3246 3752 hoc
3277 3694 3441 3751 missi
3470 3697 3637 3750 erant
3684 3693 3870 3750 Ami—

2204 3786 2339 3842 raai:
2375 3785 2574 3856 sicque
2619 3784 2997 3840 incendebant
3020 3783 3373 3841 venerabiles
3416 3783 3632 3854 iconas,
3660 3787 3722 3838 et
3766 3783 3871 3840 do—

2206 3888 2326 3930 mos
2364 3874 2733 3930 ecclesiarum
2766 3874 2932 3930 modo
2977 3873 3210 3945 quidem
3241 3872 3534 3944 linientes,
3567 3871 3738 3928 modo
3763 3887 3872 3928 au-

2206 3969 2318 4019 tem
2347 3963 2656 4020 eradentes.
2685 3963 2908 4033 Quibus
2925 3963 3169 4035 auditis,
3203 3962 3729 4033 pseudoepiscopus
3760 3963 3875 4017 Na-
3908 3957 3920 3970 ‘

2206 4052 2388 4122 coliae,
2419 4058 2475 4108 et
2505 4051 2565 4107 hi
2597 4052 2698 4123 qui
2728 4052 2882 4108 circa
2914 4052 3106 4122 ipsum
3123 4055 3304 4119 erant,
3339 4050 3552 4106 imitati
3583 4055 3722 4106 sunt
3757 4051 3874 4106 ini-

2207 4155 2353 4212 quos
2389 4140 2658 4198 videlicet
2694 4141 2918 4197 Judaeos
2947 4143 3003 4196 et
3034 4140 3248 4211 impios
3291 4139 3527 4210 Arabes,
3579 4139 3873 4208 injuriam

2209 4228 2517 4286 inferentes
2545 4229 2808 4284 ecclesiis
2837 4229 2958 4286 Dei.
2991 4231 3216 4285 Justum
3233 4232 3422 4285 autem
3447 4227 3674 4298 judicio
3694 4240 3874 4284 sacro

2207 4323 2394 4375 vestro
2427 4318 2696 4375 intimare
2728 4318 2980 4390 auditui,
3020 4318 3246 4390 qualem
3276 4317 3453 4373 miser
3476 4316 3576 4372 ille
3605 4315 3784 4373 ﬁnem
3819 4323 3881 4373 et

450 4395 603 4453 fossa
633 4397 947 4467 projectum
983 4394 1131 4472 [Gr.,
1159 4413 1190 4456 e
1220 4398 1371 4456 fossa
1409 4400 1861 4478 projiciendum]
1904 4404 2103 4460 Masal—
2127 4389 2182 4450 D
2209 4407 2492 4464 veneﬁcus
2525 4407 2794 4464 Hebraeus
2835 4389 3172 4478 susceperit.
3206 4407 3348 4464 Cum
3371 4407 3524 4463 enim
3573 4407 3680 4462 hos
3711 4407 3878 4479 egis-

451 4498 658 4542 mama
688 4489 838 4544 terra
872 4485 998 4555 hac,
1050 4502 1178 4544 cum
1229 4493 1378 4544 esset
1422 4489 1606 4546 hostis
1649 4489 2094 4550 insanissimus:

453 4575 556 4646 qui
615 4576 805 4647 magni
851 4577 952 4631 Dei
997 4581 1054 4632 et
1103 4576 1414 4634 Salvatoris
1463 4580 1644 4635 nostri
1696 4581 1828 4638 Jesu
1883 4583 2099 4640 Christi

453 4664 659 4736 gratia,
717 4670 773 4720 et
825 4665 1204 4722 sanctissimae
1249 4667 1350 4722 Dei
1406 4669 1709 4740 genitricis
1759 4686 1884 4741 quae
1935 4673 2102 4730 illum

455 4751 694 4821 peperit,
745 4765 873 4808 cum
905 4751 1244 4810 confusione
1285 4755 1465 4812 multa
1506 4762 1563 4812 et
1592 4759 1915 4828 perditione
1963 4775 2106 4830 pro-

456 4838 598 4910 pria:
651 4840 1060 4898 Saracenorum
1120 4843 1347 4899 militia:
1405 4859 1664 4903 reversus
1717 4853 1807 4904 est
1859 4850 2102 4921 Syriam,

383 4999 386 5002 ἢ
459 4927 543 4982 nil
599 4942 794 4984 eorum
845 4945 971 5000 quae
1014 4931 1280 5002 sperabat
1326 4935 1586 5004 adeptus.
1643 4937 1868 4994 Mortuo
1915 4943 2105 4995 autem

456 5017 662 5073 Umaro
691 5017 1037 5092 subrogatus
1083 5028 1169 5078 est
1214 5024 1445 5096 Ezidus,
1479 5025 1570 5080 vir
1609 5027 1844 5096 quidam
1890 5028 2032 5084 levis
2051 5033 2108 5084 et

462 5105 712 5162 mobilis.
748 5108 881 5163 Erat
909 5115 1096 5166 autem
1126 5111 1426 5168 Tiberiade
1455 5113 1663 5170 ductor
1688 5116 1922 5186 quidam
1957 5132 2110 5187 prm—

460 5195 843 5252 varicatorum
873 5198 1256 5272 Hebraeorum,
1294 5203 1576 5259 veneficus
1619 5204 1876 5276 divinus,
1907 5207 2112 5264 daemo-

464 5297 601 5340 num
657 5285 882 5341 animas
933 5287 1266 5345 lmdentium
1319 5305 1619 5364 organum,
1671 5295 2109 5365 cognominatus

463 5373 930 5448 Sarantapechys,
965 5376 1182 5448 impius
1226 5379 1501 5436 inimicus
1531 5381 1796 5438 Ecclesia:
1824 5384 1946 5440 Dei.
1998 5385 2108 5456 Qui

465 5460 735 5518 videlicet
761 5465 1152 5536 nequissimus
1179 5467 1415 5526 liebzeus
1435 5484 1563 5525 cum
1593 5470 1897 5530 didicisset
1926 5474 2116 5547 impe—

2210 4501 2297 4553 set
2323 4495 2622 4568 symbulus
2638 4496 2868 4567 Ezidus,
2891 4509 3003 4552 non
3033 4496 3162 4566 plus
3183 4509 3352 4567 quam
3367 4494 3594 4552 duobus
3613 4495 3797 4551 annis
3819 4501 3885 4551 et

2209 4585 2456 4642 dimidio
2493 4585 2690 4642 vivens
2721 4584 3032 4642 defunctus
3060 4592 3167 4657 est,
3201 4589 3260 4641 et
3283 4585 3539 4656 perrexit
3568 4584 3628 4639 in
3671 4584 3880 4656 ignem

2211 4679 2506 4730 aeternum.
2566 4675 2635 4728 Et
2683 4673 2964 4746 imagines
3010 4673 3241 4746 quidem
3292 4673 3348 4728 in
3407 4672 3648 4743 antiquo
3706 4676 3886 4729 statu

2213 4777 2319 4820 suo
2363 4768 2420 4818 et
2467 4762 2680 4819 honore
2728 4762 3011 4819 restituta:
3057 4768 3212 4818 sunt.
3258 4764 3432 4819 Porro
3477 4761 3654 4830 hujus
3703 4760 3888 4817 ﬁlius

2214 4851 2420 4908 Ulidus
2476 4853 2706 4909 nomine
2764 4853 3120 4924 indignatus,
3175 4857 3446 4923 tanquam
3513 4849 3888 4906 homicidam

2215 4942 2307 4998 sui
2366 4941 2550 5011 patris
2616 4945 2926 4998 veneﬁcum
2984 4940 3322 5010 turpissima
3379 4944 3556 4995 morte
3613 4938 3888 4994 interﬁci

2211 5031 2410 5100 jussit,
2443 5030 2617 5102 digna
2659 5045 2760 5100 pro
2793 5029 2941 5086 facto
2976 5028 3133 5086 falsae
3157 5028 3536 5085 divinationis
3565 5041 3686 5083 suae
3715 5041 3887 5096 por-

2218 5123 2450 5174 tantem.

2289 5209 2699 5265 Sanctissimus
2742 5209 3046 5279 episcopus
3091 5209 3361 5264 Messana:
3407 5206 3594 5263 dixit:
3653 5206 3722 5262 Et
3771 5220 3896 5280 ego

2222 5298 2498 5368 puerulus
2525 5311 2678 5354 eram
2711 5298 2770 5354 in
2799 5299 2981 5370 Syria,
3027 5311 3156 5354 cum
3193 5297 3602 5352 Saracenorum
3641 5296 3903 5366 symbu-

2223 5385 2316 5442 lus
2346 5386 2624 5459 imagines
2652 5387 3024 5444 subverteret.

2293 5474 2504 5532 Sabbas
2534 5476 3042 5533 reverendissimus
3075 5474 3386 5532 monachus
3414 5478 3471 5529 et
3509 5472 3905 5544 hegumeuus

550 5571 581 5602 α
609 5559 899 5618 Anastasii
931 5564 1098 5620 verba
1135 5565 1244 5620 :Sic
1277 5569 1416 5621 enim
1449 5565 1617 5622 θνηκοί
1642 5573 1926 5641 appellant
1946 5589 2123 5642 regem
2151 5571 2563 5629 Saracenorum.
