4010 6160
193 272 278 331 373
951 278 1495 337 INTERPRETATIO
1534 278 1780 336 SYNODI
1824 275 1918 331 VII
1952 273 2354 333 GENEBALIS.
2382 308 2454 318 —
2492 277 2693 332 ACTIO
2734 278 2817 330 Vl.

3478 265 3587 325 374

194 405 506 492 monasterii
547 405 740 463 Studii
799 406 980 463 dixit:
1027 407 1287 477 Domine,
1337 410 1393 462 et
1442 421 1547 463 nos
1600 401 1907 475 indigniB
1937 407 2024 455 est
2072 400 2404 471 depositus:
2460 402 2575 457 Deo
2623 412 2952 471 perosorum
2997 396 3275 468 imagines
3321 392 3586 453 confrin-

194 492 312 547 servi
383 494 717 550 sanctitatis
773 498 885 551 tuze
944 496 1285 565 expetimus,
1336 500 1399 551 ut
1465 509 1638 551 sacra:
1695 493 1830 548 ima-

194 582 329 652 gines
360 584 750 640 restituantur
787 584 844 639 in
878 584 1022 640 locis
1060 585 1187 641 suis
1224 585 1387 653 juxta
1417 584 1663 654 priorem
1685 595 1830 637 con-

194 671 555 739 suetudinem,
598 678 654 727 et
704 676 767 728 ut
798 671 1035 728 litanias
1076 672 1361 728 celebrent
1400 673 1481 742 pii
1512 669 1827 727 Christiani

192 774 293 815 cum
327 760 465 815 illis.

246 849 510 903 Tarasius
542 849 947 905 sanctissimus
978 849 1297 919 patriarcha
1330 849 1512 904 dixit:
1554 848 1701 917 Quid
1746 847 1832 902 di-

193 936 319 1004 citis,
351 936 711 992 venerabiles
739 936 982 993 fratres?

245 1025 439 1079 Sancta
486 1026 741 1095 synodus
781 1026 963 1081 dixit:
1018 1027 1090 1081 Et
1126 1040 1231 1082 nos
1297 1040 1493 1082 omnes
1547 1025 1829 1081 consenti-

194 1128 317 1173 mus.

247 1203 436 1256 Petrus
486 1203 602 1257 Deo
641 1202 911 1259 amabilis
957 1202 1416 1275 archipresbyter
1464 1209 1517 1259 et
1572 1203 1682 1259 loci
1714 1216 1826 1258 ser-

192 1295 326 1345 vator
353 1291 709 1347 sanctissimi
743 1306 898 1362 papa:
932 1292 1180 1348 senioris
1208 1293 1396 1348 Roma:
1440 1291 1579 1363 legit
1613 1305 1681 1347 ex
1720 1291 1826 1361 pit-

193 1378 335 1433 tacio.

248 1470 466 1524 Tarasio
511 1470 877 1527 sanctissimo
916 1471 1486 1541 Constantinopoleos
1535 1484 1689 1527 novae
1718 1470 1824 1527 Ro-

197 1572 277 1612 ma:
293 1559 646 1628 patriarchae,
669 1564 839 1630 atque
864 1561 1018 1616 omni
1039 1565 1247 1616 sanctae
1274 1560 1410 1615 huic
1429 1564 1485 1615 et
1507 1559 1817 1616 universali

1937 490 2193 559 gentium
2251 490 2485 546 haeresis
2542 489 2636 544 hic
2683 487 3057 543 exterminata
3098 489 3203 539 est.
3247 483 3584 538 Benedictus

1936 579 2085 633 Deus
2127 578 2227 648 qui
2270 578 2419 634 dicit
2460 592 2560 649 per
2602 580 2861 633 sanctum
2904 572 3224 644 apostolum
3266 573 3579 626 Joannem:

1938 668 2054 733 Ego
2096 682 2215 721 sum
2260 667 2445 737 Alpha
2492 673 2543 721 et
2586 666 2781 733 Omega
2808 662 2994 734 (Apoc.
3031 676 3069 716 l.
3098 658 3205 733 22).
3247 658 3586 714 Benedictus

1937 756 2106 824 Deus,
2135 755 2234 826 qui
2264 756 2359 811 hic
2390 756 2449 811 in
2482 755 2688 826 primis
2716 760 2772 809 et
2795 753 2853 808 in
2876 752 2987 807 tine
3013 750 3177 806 tidem
3209 747 3582 804 orthodoxam

1937 844 2315 900 confirmavit.

2007 933 2209 989 Sancta
2256 934 2507 1005 synodus
2543 931 2902 988 exclamavit.
2966 942 3065 999 per
3118 935 3583 995 unumquemque

1936 1033 2160 1077 versum
2192 1026 2277 1077 ter
2311 1022 2721 1092 pronuntians:
2756 1017 3064 1074 Divininus
3103 1013 3432 1071 sonantium
3470 1013 3585 1067 Pa-

1936 1112 2086 1165 trum
2113 1111 2388 1166 doctrina:
2419 1124 2523 1166 nos
2550 1110 2949 1166 correxerunt:
2973 1119 3042 1161 ex
3074 1102 3220 1175 ipsis
3250 1099 3581 1157 haurientes

1933 1200 2226 1255 veritatem
2254 1200 2432 1270 potati
2459 1214 2660 1255 sumus
2689 1198 2701 1251 !
2731 1199 2841 1252 Eos
2866 1199 3186 1266 sequentes,
3220 1189 3579 1246 mendacium

1935 1289 2217 1357 persecuti
2245 1302 2446 1344 sumus
2469 1287 2481 1341 !
2512 1286 2599 1342 Ab
2614 1286 2700 1342 eis
2718 1283 2904 1340 edocti
2927 1279 3278 1338 venerabiles
3301 1276 3580 1348 imagines

1930 1376 2278 1433 salutamus!
2301 1376 2384 1431 Ab
2403 1376 2489 1431 eis
2517 1376 2675 1432 ducti
2707 1372 3095 1430 adorationem
3129 1382 3252 1440 qua:
3280 1381 3380 1437 per
3408 1365 3581 1421 hono-

1932 1479 2047 1521 rem
2111 1466 2174 1521 tit
2223 1467 2309 1521 eis
2348 1464 2772 1536 impendimus!
2840 1463 3032 1516 Patres
3076 1457 3423 1528 praedicant:
3463 1453 3573 1509 tilii

1928 1555 2256 1611 obedientes
2289 1570 2506 1625 sumus,
2531 1560 2588 1609 et
2610 1551 3076 1624 congratulamur
3102 1547 3161 1602 in
3192 1545 3339 1601 facie
3375 1541 3577 1599 matris

196 1649 379 1717 synodo
408 1649 612 1703 Petrus
648 1649 1104 1719 archipresbyter
1134 1649 1513 1705 sanctissima:
1556 1648 1820 1704 Ecclesia:
1870 1718 1877 1719 ί
1931 1646 2231 1701 traditioni
2262 1644 2528 1700 Ecclesiie
2571 1642 2867 1699 catholica:
2900 1636 3034 1713 [Gr.,
3081 1636 3398 1709 gloriamur
3441 1632 3500 1687 in
3532 1630 3571 1686 f.

195 1737 348 1791 sancti
376 1750 441 1791 ac
468 1736 783 1792 laudabilis
806 1718 1049 1807 apostoli
1078 1738 1248 1807 Petri,
1281 1743 1335 1793 et
1360 1740 1560 1793 Petrus
1598 1736 1821 1807 presby—
1850 1718 1899 1780 C
1931 1749 2003 1788 n1.
2046 1735 2359 1790 traditione
2384 1736 2442 1789 E.
2480 1730 2554 1807 c.]
2587 1730 2599 1786 !
2645 1732 2946 1786 Credentes
2978 1729 3035 1783 in
3077 1740 3254 1783 unum
3292 1725 3468 1779 Deum
3513 1720 3574 1776 in

194 1831 263 1880 ter
298 1830 349 1879 et
390 1825 746 1897 hegumenus
785 1827 1116 1882 monasterii
1164 1827 1347 1882 sancti
1390 1826 1604 1895 Sabbae,
1655 1825 1818 1881 ambo

194 1914 284 1968 loci
318 1919 631 1969 servatores
676 1913 916 1970 Adriani
968 1929 1121 1985 papa:
1170 1916 1418 1971 senioris
1455 1916 1679 1971 Romm:
1730 1917 1821 1971 Ju-

192 2008 321 2058 stum
368 2002 740 2073 arbitramur,
800 2010 866 2059 ut
921 2005 1232 2060 secundum
1293 2005 1817 2074 pronuntiationem

191 2092 420 2146 omnium
452 2095 733 2161 nostrum,
768 2092 883 2148 imo
922 2094 1086 2162 juxta
1111 2092 1407 2163 antiquam
1454 2093 1817 2149 traditionem

188 2179 459 2235 catholicae
488 2179 777 2251 Ecclesiae,
810 2182 987 2237 sicuti
1019 2195 1214 2236 omnes
1243 2182 1425 2237 sancti
1466 2182 1659 2236 Patres
1695 2182 1822 2237 edo-

188 2272 299 2322 cent
325 2282 442 2337 nos,
493 2269 688 2323 veniat
714 2269 772 2324 in
813 2270 1001 2325 medio
1042 2275 1298 2325 nostrum
1346 2270 1580 2325 colenda
1610 2270 1816 2342 imago,

186 2362 231 2411 et
288 2358 425 2413 hanc
482 2358 831 2414 salutemus:
884 2364 940 2415 et
998 2358 1471 2429 quemadmodum
1542 2359 1822 2428 placuerit

184 2446 329 2502 vobis
354 2448 696 2518 sacerdotes,
744 2449 1110 2518 pronuntiate
1144 2463 1316 2519 super
1361 2449 1487 2504 hoc.
1538 2450 1607 2503 Et
1659 2448 1815 2504 aliud

185 2538 483 2606 capitulum
539 2538 923 2610 suggerimus,
981 2544 1044 2593 ut
1099 2552 1294 2594 omnes
1345 2537 1817 2609 conscriptiones,

185 2640 295 2694 quae
341 2631 539 2683 contra
581 2626 936 2683 venerabiles
978 2627 1257 2698 imagines
1300 2625 1461 2682 factae
1503 2630 1657 2697 sunt,
1689 2640 1818 2682 cum

182 2715 520 2770 anathemate
585 2715 906 2785 deleantur,
995 2715 1081 2771 vel
1151 2715 1271 2787 igni
1350 2715 1681 2771 tradantur:
1764 2720 1821 2771 et

182 2802 241 2857 de
294 2804 395 2859 hoc
459 2804 712 2874 petimus
782 2804 1169 2875 pronuntiari,
1235 2809 1298 2861 ut
1357 2804 1585 2861 videtur
1647 2818 1821 2861 sacra:

183 2892 398 2961 synodo.

240 2980 433 3037 Sancta
469 2983 726 3053 synodus
756 2982 942 3038 dixit:
996 2982 1215 3049 Veniat,
1249 2982 1346 3038 ﬂat
1374 2982 1386 3036 ι

1928 1823 2209 1879 Trinitate
2250 1823 2618 1890 laudandum,
2655 1816 3018 1876 honorabiles
3050 1815 3330 1886 imagines
3352 1813 3579 1868 saluta-

1933 1926 2056 1967 mus
2084 1912 2097 1964 !
2131 1912 2238 1981 Qui
2268 1913 2352 1967 sic
2377 1925 2436 1967 se
2468 1925 2579 1966 non
2610 1909 2838 1976 habent,
2863 1906 3161 1962 anathema
3179 1902 3322 1958 sint!
3357 1900 3467 1970 Qui
3495 1899 3577 1953 ita

1929 2013 2040 2056 non
2080 2000 2357 2069 sentiunt,
2397 1998 2593 2068 procul
2628 1997 2699 2052 ab
2724 1995 2975 2051 Ecclesia
3003 1988 3421 2063 propellantur!
3461 1989 3577 2042 Nos

1929 2090 2221 2159 antiquam
2237 2087 2649 2159 legislationem
2666 2084 2928 2140 Ecclesia:
2940 2080 3235 2138 catholica:
3247 2074 3572 2147 sequimur!

1931 2181 2042 2234 Nos
2061 2179 2193 2247 jura
2221 2180 2448 2232 Patrum
2475 2187 2875 2231 conservamus
2908 2171 2919 2225 !
2950 2172 3065 2225 Nos
3106 2182 3204 2223 eos
3229 2166 3330 2236 qui
3356 2164 3578 2219 addunt

1933 2267 2014 2322 vel
2067 2265 2336 2322 auferunt
2377 2280 2444 2320 ex
2482 2262 2767 2319 catholica
2808 2258 3077 2326 Ecclesia,
3123 2251 3579 2310 anathematiza-

1933 2371 2059 2412 mus
2088 2356 2099 2410 !
2143 2358 2257 2411 Nos
2293 2352 2644 2409 venerabiles
2675 2351 2869 2406 iconas
2899 2347 3216 2403 salutamus
3248 2343 3260 2397 ι
3294 2340 3579 2411 Superin-

1932 2446 2159 2501 ductam
2196 2443 2503 2500 novitatem
2528 2440 2889 2496 Christianos
2913 2432 3309 2490 accusantium
3333 2429 3579 2485 anathe—

1933 2534 2270 2589 matizamus
2303 2532 2315 2585 ι
2345 2533 2457 2587 Nos
2480 2544 2578 2586 eos
2604 2528 2705 2599 qui
2732 2527 2819 2583 sic
2847 2539 2909 2581 se
2938 2537 3049 2579 non
3080 2521 3307 2582 habent,
3335 2517 3573 2573 anathe-

1932 2622 2069 2677 mati
2101 2620 2501 2677 submittimus
2533 2618 2545 2672 !
2572 2616 2932 2672 Christianos
2951 2607 3380 2677 accusantibus,
3409 2605 3468 2661 id
3493 2606 3580 2660 est

1932 2711 2210 2782 imagines
2238 2706 2738 2779 confringentibus
2761 2698 3095 2759 anathema!
3130 2698 3232 2752 His
3265 2696 3367 2767 qui
3405 2707 3580 2782 assu-

1930 2780 2092 2855 munt
2120 2800 2273 2855 dicta
2295 2801 2502 2854 sancta:
2519 2795 2848 2864 Scriptum,
2875 2803 3000 2861 quae
3020 2790 3157 2844 sunt
3176 2792 3374 2842 contra
3400 2780 3576 2853 idola,

1928 2888 1989 2943 in
2019 2886 2370 2943 venerabiles
2400 2884 2698 2956 imagines,
2723 2877 3055 2936 anathema!
3086 2876 3187 2930 His
3217 2872 3318 2945 qui
3350 2885 3464 2928 non
3494 2884 3584 2927 sa-

1929 2979 2118 3034 lutant
2162 2980 2388 3031 sanctas
2415 2988 2480 3029 ac
2509 2969 2862 3028 venerabiles
2904 2966 3203 3037 imagines,
3236 2958 3573 3018 anathema!

238 3071 429 3128 Petrus
484 3047 599 3128 Deo
630 3071 898 3127 amabilis
945 3047 1405 3141 archipresbyter
1460 3075 1516 3127 et
1565 3072 1672 3127 loci
1706 3086 1819 3128 ser-
1843 3064 1897 3124 D
1928 3068 2028 3121 His
2050 3066 2149 3136 qui
2183 3064 2472 3135 appellant
2500 3073 2691 3116 sacras
2724 3056 3003 3128 imagines
3033 3053 3213 3141 idola,
3241 3047 3572 3141 anathema!

178 3164 325 3214 vator
375 3160 731 3216 sanctissimi
782 3175 937 3231 papa:
985 3160 1234 3216 senioris
1280 3160 1468 3215 Romae
1514 3159 1700 3215 dixit:
1757 3162 1815 3217 Si

173 3247 321 3314 jubet
343 3255 537 3305 sancta
568 3254 753 3305 vestra
782 3249 1053 3320 synodus,
1082 3253 1329 3318 ponatur
1371 3248 1624 3305 crastino
1662 3263 1819 3305 vene-

177 3336 366 3393 rabilis
396 3339 605 3408 imago,
628 3343 684 3393 et
712 3351 905 3393 omnes
935 3337 1251 3393 salutemus
1278 3350 1421 3392 eam.

235 3426 428 3481 Sancta
482 3426 737 3497 synodus
771 3426 950 3481 dixit:
986 3426 1130 3496 Fiat,
1178 3424 1314 3480 ﬂat!

232 3515 467 3570 Joannes
510 3514 1024 3570 reverendissimus
1075 3514 1384 3569 monachus
1434 3513 1726 3583 presbyter
1763 3518 1821 3570 et

173 3602 272 3658 loci
322 3608 575 3659 servator
621 3602 1005 3659 Orientalium
1054 3601 1388 3672 pontiﬁcum
1429 3601 1611 3657 dixit:
1658 3603 1826 3658 Bene-

170 3691 351 3747 dictus
372 3694 546 3760 Deus,
575 3692 677 3762 qui
697 3690 1042 3762 gloriﬁcavit
1078 3690 1407 3745 amatricem
1464 3690 1682 3746 Christi
1709 3690 1822 3745 Ni—

172 3780 461 3836 caeensium
504 3781 652 3835 hanc
686 3779 975 3834 civitatem
1021 3778 1081 3833 in
1124 3778 1331 3834 diebus
1376 3778 1737 3834 Constantini
1765 3784 1821 3834 et

174 3870 336 3925 irena:
378 3873 701 3925 amatorum
749 3868 965 3923 Christi
1007 3867 1435 3936 imperatorum.
1482 3868 1819 3923 Benedictus

172 3956 312 4012 Deus
338 3958 435 4028 qui
456 3956 865 4012 exhibuiteam
895 3954 1117 4024 duplici
1137 3955 1321 4025 gratia
1349 3954 1602 4025 dignam.
1622 3954 1813 4009 Fidem

174 4046 327 4112 prius
350 4046 443 4101 hic
469 4046 742 4101 Christus
780 4043 1109 4113 expressius
1136 4043 1463 4113 explanavit
1490 4062 1502 4097 :
1539 4057 1691 4098 nunc
1721 4057 1817 4099 au-

174 4141 272 4189 tem
303 4150 397 4205 per
424 4138 683 4191 sanctam
731 4133 1009 4204 synodum
1046 4133 1187 4187 hanc
1214 4132 1668 4201 dispensationis
1697 4146 1815 4188 suae

171 4223 408 4292 symbola
445 4222 723 4280 omnibus
764 4220 1168 4277 manifestavit.
1225 4219 1401 4276 Arius
1453 4219 1689 4276 infamis
1718 4221 1813 4277 hic

1928 3156 2027 3210 llis
2056 3134 2155 3225 qui
2195 3153 2420 3219 dicunt,
2471 3148 2619 3221 quod
2661 3145 2841 3202 veluti
2870 3143 2941 3199 ad
2977 3144 3121 3197 Deos
3155 3137 3474 3225 Christiani
3504 3134 3575 3191 ad

1930 3224 2124 3299 iconas
2168 3241 2456 3308 accedant,
2488 3232 2829 3292 anathema!
2865 3231 2965 3286 His
3006 3228 3108 3300 qui
3152 3224 3578 3283 communicant

1929 3334 2174 3389 scienter
2199 3328 2475 3397 injuriam
2499 3331 2555 3380 et
2582 3320 3046 3378 inhonorantiam
3079 3314 3463 3372 inferentibus
3490 3324 3579 3367 ve-

1931 3418 2286 3478 nerabilibus
2329 3411 2702 3485 imaginibus,
2730 3406 3065 3465 anathema!
3108 3405 3211 3459 His
3240 3403 3342 3473 qui
3371 3401 3578 3457 dicunt

1931 3509 2078 3581 quod
2128 3510 2361 3574 excepto
2388 3502 2617 3558 Christo
2644 3502 2756 3555 Deo
2796 3499 2993 3552 nostro
3034 3493 3188 3549 alius
3216 3489 3434 3546 eruerit
3462 3500 3576 3581 nos

1928 3575 1999 3654 ab
2028 3596 2220 3665 idolis,
2253 3589 2591 3649 anathema!
2644 3588 2744 3642 His
2773 3584 2873 3657 qui
2904 3579 3332 3639 audentdicere
3368 3575 3576 3665 catho-

1932 3687 2100 3743 licam
2138 3664 2447 3740 Ecclesium
2480 3678 2633 3735 idola
2658 3673 2970 3746 aliquando
3001 3669 3300 3739 recepisse,
3332 3664 3577 3721 anathe—

1931 3776 2060 3833 ma!
3558 3774 3567 3781 ‘

1998 3864 2207 3920 Multos
2234 3874 2416 3916 annos
2446 3858 2852 3927 imperatorum
2879 3851 2891 3906 Ι
2923 3844 3283 3905 Constantini
3316 3848 3373 3899 et
3399 3844 3576 3898 Irenie

1929 3965 2257 4026 magnorum
2284 3948 2608 4020 principum
2621 3949 2677 3999 et
2699 3943 3103 4011 imperatorum
3126 3934 3341 3991 multos
3360 3929 3570 3988 annos!

1924 4020 2296 4098 Paciﬁcorum
2316 4037 2723 4105 imperatorum
2752 4029 2964 4085 multos
2981 4024 3189 4082 annos!
3214 4020 3576 4093 Depositores

1922 4128 2198 4187 novitatis
2238 4140 2363 4197 qua:
2407 4124 2626 4194 pridem
2661 4120 2809 4176 facta
2838 4122 2943 4186 est,
2974 4114 3231 4184 Domine,
3265 4109 3524 4168 contorta
3556 4106 3571 4161 l

1920 4220 2077 4275 Piam
2111 4219 2204 4288 da,
2228 4214 2487 4283 Domine,
2516 4211 2691 4267 vitam
2721 4206 2844 4264 eis!

2388 4400 2535 4412 ..ε-,ωι-

2148 4402 2387 4416 M

2088 4406 2145 4418 ..ιο

1536 4610 1790 4682 ACTIO
1865 4606 2141 4676 SEXTA
2157 4652 2176 4669 .

240 4940 298 4995 In
318 4940 545 4996 nomine
562 4936 797 4994 Domini
823 4939 880 4992 et
896 4932 1279 4991 dominatoris
1301 4933 1432 4988 Jesu
1453 4926 1806 5001 Christi‘veri
1836 4930 1891 4991 D
1919 4924 2141 4980 vinitus
2170 4920 2666 4979 corroboratorum
2687 4918 3096 4987 imperatorum
3126 4913 3468 4984 congregata
3486 4912 3573 4965 est

187 5024 267 5081 Dei
293 5029 484 5084 nostri.
516 5026 762 5096 Imperio
795 5024 1189 5095 piissimorum
1213 5026 1270 5078 et
1297 5021 1613 5077 amicorum
1633 5016 1811 5072 Chri-

191 5115 619 5173 stidominorum
644 5120 971 5171 nostrorum
986 5110 1348 5168 Constantini
1375 5113 1431 5164 et
1447 5110 1619 5164 Irenai
1644 5120 1672 5161 a
1696 5107 1809 5160 Deo

194 5204 439 5261 redimita:
488 5204 694 5261 matris
729 5204 873 5273 ejus,
914 5214 1063 5257 anno
1104 5204 1300 5255 octavo
1342 5197 1677 5253 consulatus
1706 5207 1811 5249 eo-

195 5306 313 5364 rum,
339 5298 506 5352 tertio
527 5297 716 5351 Nonas
750 5289 870 5366 [αι.,
903 5291 1092 5362 pridie
1119 5285 1325 5363 Nonas]
1358 5284 1677 5355 Octobrias,
1710 5284 1812 5338 in—

191 5380 409 5441 dictione
440 5384 762 5441 undecima.

240 5473 608 5529 Conveniente
640 5476 836 5527 sancta
866 5475 924 5526 et
948 5466 1261 5526 universali
1288 5464 1524 5536 synodo,
1556 5476 1682 5533 quae
1712 5474 1811 5531 per

184 5560 409 5618 divinam
434 5562 682 5634 gratiam
707 5564 765 5615 et
803 5560 952 5630 piam
983 5556 1334 5614 sanctionem
1359 5552 1685 5609 eorumdem
1708 5550 1809 5604 di-

1921 5013 1981 5069 in
1995 5011 2379 5069 Necaaensium
2393 5010 2548 5065 clara
2566 5006 2866 5077 metropoli
2883 5004 3318 5074 Bithyneusium
3334 5000 3575 5073 provin-

1918 5104 2057 5159 ciae:
2108 5103 2165 5158 id
2215 5106 2301 5156 est
2339 5102 2503 5155 Petro
2561 5092 3039 5153 reverendissimo
3075 5090 3573 5162 archipresbytero

1919 5198 2127 5248 sancta:
2162 5192 2423 5247 Romana:
2460 5186 2726 5243 Ecclesiaa
2768 5183 2954 5241 sancti
3005 5182 3251 5254 apostoli
3292 5180 3464 5248 Petri,
3515 5180 3573 5233 et

1919 5282 2082 5337 Petro
2112 5276 2585 5336 reverendissimo
2625 5273 2971 5345 presbytero,
3002 5272 3278 5329 monacho
3307 5273 3364 5324 et
3386 5268 3572 5338 hegu—

1921 5365 2474 5425 menolvenerabilis
2527 5362 2859 5419 monasterii
2914 5361 3096 5418 sancti
3142 5357 3338 5415 Sabba:
3381 5356 3569 5410 Roma:

1919 5458 2041 5526 siti,
2084 5454 2412 5512 tenentibus
2444 5454 2598 5509 vices
2635 5451 2963 5522 apostolica:
2994 5448 3149 5504 sedis
3181 5445 3320 5501 almi
3345 5448 3401 5499 et
3429 5454 3571 5496 san-

1920 5544 2165 5602 ctissimi
2205 5541 2621 5613 archiepiscopi
2677 5540 2925 5595 senioris
2968 5538 3155 5590 Romae
3204 5528 3466 5597 Adriani,
3511 5531 3569 5582 et
