4016 6168
401 245 508 303 375

1625 248 1981 304 ANASTASII
2032 246 2573 306 BIBLIOTHECARII

3697 240 3803 300 376

401 368 634 424 Tarasio
675 368 826 426 almo
859 373 918 425 et
968 370 1334 426 sanctissimo
1375 369 1808 442 archiepiscopo
1857 367 2046 440 magni
2075 368 2132 426 A
2159 369 2391 426 diabolo
2425 375 2482 427 ct
2526 370 2797 443 malignis
2843 371 2970 440 ejus
3019 367 3336 426 virtutibus
3369 381 3470 439 per
3494 366 3807 423 daemonica

404 457 658 514 nominis
701 458 1270 528 Constantinopoleos
1302 473 1456 515 novae
1498 460 1706 529 Romae,
1749 464 1804 514 et
1839 460 2050 514 Joanne

403 558 469 601 ac
527 545 739 603 Thoma
787 547 1280 603 reverendissimis
1339 547 1687 619 presbyteris
1737 545 2050 616 monachis,

401 639 460 690 et
495 634 734 692 vicariis
761 636 1204 706 apostolicarum
1235 637 1458 692 sedium
1489 636 1802 692 Orientalis
1837 635 2056 691 dicace—

402 737 546 780 8808.

474 813 882 870 Residentibus
915 827 1140 885 quoque
1187 818 1316 870 ante
1355 815 1810 870 sacratissimum
1853 812 2057 869 ambo—

405 915 534 958 nem
561 903 756 973 templi
787 903 1165 959 sanctissima!
1193 917 1258 959 ac
1293 917 1510 976 magna
1538 904 1793 960 ecclesiae
1825 917 1950 974 qua:
1970 915 2059 957 co-

406 991 776 1062 gnominatur
795 991 1038 1062 Sophia:
1069 991 1449 1062 praesentibus
1473 997 1532 1048 et
1549 991 1926 1049 audientibus
1945 990 2059 1062 glo-

403 1078 747 1135 riosissimis
775 1085 831 1135 et
880 1079 1466 1152 magniﬁcentissimis
1501 1080 1822 1150 judicibus,
1871 1079 1927 1134 id
1971 1083 2059 1134 est

402 1167 642 1223 Petrona
667 1167 1129 1224 laudabilissimo
1145 1167 1451 1224 exconsule
1469 1169 1734 1238 patricio,
1761 1173 1818 1223 et
1846 1167 2056 1224 cemite

369 1318 376 1327 _
403 1259 516 1311 Deo
545 1257 918 1312 conservandi
951 1257 1271 1327 imperialis
1295 1257 1597 1328 obsequii;
1627 1261 1685 1312 et
1714 1261 1830 1313 tota
1859 1261 2055 1312 sancta

403 1345 618 1415 synodo
665 1345 978 1401 secundum
1027 1345 1283 1401 ordinem
1333 1345 1434 1415 qui
1475 1345 1828 1415 prescriptus
1877 1349 1964 1399 est
1993 1343 2052 1398 in

406 1433 588 1504 prima
627 1434 852 1489 actione
883 1452 896 1489 :
943 1433 1320 1504 praesentibus
1347 1434 1521 1488 etiam
1560 1434 1674 1488 Deo
1703 1431 2054 1488 amabilibus

403 1521 877 1578 archimandritis
917 1527 976 1576 et
1013 1521 1387 1593 hegumenis,
1431 1527 1602 1592 atque
1645 1521 1801 1576 omni
1851 1533 2055 1575 mona-

402 1610 567 1666 chica
599 1610 984 1680 plenitudine;
1019 1609 1331 1680 propositis
1369 1611 1586 1666 sanctis
1615 1615 1670 1665 et
1699 1609 2053 1664 intemeratis

401 1699 502 1753 Dei
533 1699 875 1770 Evangeliis.

473 1788 748 1844 Leontius
802 1785 949 1862 [Leo]
994 1787 1244 1859 inclytus
1283 1801 1314 1844 a
1357 1789 1592 1844 secretis
1631 1788 1786 1844 dixit
1831 1807 1842 1842 :
1886 1787 2058 1842 Novit

403 1883 598 1934 Sancta
617 1883 674 1933 et
702 1877 863 1934 beata
893 1878 1163 1948 synodus,
1193 1878 1442 1949 qualiter
1468 1879 1527 1934 in
1561 1877 1897 1948 praecedenti
1930 1890 2060 1932 con-

401 1972 574 2023 ventu
611 1967 835 2022 diversa
863 1967 1018 2022 dicta
1044 1967 1352 2038 legerimus
1385 1963 1505 2040 [al.,
1538 1963 1924 2040 digesserunt]
1957 1965 2060 2021 di—

402 2057 624 2112 vinitus
651 2056 1132 2126 insequendorum
1166 2055 1584 2125 haereticorum,
1617 2057 1718 2127 qui
1749 2069 2059 2111 accusave—

405 2148 542 2202 runt
565 2148 816 2200 sanctam
846 2149 902 2200 et
929 2144 1351 2200 immaculatam
1383 2145 1844 2201 Christianorum
1873 2143 2059 2199 Eccle-

403 2234 549 2290 siam
573 2233 644 2288 ad
683 2233 984 2302 erigendas
1007 2217 1199 2288 sacras
1230 2232 1509 2304 imagines
1540 2229 1680 2306 [Gr.,
1707 2233 1778 2288 ob
1807 2231 2058 2288 erectio—

404 2335 531 2380 nem
563 2335 852 2377 sacrarum
875 2318 1236 2394 imaginum].
1253 2321 1430 2376 Hodie
1444 2329 1634 2377 autem
1658 2337 1770 2392 prae
1792 2321 2055 2378 manibus

405 2412 680 2468 habemus
721 2411 1047 2466 eorumdem
1083 2409 1444 2465 Christianos
1489 2411 1884 2466 accusantium
1923 2409 2056 2465 bla—

403 2498 720 2569 sphemiam
744 2497 803 2551 in
827 2497 1078 2566 scriptis,
1097 2497 1152 2552 id
1176 2501 1260 2552 est
1280 2497 1591 2553 absurdam
1614 2503 1671 2553 et
1698 2499 2052 2554 evertendam

403 2592 574 2656 atque
604 2598 704 2654 per
732 2597 793 2640 se
823 2584 1267 2656 redarguendam
1293 2585 1685 2640 deﬁnitionem
1714 2585 2056 2660 pseudosyl--

404 2675 542 2747 logi,
578 2673 636 2728 in
661 2671 932 2728 omnibus
973 2677 1376 2728 consonantem
1409 2673 1600 2740 impiae
1640 2674 1900 2743 opinioni
1943 2679 2055 2734 Deo

403 2761 714 2820 odibilium
737 2760 1163 2816 haereticorum:
1188 2761 1284 2816 sed
1315 2767 1372 2816 et
1399 2760 1770 2816 artiﬁciosam
1800 2766 1858 2818 et
1881 2763 2056 2820 eﬁica-

405 2851 697 2908 cissimam
725 2849 854 2918 ejus
885 2845 1306 2916 refutationem,
1337 2862 1504 2920 quam
1541 2849 1793 2918 Spiritus
1824 2857 2056 2909 sanctus

405 2938 633 3009 liquido
664 2936 912 3007 praebuit
943 2934 1257 3006 (oportebat
1288 2936 1440 2991 enim
1471 2950 1592 2992 eam
1623 2933 1912 3010 divulgari
1956 2955 2056 2995 sa—

2162 457 2490 528 simulacra,
2523 463 2579 514 et
2601 464 2875 516 creatura:
2906 459 3099 528 potius
3119 471 3284 528 quam
3311 456 3564 512 Creatori
3591 455 3809 512 servie-

2164 553 2320 618 runt,
2339 549 2494 618 juste
2526 549 2843 604 idololatraz
2867 547 3080 604 decreti
3120 552 3256 602 sunt
3287 545 3572 602 nominari
3599 563 3612 598 :
3645 542 3810 614 (quos

2165 635 2238 708 et)
2271 636 2346 692 iis
2389 638 2487 707 qui
2533 637 2824 693 Christum
2871 637 3201 707 induerunt,
3247 641 3304 690 et
3351 635 3534 706 gratia
3574 634 3700 703 ejus
3740 632 3810 687 ab

2169 723 2622 796 idolis‘liberati,
2649 730 2821 796 atque
2840 725 2910 780 ab
2935 738 3129 780 eorum
3155 737 3346 780 errore
3367 721 3590 791 salvati,
3627 721 3812 792 regale

2169 813 2550 869 sacerdotium
2577 819 2634 869 et
2662 827 2800 886 gens
2825 817 3018 868 sancta
3047 811 3255 883 effecti,
3287 823 3616 880 comparare
3640 815 3813 879 atque

2169 900 2426 958 conferre
2461 903 2649 958 conati
2697 907 2832 958 sunt
2879 899 3018 976 [δη
3058 905 3194 956 sunt
3221 900 3428 970 effecti,
3461 899 3690 954 inurere
3709 912 3812 954 co-

2170 991 2289 1046 nati
2317 987 2471 1065 sunt]
2500 1009 2513 1046 :
2544 992 2640 1047 sed
2672 992 2892 1048 utinam
2921 1004 3076 1046 more
3107 987 3566 1060 imperfectorum
3587 986 3814 1042 aborti-

2167 1093 2363 1136 vorum
2396 1094 2524 1136 mox
2565 1085 2693 1136 nata
2723 1079 2891 1136 verba
2915 1093 3110 1136 eorum
3140 1081 3644 1147 corrumperentur
3671 1072 3808 1149 [Gr.,

2165 1172 2433 1238 corrupta
2457 1166 2688 1243 essent],
2718 1169 3052 1239 priusquam
3085 1167 3144 1222 in
3174 1165 3426 1222 Ecclesia
3457 1164 3595 1221 talia
3625 1168 3814 1220 essent

2165 1255 2358 1314 effecta
2406 1257 2688 1328 contagia.
2739 1257 2944 1312 Verum
2985 1255 3123 1328 quia
3153 1268 3282 1310 cum
3321 1254 3510 1324 inepta
3540 1256 3749 1319 essent,
3777 1265 3812 1308 a

2165 1345 2509 1416 quibusdam
2563 1345 2706 1401 lacte
2736 1346 2957 1402 nutrita
2985 1349 3122 1401 sunt
3153 1363 3164 1399 :
3222 1343 3358 1399 licet
3393 1341 3461 1397 ad
3509 1339 3812 1412 perfectam

2165 1433 2417 1490 nondum
2459 1434 2848 1504 pervenissent
2883 1438 3124 1505 aetatem,
3167 1433 3286 1488 haec
3317 1431 3592 1501 perimere
3622 1429 3815 1501 gladio

2162 1521 2418 1592 Spiritus
2457 1522 2839 1578 necessarium
2881 1521 3168 1578 ducimus.
3199 1519 3303 1576 Sed
3333 1519 3392 1574 in
3425 1518 3519 1574 his
3545 1517 3818 1574 omnibus

2165 1611 2284 1668 dux
2313 1611 2480 1668 nobis
2508 1611 2587 1666 sit
2613 1611 2879 1668 Christus
2908 1625 3075 1667 verus
3117 1612 3266 1666 Deus
3291 1612 3502 1676 noster,
3535 1606 3636 1678 qui
3671 1605 3820 1661 illu—

2083 1683 2136 1744 Β
2169 1701 2352 1755 minat
2370 1713 2589 1754 omnem
2612 1699 2896 1755 hominem
2923 1699 3240 1755 venientem
3277 1697 3336 1752 in
3361 1696 3512 1752 hunc
3539 1693 3816 1750 mundum

2166 1788 2340 1859 (Joan.
2371 1787 2408 1859 ι)
2448 1789 2548 1859 qui
2579 1788 2738 1844 solus
2777 1787 3104 1843 intellectus
3133 1791 3219 1842 est
3245 1787 3336 1856 pie
3363 1781 3816 1856 intelligentium

2167 1885 2223 1934 et
2267 1879 2706 1948 intellectorum,
2756 1883 2814 1932 et
2853 1889 3038 1932 sermo
3066 1875 3384 1932 dicentium
3423 1877 3480 1929 et
3503 1872 3818 1942 dictorum,

2169 1969 2269 2040 qui
2317 1967 2508 2024 omnia
2535 1965 2803 2022 omnibus
2844 1970 2901 2020 et
2932 1968 3018 2021 est
3056 1968 3114 2019 et
3140 1963 3404 2033 efﬁcitur;
3432 1963 3533 2032 qui
3564 1961 3664 2016 dat
3693 1960 3827 2015 lin-

2168 2071 2334 2129 gnam
2395 2055 2721 2126 disciplina:
2772 2054 3148 2127 cOgnoscendi
3189 2067 3320 2108 cum
3363 2055 3586 2122 Oportet
3625 2050 3828 2106 dicere

2165 2147 2418 2202 verbum.
2452 2145 2771 2201 Declaratio
2799 2145 2952 2200 enim
2989 2156 3314 2200 sermonum
3343 2143 3469 2212 ejus
3495 2139 3818 2210 illuminat,

2166 2241 2223 2290 et
2267 2235 2616 2290 intellectum
2661 2235 2760 2290 dat
2795 2233 3052 2304 parvulis
3082 2231 3190 2303 (Ps.
3237 2229 3472 2303 cxvui);
3528 2233 3824 2300 quatenus

2167 2323 2524 2380 mendacium
2555 2322 2820 2393 pellatur,
2851 2326 2908 2377 et
2927 2322 3137 2377 veritas
3168 2321 3414 2376 introeat
3437 2317 3705 2374 omnibus
3731 2317 3830 2373 lu-

2164 2412 2292 2468 cide
2315 2426 2380 2467 ac
2423 2411 2719 2482 splendide
2767 2409 2992 2482 fulgens
3023 2429 3035 2465 :
3070 2423 3239 2480 quam
3281 2408 3512 2479 pietatis
3539 2407 3827 2462 zelatores

2164 2500 2491 2570 amplexati,
2531 2499 2717 2554 divini
2747 2499 3004 2568 Apostoli
3035 2511 3306 2554 memores
3345 2495 3685 2566 inquientis,
3722 2496 3829 2549 Vae

2163 2591 2299 2644 mihi
2343 2594 2440 2651 est,
2481 2591 2670 2642 sinon
2711 2589 3142 2656 evangelimvero
3181 2585 3230 2641 (Ι
3269 2587 3385 2642 Cor.
3433 2585 3558 2656 1x);
3606 2584 3831 2640 debent

2165 2679 2290 2748 ejus
2321 2683 2377 2733 et
2405 2678 2663 2734 advocati
2707 2682 2764 2732 et
2793 2681 3142 2747 protectores
3169 2689 3293 2732 esse
3331 2675 3690 2731 mendacium
3724 2688 3830 2729 re-

2165 2767 2526 2838 darguentes,
2560 2771 2616 2822 et
2653 2765 2831 2822 funda
2861 2765 3108 2836 spiritus
3134 2765 3470 2835 lapidantes.
3500 2763 3667 2832 Unde
3698 2767 3827 2818 tam

2167 2856 2480 2912 secundum
2501 2855 2848 2926 Scripturas,
2882 2868 3050 2924 quam
3085 2867 3268 2910 mores
3297 2855 3548 2923 Patrum,
3581 2857 3832 2907 scruta-

2168 2943 2366 2998 biliter
2406 2957 2471 3000 ac
2502 2942 2855 3015 syllogistice
2883 2947 3080 2999 contra
3115 2941 3481 3012 stultiloquia
3501 2941 3828 3010 venientes,

407 3025 701 3098 pientibus
725 3023 994 3080 aﬁ'atibus
1033 3020 1144 3096 [Gr,
1185 3023 1784 3100 contradictionibus],
1832 3031 1888 3082 et
1925 3027 2057 3083 dis—
2087 3013 2139 3078 C
2169 3033 2482 3092 secundum
2522 3013 2764 3088 Phin'ees
2791 3045 3058 3088 mucrone
3087 3031 3351 3102 spiritus,
3395 3043 3506 3086 una
3533 3029 3832 3102 redargu-

405 3115 564 3186 cerpi
607 3113 857 3171 fortibus
881 3111 1346 3186 refutationibus)
1379 3131 1392 3168 :
1419 3127 1588 3184 quam
1618 3119 1675 3170 et
1713 3115 2058 3186 subjicimus

405 3205 477 3260 ad
503 3204 652 3275 quod
696 3201 994 3274 placuerit.

477 3293 680 3349 Sancta
710 3292 962 3364 synodus
983 3291 1138 3348 dixit
1165 3309 1180 3346 :
1215 3293 1474 3365 Legatur.

477 3384 720 3440 Joannes
748 3383 862 3438 Deo
907 3380 1178 3438 amabilis
1214 3381 1494 3438 diaconus
1522 3383 1900 3440 sanctissimae
1931 3399 2062 3440 ma-

409 3471 858 3547 gnae-Ecclesiae
910 3471 1504 3544 Constantinopoleos,
1555 3475 1613 3528 et
1655 3473 2056 3544 cancellarius,

407 3562 567 3634 legit,

410 3703 656 3766 REFU
657 3702 758 3763 TA
771 3699 904 3783 T10
961 3700 1087 3780 ejus
1157 3718 1290 3783 quae
1324 3701 1700 3783 Δνρξετιινείηαια
1733 3711 1792 3762 et
1821 3703 2058 3783 fallaci-

494 3793 583 3842 ter
605 3861 620 3863 _
669 3778 1024 3863 nominata;
1059 3788 1140 3863 est
1168 3778 1196 3863 ί
1227 3778 1488 3863 deﬁnitio
1579 3799 1617 3840 α
1703 3778 2062 3863 congregata

497 3861 670 3921 turba
698 3878 896 3920 eorum
919 3857 1024 3938 qui
1046 3857 1410 3920 Christianos
1441 3869 1735 3921 accusant.

962 3990 1192 4046 TOMUS
1216 3991 1488 4046 PRIMUS.

487 4101 726 4158 Gratum
754 4101 844 4156 est
877 4112 1099 4168 semper
1125 4099 1344 4156 odienti
1373 4101 1634 4157 homines
1670 4102 1913 4160 daemoni
1947 4109 2060 4162 tam

414 4207 448 4250 a
473 4191 589 4246 Deo
611 4201 892 4260 separare,
922 4201 1090 4260 quam
1123 4188 1548 4259 multiplicibus
1565 4189 1760 4247 fallere
1782 4193 2064 4250 seductio-

416 4281 590 4340 nibus
623 4278 908 4335 hominem
940 4277 1040 4348 qui
1071 4277 1139 4334 ad
1175 4277 1480 4350 imaginem
1511 4279 1611 4334 Dei
1641 4278 1825 4336 factus
1853 4287 1972 4337 est:
2008 4287 2066 4338 et

2169 3121 2348 3177 tionis
2373 3121 2536 3193 plaga
2567 3120 2734 3177 facile
2757 3121 2860 3178 hos
2885 3121 2984 3192 qui
3015 3120 3130 3176 sibi
3155 3120 3212 3175 in
3238 3119 3340 3176 hac
3373 3119 3662 3189 impietate
3689 3133 3833 3176 con-

2169 3209 2383 3284 globati
2423 3213 2577 3280 sunt,
2623 3209 2798 3266 simul
2836 3222 3084 3280 pungere
3114 3209 3398 3279 studeant,
3430 3213 3488 3264 et
3518 3207 3829 3264 mendaces

2172 3312 2270 3370 per
2293 3298 2609 3355 evidentem
2655 3297 3072 3354 exhibitionem
3102 3297 3332 3370 linguas
3360 3310 3556 3352 eorum
3587 3297 3830 3353 cunctis

2169 3388 2470 3444 ostendant
2485 3388 2726 3458 {quippe
2748 3401 2873 3459 qua:
2898 3391 2954 3442 et
2968 3391 3166 3442 contra
3197 3386 3461 3442 notitiam
3489 3385 3651 3441 unici
3679 3386 3826 3441 Filii

2166 3476 2291 3546 Dei,
2321 3481 2379 3530 et
2413 3482 2614 3532 contra
2650 3475 2960 3530 Ecclesiam
2987 3475 3113 3544 ejus
3140 3474 3319 3542 elatae,
3362 3477 3419 3530 et
3444 3473 3830 3544 iniquitatem

2171 3565 2231 3619 in
2255 3563 2539 3620 excelsum
2569 3563 2986 3620 incarnationis
3009 3563 3196 3634 ipsius
3219 3563 3423 3620 locutae
3449 3568 3622 3619 sunt:
3651 3566 3714 3616 et
3745 3562 3833 3618 ita

2169 3653 2396 3709 demum
2421 3653 2706 3723 disruptis
2721 3653 2972 3710 vinculis
2995 3667 3189 3710 eorum
3208 3652 3399 3726 gladio
3419 3652 3687 3723 spiritus,
3722 3652 3830 3722 qui

2169 3745 2255 3798 est
2287 3742 2526 3798 Verbum
2557 3743 2658 3798 Dei
2683 3741 2896 3814 (Ephes.
2926 3743 3024 3815 γι),
3051 3747 3106 3798 et
3129 3742 3388 3812 deposito
3413 3742 3552 3812 jugo
3581 3741 3836 3796 indisci-

2171 3830 2736 3902 plinationiseorum,
2753 3832 3001 3904 tegmina
3013 3831 3396 3887 versutiarum
3411 3831 3668 3900 ipsorum
3692 3845 3839 3887 om-

2171 3919 2345 3976 nibus
2376 3918 2676 3976 manifesta
2696 3921 3053 3976 constituant
3083 3939 3094 3974 :
3137 3920 3273 3990 quia
3302 3919 3578 3975 Dominus
3611 3919 3838 3977 derisit

2171 4020 2287 4071 eos,
2315 4013 2371 4073 et
2397 4008 2772 4064 subsannavit
2786 4022 2906 4079 eos,
2925 4011 2982 4063 et
3006 4008 3273 4078 loquetur
3292 4008 3360 4064 ad
3383 4021 3480 4063 eos
3502 4007 3561 4062 in
3581 4007 3670 4063 ira
3694 4022 3833 4077 sua,

2171 4097 2406 4153 dicens:
2441 4098 2762 4152 Disceditea
2789 4114 2891 4162 me,
2915 4113 3025 4152 non
3061 4099 3189 4152 novi
3215 4113 3308 4152 vos
3344 4095 3553 4168 (Matth.
3589 4097 3714 4170 vn).
3751 4100 3841 4155 De

2173 4186 2386 4256 quibus
2440 4187 2611 4242 etiam
2654 4201 2752 4256 per
2791 4187 3121 4257 prophetam
3163 4186 3461 4242 Jeremiam
3501 4186 3784 4255 praedixit
3821 4208 3836 4243 :

2171 4277 2331 4330 Falso
2361 4277 2636 4346 prophetae
2657 4278 3030 4330 vaticinantur
3055 4277 3114 4329 in
3133 4278 3346 4330 nomine
3371 4291 3484 4330 meo
3514 4295 3532 4330 :
3559 4291 3670 4329 non
3702 4279 3846 4331 misi

413 4371 498 4429 nil
536 4369 589 4425 ei
614 4367 796 4439 magis
823 4365 1209 4422 sollicitudini
1241 4371 1296 4420 et
1313 4366 1507 4422 studio
1534 4371 1640 4438 est,
1665 4381 1832 4438 quam
1863 4369 2063 4440 pietati
2091 4355 2147 4418 Β
2175 4381 2280 4430 eos,
2305 4371 2356 4419 et
2395 4381 2503 4418 non
2528 4367 2766 4436 praecepi
2801 4368 2898 4428 eis,
2947 4382 3119 4434 neque
3157 4367 3364 4420 locutus
3405 4380 3526 4420 sum
3568 4365 3648 4419 ad
3691 4381 3791 4422 eos
3821 4385 3842 4421 .-

419 4462 704 4528 resistere,
733 4460 791 4512 et
826 4455 1228 4512 ecclesiasticae
1266 4454 1423 4524 pacis
1447 4460 1752 4513 concutere
1781 4459 2056 4518 ordinem.

302 4617 318 4625 ‘
416 4547 576 4616 Quod
601 4547 774 4604 etiam
813 4549 870 4601 et
907 4545 966 4600 in
1017 4543 1370 4613 temporibus
1412 4543 1629 4600 nostris
1670 4549 1924 4604 ostendit
1967 4564 2066 4620 per

415 4635 865 4694 conciliabulum
893 4632 1199 4705 quoddam,
1230 4632 1290 4687 in
1315 4647 1429 4704 quo
1461 4633 1560 4704 qui
1581 4639 1904 4708 congregati
1929 4643 2065 4694 sunt

417 4725 683 4794 subjecta:
743 4722 994 4778 materia:
1040 4717 1180 4794 [αντη
1233 4722 1614 4792 expositionis
1655 4733 1915 4782 auctores
1959 4723 2056 4801 ef].

413 4828 677 4872 suasores
724 4816 860 4867 sunt
913 4808 1118 4878 eﬁ‘ecti,
1172 4813 1228 4865 et
1283 4811 1586 4882 septimum
1648 4820 1824 4870 semet
1887 4814 2063 4870 ditia-

415 4906 710 4960 maverunt
753 4913 876 4955 esse
913 4899 1246 4969 concilium,
1287 4900 1532 4970 simplex
1556 4905 1613 4957 et
1639 4904 1866 4960 cunctis
1889 4903 2063 4974 agni—

411 4998 536 5050 tum
583 4991 730 5062 quod
771 4991 856 5044 est
897 4987 1169 5044 adversus
1211 4987 1366 5044 idola
1392 4991 1611 5064 odium,
1647 4993 1823 5048 veluti
1854 5009 2064 5064 quam—

409 5083 540 5139 dam
573 5081 632 5136 in
664 5081 828 5134 hamo
857 5078 1238 5134 seductoriam
1277 5091 1460 5134 escam
1506 5080 1860 5154 objicientes,
1894 5100 2062 5142 exse-

409 5173 763 5226 cramentum
805 5179 974 5223 suum
1027 5180 1058 5221 e
1102 5167 1393 5224 contrario
1439 5179 1817 5240 proponentes
1859 5180 2059 5232 contra

409 5255 745 5330 imaginales
809 5255 1021 5327 ﬁguras
1084 5252 1220 5330 [Gr.,
1285 5260 1340 5312 et
1387 5271 1455 5312 ex
1497 5272 1691 5315 eorum
1737 5261 2059 5330 rejicientes

409 5348 468 5404 in
496 5345 832 5417 imaginales
857 5342 1352 5420 ﬁg.],subripuere
1377 5348 1789 5416 simpliciores:
1816 5355 1872 5404 et
1895 5353 2061 5408 anti—

2173 4456 2430 4510 visionem
2476 4455 2784 4508 mendacem
2827 4459 2878 4508 et
2908 4455 3297 4508 divinationem
3331 4454 3757 4522 fraudulentam
3788 4460 3846 4510 et

2175 4543 2536 4598 seductionem
2583 4544 2761 4597 cordis
2805 4545 2894 4598 sui
2927 4544 3304 4613 prophetizant
3345 4543 3494 4598 vobis
3524 4539 3650 4612 (Jer.
3701 4557 3843 4614 xlv,

2174 4631 2362 4704 χχιιι).
2409 4632 2627 4688 Idcirco
2660 4638 2830 4689 erunt
2860 4633 3095 4704 projecti
3139 4633 3199 4688 in
3231 4633 3346 4690 viis
3395 4631 3734 4702 Jerusalem,
3777 4634 3846 4689 id

2171 4728 2277 4793 est,
2308 4721 2574 4776 Ecclesiae
2603 4723 2928 4794 catholicae;
2951 4729 3007 4778 et
3035 4723 3392 4780 conculcatio
3417 4721 3688 4778 omnibus
3725 4724 3847 4794 qui

2172 4815 2264 4886 pie
2286 4813 2846 4884 Deumfconﬁtentur.
2871 4815 3129 4884 Laqueus
3147 4815 3300 4870 enim
3327 4813 3496 4870 fortis
3518 4815 3644 4870 viro
3670 4815 3851 4872 labia

2171 4919 2294 4978 sua,
2327 4911 2383 4960 et
2411 4905 2638 4974 capitur
2665 4903 3026 4959 sermonibus
3059 4903 3180 4959 oris
3218 4903 3330 4960 sui.
3365 4903 3692 4960 Retributio
3715 4918 3856 4962 au—

2172 5000 2283 5051 tem
2311 4994 2592 5050 labiorum
2617 4994 2742 5063 ejus
2760 4992 2995 5049 dabitur
3021 4993 3074 5048 ei
3108 4993 3421 5062 impietatis
3449 4993 3700 5064 argutio.
3733 4994 3856 5049 Ait

2171 5084 2322 5140 enim
2342 5083 2617 5149 :Arguam
2647 5087 2714 5143 te,
2743 5087 2792 5135 et
2815 5086 3052 5136 statuam
3081 5087 3268 5136 contra
3304 5083 3500 5150 faciem
3528 5087 3681 5136 tuam
3706 5099 3859 5151 pec-

2135 5178 2294 5226 .cata
2341 5175 2437 5224 tua
2497 5169 2660 5238 (Psal.
2734 5171 2899 5243 xmx).
2947 5172 3016 5226 Et
3065 5171 3294 5240 quidem
3331 5183 3504 5240 super
3569 5169 3666 5226 his
3716 5172 3856 5229 ista

2166 5261 2386 5316 dixisse
2423 5258 2686 5316 sufﬁciat.
2725 5259 2804 5314 Ne
2847 5273 2976 5314 vero
3024 5259 3268 5329 prolixis
3295 5257 3655 5316 anfractibus
3686 5276 3860 5331 pro-

2167 5349 2462 5422 longemus
2491 5362 2826 5420 sermonem,
2852 5349 3197 5418 propositam
3219 5349 3369 5404 viam
3393 5349 3854 5422 continuantes,

407 5435 745 5508 quissimam
774 5433 932 5490 illam
957 5438 1013 5489 et
1031 5442 1357 5506 corruptam
1379 5449 1590 5505 vocem,
1609 5435 1892 5494 idolorum
1906 5441 2057 5497 vide-
2163 5440 2234 5496 ad
2255 5440 2686 5512 redargutiones
2708 5454 2777 5494 ex
2804 5439 2928 5510 ipsa
2952 5438 3440 5509 superscriptione
3465 5438 3698 5494 verbum
3740 5439 3866 5499 fa-

343 5527 356 5535 ‘
402 5523 540 5581 licet
567 5523 873 5594 culturam,
912 5522 1120 5579 iterum
1161 5521 1525 5593 fabricantes,
1553 5538 1652 5594 per
1682 5540 1848 5596 quam
1881 5528 1924 5584 ii
1950 5529 2048 5600 qui

2163 5529 2402 5585 ciamus.
2424 5531 2615 5598 Neque
2641 5528 2794 5584 enim
2819 5527 2990 5584 aliter
3011 5525 3213 5584 horum
3241 5527 3642 5597 vaniloquium
3669 5527 3863 5598 igna-
