4010 6160
222 222 312 282 377
953 216 1495 275 INTERPRETATIO
1531 213 1779 272 SYNODI
1816 210 1909 267 VH
1947 212 2350 269 GENERALIS.
2375 244 2447 255 -—
2482 214 2684 270 ACTIO
2731 216 2813 271 VI.

3468 216 3577 275 378

220 363 329 405 vum
354 350 403 401 et
431 343 739 401 maledictis
768 340 1035 399 refertum
1069 342 1291 399 ostendi
1330 343 1558 415 poterit,
1593 341 1707 398 nisi
1742 354 1822 397 re-
1846 344 1899 401 Α
1936 346 2385 395 connumeratur
2412 340 2574 396 Sicut
2620 341 2773 395 enim
2805 340 2853 396 si
2888 342 3022 411 quis
3050 355 3145 397 sex
3181 355 3386 398 aureos
3418 359 3574 400 more

219 434 509 507 darguendo
543 446 665 488 cum
698 432 799 486 Dei
830 431 1182 501 aspiratione
1214 432 1488 487 adversus
1512 445 1609 487 eos
1638 430 1817 486 aciem

219 536 593 597 praeparemus:
648 533 817 575 unam
855 519 998 590 ipsis
1040 519 1387 589 acquisituri
1420 519 1720 591 cautelam,
1754 524 1819 574 ut

215 612 443 668 videlicet
471 609 611 664 nihil
645 610 867 664 noviter
896 609 1019 664 sine
1058 609 1224 665 nobis
1252 614 1421 681 agant
1469 622 1536 663 ex
1570 609 1661 663 his
1692 622 1816 678 qua:

214 703 336 774 [Gr.,
359 712 515 755 unam
539 697 702 753 nobis
722 697 1084 768 acquirentes
1106 702 1257 753 caut.
1285 703 1349 753 ut
1369 698 1635 752 videlicet
1666 695 1816 751 nihil

212 806 237 846 a
262 789 404 845 nobis
434 788 730 842 innovetur
766 800 834 842 ex
865 787 957 842 his
996 787 1150 857 quae]
1181 787 1250 842 ad
1286 787 1545 842 divinum
1596 786 1816 842 cultum

211 878 454 950 pertinere
478 880 823 931 noscuntur:
855 876 949 930 sed
984 875 1166 945 magis
1194 875 1530 945 apostolicis
1554 879 1609 930 et
1641 881 1819 945 pater-

210 968 283 1022 nis
301 965 553 1019 obediant
579 964 944 1035 [obedimus]
974 964 1356 1034 documentis,
1390 978 1606 1020 necnon
1634 969 1690 1019 et
1718 978 1821 1019 ec—

206 1053 510 1110 clesiasticis
534 1053 841 1109 institutis.
888 1054 1170 1125 Rogamus
1198 1058 1386 1110 autem
1416 1067 1513 1110 eos
1542 1054 1642 1124 qui
1672 1053 1815 1109 hanc

207 1142 391 1198 fuerint
415 1142 604 1211 adepti
641 1141 1008 1212 scripturam,
1038 1156 1152 1211 quo
1180 1155 1301 1196 eam
1333 1141 1727 1198 scrutabiliter
1761 1148 1817 1197 et

206 1245 295 1285 non
330 1230 652 1285 transitorie
684 1230 899 1301 legant:
934 1235 997 1285 ut
1036 1230 1262 1301 liquido
1298 1236 1355 1286 et
1377 1244 1641 1300 expresse
1668 1244 1813 1285 com-

206 1321 448 1389 perientes
489 1318 872 1375 subtilitatem
905 1318 1265 1389 objectionis,
1325 1320 1573 1375 lauream
1609 1318 1817 1391 [victo-

206 1408 355 1462 riam:
396 1407 671 1463 victorias
717 1412 773 1462 et
813 1408 1041 1477 laudes]
1091 1409 1189 1463 Dei
1250 1408 1517 1464 Ecclesiae
1572 1408 1812 1464 solvant.

205 1496 280 1551 Usi
307 1500 431 1551 sunt
456 1500 650 1551 autem
701 1497 995 1565 prommiis
1039 1496 1455 1567 hujuscemodi.

204 1619 448 1688 Grrgorius
466 1623 576 1674 Deo
607 1622 859 1675 amabilis
890 1624 1166 1692 cpiscopus
1208 1625 1557 1679 Ncocwsarizc
1586 1624 1713 1691 legit
1742 1635 1770 1665 τι
1798 1643 1809 1679 :

257 1767 279 1796 ε
312 1746 609 1802 Terminus
637 1754 846 1802 sanctae
869 1760 1081 1818 magna:
1102 1761 1166 1803 ac
1188 1748 1531 1804 universalis
1561 1750 1816 1819 septima:

202 1854 223 1883 ι
264 1836 467 1906 synodi.
506 1856 533 1884 υ

628 1944 864 1998 Joannes
904 1943 1166 1998 diaconus
1198 1946 1352 2013 legit:

248 2067 287 2123 Α
313 2068 603 2124 mendacio
640 2068 989 2140 inchoantes,
1022 2074 1074 2125 et
1127 2084 1223 2140 per
1253 2075 1425 2127 totam
1461 2071 1605 2127 hanc
1646 2071 1821 2127 rebel-

197 2157 312 2213 lium
342 2171 534 2212 vocum
570 2157 879 2213 novitatem
911 2159 1014 2214 hoc
1041 2158 1098 2213 in
1135 2159 1572 2229 epitulationem
1604 2175 1817 2217 assum-

195 2250 287 2316 pto,
304 2246 355 2301 in
375 2246 739 2301 mendacium
754 2245 1821 2304 ﬁnieruntChristianorumcalumnia-

193 2338 333 2390 tores.
365 2335 664 2404 Quomodo
695 2336 845 2390 enim
877 2340 1091 2405 sancta,
1121 2350 1243 2406 quae
1278 2350 1379 2391 nec
1409 2337 1548 2407 quid
1580 2342 1666 2393 est
1694 2352 1817 2394 san-

193 2428 318 2478 ctum
344 2425 397 2478 in
430 2424 671 2479 notione
693 2424 965 2493 suscepit,
992 2425 1304 2493 praesertim
1329 2440 1455 2480 cum
1474 2426 1552 2482 sit
1570 2427 1813 2498 polluta,

192 2510 393 2579 profana
422 2516 477 2566 et
512 2511 911 2567 exsecranda?
954 2512 1043 2567 Illi
1073 2526 1315 2584 namque
1355 2514 1453 2584 qui
1490 2514 1547 2569 in
1580 2529 1643 2571 ea
1687 2529 1816 2571 con-

191 2600 373 2670 gregati
404 2604 566 2669 sunt,
603 2604 669 2654 ut
699 2600 1025 2668 prophetice
1052 2598 1348 2672 fateamur,
1382 2602 1529 2657 inter
1553 2609 1810 2661 sanctum

189 2692 232 2740 et
245 2686 509 2755 pollutum
533 2701 650 2742 non
672 2687 1084 2759 distinxerunt,
1102 2694 1156 2743 et
1177 2688 1326 2743 inter
1344 2690 1616 2745 mundum
1639 2696 1693 2746 et
1714 2692 1814 2747 im-

192 2775 430 2830 mundum
480 2788 605 2830 non
652 2774 1064 2845 discreverunt,
1110 2776 1329 2831 iconam
1384 2777 1663 2834 incarnati
1710 2780 1809 2836 Dei

189 2861 345 2933 Verbi,
375 2863 616 2918 Domini
639 2862 904 2918 videlicet
921 2864 1101 2919 nostri
1121 2865 1251 2920 Jesu
1274 2864 1513 2927 Christi.
1538 2867 1813 2925 similiter

187 2951 468 3007 uticonam
524 2953 767 3021 Satanae,
802 2952 1018 3008 idolum
1072 2957 1483 3023 nuncupantes.
1518 2955 1811 3024 Quomodo

182 3043 338 3094 autem
358 3053 571 3111 magna
592 3045 649 3095 et
671 3040 1033 3110 universalis,
1060 3056 1225 3112 quam
1256 3055 1435 3112 neque
1458 3050 1810 3115 receperunt,

185 3140 336 3198 neque
348 3128 852 3184 concordaverunt
868 3129 1222 3200 reliquarum
1250 3132 1523 3201 praasules
1541 3134 1817 3190 Ecclesia-

184 3230 305 3287 mm,
330 3218 422 3273 sed
454 3232 486 3273 a
508 3217 819 3273 nathemati
854 3206 999 3273 hanc
1028 3220 1521 3276 transmiserunt?
1562 3224 1683 3277 Non
1716 3222 1815 3278 ha-

186 3303 292 3360 buit
310 3308 456 3362 enim
473 3307 551 3363 ad
554 3308 578 3376 j
588 3312 808 3362 utorem
836 3306 1002 3363 illius
1026 3309 1300 3378 temporis
1320 3310 1700 3366 Romanorum
1729 3325 1818 3380 pa-

189 3406 311 3466 pam,
338 3396 421 3451 vel
453 3408 559 3451 eos
604 3394 709 3465 qui
738 3394 890 3451 circa
932 3396 1119 3465 ipsum
1165 3404 1300 3452 sunt
1342 3399 1681 3469 sacerdotes,
1715 3411 1816 3454 nec

186 3483 330 3538 etiam
369 3497 467 3554 per
497 3484 758 3543 vicarios
791 3485 937 3554 ejus,
978 3498 1160 3556 neque
1195 3501 1294 3556 per
1327 3487 1673 3558 encyclicam
1701 3488 1818 3559 epi-

189 3571 381 3645 stolam,
423 3572 912 3644 quemadmodum
954 3574 1044 3629 lex
1072 3575 1254 3630 dictat
1284 3576 1681 3632 conciliorum.
1707 3577 1811 3633 Sed

188 3673 269 3716 nec
290 3663 716 3718 consentientes
749 3662 860 3717 sibi
894 3664 1249 3732 patriarchas
1280 3665 1553 3736 Orientis,
1582 3666 1817 3722 Alexan-

187 3748 305 3804 driae
344 3751 596 3820 scilicet,
650 3750 988 3822 Antiochiae,
1042 3766 1108 3807 ac
1151 3759 1361 3809 sanctae
1408 3754 1684 3825 civitatis,
1728 3754 1813 3810 vel

187 3841 599 3897 comministros
626 3845 683 3895 et
705 3855 959 3897 summos
987 3844 1327 3914 sacerdotes,
1360 3845 1459 3914 qui
1492 3859 1620 3900 cum
1672 3845 1818 3914 ipsis

187 3926 433 3983 existunt.
489 3931 633 3985 Vere
686 3927 879 3985 fumus
907 3930 1156 4003 caligine
1186 3931 1407 4003 plenus,
1440 3933 1816 3989 obtenebrans

185 4015 357 4072 oculos
384 4017 759 4085 stolidorum,
783 4022 869 4074 est
897 4032 1081 4074 sermo
1101 4033 1317 4091 eorum,
1346 4026 1402 4077 et
1432 4036 1543 4078 non
1585 4023 1815 4079 lucerna

188 4104 347 4169 posita
366 4120 546 4176 super
576 4106 1002 4176 candelabrum,
1027 4114 1090 4163 ut
1113 4108 1403 4165 illuminet
1423 4112 1692 4168 omnibus
1712 4113 1812 4183 qui

189 4191 236 4246 in
260 4193 421 4249 domo
474 4201 619 4268 sunt
646 4194 859 4263 (Matth.
895 4196 979 4267 v):
1032 4212 1133 4266 pro
1160 4212 1225 4253 eo
1271 4200 1420 4269 quod
1467 4200 1725 4257 localiter
1756 4201 1816 4256 in

186 4278 377 4352 abdito,
409 4289 468 4337 et
499 4296 615 4338 non
645 4297 818 4353 super
865 4285 1219 4341 orthodoxiaz
1248 4292 1492 4342 montem
1518 4290 1673 4345 dicta
1702 4288 1820 4345 fue-

1927 441 2124 483 versus
2170 428 2417 489 ordinet.
2466 428 2672 483 deinde
2718 434 2963 498 apponat
3004 442 3221 485 aeneum
3253 444 3569 503 nummum,

1927 516 2230 585 septimum
2249 516 2399 572 hunc
2417 517 2895 586 propteralterius
2918 516 3168 572 materia:
3193 518 3572 576 substantiam

1928 604 2255 663 nullatenus
2301 606 2705 676 appellaverit;
2746 606 3032 676 siquidem
3064 620 3266 662 aurum
3321 609 3486 664 multi
3519 615 3574 666 et

1929 696 2164 766 pretiosi
2192 696 2481 751 metallum
2507 701 2592 752 est
2616 695 2920 765 commodi,
2948 710 3024 751 {BS
3043 708 3172 751 vero
3203 696 3314 751 vile
3343 700 3397 751 et
3417 697 3577 754 inho«

1929 785 2224 841 norabiie:
2259 788 2338 840 Ita
2363 790 2419 840 et
2451 786 2567 840 haec
2600 799 2729 841 cum
2769 798 3004 840 aureum
3038 785 3119 840 vel
3168 785 3480 854 pretiosum
3515 787 3571 842 in

1925 874 2289 947 dogmatibus
2327 874 2475 930 nihil
2511 874 2730 945 habeat,
2764 873 2859 929 sed
2893 874 2952 928 in
2984 872 3253 929 omnibus
3281 888 3422 929 terea
3455 874 3577 945 [suc

1926 964 2163 1036 baerata]
2201 965 2279 1021 sit
2306 969 2364 1019 et
2410 965 2649 1034 reproba
2693 977 3021 1034 venenoque
3072 962 3366 1020 mortifero
3411 964 3575 1034 plena

1928 1050 2226 1128 [rubigine
2245 1052 2534 1109 mortifera
2548 1053 2564 1122 ]
2580 1052 2989 1109 sacratissimis
3000 1066 3095 1108 sex
3114 1053 3366 1123 synodis,
3381 1053 3576 1109 aureis

1923 1141 2278 1197 carminibus
2294 1141 2538 1212 spiritus
2564 1140 2999 1213 refulgentibus,
3031 1128 3430 1197 connumerari
3464 1154 3574 1197 non

1926 1231 2150 1286 meruit.
2208 1230 2428 1287 Habens
2476 1236 2665 1287 autem
2717 1229 3020 1286 elationem
3066 1231 3191 1300 ejus
3256 1230 3355 1301 qui
3399 1229 3571 1301 dixit,

1923 1321 2128 1374 Ponam
2170 1320 2421 1373 thronum
2464 1335 2638 1373 meum
2684 1334 2853 1389 supra
2896 1318 3063 1372 nubes
3092 1315 3221 1389 (Isa.
3264 1318 3421 1390 XXIV)
3457 1331 3575 1389 per-

1925 1412 2087 1465 sonat
2121 1407 2536 1477 hujuscemodi.

2176 1509 2461 1575 Gregorius
2486 1508 2762 1577 episcopus
2786 1508 3134 1563 Neocaesaria’
3168 1505 3322 1572 legit:

2001 1616 2028 1648 α
2068 1597 2269 1651 Sancta
2308 1610 2506 1668 magna
2536 1600 2591 1652 et
2625 1595 2970 1652 universalis
3013 1594 3283 1665 synodus,
3321 1608 3447 1664 quae
3477 1607 3575 1665 per

1798 1667 1810 1679 ’
1850 1674 1899 1735 Β
1934 1703 1959 1734 ››
2001 1685 2241 1757 gratiam
2268 1686 2368 1741 Dei
2394 1667 2450 1741 et
2481 1684 2799 1756 piissimam
2825 1684 3175 1740 sanctionem
3200 1683 3313 1739 Deo
3346 1683 3576 1739 redimi-

1931 1795 1955 1825 »
2000 1779 2186 1831 torum
2217 1780 2272 1831 et
2301 1774 2747 1831 orthodoxorum
2796 1773 3203 1843 imperatorum
3249 1777 3573 1829 nostrorum

1930 1885 1954 1913 ι)
1995 1864 2355 1920 Constantini
2385 1869 2441 1920 et
2484 1863 2689 1920 Leonis
2730 1867 3067 1941 congregata
3104 1860 3279 1917 estin
3329 1861 3432 1916 hac
3463 1862 3574 1917 Deo

1931 1973 1955 2003 »
1997 1953 2379 2009 conservanda
2405 1953 2560 2024 regia
2586 1952 2745 2022 urbe,
2782 1952 2840 2007 in
2870 1951 3108 2007 colendo
3133 1950 3341 2020 templo
3366 1954 3573 2005 sancta:

1931 2063 1957 2093 »
2004 2058 2069 2100 ac
2088 2045 2469 2099 intermerataa
2492 2042 2739 2098 domina:
2760 2045 2969 2096 nostrae
2988 2040 3086 2095 Dei
3112 2038 3412 2110 genitricis
3434 2050 3576 2094 sem-

1931 2154 1956 2185 »
2000 2146 2211 2204 perque
2260 2132 2515 2203 Virginis
2562 2131 2771 2201 Mariae,
2830 2128 2979 2200 quod
3023 2127 3417 2198 appellabatur
3455 2125 3575 2180 Bla-

1930 2245 1955 2275 »
1996 2224 2238 2288 chernae,
2271 2220 2533 2277 deﬁnivit
2573 2220 2768 2276 subter
2800 2230 3036 2274 annexa.
3081 2236 3108 2267 »

2377 2331 2611 2383 Joannes
2634 2312 2903 2380 diaconus
2943 2326 3070 2394 legit
3100 2344 3118 2380 :

1994 2430 2051 2485 Si
2078 2442 2176 2499 per
2194 2426 2447 2483 divinam
2475 2424 2715 2497 gratiam
2733 2436 2929 2479 eorum
2947 2424 3309 2496 congregatio
3331 2423 3477 2481 facta
3492 2440 3575 2482 es-

1923 2525 2027 2587 set,
2043 2517 2231 2574 verbis
2243 2528 2368 2586 quaa
2383 2527 2479 2584 per
2492 2513 2586 2569 Dei
2604 2513 2846 2584 gratiam
2861 2512 3016 2567 dicta
3027 2518 3164 2568 sunt
3175 2514 3570 2587 adornaretur,

1920 2614 1977 2665 et
1996 2607 2233 2663 veritate
2247 2604 2448 2673 utique
2462 2600 2549 2657 ref
2552 2601 2768 2673 ulgeret
2782 2619 2797 2669 ;
2814 2601 3082 2671 quoniam
3099 2602 3282 2673 gratia
3297 2603 3433 2659 huic
3445 2619 3574 2661 con-

1915 2701 2114 2774 juncta
2141 2698 2245 2761 est,
2274 2697 2331 2747 et
2353 2703 2645 2761 compares
2671 2689 2785 2745 sibi
2807 2694 2979 2759 atque
3006 2690 3442 2748 contubernales
3462 2694 3577 2749 exi-

1921 2788 2099 2853 stunt,
2125 2786 2365 2837 testante
2409 2780 2621 2835 Joanne
2652 2778 2749 2849 qui
2798 2777 2856 2832 in
2898 2777 3185 2849 theologia
3227 2781 3573 2853 praeminet,

1919 2889 1983 2930 ac
2034 2872 2295 2928 dicente:
2353 2868 2541 2923 Gratia
2587 2871 2636 2920 et
2685 2867 2886 2919 veritas
2932 2882 3036 2936 per
3084 2868 3266 2921 Iesum
3304 2867 3576 2925 Christum

1921 2966 2072 3031 facta
2114 2964 2195 3015 est
2236 2956 2412 3029 (Joun.
2463 2956 2520 3027 ι).
2558 2954 2668 3024 Ipsi
2701 2968 2834 3024 ergo
2882 2954 3177 3009 veritatem
3230 2955 3570 3027 deserentes,

1924 3051 1983 3105 in
2011 3062 2122 3120 qua
2153 3046 2412 3103 Salomon
2452 3043 2733 3116 gloriatur
2760 3042 2989 3098 dicens:
3031 3044 3321 3097 Veritatem
3353 3047 3577 3100 medita-

1926 3138 2073 3192 bitur
2112 3140 2303 3204 guttur
2332 3149 2507 3187 meum
2549 3130 2723 3202 (Prov.
2762 3131 2911 3202 Vill):
2961 3136 3017 3186 et
3048 3133 3405 3188 mendacium
3446 3148 3576 3191 am-

1927 3227 2250 3297 plectentes,
2282 3236 2313 3277 a
2352 3222 2536 3294 gratia
2567 3220 2947 3291 proculdubio
2979 3220 3315 3277 exciderunt
3351 3219 3567 3291 (Coloss.

1926 3314 2019 3386 1v).
2046 3313 2202 3367 Unde
2230 3324 2329 3365 nec
2359 3324 2544 3365 sermo
2583 3323 2779 3364 eorum
2799 3309 2997 3363 divino
3022 3314 3108 3363 est
3140 3309 3259 3364 sale
3281 3311 3569 3383 conditus,

1926 3407 1989 3458 ut
2013 3402 2109 3457 det
2133 3399 2374 3472 gratiam
2422 3397 2812 3453 audientibus.
2848 3396 2995 3451 Illud
3032 3402 3221 3451 autem
3253 3399 3402 3467 quod
3433 3400 3575 3457 dici-

1925 3497 2038 3561 tur,
2064 3489 2125 3544 in
2144 3486 2454 3543 venerabili
2488 3485 2696 3556 templo
2720 3488 3090 3556 congregatos
3117 3499 3214 3541 eos
3234 3484 3433 3558 fuisse,
3460 3501 3571 3543 non

1923 3585 2009 3635 est
2039 3578 2269 3633 mirum.
2310 3579 2371 3631 In
2408 3576 2514 3631 hoc
2538 3574 2691 3630 enim
2730 3573 2889 3629 nullo
2919 3572 3049 3629 fuco
3081 3573 3566 3632 meliorabuntur:

1926 3665 2399 3739 quemadmodum
2443 3677 2543 3719 nec
2582 3662 2801 3717 Annam
2844 3666 2900 3717 et
2929 3662 3219 3734 Caipham,
3256 3662 3341 3718 vel
3382 3664 3575 3720 iudai-

1925 3771 2056 3813 cum
2080 3769 2275 3811 eorum
2319 3752 2631 3809 concilium
2655 3752 2802 3822 quod
2831 3749 3042 3807 factum
3064 3754 3150 3807 est
3176 3751 3234 3806 in
3254 3751 3567 3823 Christum,

1919 3846 2072 3915 juvit
2093 3844 2241 3915 quod
2275 3842 2335 3897 in
2358 3842 2565 3912 templo
2585 3841 2857 3896 adversus
2885 3854 3012 3897 eum
3047 3840 3281 3895 initium
3320 3845 3406 3895 est
3447 3841 3573 3896 sine

1927 3935 2047 4006 lege
2075 3931 2403 3988 consilium.
2433 3933 2570 3985 Nam
2590 3930 2703 3984 Deo
2731 3929 2911 4001 magis
2931 3928 3285 3984 damnabiles
3322 3928 3577 3984 ostende-

1925 4023 2153 4092 bantur,
2183 4021 2318 4091 quia
2351 4020 2409 4075 in
2458 4019 2601 4076 locis
2637 4019 2853 4075 sanctis
2896 4033 3006 4075 non
3049 4024 3263 4091 sancta,
3305 4018 3401 4075 sed
3452 4020 3574 4076 ini—

1926 4113 2072 4168 mica
2090 4114 2200 4167 Deo
2227 4110 2435 4166 foedera
2464 4108 2819 4181 pepigerunt.
2861 4109 2964 4164 Sed
2994 4109 3212 4165 utinam
3247 4122 3315 4164 ex
3341 4115 3573 4180 paterna

1924 4214 2057 4259 voce
2093 4199 2424 4270 prozemium
2450 4202 2758 4277 sumerent,
2794 4198 3055 4269 Dionysii
3090 4198 3356 4255 videlicet
3382 4200 3575 4256 deilo-

1928 4290 2050 4361 qui,
2123 4288 2576 4357 traditionesque
2623 4287 2811 4357 ipsius
2858 4288 3002 4357 [ατη
3056 4288 3160 4344 Sed
3225 4289 3444 4344 utinam
3511 4293 3575 4346 ut

186 4374 303 4425 runt
325 4370 494 4427 verba
529 4372 808 4441 ipsorum.
855 4376 1046 4444 Neque
1071 4376 1222 4430 enim
1266 4376 1324 4430 in
1355 4390 1576 4433 omnem
1608 4382 1815 4435 terram
1844 4359 1899 4421 D
1927 4359 1994 4439 ex
2109 4398 2160 4454 v,
2192 4398 2273 4453 pr.
2302 4384 2669 4451 sumpserunt
2705 4380 2869 4435 Dion.
2904 4381 2961 4435 d.
2986 4381 3327 4437 traditiones
3348 4395 3575 4452 quoque

189 4470 322 4513 more
377 4461 771 4530 apostolorum
837 4464 1018 4518 exivit
1085 4478 1261 4520 sonus
1329 4480 1546 4539 eorum,
1604 4474 1707 4524 aut
1759 4469 1817 4523 in

188 4544 309 4602 ﬁnes
348 4550 512 4605 orbis
560 4554 727 4605 teme
761 4552 927 4608 verba
970 4567 1165 4610 eorum
1207 4553 1369 4626 (Psal.
1400 4557 1584 4631 xvm),
1630 4574 1819 4630 quem-

187 4636 471 4695 admodum
534 4653 633 4695 sex
680 4646 1003 4698 sanctarum
1068 4649 1123 4699 et
1190 4646 1603 4703 universalium
1658 4664 1819 4720 syno-

186 4726 390 4784 dorum.
460 4732 640 4785 Porro
696 4731 936 4801 septima
993 4735 1295 4803 quomodo,
1359 4750 1483 4805 qua:
1528 4751 1640 4793 non
1689 4753 1819 4795 con-

186 4818 425 4873 cordavit
467 4833 601 4875 cum
643 4822 1092 4890 praecedentibus
1141 4837 1239 4878 sex
1286 4826 1501 4880 sanctis
1552 4841 1618 4881 ac
1663 4841 1823 4884 vene-

190 4908 459 4966 rabilibus
501 4909 789 4980 synodis?
831 4912 1008 4965 Omne
1052 4913 1266 4983 quippe
1306 4915 1632 4984 septimum,
1668 4917 1815 4987 quod

188 4994 347 5052 fuerit
375 4998 729 5069 ordinatum,
758 4999 814 5053 in
841 5002 1249 5070 supputatione
1273 5004 1707 5072 pra-cedentium
1742 5019 1821 5060 re-

190 5098 299 5140 rum
328 5088 688 5158 subsequens
714 5088 879 5144 debet
907 5104 1049 5160 esse,
1085 5105 1250 5161 quam
1296 5092 1443 5161 quod
1477 5106 1672 5149 eorum
1697 5109 1821 5165 qum

189 5175 287 5231 sibi
328 5182 837 5249 connumerantur,
872 5178 1021 5234 nihil
1054 5179 1379 5250 participat,
1414 5181 1663 5251 profecto
1710 5198 1819 5240 non

247 5299 592 5379 aQuidquid
643 5301 966 5379 Gregorius
996 5303 1118 5379 iste
1173 5306 1648 5379 Neocaesariensis
1700 5314 1826 5379 post

313 5369 544 5450 dixisse
568 5378 669 5450 aut
706 5369 910 5450 legisse
954 5374 1048 5429 hic
1090 5375 1388 5450 scribitur.
1426 5378 1480 5432 id
1513 5369 1825 5450 exgsyn'odo

196 5441 281 5497 illa
309 5443 457 5499 falso
504 5445 743 5521 septima
766 5441 923 5521 dicta
967 5452 1290 5521 sumptum,
1325 5448 1441 5521 hic,
1472 5441 1821 5521 confutatur,

194 5526 352 5581 quare
388 5528 457 5570 ea
483 5530 606 5585 qua:
644 5516 739 5571 hic
767 5516 1015 5574 cursivis
1038 5516 1123 5587 (ut
1148 5519 1366 5591 vocant)
1406 5519 1619 5577 litteris
1643 5516 1828 5595 expri-

1929 4471 2143 4545 ipsius]
2175 4477 2345 4541 atque
2366 4469 2622 4526 omnium
2643 4474 2969 4525 sanctorum
2992 4471 3219 4525 Patrum
3248 4476 3571 4527 nostrorum

1929 4562 2291 4631 incorruptas
2343 4563 2650 4616 servarent.
2700 4559 2804 4614 Sed
2871 4572 2981 4614 non
3033 4564 3119 4614 est
3164 4559 3269 4614 hoc
3314 4559 3377 4633 in
3429 4560 3569 4632 illis,

1928 4650 2100 4706 sicuti
2132 4655 2332 4705 caetera
2376 4663 2473 4719 per
2504 4653 2678 4704 totam
2703 4647 3115 4717 expositionem
3147 4662 3343 4705 eorum
3383 4649 3576 4704 mani—

1927 4737 2246 4794 festabunt:
2276 4737 2412 4794 licet
2457 4738 2919 4793 inconvenienter
2953 4738 3011 4792 hi
3058 4738 3157 4809 qui
3200 4737 3343 4795 falsa
3380 4737 3573 4794 ovium

1928 4828 2074 4899 pelle
2110 4828 2539 4897 cooperiuntur,
2599 4827 2669 4882 de
2720 4825 3007 4899 theologia
3056 4825 3443 4898 praefationem
3483 4826 3577 4883 fa—

1927 4919 2103 4989 ciant,
2150 4918 2227 4973 ita
2257 4917 2541 4971 dicentes:

2016 4996 2019 4997 7
2356 5008 2638 5073 Gregorius
2677 5008 2952 5077 cpiscopus
2984 5010 3109 5075 legit
3130 5027 3147 5062 :

2006 5119 2031 5148 ‹‹
2072 5096 2416 5152 Cunctorum
2459 5108 2630 5150 causa
2654 5099 2709 5149 et
2754 5098 3171 5153 consummatio
3200 5099 3402 5167 deitas,
3452 5110 3576 5167 qua:

1936 5207 1961 5236 υ
2004 5185 2194 5241 omnia
2232 5184 2483 5240 bonitate
2508 5198 2611 5240 sua
2640 5198 2708 5240 ex
2755 5199 2865 5241 non
2894 5186 3276 5243 existentibus
3303 5193 3365 5243 ut
3391 5191 3581 5241 essent

1937 5314 2190 5377 muntur,
2250 5314 2387 5365 sunt
2431 5309 2598 5365 verba
2651 5311 2853 5382 synodi
2898 5310 3041 5367 falso
3085 5312 3338 5382 septimae
3386 5310 3576 5382 dictze,

1934 5395 2171 5453 eamque
2216 5382 2587 5453 variationem
2636 5380 2748 5439 nan
2790 5383 3042 5453 honoris,
3089 5380 3580 5439 seddiscretionis

1936 5453 2121 5525 gratia
2149 5452 2269 5508 fieri
2297 5454 2461 5509 scito.
