4010 6160
459 262 564 320 379

1691 276 2052 333 ANASTASII
2102 273 2643 334 BIBLIOTHECARII

3715 291 3803 351 380

402 362 407 374 ’
460 405 487 437 ››
527 387 813 460 exhibuit,
867 391 984 448 haec
1021 396 1220 450 ornate
1261 396 1318 450 et
1360 393 1624 452 ordinate
1651 397 1860 469 agitari
1917 395 2196 454 detlni-A
2225 406 2286 450 se
2315 408 2504 451 vocem
2547 409 2644 466 per
2677 395 3015 469 deiloquum
3057 400 3234 457 David
3262 404 3317 457 et
3342 403 3664 473 psalmistam
3706 425 3807 480 pro-

465 495 490 526 »
532 475 642 532 vit:
693 482 977 548 quatenus
1025 481 1413 538 incolumitati
1465 497 1566 554 per
1613 485 1853 556 gratiam
1899 485 2118 540 denatat
2226 481 2396 538 latam
2429 503 2440 539 :
2470 483 2656 552 Quare
2678 487 2962 544 enarratis
2993 488 3256 557 justitias
3286 505 3448 564 meas,
3479 499 3532 549 et
3555 475 3810 556 assumitis

463 585 486 613 »
530 566 854 637 conjuncta,
917 568 1381 626 indeclinabilem
1436 573 1870 643 perpetuitatem
1935 579 1994 628 et
2033 573 2114 628 in-

458 673 484 702 »
527 653 838 710 ﬂexibilem
864 656 933 712 ad
965 661 1204 730 utraque
1227 664 1432 716 nutum
1457 663 1576 717 veri
1604 667 1790 718 status
1810 662 1963 718 salva
1987 676 2112 718 cus-

459 761 484 790 »
505 795 508 800 ,
529 742 771 799 todiant.
817 762 844 794 »

597 869 940 938 Epiphanius
991 871 1252 926 diaconus
1281 874 1364 944 [et
1399 873 1760 950 cubuclesius]
1805 877 1964 942 legit:

523 973 580 1028 Si
632 974 900 1032 universa
942 984 1202 1034 creatura
1246 994 1278 1036 a
1329 982 1442 1036 Deo
1495 983 1726 1038 condita
1785 984 2001 1054 accepit
2042 997 2110 1040 ex

453 1075 566 1117 non
593 1067 848 1120 exstante
874 1065 1224 1124 subsistendi
1249 1069 1540 1141 virtutem,
1571 1085 1720 1128 nunc
1753 1073 1879 1142 ejus
1910 1073 2112 1144 utique

454 1157 730 1224 praecepto
756 1158 902 1210 mota
937 1160 993 1210 et
1015 1156 1254 1230 directa,
1297 1159 1455 1215 novit
1493 1160 1780 1217 Creatoris
1817 1161 2108 1218 custodire

453 1242 802 1313 mandatum,
851 1246 1120 1315 tanquam
1157 1245 1230 1302 ab
1283 1247 1408 1318 ipso
1451 1262 1679 1320 quoque
1722 1250 2106 1320 provisionem

449 1329 650 1400 adepta
687 1331 808 1386 sive
837 1331 1152 1390 inanimata
1180 1335 1277 1406 sit,
1309 1335 1430 1392 sive
1470 1337 1740 1394 animata.
1772 1339 1886 1410 Ipsi
1916 1344 2104 1396 autem

448 1419 816 1475 traditionem
849 1435 974 1492 qua:
1008 1436 1040 1478 a
1081 1423 1312 1480 Christo
1342 1424 1510 1482 nobis
1537 1425 1594 1480 in
1626 1431 1822 1483 sancta
1851 1427 2104 1484 Ecclesia

447 1521 548 1562 sua
577 1508 647 1563 ad
691 1509 1138 1566 recordationem
1169 1511 1482 1570 salutiferae
1509 1514 1960 1584 dispensationis
1985 1532 2104 1573 suae

445 1594 576 1652 data
617 1601 721 1669 est,
749 1599 1230 1656 anathematizare
1273 1609 1778 1674 praesumpserant,
1825 1605 2106 1676 ignoran-

445 1689 530 1741 tes
561 1686 710 1756 quod
763 1687 912 1742 nihil
960 1701 1156 1745 eorum
1201 1705 1327 1761 qua:
1371 1691 1428 1746 in
1477 1692 1577 1748 illa
1619 1699 1776 1763 sunt,
1807 1693 1934 1750 sine
1979 1695 2104 1765 ipso
2134 1716 2188 1778 Β

445 1772 622 1830 fuerit
651 1773 892 1842 factum;
926 1782 982 1832 et
1011 1779 1395 1836 ostenduntur
1427 1781 1766 1838 inanimatis
1795 1783 2107 1840 insensibi-

442 1862 640 1935 liores,
672 1870 728 1920 et
765 1864 1270 1924 irrationabilibus
1303 1869 1830 1927 irrationabiliores
1860 1890 1872 1926 :
1902 1878 1958 1927 et
1986 1887 2098 1928 non

441 1951 625 2006 solum
664 1952 800 2024 haec,
829 1954 924 2008 sed
961 1958 1016 2009 et
1046 1955 1185 2010 bene
1225 1971 1284 2011 se
1307 1971 1538 2013 currere
1571 1958 1940 2030 arbitrantes,
1979 1960 2104 2016 lin-

441 2052 606 2110 guam
636 2039 696 2094 in
735 2041 925 2108 pravis
956 2043 1319 2099 sermonibus
1347 2051 1404 2100 et
1427 2045 1794 2118 dogmatibus
1829 2047 1954 2104 suis
1983 2047 2102 2104 fal—

441 2127 616 2183 lacem
659 2128 1072 2202 demonstrant,
1120 2137 1374 2188 sanctam
1415 2134 1517 2188 Dei
1569 2135 1879 2192 Ecclesiam
1923 2137 2099 2193 idolis

437 2215 699 2272 adornati
733 2217 1130 2289 perhibentes;
1155 2227 1327 2291 atque
1359 2223 1717 2278 mendacium
1751 2238 1906 2294 spem
1933 2239 2094 2282 suam

442 2309 737 2374 ponentes,
769 2305 838 2360 ad
869 2319 991 2362 eam
1024 2306 1360 2377 proferunt:
1410 2310 1544 2365 Vias
1576 2316 1704 2366 tuas
1730 2313 1881 2368 scire
1921 2314 2096 2370 nolu-

438 2404 566 2446 mus
588 2389 722 2462 (Job.
773 2392 913 2466 xxi),
967 2407 1150 2465 neque
1178 2397 1474 2466 antiquam
1523 2399 2092 2472 traditionem-sequi

438 2479 836 2548 proponimus.
870 2483 942 2538 Et
973 2482 1204 2552 quidem
1234 2485 1474 2540 audient
1499 2499 1533 2542 a
1578 2485 1810 2544 Christo
1840 2489 1940 2558 qui
1971 2502 2094 2544 eam

435 2565 742 2623 fundavit:
804 2571 996 2625 Nescio
1055 2586 1150 2625 vos
1206 2569 1418 2642 (Matth.
1480 2587 1582 2644 vn,
1637 2575 1816 2647 xxv);
1870 2575 2096 2649 fingunt

435 2659 624 2710 autem
657 2669 718 2713 se
745 2656 1040 2714 diabolum
1073 2659 1450 2732 triumphare,
1472 2662 1730 2719 dicentes
1757 2663 1874 2720 ita:

683 2779 974 2847 Gregorius
995 2783 1276 2854 episcopus
1295 2785 1646 2840 Neocazsariw
1669 2787 1797 2855 legit
1822 2805 1835 2842 :

507 2923 533 2955 α
573 2903 719 2972 Quia
766 2918 897 2962 vero
946 2905 1041 2962 hic
1082 2907 1182 2977 qui
1223 2907 1294 2964 ob
1328 2908 1576 2978 priorem
1620 2911 1940 2969 claritatem
1971 2915 2092 2971 Lu—

435 3009 461 3040 »
503 2989 648 3047 cifer
689 2991 884 3050 dictus
933 2999 1038 3067 est,
1093 2997 1389 3066 pr0prium
1420 2999 1680 3054 ordinem
1723 3000 1877 3056 circa
1913 3003 2087 3058 Deum

435 3097 460 3128 »
503 3079 844 3137 collocatum
904 3081 1134 3154 habens,
1197 3090 1253 3140 et
1307 3085 1366 3140 in
1414 3087 1702 3143 excelsum
1751 3094 1947 3146 contra
1995 3089 2092 3146 fa-

434 3185 460 3216 »
503 3172 714 3225 ctorem
757 3185 925 3227 suum
977 3185 1206 3229 sensum
1266 3175 1596 3248 extendens,
1657 3177 1902 3234 tenebra:
1951 3179 2088 3236 hinc

433 3276 459 3306 »
501 3271 630 3314 cum
659 3260 974 3328 apostatica
1015 3261 1230 3318 virtute
1272 3277 1376 3318 sua
1415 3260 1604 3320 factus
1631 3269 1738 3338 est,
1779 3270 1836 3322 et
1861 3281 1932 3322 ex
1955 3267 2088 3340 glo—

432 3363 458 3394 ››
503 3345 844 3418 riosissima,
897 3347 1080 3404 lucem
1119 3347 1382 3421 faciente,
1428 3356 1485 3407 et
1530 3367 1703 3424 super
1739 3354 1924 3412 lucem
1970 3357 2086 3412 exi-

431 3456 456 3486 »
499 3442 681 3494 stente
719 3437 819 3494 Dei
869 3437 1298 3508 principalitate
1355 3445 1557 3510 sponte
1608 3443 1836 3515 cadens,
1895 3445 2084 3502 omnis

430 3547 455 3577 ››
501 3527 736 3583 malitiae
792 3527 1090 3585 ultroneus
1149 3525 1331 3584 factor
1384 3534 1442 3585 et
1499 3531 1762 3588 inventor
1797 3547 1864 3589 ac
1909 3535 2084 3606 magi-

430 3635 454 3666 »
496 3621 613 3672 ster
653 3617 941 3686 apparuit,
974 3619 1030 3671 et
1072 3615 1385 3673 oll‘uscatus
1413 3621 1501 3672 est
1533 3637 1548 3688 ;
1591 3633 1703 3675 non
1727 3619 1914 3676 ferens
1932 3623 2083 3692 aspi-

429 3724 454 3754 »
493 3717 622 3760 cere
664 3704 950 3758 hominem
985 3717 1018 3758 a
1059 3704 1172 3760 Deo
1218 3709 1471 3760 creatum
1505 3721 1605 3776 pro
1639 3721 1704 3762 eo
1749 3708 1807 3764 in
1836 3709 2078 3782 gloriam

428 3813 452 3843 ι›
499 3793 916 3863 intromissum,
961 3791 1017 3846 in
1050 3806 1161 3862 qua
1199 3794 1320 3863 ipse
1345 3792 1532 3850 fuerat
1557 3797 1932 3863 constitutus,
1965 3814 2082 3857 om-

427 3900 452 3930 »
503 3895 628 3936 nem
668 3881 941 3936 adversus
997 3893 1126 3936 eum
1190 3882 1471 3938 malitiam
1531 3899 1690 3940 suam
1759 3891 2074 3964 evacuavit,

425 3987 451 4017 »
493 3977 550 4024 et
594 3984 692 4039 pcr
731 3968 1120 4038 deceptionem
1173 3970 1340 4027 illum
1369 3985 1401 4026 a
1430 3973 1628 4030 divina
1659 3975 1842 4047 gloria
1885 3982 1942 4034 et
1969 3979 2080 4037 cla-

425 4074 450 4106 »
493 4057 663 4112 ritate
702 4057 958 4113 reddidit
1002 4057 1278 4132 alienum,
1329 4067 1648 4119 creaturam
1682 4066 1876 4136 potius
1907 4083 2074 4140 quam

423 4165 449 4196 ››
489 4145 810 4201 Creatorem
829 4145 1068 4202 adorare
1094 4147 1419 4207 cohortaris.
1455 4170 1482 4202 υ

557 4270 901 4340 Epiphanius
952 4271 1215 4328 diaconus
1247 4269 1329 4348 [et
1371 4275 1738 4353 cubuclesius]
1762 4279 1925 4348 legit:

2224 575 2624 629 testamentum
2674 589 2856 631 meum
2927 590 3028 647 per
3073 591 3138 633 os
3189 581 3478 636 vestrum?
3523 597 3615 639 vos
3653 590 3808 642 autem

2223 661 2432 718 odistis
2450 663 2842 736 disciplinam,
2871 669 2928 721 et
2945 667 3270 736 projecistis
3299 681 3570 726 sermones
3594 687 3727 728 meos
3747 690 3812 731 rc-

2221 754 2492 823 trorsum,
2526 753 2846 822 portionem
2871 760 3115 811 vestram
3162 763 3426 826 ponentes
3467 773 3588 815 cum
3624 761 3706 817 his
3730 763 3810 833 qui

2219 838 2546 896 adulterant
2585 842 2851 913 dogmata
2894 844 3156 900 veritatis
3198 841 3359 914 (Psal.
3393 847 3558 920 xux).
3596 849 3731 905 Unde
3755 851 3813 906 si-
3871 837 3877 844 ’

2223 927 2504 984 mulantes
2529 931 2849 1007 veritatem,
2889 931 3086 988 aiunt:

2433 1075 2724 1140 Gregorius
2769 1079 3052 1146 episcopus
3100 1077 3446 1134 Neoczsaria:
3485 1079 3636 1146 legit:

2292 1233 2316 1264 α
2359 1213 2516 1271 Unde
2563 1218 2808 1289 propria:
2850 1233 3054 1277 manus
3089 1235 3235 1292 Opus
3261 1222 3422 1280 ﬁctor
3454 1225 3596 1280 Deus
3621 1239 3736 1280 cum
3754 1226 3819 1282 vi-

2219 1320 2245 1351 »
2286 1302 2469 1360 disset
2492 1307 2677 1363 modis
2718 1309 2989 1366 omnibus
3019 1310 3078 1365 in
3111 1311 3484 1380 perditionem
3519 1315 3816 1385 demersum,

2215 1408 2244 1444 υ
2287 1405 2646 1465 nequaquam
2698 1398 3000 1467 sustinuit,
3048 1401 3142 1456 sed
3177 1405 3308 1471 post
3337 1397 3442 1474 [Gr
3482 1401 3660 1458 videre
3686 1417 3748 1458 m.
3774 1417 3816 1472 ο,

2217 1497 2243 1528 ››
2289 1479 2347 1535 in
2373 1496 2426 1551 p.
2454 1481 2658 1540 lubens
2677 1499 2786 1542 non
2807 1501 3030 1560 passus,
3060 1489 3216 1560 post]
3236 1490 3592 1562 diligentiam
3605 1505 3716 1562 qua:
3742 1506 3822 1561 per

2217 1587 2244 1618 »
2288 1569 2465 1642 legem
2490 1577 2662 1644 atque
2683 1577 2990 1646 prOphetas
3019 1592 3122 1648 pro
3145 1579 3320 1648 hujus
3341 1584 3427 1635 est
3445 1579 3628 1635 effecta
3647 1579 3818 1650 salute,

2221 1676 2246 1706 »
2289 1659 2656 1733 nondumque
2678 1663 2779 1719 illo
2797 1665 2985 1722 redire
3004 1667 3224 1724 valente
3252 1669 3312 1723 in
3336 1669 3576 1738 priorem
3597 1669 3824 1725 nobilita-
3899 1729 3909 1737 ,

2219 1765 2245 1796 ››
2287 1753 2418 1819 tem,
2468 1750 2742 1822 dignatus
2764 1759 2850 1810 est
2877 1756 3089 1812 Filium
3116 1771 3288 1814 suum
3316 1763 3374 1814 et
3411 1759 3641 1814 Verbum
3670 1759 3722 1814 in
3748 1773 3825 1815 no-

2217 1855 2243 1884 »
2285 1837 2542 1895 vissimis
2585 1847 2640 1896 et
2679 1844 3102 1912 prmdestinatis
3141 1847 3500 1917 temporibus
3544 1848 3748 1904 mittere
3766 1847 3822 1902 ad

2215 1943 2240 1973 »
2284 1930 2512 1982 terram.
2544 1929 2651 1998 Qui
2680 1931 2971 1988 voluntate
2998 1939 3252 2006 paterna,
3287 1943 3346 1990 et
3373 1937 3830 2006 cooperationevi-

2213 2031 2238 2061 »
2281 2014 2434 2070 vilici
2484 2021 2542 2072 et
2579 2019 2818 2088 aaqnalis
2859 2021 2973 2076 sibi
3017 2024 3272 2092 potentia
3311 2024 3580 2096 Spiritus,
3613 2025 3666 2080 in
3691 2030 3826 2081 utero

2212 2119 2237 2150 »
2280 2103 2550 2176 virginali
2593 2106 2878 2182 habitans,
2933 2115 2989 2166 et
3033 2125 3101 2166 ex
3146 2117 3344 2168 sancta
3393 2119 3450 2168 et
3501 2112 3826 2169 immaculata

2211 2208 2236 2238 »
2279 2205 2448 2246 carne
2467 2194 2594 2262 ejus
2621 2195 2679 2251 in
2709 2199 2939 2268 propria
2969 2199 3295 2256 substantia
3328 2201 3477 2272 [Gr.,
3505 2201 3824 2272 existentta,]

2209 2295 2235 2327 υ
2279 2279 2364 2335 vel
2392 2281 2772 2342 subsistentia
2797 2299 3023 2343 carnem
3047 2303 3285 2346 sumens
3307 2290 3474 2346 nobis
3497 2291 3829 2348 consubstan-

2209 2385 2234 2415 »
2281 2368 2496 2442 tialem,
2533 2372 2677 2430 hanc
2699 2375 2983 2432 mediante
3005 2377 3197 2434 anima
3220 2379 3557 2436 rationabili
3579 2385 3632 2436 et
3649 2379 3830 2435 intelli-

2208 2475 2233 2506 »
2277 2457 2448 2530 gibili
2467 2475 2590 2518 com
2600 2464 2892 2534 paginavit
2915 2471 3087 2538 atque
3108 2465 3402 2536 formavit,
3421 2475 3478 2524 et
3502 2473 3662 2525 natus
3679 2474 3756 2524 est
3769 2467 3828 2524 ab

2207 2563 2234 2594 »
2279 2545 2400 2616 ipsa
2427 2564 2602 2619 super
2624 2565 2844 2608 omnem
2869 2553 3146 2610 rationem
3167 2561 3223 2612 et
3251 2571 3480 2614 omnem
3507 2557 3822 2612 intellectum

2206 2658 2231 2688 »
2272 2638 2329 2689 et
2355 2638 2796 2712 cogitationem;
2825 2655 3166 2713 crucemque
3190 2645 3437 2714 pertulit
3461 2645 3756 2702 ultroneam
3783 2647 3829 2698 et

2204 2748 2231 2780 »
2275 2733 2508 2785 mortem
2544 2728 2735 2800 elegit,
2763 2735 2936 2800 atque
2965 2732 3133 2788 tertia
3165 2733 3266 2789 die
3292 2748 3595 2807 resurgens
3618 2747 3681 2790 ex
3708 2747 3828 2788 mor-

2201 2836 2230 2870 »
2272 2819 2414 2890 tuis,
2436 2831 2658 2874 omnem
2675 2818 2982 2875 salutarem
2999 2819 3499 2892 dispensationem
3521 2821 3778 2894 implevit.
3803 2839 3825 2870 ι

2375 2979 2720 3049 Epiphanius
2744 2979 3006 3036 diaconus
3028 2981 3110 3052 [et
3127 2981 3503 3053 cubuclesius]
3523 2984 3673 3051 legit:

2267 3122 2364 3179 Ait
2409 3123 2706 3194 Scriptura
2750 3123 2811 3179 in
2858 3124 3056 3180 mundi
3111 3122 3340 3182 factura
3375 3127 3552 3182 Deum
3597 3123 3820 3180 dixisse:

2193 3215 2481 3269 Faciamus
2535 3212 2801 3268 hominem
2855 3207 2932 3267 ad
2985 3215 3283 3282 imaginem
3332 3220 3384 3269 et
3443 3212 3828 3270 similitudinem

2193 3309 2435 3358 nostram
2477 3305 2629 3373 (Gen.
2659 3304 2715 3380 ι).
2748 3304 2952 3375 Ingens
2979 3316 3113 3374 ergo
3150 3307 3240 3358 est
3287 3303 3627 3376 magnitudo
3660 3297 3825 3372 digni-

2193 3391 2350 3462 tatis,
2393 3391 2529 3462 quia
2576 3396 2798 3446 terrena
2829 3389 3078 3462 imagine
3123 3389 3224 3446 Dei
3275 3391 3596 3448 honoratus
3617 3395 3714 3446 est.
3739 3386 3828 3444 Sed

2191 3493 2258 3536 eo
2297 3481 2628 3536 seductione
2669 3479 2922 3547 cadente,
2963 3492 3028 3535 ac
3061 3492 3174 3535 non
3222 3484 3606 3538 conservante
3655 3479 3830 3550 prima:

2193 3568 2590 3639 plasmationis
2603 3567 2966 3639 dignitatem,
2990 3567 3312 3624 humanum
3325 3583 3513 3641 genus
3529 3569 3590 3624 in
3624 3565 3832 3624 idolola-

2191 3657 2361 3713 triam
2399 3656 2783 3726 translapsum
2810 3661 2914 3712 est.
2947 3657 3109 3712 Hunc
3132 3657 3288 3713 Deus
3313 3663 3374 3713 et
3402 3657 3643 3714 Verbum
3670 3653 3831 3710 Patris

2191 3744 2375 3803 factus
2401 3746 2588 3815 homo,
2632 3751 2689 3801 et
2713 3758 2826 3801 non
2853 3749 3070 3801 mutata
3097 3749 3326 3816 natura,
3366 3747 3671 3818 perfectus,
3703 3755 3832 3800 revo-

2188 3848 2325 3890 cans
2352 3849 2386 3890 a
2426 3847 2583 3906 casu,
2615 3839 2786 3906 atque
2832 3847 3126 3890 removens
3153 3848 3288 3891 eum
3333 3835 3409 3893 ab
3449 3849 3644 3894 errore
3679 3832 3831 3889 idolo

2188 3937 2337 3996 rum,
2394 3923 2582 3980 denuo
2626 3923 2686 3978 in
2735 3921 3224 3978 immortalitatem
3268 3924 3466 3997 fingit,
3522 3923 3766 3995 praebens
3784 3918 3829 3974 ei

2185 4014 2398 4070 donum
2428 4013 2553 4068 sine
2574 4013 2928 4082 paenitentia.
2953 4013 3078 4067 Haec
3105 4011 3314 4070 iterata
3343 4015 3528 4070 fictio.
3550 4013 3652 4069 Dei
3674 4009 3834 4082 magis

2187 4103 2502 4172 inspectrix
2521 4101 2766 4158 efﬁcitur
2788 4105 2878 4172 ;et
2899 4101 3079 4172 priori
3113 4101 3353 4159 ﬁctione
3375 4101 3758 4173 praestantior,
3776 4111 3832 4154 ac

2183 4193 2396 4248 donum
2431 4192 2582 4262 [Gr.,
2626 4193 2751 4246 Haec
2796 4191 2988 4261 priore
3019 4189 3370 4248 deiformior
3399 4197 3460 4248 et
3489 4189 3836 4263 praestantior

2181 4280 2526 4337 formatione
2547 4280 2609 4336 fit
2638 4279 2994 4347 reformatio,
3025 4293 3092 4334 ac
3117 4279 3208 4349 d.]
3235 4284 3548 4338 aeternum.
3573 4282 3681 4336 Has
3715 4289 3834 4348 ergo

487 4393 546 4450 Si
580 4395 812 4466 quidem
841 4399 1040 4452 contra
1084 4396 1370 4454 idolorum
1403 4399 1756 4472 servitutem,
1807 4403 1893 4460 vel
1939 4420 2068 4462 con-
2091 4385 2148 4448 D
2177 4369 2466 4472 ξίρξοῖίξω.
2501 4370 2930 4472 ωεεξῐιίίξξάξηθδ
2957 4367 3338 4472 οδξθῐιθιξνθιδθ
3361 4372 3649 4440 volentes,
3679 4367 3836 4472 aliam

419 4486 506 4540 tra
547 4489 942 4542 creaturarum
991 4485 1348 4558 servitutem,
1383 4501 1553 4558 quam
1606 4491 1790 4547 sancti
1815 4495 2058 4564 apostoli

416 4571 517 4642 qui
546 4572 736 4630 induti
768 4578 904 4630 sunt
932 4573 1202 4629 virtutem
1227 4589 1294 4630 ex
1310 4575 1446 4646 alto,
1474 4575 1540 4632 ac
1564 4577 1748 4636 divini
1777 4583 2066 4653 prophetae

416 4661 516 4730 qui
545 4667 676 4717 ante
705 4661 1002 4718 vaticinati
1033 4668 1188 4730 sunt,
1230 4663 1431 4741 sicque
1459 4667 1690 4724 demum
1719 4672 1934 4744 egregii
1966 4674 2068 4730 Pa-

415 4751 530 4804 tres
553 4750 739 4806 nostri
767 4750 866 4820 qui
901 4749 1034 4805 illos
1058 4751 1240 4807 secuti
1267 4757 1420 4823 sunt,
1448 4755 1871 4815 interdixerunt
1891 4767 1946 4817 et
1973 4775 2064 4818 ex-

413 4837 617 4892 secrati
671 4843 825 4908 sunt,
898 4851 1082 4894 sermo
1133 4852 1328 4896 eorum
1377 4847 1544 4915 esset,
1608 4859 1805 4904 omnes
1859 4851 2061 4922 utique

413 4925 563 4980 alum
574 4925 631 4981 ni
653 4925 918 4982 Ecclesia:
933 4934 1333 4998 componerent
1349 4932 1848 5012 [assentirentur],
1863 4943 1919 4994 et
1942 4939 2061 4996 haec

414 5015 633 5071 tradere
670 5015 971 5088 scriptura:
1031 5017 1155 5076 illis
1198 5027 1582 5092 opportunum
1620 5025 1906 5083 existeret.
1951 5029 2054 5085 Sed

413 5103 548 5174 quia
601 5105 747 5161 hanc
796 5106 1137 5178 deserentes,
1189 5111 1548 5168 mendacium
1603 5121 1947 5188 protegunt;
2003 5123 2060 5174 et

417 5199 626 5264 patrem
672 5194 866 5268 hujus,
905 5197 1198 5254 diabolum
1247 5199 1512 5258 videlicet
1561 5203 1855 5272 publicare
1883 5207 2066 5265 simu-

413 5281 612 5354 lantes,
665 5290 863 5340 contra
905 5299 970 5341 ea
1010 5300 1135 5356 qua:
1178 5293 1316 5344 sunt
1353 5289 1732 5360 immaculata
1769 5295 2058 5370 Ecclesiae,

411 5370 664 5443 linguam
709 5378 1014 5444 exacuunt,
1059 5379 1115 5431 et
1147 5389 1469 5446 cauponam
1515 5394 1670 5436 more
1717 5383 1912 5440 vinum
1959 5388 2063 5443 mi-

411 5465 684 5518 scuerunt
701 5475 884 5534 aquae,
907 5468 964 5520 et
984 5463 1356 5521 subversione
1378 5467 1709 5527 turbulenta
1734 5475 2056 5542 proximum

413 5554 607 5618 potare
637 5565 747 5608 non
780 5555 916 5608 sunt
945 5553 1196 5626 reveriti,
1233 5554 1389 5624 juste
1417 5557 1666 5616 audiunt
1701 5560 1956 5622 divinam
1985 5565 2056 5622 ad

2177 4459 2566 4517 idololatriam
2593 4473 2694 4530 per
2721 4458 2998 4516 facturam
3026 4459 3351 4531 imaginum
3379 4475 3484 4517 ore
3503 4473 3707 4531 aspero
3731 4469 3838 4528 per-

2174 4549 2373 4606 hibent
2404 4549 2717 4622 introduci,
2754 4554 2811 4604 et
2837 4548 3286 4620 redemptionem
3317 4564 3534 4608 novam
3570 4550 3838 4620 jactanter

2173 4637 2378 4696 factam
2425 4639 2574 4709 [Gr.,
2633 4651 2731 4708 per
2773 4651 2833 4694 se
2879 4635 3116 4707 factam]
3159 4645 3544 4709 asseverant;
3579 4643 3638 4694 et
3673 4634 3837 4693 variis

2172 4728 2363 4784 verbis
2391 4741 2554 4785 suam
2590 4727 2932 4784 sententiam
2978 4730 3346 4797 consuentes,
3383 4727 3706 4785 Ecclesiam
3745 4721 3833 4780 Dei

2171 4823 2442 4889 tanquam
2488 4822 2768 4874 errantem
2827 4815 3112 4886 judicant,
3168 4815 3510 4874 mollientes
3558 4825 3836 4873 sermones

2171 4921 2306 4964 suos
2333 4921 2504 4977 super
2536 4906 2748 4975 oleum,
2778 4905 2993 4974 scripta
3032 4905 3290 4974 quaedam
3347 4906 3834 4978 pronuntiantes;

2169 5001 2225 5052 et
2285 4996 2481 5053 dolosa
2538 4995 2708 5052 verba
2757 5008 2975 5062 eorum,
3021 5000 3079 5050 et
3120 4995 3386 5064 jaculum
3433 4996 3714 5053 saucians
3759 4997 3840 5048 est

2169 5085 2366 5158 lingua
2415 5085 2690 5156 ipsorum.
2744 5086 3086 5154 Loquunt-ur
3135 5084 3402 5157 pacifica,
3456 5087 3520 5142 in
3569 5087 3836 5144 seautem

2171 5174 2380 5232 habent
2410 5174 2781 5230 inimicitiam
2810 5193 2822 5228 :
2855 5177 3084 5244 propter
3108 5175 3260 5245 quod
3301 5181 3366 5230 et
3394 5175 3702 5232 inferunt:

2595 5334 2884 5404 Gregorius
2913 5337 3193 5406 episcOpus
3225 5337 3360 5403 legit
3384 5355 3404 5392 :

2245 5498 2270 5530 «
2313 5479 2570 5536 Removit
2597 5493 2698 5536 nos
2721 5493 2754 5534 a
2778 5480 3205 5549 corruptionem
3229 5476 3494 5538 faciente
3515 5483 3837 5539 daemonum

2171 5586 2198 5618 ››
2241 5568 2591 5642 magisterio,
2625 5568 2682 5624 id
2719 5572 2824 5639 est,
2870 5567 2941 5624 ab
2973 5568 3255 5626 idolorum
3280 5581 3494 5626 errore
3545 5573 3764 5642 pariter
3788 5568 3842 5620 et
