  <div class='ocr_page' id='page_1' title='image "/cluster/home/n/w/nwhite01/storage/ocr_20150623/129/hvd.32044054759907/196.png"; bbox 0 0 4010 6160; ppageno 0'>
   <div class='ocr_carea' id='block_1_1' title="bbox 222 282 2792 349">
    <p class='ocr_par' dir='ltr' id='par_1_1' title="bbox 222 282 2792 349">
     <span class='ocr_line' id='line_1_1' title="bbox 222 282 2792 349; baseline -0.003 -4"><span class='ocrx_word' id='word_1_1' title='bbox 222 288 307 349; x_wconf 73' lang='grc'><strong>384</strong></span> <span class='ocrx_word' id='word_1_2' title='bbox 936 284 1481 341; x_wconf 76' lang='lat' dir='ltr'><strong>INTERPRETATIO</strong></span> <span class='ocrx_word' id='word_1_3' title='bbox 1518 282 1767 341; x_wconf 77' lang='lat' dir='ltr'><strong>SYNODI</strong></span> <span class='ocrx_word' id='word_1_4' title='bbox 1808 285 1898 340; x_wconf 79' lang='lat' dir='ltr'><strong>VII</strong></span> <span class='ocrx_word' id='word_1_5' title='bbox 1924 284 2329 341; x_wconf 73' lang='lat' dir='ltr'><strong>GENEBALIS.</strong></span> <span class='ocrx_word' id='word_1_6' title='bbox 2358 314 2430 326; x_wconf 88' lang='lat'>—</span> <span class='ocrx_word' id='word_1_7' title='bbox 2467 287 2668 343; x_wconf 80' lang='lat' dir='ltr'><strong>ACTIO</strong></span> <span class='ocrx_word' id='word_1_8' title='bbox 2708 288 2792 342; x_wconf 88' lang='lat' dir='ltr'><strong>VI.</strong></span> 
     </span>
    </p>
   </div>
   <div class='ocr_carea' id='block_1_2' title="bbox 3477 284 3585 343">
    <p class='ocr_par' dir='ltr' id='par_1_2' title="bbox 3477 284 3585 343">
     <span class='ocr_line' id='line_1_2' title="bbox 3477 284 3585 343; baseline 0.009 -1"><span class='ocrx_word' id='word_1_9' title='bbox 3477 284 3585 343; x_wconf 80' lang='lat'><strong>382</strong></span> 
     </span>
    </p>
   </div>
   <div class='ocr_carea' id='block_1_3' title="bbox 224 407 3578 482">
    <p class='ocr_par' dir='ltr' id='par_1_3' title="bbox 224 407 3578 482">
     <span class='ocr_line' id='line_1_3' title="bbox 224 407 3578 482; baseline 0 -17"><span class='ocrx_word' id='word_1_10' title='bbox 224 436 245 465; x_wconf 67' lang='grc' dir='ltr'><strong>ι</strong></span> <span class='ocrx_word' id='word_1_11' title='bbox 278 414 498 482; x_wconf 83' lang='lat' dir='ltr'><strong>cultura,</strong></span> <span class='ocrx_word' id='word_1_12' title='bbox 529 414 580 467; x_wconf 91' lang='lat' dir='ltr'><strong>et</strong></span> <span class='ocrx_word' id='word_1_13' title='bbox 606 408 844 466; x_wconf 90' lang='lat' dir='ltr'><strong>tradidit</strong></span> <span class='ocrx_word' id='word_1_14' title='bbox 894 409 1283 465; x_wconf 90' lang='lat' dir='ltr'><strong>adoratiouem</strong></span> <span class='ocrx_word' id='word_1_15' title='bbox 1316 425 1440 481; x_wconf 71' lang='lat' dir='ltr'><strong>quae</strong></span> <span class='ocrx_word' id='word_1_16' title='bbox 1492 410 1704 481; x_wconf 82' lang='lat' dir='ltr'><strong>spiritu</strong></span> <span class='ocrx_word' id='word_1_17' title='bbox 1733 407 1901 467; x_wconf 89' lang='lat' dir='ltr'><strong>estA</strong></span> <span class='ocrx_word' id='word_1_18' title='bbox 1930 412 2269 482; x_wconf 90' lang='lat' dir='ltr'><strong>stianorum,</strong></span> <span class='ocrx_word' id='word_1_19' title='bbox 2320 412 2421 482; x_wconf 85' lang='lat' dir='ltr'><strong>qui</strong></span> <span class='ocrx_word' id='word_1_20' title='bbox 2479 418 2592 468; x_wconf 88' lang='lat' dir='ltr'><strong>tam</strong></span> <span class='ocrx_word' id='word_1_21' title='bbox 2658 411 3193 481; x_wconf 70' lang='lat' dir='ltr'><strong>imprzesentiarum,</strong></span> <span class='ocrx_word' id='word_1_22' title='bbox 3251 424 3418 481; x_wconf 91' lang='lat' dir='ltr'><strong>quam</strong></span> <span class='ocrx_word' id='word_1_23' title='bbox 3477 410 3578 481; x_wconf 85' lang='lat' dir='ltr'><strong>qui</strong></span> 
     </span>
    </p>
   </div>
   <div class='ocr_carea' id='block_1_4' title="bbox 224 502 632 559">
    <p class='ocr_par' dir='ltr' id='par_1_4' title="bbox 224 502 632 559">
     <span class='ocr_line' id='line_1_4' title="bbox 224 502 632 559; baseline -0.01 0"><span class='ocrx_word' id='word_1_24' title='bbox 224 524 244 553; x_wconf 74' lang='grc' dir='ltr'><strong>ι</strong></span> <span class='ocrx_word' id='word_1_25' title='bbox 268 509 314 559; x_wconf 88' lang='lat' dir='ltr'><strong>et</strong></span> <span class='ocrx_word' id='word_1_26' title='bbox 339 502 571 558; x_wconf 90' lang='lat' dir='ltr'><strong>veritate.</strong></span> <span class='ocrx_word' id='word_1_27' title='bbox 606 518 632 549; x_wconf 69' lang='grc' dir='ltr'><strong><em>ι)</em></strong></span> 
     </span>
    </p>
   </div>
   <div class='ocr_carea' id='block_1_5' title="bbox 567 589 1423 659">
    <p class='ocr_par' dir='ltr' id='par_1_5' title="bbox 567 589 1423 659">
     <span class='ocr_line' id='line_1_5' title="bbox 567 589 1423 659; baseline 0.001 -17"><span class='ocrx_word' id='word_1_28' title='bbox 567 590 912 659; x_wconf 78' lang='lat' dir='ltr'><strong>Epiphanius</strong></span> <span class='ocrx_word' id='word_1_29' title='bbox 955 590 1216 644; x_wconf 80' lang='lat' dir='ltr'><strong>diaconus</strong></span> <span class='ocrx_word' id='word_1_30' title='bbox 1261 589 1423 657; x_wconf 84' lang='lat' dir='ltr'><strong>legit:</strong></span> 
     </span>
    </p>
   </div>
   <div class='ocr_carea' id='block_1_6' title="bbox 272 694 1813 767">
    <p class='ocr_par' dir='ltr' id='par_1_6' title="bbox 272 694 1813 767">
     <span class='ocr_line' id='line_1_6' title="bbox 272 694 1813 767; baseline -0.001 -13"><span class='ocrx_word' id='word_1_31' title='bbox 272 697 442 767; x_wconf 77' lang='lat' dir='ltr'><strong>Inviti,</strong></span> <span class='ocrx_word' id='word_1_32' title='bbox 482 709 514 750; x_wconf 93' lang='grc' dir='ltr'>ο</span> <span class='ocrx_word' id='word_1_33' title='bbox 538 694 1020 764; x_wconf 61' lang='lat' dir='ltr'><strong>praestantissimi,</strong></span> <span class='ocrx_word' id='word_1_34' title='bbox 1048 695 1116 750; x_wconf 91' lang='lat' dir='ltr'><strong>ad</strong></span> <span class='ocrx_word' id='word_1_35' title='bbox 1145 695 1439 751; x_wconf 78' lang='lat' dir='ltr'><strong>veritatem</strong></span> <span class='ocrx_word' id='word_1_36' title='bbox 1491 694 1813 752; x_wconf 91' lang='lat' dir='ltr'><strong>trahimini.</strong></span> 
     </span>
    </p>
   </div>
   <div class='ocr_carea' id='block_1_7' title="bbox 215 784 1819 857">
    <p class='ocr_par' dir='ltr' id='par_1_7' title="bbox 215 784 1819 857">
     <span class='ocr_line' id='line_1_7' title="bbox 215 784 1819 857; baseline -0.002 -14"><span class='ocrx_word' id='word_1_37' title='bbox 215 790 357 844; x_wconf 81' lang='lat' dir='ltr'><strong>Totus</strong></span> <span class='ocrx_word' id='word_1_38' title='bbox 381 784 526 840; x_wconf 90' lang='lat' dir='ltr'><strong>enim</strong></span> <span class='ocrx_word' id='word_1_39' title='bbox 568 798 727 839; x_wconf 88' lang='lat' dir='ltr'><strong>sacer</strong></span> <span class='ocrx_word' id='word_1_40' title='bbox 754 784 1146 854; x_wconf 86' lang='lat' dir='ltr'><strong>apostolorum</strong></span> <span class='ocrx_word' id='word_1_41' title='bbox 1171 789 1375 857; x_wconf 68' lang='lat' dir='ltr'><strong>coetus,</strong></span> <span class='ocrx_word' id='word_1_42' title='bbox 1407 790 1464 841; x_wconf 89' lang='lat' dir='ltr'><strong>et</strong></span> <span class='ocrx_word' id='word_1_43' title='bbox 1488 790 1681 841; x_wconf 89' lang='lat' dir='ltr'><strong>sancta</strong></span> <span class='ocrx_word' id='word_1_44' title='bbox 1708 787 1819 840; x_wconf 65' lang='lat' dir='ltr'><strong>Pa~</strong></span> 
     </span>
    </p>
   </div>
   <div class='ocr_carea' id='block_1_8' title="bbox 218 873 1816 942">
    <p class='ocr_par' dir='ltr' id='par_1_8' title="bbox 218 873 1816 942">
     <span class='ocr_line' id='line_1_8' title="bbox 218 873 1816 942; baseline -0.001 -11"><span class='ocrx_word' id='word_1_45' title='bbox 218 883 336 931; x_wconf 89' lang='lat' dir='ltr'><strong>trum</strong></span> <span class='ocrx_word' id='word_1_46' title='bbox 366 879 679 929; x_wconf 90' lang='lat' dir='ltr'><strong>nostrorum</strong></span> <span class='ocrx_word' id='word_1_47' title='bbox 728 877 969 942; x_wconf 80' lang='lat' dir='ltr'><strong>caterva,</strong></span> <span class='ocrx_word' id='word_1_48' title='bbox 1003 873 1072 928; x_wconf 91' lang='lat' dir='ltr'><strong>ad</strong></span> <span class='ocrx_word' id='word_1_49' title='bbox 1125 873 1387 929; x_wconf 87' lang='lat' dir='ltr'><strong>homines</strong></span> <span class='ocrx_word' id='word_1_50' title='bbox 1442 874 1667 930; x_wconf 87' lang='lat' dir='ltr'><strong>venisse</strong></span> <span class='ocrx_word' id='word_1_51' title='bbox 1716 875 1816 929; x_wconf 86' lang='lat' dir='ltr'><strong>Dei</strong></span> 
     </span>
    </p>
   </div>
   <div class='ocr_carea' id='block_1_9' title="bbox 214 961 1819 1032">
    <p class='ocr_par' dir='ltr' id='par_1_9' title="bbox 214 961 1819 1032">
     <span class='ocr_line' id='line_1_9' title="bbox 214 961 1819 1032; baseline 0.001 -14"><span class='ocrx_word' id='word_1_52' title='bbox 214 964 364 1018; x_wconf 80' lang='lat' dir='ltr'><strong>Patris</strong></span> <span class='ocrx_word' id='word_1_53' title='bbox 399 962 634 1018; x_wconf 83' lang='lat' dir='ltr'><strong>Verbum</strong></span> <span class='ocrx_word' id='word_1_54' title='bbox 661 965 717 1017; x_wconf 90' lang='lat' dir='ltr'><strong>et</strong></span> <span class='ocrx_word' id='word_1_55' title='bbox 742 961 955 1017; x_wconf 84' lang='lat' dir='ltr'><strong>Filium</strong></span> <span class='ocrx_word' id='word_1_56' title='bbox 1001 962 1292 1032; x_wconf 74' lang='lat' dir='ltr'><strong>przedicat,</strong></span> <span class='ocrx_word' id='word_1_57' title='bbox 1349 968 1413 1019; x_wconf 90' lang='lat' dir='ltr'><strong>ut</strong></span> <span class='ocrx_word' id='word_1_58' title='bbox 1460 968 1685 1018; x_wconf 90' lang='lat' dir='ltr'><strong>erueret</strong></span> <span class='ocrx_word' id='word_1_59' title='bbox 1716 977 1819 1019; x_wconf 89' lang='lat' dir='ltr'><strong>nos</strong></span> 
     </span>
    </p>
   </div>
   <div class='ocr_carea' id='block_1_10' title="bbox 210 1052 1821 1122">
    <p class='ocr_par' dir='ltr' id='par_1_10' title="bbox 210 1052 1821 1122">
     <span class='ocr_line' id='line_1_10' title="bbox 210 1052 1821 1122; baseline 0 -15"><span class='ocrx_word' id='word_1_60' title='bbox 210 1053 264 1107; x_wconf 78' lang='lat' dir='ltr'><strong>ab</strong></span> <span class='ocrx_word' id='word_1_61' title='bbox 279 1052 540 1109; x_wconf 91' lang='lat' dir='ltr'><strong>idolorum</strong></span> <span class='ocrx_word' id='word_1_62' title='bbox 570 1066 781 1107; x_wconf 87' lang='lat' dir='ltr'><strong>errore.</strong></span> <span class='ocrx_word' id='word_1_63' title='bbox 813 1052 917 1107; x_wconf 85' lang='lat' dir='ltr'><strong>Sed</strong></span> <span class='ocrx_word' id='word_1_64' title='bbox 948 1057 1005 1107; x_wconf 91' lang='lat' dir='ltr'><strong>et</strong></span> <span class='ocrx_word' id='word_1_65' title='bbox 1039 1053 1449 1122; x_wconf 61' lang='lat' dir='ltr'><strong>praenuntiatas</strong></span> <span class='ocrx_word' id='word_1_66' title='bbox 1466 1066 1628 1108; x_wconf 90' lang='lat' dir='ltr'><strong>voces</strong></span> <span class='ocrx_word' id='word_1_67' title='bbox 1660 1052 1821 1107; x_wconf 66' lang='lat' dir='ltr'><strong>habe</strong></span> 
     </span>
    </p>
   </div>
   <div class='ocr_carea' id='block_1_11' title="bbox 211 1141 1814 1212">
    <p class='ocr_par' dir='ltr' id='par_1_11' title="bbox 211 1141 1814 1212">
     <span class='ocr_line' id='line_1_11' title="bbox 211 1141 1814 1212; baseline 0 -15"><span class='ocrx_word' id='word_1_68' title='bbox 211 1157 311 1197; x_wconf 89' lang='lat' dir='ltr'><strong>mus</strong></span> <span class='ocrx_word' id='word_1_69' title='bbox 342 1156 434 1212; x_wconf 91' lang='lat' dir='ltr'><strong>per</strong></span> <span class='ocrx_word' id='word_1_70' title='bbox 475 1142 780 1212; x_wconf 86' lang='lat' dir='ltr'><strong>prophetas</strong></span> <span class='ocrx_word' id='word_1_71' title='bbox 811 1142 890 1197; x_wconf 90' lang='lat' dir='ltr'><strong>ita</strong></span> <span class='ocrx_word' id='word_1_72' title='bbox 944 1141 1278 1199; x_wconf 84' lang='lat' dir='ltr'><strong>clamantes:</strong></span> <span class='ocrx_word' id='word_1_73' title='bbox 1315 1144 1448 1196; x_wconf 86' lang='lat' dir='ltr'><strong>Ecce</strong></span> <span class='ocrx_word' id='word_1_74' title='bbox 1499 1144 1658 1199; x_wconf 88' lang='lat' dir='ltr'><strong>enim.</strong></span> <span class='ocrx_word' id='word_1_75' title='bbox 1712 1142 1814 1212; x_wconf 86' lang='lat' dir='ltr'><strong>ait,</strong></span> 
     </span>
    </p>
   </div>
   <div class='ocr_carea' id='block_1_12' title="bbox 208 1232 1820 1294">
    <p class='ocr_par' dir='ltr' id='par_1_12' title="bbox 208 1232 1820 1294">
     <span class='ocr_line' id='line_1_12' title="bbox 208 1232 1820 1294; baseline 0 -9"><span class='ocrx_word' id='word_1_76' title='bbox 208 1234 298 1286; x_wconf 78' lang='lat' dir='ltr'><strong>dies</strong></span> <span class='ocrx_word' id='word_1_77' title='bbox 318 1234 549 1294; x_wconf 79' lang='lat' dir='ltr'><strong>ueniunt,</strong></span> <span class='ocrx_word' id='word_1_78' title='bbox 581 1232 717 1286; x_wconf 82' lang='lat' dir='ltr'><strong>dicit</strong></span> <span class='ocrx_word' id='word_1_79' title='bbox 752 1234 1033 1293; x_wconf 80' lang='lat' dir='ltr'><strong>Dominus,</strong></span> <span class='ocrx_word' id='word_1_80' title='bbox 1073 1237 1124 1286; x_wconf 88' lang='lat' dir='ltr'><strong>et</strong></span> <span class='ocrx_word' id='word_1_81' title='bbox 1167 1232 1350 1285; x_wconf 87' lang='lat' dir='ltr'><strong>delebo</strong></span> <span class='ocrx_word' id='word_1_82' title='bbox 1372 1233 1594 1286; x_wconf 84' lang='lat' dir='ltr'><strong>nomina</strong></span> <span class='ocrx_word' id='word_1_83' title='bbox 1634 1232 1820 1285; x_wconf 86' lang='lat' dir='ltr'><strong>idolo-</strong></span> 
     </span>
    </p>
   </div>
   <div class='ocr_carea' id='block_1_13' title="bbox 205 1319 1809 1392">
    <p class='ocr_par' dir='ltr' id='par_1_13' title="bbox 205 1319 1809 1392">
     <span class='ocr_line' id='line_1_13' title="bbox 205 1319 1809 1392; baseline 0 -17"><span class='ocrx_word' id='word_1_84' title='bbox 205 1339 302 1376; x_wconf 84' lang='lat' dir='ltr'><strong>rum</strong></span> <span class='ocrx_word' id='word_1_85' title='bbox 324 1338 355 1375; x_wconf 91' lang='lat' dir='ltr'><strong>a</strong></span> <span class='ocrx_word' id='word_1_86' title='bbox 389 1327 555 1391; x_wconf 86' lang='lat' dir='ltr'><strong>terra,</strong></span> <span class='ocrx_word' id='word_1_87' title='bbox 583 1327 636 1376; x_wconf 81' lang='lat' dir='ltr'><strong>et</strong></span> <span class='ocrx_word' id='word_1_88' title='bbox 670 1337 780 1375; x_wconf 86' lang='lat' dir='ltr'><strong>non</strong></span> <span class='ocrx_word' id='word_1_89' title='bbox 820 1324 924 1375; x_wconf 83' lang='lat' dir='ltr'><strong>erit</strong></span> <span class='ocrx_word' id='word_1_90' title='bbox 957 1322 1105 1376; x_wconf 86' lang='lat' dir='ltr'><strong>ultra</strong></span> <span class='ocrx_word' id='word_1_91' title='bbox 1133 1323 1390 1376; x_wconf 68' lang='lat' dir='ltr'><strong>meritoria</strong></span> <span class='ocrx_word' id='word_1_92' title='bbox 1431 1337 1613 1375; x_wconf 88' lang='lat' dir='ltr'><strong>eorum</strong></span> <span class='ocrx_word' id='word_1_93' title='bbox 1635 1319 1809 1392; x_wconf 81' lang='lat' dir='ltr'><strong>(Zach.</strong></span> 
     </span>
    </p>
   </div>
   <div class='ocr_carea' id='block_1_14' title="bbox 208 1409 1817 1482">
    <p class='ocr_par' dir='ltr' id='par_1_14' title="bbox 208 1409 1817 1482">
     <span class='ocr_line' id='line_1_14' title="bbox 208 1409 1817 1482; baseline 0 -17"><span class='ocrx_word' id='word_1_94' title='bbox 208 1410 332 1482; x_wconf 86' lang='lat' dir='ltr'><strong>xm).</strong></span> <span class='ocrx_word' id='word_1_95' title='bbox 356 1412 435 1467; x_wconf 87' lang='lat' dir='ltr'><strong>Ita</strong></span> <span class='ocrx_word' id='word_1_96' title='bbox 491 1414 556 1466; x_wconf 91' lang='lat' dir='ltr'><strong>ut</strong></span> <span class='ocrx_word' id='word_1_97' title='bbox 585 1424 687 1465; x_wconf 89' lang='lat' dir='ltr'><strong>vos</strong></span> <span class='ocrx_word' id='word_1_98' title='bbox 711 1410 971 1466; x_wconf 90' lang='lat' dir='ltr'><strong>conﬁteri</strong></span> <span class='ocrx_word' id='word_1_99' title='bbox 1015 1410 1196 1466; x_wconf 90' lang='lat' dir='ltr'><strong>coacti</strong></span> <span class='ocrx_word' id='word_1_100' title='bbox 1246 1410 1400 1481; x_wconf 90' lang='lat' dir='ltr'><strong>sitis,</strong></span> <span class='ocrx_word' id='word_1_101' title='bbox 1434 1410 1584 1476; x_wconf 88' lang='lat' dir='ltr'><strong>quod</strong></span> <span class='ocrx_word' id='word_1_102' title='bbox 1618 1424 1722 1466; x_wconf 89' lang='lat' dir='ltr'><strong>nos</strong></span> <span class='ocrx_word' id='word_1_103' title='bbox 1745 1409 1817 1465; x_wconf 93' lang='lat' dir='ltr'><strong>ab</strong></span> 
     </span>
    </p>
   </div>
   <div class='ocr_carea' id='block_1_15' title="bbox 205 1498 1815 1557">
    <p class='ocr_par' dir='ltr' id='par_1_15' title="bbox 205 1498 1815 1557">
     <span class='ocr_line' id='line_1_15' title="bbox 205 1498 1815 1557; baseline -0.001 -2"><span class='ocrx_word' id='word_1_104' title='bbox 205 1499 448 1557; x_wconf 88' lang='lat' dir='ltr'><strong>idolorum</strong></span> <span class='ocrx_word' id='word_1_105' title='bbox 477 1513 674 1555; x_wconf 88' lang='lat' dir='ltr'><strong>errore</strong></span> <span class='ocrx_word' id='word_1_106' title='bbox 706 1499 972 1556; x_wconf 86' lang='lat' dir='ltr'><strong>Christus</strong></span> <span class='ocrx_word' id='word_1_107' title='bbox 1011 1501 1162 1556; x_wconf 89' lang='lat' dir='ltr'><strong>Deus</strong></span> <span class='ocrx_word' id='word_1_108' title='bbox 1193 1504 1384 1555; x_wconf 88' lang='lat' dir='ltr'><strong>noster</strong></span> <span class='ocrx_word' id='word_1_109' title='bbox 1407 1498 1642 1556; x_wconf 90' lang='lat' dir='ltr'><strong>eruerit.</strong></span> <span class='ocrx_word' id='word_1_110' title='bbox 1673 1500 1740 1554; x_wconf 91' lang='lat' dir='ltr'><strong>Et</strong></span> <span class='ocrx_word' id='word_1_111' title='bbox 1764 1498 1815 1554; x_wconf 89' lang='lat' dir='ltr'><strong>si</strong></span> 
     </span>
    </p>
   </div>
   <div class='ocr_carea' id='block_1_16' title="bbox 203 1588 1817 1660">
    <p class='ocr_par' dir='ltr' id='par_1_16' title="bbox 203 1588 1817 1660">
     <span class='ocr_line' id='line_1_16' title="bbox 203 1588 1817 1660; baseline -0.001 -15"><span class='ocrx_word' id='word_1_112' title='bbox 203 1591 343 1659; x_wconf 88' lang='lat' dir='ltr'><strong>eruit,</strong></span> <span class='ocrx_word' id='word_1_113' title='bbox 361 1590 645 1660; x_wconf 90' lang='lat' dir='ltr'><strong>quomodo</strong></span> <span class='ocrx_word' id='word_1_114' title='bbox 664 1604 867 1645; x_wconf 90' lang='lat' dir='ltr'><strong>rursus</strong></span> <span class='ocrx_word' id='word_1_115' title='bbox 885 1589 1059 1645; x_wconf 90' lang='lat' dir='ltr'><strong>idolis</strong></span> <span class='ocrx_word' id='word_1_116' title='bbox 1083 1589 1425 1652; x_wconf 80' lang='lat' dir='ltr'><strong>servierunt,</strong></span> <span class='ocrx_word' id='word_1_117' title='bbox 1447 1589 1546 1660; x_wconf 91' lang='lat' dir='ltr'><strong>qui</strong></span> <span class='ocrx_word' id='word_1_118' title='bbox 1572 1589 1630 1644; x_wconf 91' lang='lat' dir='ltr'><strong>in</strong></span> <span class='ocrx_word' id='word_1_119' title='bbox 1652 1588 1817 1644; x_wconf 90' lang='lat' dir='ltr'><strong>illum</strong></span> 
     </span>
    </p>
   </div>
   <div class='ocr_carea' id='block_1_17' title="bbox 200 1678 1820 1750">
    <p class='ocr_par' dir='ltr' id='par_1_17' title="bbox 200 1678 1820 1750">
     <span class='ocr_line' id='line_1_17' title="bbox 200 1678 1820 1750; baseline -0.001 -16"><span class='ocrx_word' id='word_1_120' title='bbox 200 1679 531 1735; x_wconf 90' lang='lat' dir='ltr'><strong>crediderunt</strong></span> <span class='ocrx_word' id='word_1_121' title='bbox 561 1678 788 1735; x_wconf 82' lang='lat' dir='ltr'><strong>?cesset</strong></span> <span class='ocrx_word' id='word_1_122' title='bbox 807 1684 989 1734; x_wconf 90' lang='lat' dir='ltr'><strong>vestra</strong></span> <span class='ocrx_word' id='word_1_123' title='bbox 1017 1678 1292 1735; x_wconf 86' lang='lat' dir='ltr'><strong>maledica</strong></span> <span class='ocrx_word' id='word_1_124' title='bbox 1318 1678 1649 1750; x_wconf 81' lang='lat' dir='ltr'><strong>garrulitas.</strong></span> <span class='ocrx_word' id='word_1_125' title='bbox 1670 1678 1820 1734; x_wconf 91' lang='lat' dir='ltr'><strong>Deus</strong></span> 
     </span>
    </p>
   </div>
   <div class='ocr_carea' id='block_1_18' title="bbox 202 1766 1818 1838">
    <p class='ocr_par' dir='ltr' id='par_1_18' title="bbox 202 1766 1818 1838">
     <span class='ocr_line' id='line_1_18' title="bbox 202 1766 1818 1838; baseline -0.001 -14"><span class='ocrx_word' id='word_1_126' title='bbox 202 1769 404 1824; x_wconf 82' lang='lat' dir='ltr'><strong>redemit</strong></span> <span class='ocrx_word' id='word_1_127' title='bbox 434 1768 789 1838; x_wconf 88' lang='lat' dir='ltr'><strong>incarnatus,</strong></span> <span class='ocrx_word' id='word_1_128' title='bbox 820 1773 878 1823; x_wconf 91' lang='lat' dir='ltr'><strong>et</strong></span> <span class='ocrx_word' id='word_1_129' title='bbox 907 1782 1111 1824; x_wconf 89' lang='lat' dir='ltr'><strong>rursus</strong></span> <span class='ocrx_word' id='word_1_130' title='bbox 1138 1766 1541 1838; x_wconf 80' lang='lat' dir='ltr'><strong>captivamur?</strong></span> <span class='ocrx_word' id='word_1_131' title='bbox 1568 1773 1624 1822; x_wconf 92' lang='lat' dir='ltr'><strong>et</strong></span> <span class='ocrx_word' id='word_1_132' title='bbox 1657 1766 1729 1822; x_wconf 92' lang='lat' dir='ltr'><strong>ab</strong></span> <span class='ocrx_word' id='word_1_133' title='bbox 1753 1780 1818 1822; x_wconf 93' lang='lat' dir='ltr'><strong>eo</strong></span> 
     </span>
    </p>
   </div>
   <div class='ocr_carea' id='block_1_19' title="bbox 199 1857 1823 1929">
    <p class='ocr_par' dir='ltr' id='par_1_19' title="bbox 199 1857 1823 1929">
     <span class='ocr_line' id='line_1_19' title="bbox 199 1857 1823 1929; baseline -0.001 -16"><span class='ocrx_word' id='word_1_134' title='bbox 199 1860 276 1929; x_wconf 86' lang='lat' dir='ltr'><strong>qui</strong></span> <span class='ocrx_word' id='word_1_135' title='bbox 300 1858 650 1929; x_wconf 82' lang='lat' dir='ltr'><strong>tyrannidem</strong></span> <span class='ocrx_word' id='word_1_136' title='bbox 685 1858 744 1912; x_wconf 88' lang='lat' dir='ltr'><strong>in</strong></span> <span class='ocrx_word' id='word_1_137' title='bbox 775 1872 880 1913; x_wconf 90' lang='lat' dir='ltr'><strong>nos</strong></span> <span class='ocrx_word' id='word_1_138' title='bbox 907 1858 1185 1927; x_wconf 85' lang='lat' dir='ltr'><strong>exercuit,</strong></span> <span class='ocrx_word' id='word_1_139' title='bbox 1226 1871 1377 1913; x_wconf 90' lang='lat' dir='ltr'><strong>nunc</strong></span> <span class='ocrx_word' id='word_1_140' title='bbox 1404 1857 1611 1912; x_wconf 91' lang='lat' dir='ltr'><strong>iterum</strong></span> <span class='ocrx_word' id='word_1_141' title='bbox 1642 1869 1823 1925; x_wconf 85' lang='lat' dir='ltr'><strong>supe—</strong></span> 
     </span>
    </p>
   </div>
   <div class='ocr_carea' id='block_1_20' title="bbox 197 1943 1813 2017">
    <p class='ocr_par' dir='ltr' id='par_1_20' title="bbox 197 1943 1813 2017">
     <span class='ocr_line' id='line_1_20' title="bbox 197 1943 1813 2017; baseline -0.002 -14"><span class='ocrx_word' id='word_1_142' title='bbox 197 1947 400 2004; x_wconf 83' lang='lat' dir='ltr'><strong>ramur?</strong></span> <span class='ocrx_word' id='word_1_143' title='bbox 418 1947 637 2003; x_wconf 77' lang='lat' dir='ltr'><strong>Audite</strong></span> <span class='ocrx_word' id='word_1_144' title='bbox 664 1947 921 2003; x_wconf 86' lang='lat' dir='ltr'><strong>divinam</strong></span> <span class='ocrx_word' id='word_1_145' title='bbox 950 1947 1305 2017; x_wconf 88' lang='lat' dir='ltr'><strong>Scripturam</strong></span> <span class='ocrx_word' id='word_1_146' title='bbox 1326 1947 1607 2001; x_wconf 87' lang='lat' dir='ltr'><strong>dicentem</strong></span> <span class='ocrx_word' id='word_1_147' title='bbox 1634 1943 1813 2015; x_wconf 89' lang='lat' dir='ltr'><strong>(Psal.</strong></span> 
     </span>
    </p>
   </div>
   <div class='ocr_carea' id='block_1_21' title="bbox 194 2034 1819 2109">
    <p class='ocr_par' dir='ltr' id='par_1_21' title="bbox 194 2034 1819 2109">
     <span class='ocr_line' id='line_1_21' title="bbox 194 2034 1819 2109; baseline -0.001 -19"><span class='ocrx_word' id='word_1_148' title='bbox 194 2050 348 2105; x_wconf 75' lang='lat' dir='ltr'><strong>CXLIV,</strong></span> <span class='ocrx_word' id='word_1_149' title='bbox 378 2049 513 2091; x_wconf 84' lang='lat' dir='ltr'><strong>chv</strong></span> <span class='ocrx_word' id='word_1_150' title='bbox 531 2036 548 2109; x_wconf 92' lang='lat'>)</span> <span class='ocrx_word' id='word_1_151' title='bbox 568 2056 586 2089; x_wconf 91' lang='lat'><strong>:</strong></span> <span class='ocrx_word' id='word_1_152' title='bbox 632 2038 872 2103; x_wconf 77' lang='lat' dir='ltr'><strong>Regnum</strong></span> <span class='ocrx_word' id='word_1_153' title='bbox 898 2036 1016 2103; x_wconf 85' lang='lat' dir='ltr'><strong>ejus</strong></span> <span class='ocrx_word' id='word_1_154' title='bbox 1055 2041 1334 2097; x_wconf 65' lang='lat' dir='ltr'><strong>internum,</strong></span> <span class='ocrx_word' id='word_1_155' title='bbox 1366 2040 1417 2088; x_wconf 84' lang='lat' dir='ltr'><strong>et</strong></span> <span class='ocrx_word' id='word_1_156' title='bbox 1432 2039 1674 2105; x_wconf 83' lang='lat' dir='ltr'><strong>potestas</strong></span> <span class='ocrx_word' id='word_1_157' title='bbox 1700 2034 1819 2102; x_wconf 87' lang='lat' dir='ltr'><strong>ejus</strong></span> 
     </span>
    </p>
   </div>
   <div class='ocr_carea' id='block_1_22' title="bbox 191 2124 1819 2203">
    <p class='ocr_par' dir='ltr' id='par_1_22' title="bbox 191 2124 1819 2203">
     <span class='ocr_line' id='line_1_22' title="bbox 191 2124 1819 2203; baseline -0.002 -24"><span class='ocrx_word' id='word_1_158' title='bbox 191 2128 238 2179; x_wconf 82' lang='lat' dir='ltr'><strong>in</strong></span> <span class='ocrx_word' id='word_1_159' title='bbox 266 2128 628 2192; x_wconf 77' lang='lat' dir='ltr'><strong>generationes</strong></span> <span class='ocrx_word' id='word_1_160' title='bbox 646 2126 1074 2203; x_wconf 27' lang='lat' dir='ltr'><strong>-generationum</strong></span> <span class='ocrx_word' id='word_1_161' title='bbox 1100 2142 1114 2194; x_wconf 82' lang='lat'><strong>;</strong></span> <span class='ocrx_word' id='word_1_162' title='bbox 1143 2130 1200 2179; x_wconf 87' lang='lat' dir='ltr'><strong>et</strong></span> <span class='ocrx_word' id='word_1_163' title='bbox 1220 2142 1237 2177; x_wconf 89' lang='lat'><strong>:</strong></span> <span class='ocrx_word' id='word_1_164' title='bbox 1270 2124 1535 2191; x_wconf 83' lang='lat' dir='ltr'><strong>Regnabit</strong></span> <span class='ocrx_word' id='word_1_165' title='bbox 1559 2125 1819 2177; x_wconf 79' lang='lat' dir='ltr'><strong>Dominus</strong></span> 
     </span>
    </p>
   </div>
   <div class='ocr_carea' id='block_1_23' title="bbox 193 2214 1823 2282">
    <p class='ocr_par' dir='ltr' id='par_1_23' title="bbox 193 2214 1823 2282">
     <span class='ocr_line' id='line_1_23' title="bbox 193 2214 1823 2282; baseline -0.002 -13"><span class='ocrx_word' id='word_1_166' title='bbox 193 2218 239 2268; x_wconf 84' lang='lat' dir='ltr'><strong>in</strong></span> <span class='ocrx_word' id='word_1_167' title='bbox 273 2221 538 2277; x_wconf 66' lang='lat' dir='ltr'><strong>veternum,</strong></span> <span class='ocrx_word' id='word_1_168' title='bbox 586 2218 731 2269; x_wconf 82' lang='lat' dir='ltr'><strong>Deus</strong></span> <span class='ocrx_word' id='word_1_169' title='bbox 762 2219 888 2269; x_wconf 88' lang='lat' dir='ltr'><strong>tuus</strong></span> <span class='ocrx_word' id='word_1_170' title='bbox 914 2214 1046 2269; x_wconf 82' lang='lat' dir='ltr'><strong>Sion</strong></span> <span class='ocrx_word' id='word_1_171' title='bbox 1068 2216 1127 2268; x_wconf 89' lang='lat' dir='ltr'><strong>in</strong></span> <span class='ocrx_word' id='word_1_172' title='bbox 1146 2216 1544 2282; x_wconf 78' lang='lat' dir='ltr'><strong>generationem</strong></span> <span class='ocrx_word' id='word_1_173' title='bbox 1568 2218 1617 2267; x_wconf 85' lang='lat' dir='ltr'><strong>et</strong></span> <span class='ocrx_word' id='word_1_174' title='bbox 1649 2229 1823 2281; x_wconf 76' lang='lat' dir='ltr'><strong>gene—</strong></span> 
     </span>
    </p>
   </div>
   <div class='ocr_carea' id='block_1_24' title="bbox 192 2302 1820 2375">
    <p class='ocr_par' dir='ltr' id='par_1_24' title="bbox 192 2302 1820 2375">
     <span class='ocr_line' id='line_1_24' title="bbox 192 2302 1820 2375; baseline -0.001 -16"><span class='ocrx_word' id='word_1_175' title='bbox 192 2308 441 2360; x_wconf 79' lang='lat' dir='ltr'><strong>rationem.</strong></span> <span class='ocrx_word' id='word_1_176' title='bbox 483 2307 883 2375; x_wconf 86' lang='lat' dir='ltr'><strong>Nequaquam,</strong></span> <span class='ocrx_word' id='word_1_177' title='bbox 919 2309 984 2360; x_wconf 91' lang='lat' dir='ltr'><strong>ut</strong></span> <span class='ocrx_word' id='word_1_178' title='bbox 1012 2304 1385 2373; x_wconf 88' lang='lat' dir='ltr'><strong>imperatores</strong></span> <span class='ocrx_word' id='word_1_179' title='bbox 1415 2302 1624 2357; x_wconf 89' lang='lat' dir='ltr'><strong>terreni</strong></span> <span class='ocrx_word' id='word_1_180' title='bbox 1654 2303 1820 2358; x_wconf 91' lang='lat' dir='ltr'><strong>modo</strong></span> 
     </span>
    </p>
   </div>
   <div class='ocr_carea' id='block_1_25' title="bbox 191 2390 1818 2464">
    <p class='ocr_par' dir='ltr' id='par_1_25' title="bbox 191 2390 1818 2464">
     <span class='ocr_line' id='line_1_25' title="bbox 191 2390 1818 2464; baseline 0 -17"><span class='ocrx_word' id='word_1_181' title='bbox 191 2394 453 2464; x_wconf 77' lang='lat' dir='ltr'><strong>superant,</strong></span> <span class='ocrx_word' id='word_1_182' title='bbox 475 2394 650 2449; x_wconf 88' lang='lat' dir='ltr'><strong>modo</strong></span> <span class='ocrx_word' id='word_1_183' title='bbox 668 2398 1034 2463; x_wconf 88' lang='lat' dir='ltr'><strong>superantur,</strong></span> <span class='ocrx_word' id='word_1_184' title='bbox 1065 2393 1144 2448; x_wconf 88' lang='lat' dir='ltr'><strong>ita</strong></span> <span class='ocrx_word' id='word_1_185' title='bbox 1169 2396 1227 2447; x_wconf 90' lang='lat' dir='ltr'><strong>et</strong></span> <span class='ocrx_word' id='word_1_186' title='bbox 1242 2392 1427 2461; x_wconf 86' lang='lat' dir='ltr'><strong>Deus;</strong></span> <span class='ocrx_word' id='word_1_187' title='bbox 1460 2391 1557 2447; x_wconf 91' lang='lat' dir='ltr'><strong>sed</strong></span> <span class='ocrx_word' id='word_1_188' title='bbox 1575 2390 1818 2447; x_wconf 83' lang='lat' dir='ltr'><strong>victoria</strong></span> 
     </span>
    </p>
   </div>
   <div class='ocr_carea' id='block_1_26' title="bbox 190 2480 1821 2552">
    <p class='ocr_par' dir='ltr' id='par_1_26' title="bbox 190 2480 1821 2552">
     <span class='ocr_line' id='line_1_26' title="bbox 190 2480 1821 2552; baseline -0.002 -14"><span class='ocrx_word' id='word_1_189' title='bbox 190 2484 292 2551; x_wconf 89' lang='lat' dir='ltr'><strong>ejus</strong></span> <span class='ocrx_word' id='word_1_190' title='bbox 319 2484 372 2538; x_wconf 92' lang='lat' dir='ltr'><strong>in</strong></span> <span class='ocrx_word' id='word_1_191' title='bbox 403 2489 691 2539; x_wconf 70' lang='lat' dir='ltr'><strong>aeternum</strong></span> <span class='ocrx_word' id='word_1_192' title='bbox 736 2486 942 2538; x_wconf 89' lang='lat' dir='ltr'><strong>manet.</strong></span> <span class='ocrx_word' id='word_1_193' title='bbox 984 2483 1178 2552; x_wconf 90' lang='lat' dir='ltr'><strong>Neque</strong></span> <span class='ocrx_word' id='word_1_194' title='bbox 1222 2480 1375 2536; x_wconf 91' lang='lat' dir='ltr'><strong>enim</strong></span> <span class='ocrx_word' id='word_1_195' title='bbox 1422 2484 1486 2537; x_wconf 90' lang='lat' dir='ltr'><strong>ut</strong></span> <span class='ocrx_word' id='word_1_196' title='bbox 1538 2480 1705 2537; x_wconf 90' lang='lat' dir='ltr'><strong>homo</strong></span> <span class='ocrx_word' id='word_1_197' title='bbox 1734 2484 1821 2536; x_wconf 93' lang='lat' dir='ltr'><strong>est</strong></span> 
     </span>
    </p>
   </div>
   <div class='ocr_carea' id='block_1_27' title="bbox 191 2569 1822 2642">
    <p class='ocr_par' dir='ltr' id='par_1_27' title="bbox 191 2569 1822 2642">
     <span class='ocr_line' id='line_1_27' title="bbox 191 2569 1822 2642; baseline -0.001 -17"><span class='ocrx_word' id='word_1_198' title='bbox 191 2571 315 2626; x_wconf 86' lang='lat' dir='ltr'><strong>Deus</strong></span> <span class='ocrx_word' id='word_1_199' title='bbox 339 2578 396 2628; x_wconf 91' lang='lat' dir='ltr'><strong>ut</strong></span> <span class='ocrx_word' id='word_1_200' title='bbox 420 2570 730 2642; x_wconf 81' lang='lat' dir='ltr'><strong>formetur,</strong></span> <span class='ocrx_word' id='word_1_201' title='bbox 764 2584 946 2641; x_wconf 89' lang='lat' dir='ltr'><strong>neque</strong></span> <span class='ocrx_word' id='word_1_202' title='bbox 967 2574 1031 2627; x_wconf 88' lang='lat' dir='ltr'><strong>ut</strong></span> <span class='ocrx_word' id='word_1_203' title='bbox 1059 2569 1246 2625; x_wconf 90' lang='lat' dir='ltr'><strong>Filius</strong></span> <span class='ocrx_word' id='word_1_204' title='bbox 1274 2569 1545 2637; x_wconf 89' lang='lat' dir='ltr'><strong>hominis,</strong></span> <span class='ocrx_word' id='word_1_205' title='bbox 1582 2574 1647 2626; x_wconf 90' lang='lat' dir='ltr'><strong>ut</strong></span> <span class='ocrx_word' id='word_1_206' title='bbox 1674 2583 1822 2626; x_wconf 90' lang='lat' dir='ltr'><strong>com-</strong></span> 
     </span>
    </p>
   </div>
   <div class='ocr_carea' id='block_1_28' title="bbox 192 2658 1823 2732">
    <p class='ocr_par' dir='ltr' id='par_1_28' title="bbox 192 2658 1823 2732">
     <span class='ocr_line' id='line_1_28' title="bbox 192 2658 1823 2732; baseline -0.002 -14"><span class='ocrx_word' id='word_1_207' title='bbox 192 2662 414 2719; x_wconf 87' lang='lat' dir='ltr'><strong>minetur</strong></span> <span class='ocrx_word' id='word_1_208' title='bbox 432 2663 508 2732; x_wconf 91' lang='lat' dir='ltr'><strong>ei,</strong></span> <span class='ocrx_word' id='word_1_209' title='bbox 545 2660 709 2716; x_wconf 85' lang='lat' dir='ltr'><strong>sicut</strong></span> <span class='ocrx_word' id='word_1_210' title='bbox 740 2661 1021 2730; x_wconf 90' lang='lat' dir='ltr'><strong>scriptum</strong></span> <span class='ocrx_word' id='word_1_211' title='bbox 1042 2663 1146 2715; x_wconf 90' lang='lat' dir='ltr'><strong>est.</strong></span> <span class='ocrx_word' id='word_1_212' title='bbox 1171 2659 1273 2714; x_wconf 85' lang='lat' dir='ltr'><strong>His</strong></span> <span class='ocrx_word' id='word_1_213' title='bbox 1287 2663 1475 2715; x_wconf 88' lang='lat' dir='ltr'><strong>autem</strong></span> <span class='ocrx_word' id='word_1_214' title='bbox 1495 2664 1553 2713; x_wconf 92' lang='lat' dir='ltr'><strong>et</strong></span> <span class='ocrx_word' id='word_1_215' title='bbox 1570 2658 1823 2729; x_wconf 87' lang='lat' dir='ltr'><strong>Aposto-</strong></span> 
     </span>
    </p>
   </div>
   <div class='ocr_carea' id='block_1_29' title="bbox 193 2747 1822 2818">
    <p class='ocr_par' dir='ltr' id='par_1_29' title="bbox 193 2747 1822 2818">
     <span class='ocr_line' id='line_1_29' title="bbox 193 2747 1822 2818; baseline -0.001 -14"><span class='ocrx_word' id='word_1_216' title='bbox 193 2749 268 2805; x_wconf 85' lang='lat' dir='ltr'><strong>lus</strong></span> <span class='ocrx_word' id='word_1_217' title='bbox 292 2754 566 2807; x_wconf 84' lang='lat' dir='ltr'><strong>consonat</strong></span> <span class='ocrx_word' id='word_1_218' title='bbox 597 2749 832 2805; x_wconf 88' lang='lat' dir='ltr'><strong>dicens:</strong></span> <span class='ocrx_word' id='word_1_219' title='bbox 872 2748 1001 2803; x_wconf 85' lang='lat' dir='ltr'><strong>Sine</strong></span> <span class='ocrx_word' id='word_1_220' title='bbox 1020 2749 1340 2818; x_wconf 75' lang='lat' dir='ltr'><strong>pcenitentia</strong></span> <span class='ocrx_word' id='word_1_221' title='bbox 1368 2749 1509 2802; x_wconf 87' lang='lat' dir='ltr'><strong>enim</strong></span> <span class='ocrx_word' id='word_1_222' title='bbox 1538 2752 1686 2809; x_wconf 87' lang='lat' dir='ltr'><strong>sunt,</strong></span> <span class='ocrx_word' id='word_1_223' title='bbox 1721 2747 1822 2803; x_wconf 91' lang='lat' dir='ltr'><strong>in—</strong></span> 
     </span>
    </p>
   </div>
   <div class='ocr_carea' id='block_1_30' title="bbox 191 2834 1822 2910">
    <p class='ocr_par' dir='ltr' id='par_1_30' title="bbox 191 2834 1822 2910">
     <span class='ocr_line' id='line_1_30' title="bbox 191 2834 1822 2910; baseline -0.002 -17"><span class='ocrx_word' id='word_1_224' title='bbox 191 2839 278 2907; x_wconf 88' lang='lat' dir='ltr'><strong>uit,</strong></span> <span class='ocrx_word' id='word_1_225' title='bbox 305 2840 441 2893; x_wconf 83' lang='lat' dir='ltr'><strong>dona</strong></span> <span class='ocrx_word' id='word_1_226' title='bbox 472 2845 526 2893; x_wconf 83' lang='lat' dir='ltr'><strong>et</strong></span> <span class='ocrx_word' id='word_1_227' title='bbox 558 2840 773 2892; x_wconf 80' lang='lat' dir='ltr'><strong>vacatio</strong></span> <span class='ocrx_word' id='word_1_228' title='bbox 801 2838 901 2891; x_wconf 86' lang='lat' dir='ltr'><strong>Dei</strong></span> <span class='ocrx_word' id='word_1_229' title='bbox 922 2834 1097 2907; x_wconf 87' lang='lat' dir='ltr'><strong>(Rom.</strong></span> <span class='ocrx_word' id='word_1_230' title='bbox 1134 2836 1241 2910; x_wconf 71' lang='grc' dir='ltr'><strong>χι).</strong></span> <span class='ocrx_word' id='word_1_231' title='bbox 1277 2838 1451 2892; x_wconf 89' lang='lat' dir='ltr'><strong>Porro</strong></span> <span class='ocrx_word' id='word_1_232' title='bbox 1488 2837 1681 2892; x_wconf 86' lang='lat' dir='ltr'><strong>eadem</strong></span> <span class='ocrx_word' id='word_1_233' title='bbox 1729 2834 1822 2891; x_wconf 83' lang='lat' dir='ltr'><strong>ef-</strong></span> 
     </span>
    </p>
   </div>
   <div class='ocr_carea' id='block_1_31' title="bbox 191 2922 1818 2996">
    <p class='ocr_par' dir='ltr' id='par_1_31' title="bbox 191 2922 1818 2996">
     <span class='ocr_line' id='line_1_31' title="bbox 191 2922 1818 2996; baseline -0.001 -16"><span class='ocrx_word' id='word_1_234' title='bbox 191 2926 372 2989; x_wconf 82' lang='lat' dir='ltr'><strong>tantur,</strong></span> <span class='ocrx_word' id='word_1_235' title='bbox 393 2932 580 2984; x_wconf 88' lang='lat' dir='ltr'><strong>semet</strong></span> <span class='ocrx_word' id='word_1_236' title='bbox 610 2927 888 2982; x_wconf 88' lang='lat' dir='ltr'><strong>adornare</strong></span> <span class='ocrx_word' id='word_1_237' title='bbox 924 2930 1205 2996; x_wconf 87' lang='lat' dir='ltr'><strong>putantes.</strong></span> <span class='ocrx_word' id='word_1_238' title='bbox 1238 2922 1616 2981; x_wconf 84' lang='lat' dir='ltr'><strong>Subinferunt</strong></span> <span class='ocrx_word' id='word_1_239' title='bbox 1644 2924 1818 2996; x_wconf 89' lang='lat' dir='ltr'><strong>enim,</strong></span> 
     </span>
    </p>
   </div>
   <div class='ocr_carea' id='block_1_32' title="bbox 188 3016 1261 3088">
    <p class='ocr_par' dir='ltr' id='par_1_32' title="bbox 188 3016 1261 3088">
     <span class='ocr_line' id='line_1_32' title="bbox 188 3016 1261 3088; baseline -0.007 -15"><span class='ocrx_word' id='word_1_240' title='bbox 188 3028 317 3072; x_wconf 84' lang='lat' dir='ltr'><strong>sesse</strong></span> <span class='ocrx_word' id='word_1_241' title='bbox 344 3016 795 3088; x_wconf 87' lang='lat' dir='ltr'><strong>impugnantes:</strong></span> <span class='ocrx_word' id='word_1_242' title='bbox 1248 3070 1261 3077; x_wconf 70' lang='grc'>,</span> 
     </span>
    </p>
   </div>
   <div class='ocr_carea' id='block_1_33' title="bbox 576 3122 1410 3192">
    <p class='ocr_par' dir='ltr' id='par_1_33' title="bbox 576 3122 1410 3192">
     <span class='ocr_line' id='line_1_33' title="bbox 576 3122 1410 3192; baseline -0.001 -16"><span class='ocrx_word' id='word_1_243' title='bbox 576 3124 864 3189; x_wconf 77' lang='lat' dir='ltr'><strong>Gregorius</strong></span> <span class='ocrx_word' id='word_1_244' title='bbox 914 3123 1193 3192; x_wconf 84' lang='lat' dir='ltr'><strong>episcopus</strong></span> <span class='ocrx_word' id='word_1_245' title='bbox 1248 3122 1377 3188; x_wconf 82' lang='lat' dir='ltr'><strong>legit</strong></span> <span class='ocrx_word' id='word_1_246' title='bbox 1396 3139 1410 3175; x_wconf 93' lang='lat'><strong>:</strong></span> 
     </span>
    </p>
   </div>
   <div class='ocr_carea' id='block_1_34' title="bbox 246 3226 1822 3297">
    <p class='ocr_par' dir='ltr' id='par_1_34' title="bbox 246 3226 1822 3297">
     <span class='ocr_line' id='line_1_34' title="bbox 246 3226 1822 3297; baseline -0.003 -12"><span class='ocrx_word' id='word_1_247' title='bbox 246 3251 267 3279; x_wconf 77' lang='grc' dir='ltr'><strong>ι</strong></span> <span class='ocrx_word' id='word_1_248' title='bbox 304 3231 368 3285; x_wconf 85' lang='lat' dir='ltr'><strong>Et</strong></span> <span class='ocrx_word' id='word_1_249' title='bbox 398 3231 479 3287; x_wconf 91' lang='lat' dir='ltr'><strong>ita</strong></span> <span class='ocrx_word' id='word_1_250' title='bbox 509 3230 747 3285; x_wconf 89' lang='lat' dir='ltr'><strong>demum</strong></span> <span class='ocrx_word' id='word_1_251' title='bbox 782 3243 910 3284; x_wconf 90' lang='lat' dir='ltr'><strong>cum</strong></span> <span class='ocrx_word' id='word_1_252' title='bbox 934 3228 1325 3297; x_wconf 88' lang='lat' dir='ltr'><strong>assumptione</strong></span> <span class='ocrx_word' id='word_1_253' title='bbox 1350 3228 1411 3282; x_wconf 93' lang='lat' dir='ltr'><strong>in</strong></span> <span class='ocrx_word' id='word_1_254' title='bbox 1435 3226 1610 3283; x_wconf 66' lang='lat' dir='ltr'><strong>caelos</strong></span> <span class='ocrx_word' id='word_1_255' title='bbox 1631 3239 1822 3281; x_wconf 87' lang='lat' dir='ltr'><strong>ascen-</strong></span> 
     </span>
    </p>
   </div>
   <div class='ocr_carea' id='block_1_35' title="bbox 192 3314 1823 3388">
    <p class='ocr_par' dir='ltr' id='par_1_35' title="bbox 192 3314 1823 3388">
     <span class='ocr_line' id='line_1_35' title="bbox 192 3314 1823 3388; baseline -0.002 -15"><span class='ocrx_word' id='word_1_256' title='bbox 192 3335 209 3363; x_wconf 68' lang='lat'>»</span> <span class='ocrx_word' id='word_1_257' title='bbox 242 3317 340 3388; x_wconf 89' lang='lat' dir='ltr'><strong>dit,</strong></span> <span class='ocrx_word' id='word_1_258' title='bbox 390 3323 631 3374; x_wconf 81' lang='lat' dir='ltr'><strong>sanctos</strong></span> <span class='ocrx_word' id='word_1_259' title='bbox 658 3317 978 3387; x_wconf 88' lang='lat' dir='ltr'><strong>discipulos</strong></span> <span class='ocrx_word' id='word_1_260' title='bbox 1034 3330 1172 3372; x_wconf 91' lang='lat' dir='ltr'><strong>suos</strong></span> <span class='ocrx_word' id='word_1_261' title='bbox 1201 3321 1258 3372; x_wconf 90' lang='lat' dir='ltr'><strong>et</strong></span> <span class='ocrx_word' id='word_1_262' title='bbox 1295 3315 1585 3386; x_wconf 86' lang='lat' dir='ltr'><strong>apostolos</strong></span> <span class='ocrx_word' id='word_1_263' title='bbox 1632 3314 1823 3386; x_wconf 83' lang='lat' dir='ltr'><strong>magi-</strong></span> 
     </span>
    </p>
   </div>
   <div class='ocr_carea' id='block_1_36' title="bbox 191 3404 1821 3477">
    <p class='ocr_par' dir='ltr' id='par_1_36' title="bbox 191 3404 1821 3477">
     <span class='ocr_line' id='line_1_36' title="bbox 191 3404 1821 3477; baseline -0.002 -15"><span class='ocrx_word' id='word_1_264' title='bbox 191 3428 208 3455; x_wconf 69' lang='grc' dir='ltr'><strong>υ</strong></span> <span class='ocrx_word' id='word_1_265' title='bbox 242 3414 376 3464; x_wconf 90' lang='lat' dir='ltr'><strong>stros</strong></span> <span class='ocrx_word' id='word_1_266' title='bbox 408 3408 597 3477; x_wconf 87' lang='lat' dir='ltr'><strong>hujus</strong></span> <span class='ocrx_word' id='word_1_267' title='bbox 622 3404 936 3462; x_wconf 74' lang='lat' dir='ltr'><strong>salutifera:</strong></span> <span class='ocrx_word' id='word_1_268' title='bbox 966 3404 1097 3461; x_wconf 90' lang='lat' dir='ltr'><strong>ﬁdei</strong></span> <span class='ocrx_word' id='word_1_269' title='bbox 1126 3405 1552 3476; x_wconf 88' lang='lat' dir='ltr'><strong>derelinquens.</strong></span> <span class='ocrx_word' id='word_1_270' title='bbox 1582 3404 1691 3473; x_wconf 92' lang='lat' dir='ltr'><strong>Qui</strong></span> <span class='ocrx_word' id='word_1_271' title='bbox 1725 3404 1821 3459; x_wconf 89' lang='lat' dir='ltr'><strong>Ec-</strong></span> 
     </span>
    </p>
   </div>
   <div class='ocr_carea' id='block_1_37' title="bbox 189 3494 1818 3566">
    <p class='ocr_par' dir='ltr' id='par_1_37' title="bbox 189 3494 1818 3566">
     <span class='ocr_line' id='line_1_37' title="bbox 189 3494 1818 3566; baseline -0.001 -16"><span class='ocrx_word' id='word_1_272' title='bbox 189 3516 207 3541; x_wconf 71' lang='lat'><em>»</em></span> <span class='ocrx_word' id='word_1_273' title='bbox 242 3497 458 3553; x_wconf 81' lang='lat' dir='ltr'><strong>clesiam</strong></span> <span class='ocrx_word' id='word_1_274' title='bbox 508 3502 770 3551; x_wconf 87' lang='lat' dir='ltr'><strong>nostram</strong></span> <span class='ocrx_word' id='word_1_275' title='bbox 823 3500 1094 3566; x_wconf 89' lang='lat' dir='ltr'><strong>tanquam</strong></span> <span class='ocrx_word' id='word_1_276' title='bbox 1141 3508 1405 3565; x_wconf 90' lang='lat' dir='ltr'><strong>sponsam</strong></span> <span class='ocrx_word' id='word_1_277' title='bbox 1467 3494 1593 3563; x_wconf 89' lang='lat' dir='ltr'><strong>ejus</strong></span> <span class='ocrx_word' id='word_1_278' title='bbox 1639 3494 1818 3549; x_wconf 90' lang='lat' dir='ltr'><strong>variis</strong></span> 
     </span>
    </p>
   </div>
   <div class='ocr_carea' id='block_1_38' title="bbox 188 3583 1820 3655">
    <p class='ocr_par' dir='ltr' id='par_1_38' title="bbox 188 3583 1820 3655">
     <span class='ocr_line' id='line_1_38' title="bbox 188 3583 1820 3655; baseline -0.002 -13"><span class='ocrx_word' id='word_1_279' title='bbox 188 3606 207 3631; x_wconf 73' lang='grc' dir='ltr'><strong><em>υ</em></strong></span> <span class='ocrx_word' id='word_1_280' title='bbox 242 3586 463 3654; x_wconf 90' lang='lat' dir='ltr'><strong>pietatis</strong></span> <span class='ocrx_word' id='word_1_281' title='bbox 488 3591 671 3655; x_wconf 88' lang='lat' dir='ltr'><strong>atque</strong></span> <span class='ocrx_word' id='word_1_282' title='bbox 689 3584 946 3640; x_wconf 88' lang='lat' dir='ltr'><strong>luciﬁuis</strong></span> <span class='ocrx_word' id='word_1_283' title='bbox 965 3583 1329 3655; x_wconf 81' lang='lat' dir='ltr'><strong>dogmatibus</strong></span> <span class='ocrx_word' id='word_1_284' title='bbox 1354 3583 1666 3653; x_wconf 71' lang='lat' dir='ltr'><strong>speciosam</strong></span> <span class='ocrx_word' id='word_1_285' title='bbox 1699 3584 1820 3639; x_wconf 85' lang='lat' dir='ltr'><strong>red-</strong></span> 
     </span>
    </p>
   </div>
   <div class='ocr_carea' id='block_1_39' title="bbox 189 3669 1815 3746">
    <p class='ocr_par' dir='ltr' id='par_1_39' title="bbox 189 3669 1815 3746">
     <span class='ocr_line' id='line_1_39' title="bbox 189 3669 1815 3746; baseline -0.001 -17"><span class='ocrx_word' id='word_1_286' title='bbox 189 3694 207 3721; x_wconf 70' lang='grc' dir='ltr'><strong>ο</strong></span> <span class='ocrx_word' id='word_1_287' title='bbox 239 3675 443 3746; x_wconf 89' lang='lat' dir='ltr'><strong>dentes,</strong></span> <span class='ocrx_word' id='word_1_288' title='bbox 467 3674 751 3745; x_wconf 88' lang='lat' dir='ltr'><strong>optimam</strong></span> <span class='ocrx_word' id='word_1_289' title='bbox 778 3669 1313 3746; x_wconf 80' lang='lat' dir='ltr'><strong>[formosissimum]</strong></span> <span class='ocrx_word' id='word_1_290' title='bbox 1337 3678 1393 3728; x_wconf 91' lang='lat' dir='ltr'><strong>et</strong></span> <span class='ocrx_word' id='word_1_291' title='bbox 1413 3672 1815 3742; x_wconf 89' lang='lat' dir='ltr'><strong>clarissimam,</strong></span> 
     </span>
    </p>
   </div>
   <div class='ocr_carea' id='block_1_40' title="bbox 189 3760 1820 3835">
    <p class='ocr_par' dir='ltr' id='par_1_40' title="bbox 189 3760 1820 3835">
     <span class='ocr_line' id='line_1_40' title="bbox 189 3760 1820 3835; baseline 0 -18"><span class='ocrx_word' id='word_1_292' title='bbox 189 3782 207 3809; x_wconf 59' lang='grc' dir='ltr'>θ</span> <span class='ocrx_word' id='word_1_293' title='bbox 243 3769 423 3833; x_wconf 84' lang='lat' dir='ltr'><strong>utpote</strong></span> <span class='ocrx_word' id='word_1_294' title='bbox 449 3761 807 3835; x_wconf 90' lang='lat' dir='ltr'><strong>quibusdam</strong></span> <span class='ocrx_word' id='word_1_295' title='bbox 833 3760 1082 3816; x_wconf 89' lang='lat' dir='ltr'><strong>ﬁmbriis</strong></span> <span class='ocrx_word' id='word_1_296' title='bbox 1100 3761 1296 3816; x_wconf 91' lang='lat' dir='ltr'><strong>aureis</strong></span> <span class='ocrx_word' id='word_1_297' title='bbox 1319 3762 1693 3817; x_wconf 90' lang='lat' dir='ltr'><strong>ostenderunt</strong></span> <span class='ocrx_word' id='word_1_298' title='bbox 1712 3762 1820 3817; x_wconf 89' lang='lat' dir='ltr'><strong>cir-</strong></span> 
     </span>
    </p>
   </div>
   <div class='ocr_carea' id='block_1_41' title="bbox 190 3850 1821 3921">
    <p class='ocr_par' dir='ltr' id='par_1_41' title="bbox 190 3850 1821 3921">
     <span class='ocr_line' id='line_1_41' title="bbox 190 3850 1821 3921; baseline 0.001 -16"><span class='ocrx_word' id='word_1_299' title='bbox 190 3870 207 3895; x_wconf 77' lang='lat' dir='ltr'><strong>a</strong></span> <span class='ocrx_word' id='word_1_300' title='bbox 240 3852 639 3907; x_wconf 89' lang='lat' dir='ltr'><strong>cumamictam</strong></span> <span class='ocrx_word' id='word_1_301' title='bbox 661 3855 718 3905; x_wconf 91' lang='lat' dir='ltr'><strong>et</strong></span> <span class='ocrx_word' id='word_1_302' title='bbox 736 3850 1035 3905; x_wconf 84' lang='lat' dir='ltr'><strong>variatam.</strong></span> <span class='ocrx_word' id='word_1_303' title='bbox 1067 3850 1245 3919; x_wconf 89' lang='lat' dir='ltr'><strong>Cujus</strong></span> <span class='ocrx_word' id='word_1_304' title='bbox 1264 3850 1509 3919; x_wconf 87' lang='lat' dir='ltr'><strong>speciem</strong></span> <span class='ocrx_word' id='word_1_305' title='bbox 1540 3851 1821 3921; x_wconf 89' lang='lat' dir='ltr'><strong>accipien-</strong></span> 
     </span>
    </p>
   </div>
   <div class='ocr_carea' id='block_1_42' title="bbox 187 3937 1822 4011">
    <p class='ocr_par' dir='ltr' id='par_1_42' title="bbox 187 3937 1822 4011">
     <span class='ocr_line' id='line_1_42' title="bbox 187 3937 1822 4011; baseline 0.002 -18"><span class='ocrx_word' id='word_1_306' title='bbox 187 3956 208 3983; x_wconf 73' lang='grc' dir='ltr'><strong><em>ι»</em></strong></span> <span class='ocrx_word' id='word_1_307' title='bbox 240 3944 315 3993; x_wconf 87' lang='lat' dir='ltr'><strong>tes</strong></span> <span class='ocrx_word' id='word_1_308' title='bbox 344 3940 553 4011; x_wconf 89' lang='lat' dir='ltr'><strong>inclyti</strong></span> <span class='ocrx_word' id='word_1_309' title='bbox 590 3940 784 3993; x_wconf 88' lang='lat' dir='ltr'><strong>Patres</strong></span> <span class='ocrx_word' id='word_1_310' title='bbox 814 3937 995 3993; x_wconf 90' lang='lat' dir='ltr'><strong>nostri</strong></span> <span class='ocrx_word' id='word_1_311' title='bbox 1022 3942 1193 4007; x_wconf 91' lang='lat' dir='ltr'><strong>atque</strong></span> <span class='ocrx_word' id='word_1_312' title='bbox 1221 3939 1501 4010; x_wconf 84' lang='lat' dir='ltr'><strong>magistri,</strong></span> <span class='ocrx_word' id='word_1_313' title='bbox 1528 3952 1745 3995; x_wconf 90' lang='lat' dir='ltr'><strong>necnon</strong></span> <span class='ocrx_word' id='word_1_314' title='bbox 1766 3944 1822 3996; x_wconf 92' lang='lat' dir='ltr'><strong>et</strong></span> 
     </span>
    </p>
   </div>
   <div class='ocr_carea' id='block_1_43' title="bbox 189 4026 1822 4098">
    <p class='ocr_par' dir='ltr' id='par_1_43' title="bbox 189 4026 1822 4098">
     <span class='ocr_line' id='line_1_43' title="bbox 189 4026 1822 4098; baseline 0.001 -16"><span class='ocrx_word' id='word_1_315' title='bbox 189 4044 205 4071; x_wconf 64' lang='grc' dir='ltr'><strong>ι</strong></span> <span class='ocrx_word' id='word_1_316' title='bbox 241 4034 438 4084; x_wconf 76' lang='lat' dir='ltr'><strong>sanctae</strong></span> <span class='ocrx_word' id='word_1_317' title='bbox 469 4042 539 4084; x_wconf 87' lang='lat' dir='ltr'><strong>ac</strong></span> <span class='ocrx_word' id='word_1_318' title='bbox 596 4026 950 4082; x_wconf 87' lang='lat' dir='ltr'><strong>venerabiles</strong></span> <span class='ocrx_word' id='word_1_319' title='bbox 989 4040 1087 4082; x_wconf 85' lang='lat' dir='ltr'><strong>sex</strong></span> <span class='ocrx_word' id='word_1_320' title='bbox 1126 4026 1349 4098; x_wconf 86' lang='lat' dir='ltr'><strong>synodi,</strong></span> <span class='ocrx_word' id='word_1_321' title='bbox 1401 4028 1528 4083; x_wconf 90' lang='lat' dir='ltr'><strong>sine</strong></span> <span class='ocrx_word' id='word_1_322' title='bbox 1554 4028 1822 4084; x_wconf 89' lang='lat' dir='ltr'><strong>diminu-</strong></span> 
     </span>
    </p>
   </div>
   <div class='ocr_carea' id='block_1_44' title="bbox 192 4117 965 4174">
    <p class='ocr_par' dir='ltr' id='par_1_44' title="bbox 192 4117 965 4174">
     <span class='ocr_line' id='line_1_44' title="bbox 192 4117 965 4174; baseline -0.008 -3"><span class='ocrx_word' id='word_1_323' title='bbox 192 4134 207 4161; x_wconf 63' lang='grc' dir='ltr'>δ</span> <span class='ocrx_word' id='word_1_324' title='bbox 241 4117 388 4173; x_wconf 91' lang='lat' dir='ltr'><strong>tione</strong></span> <span class='ocrx_word' id='word_1_325' title='bbox 408 4120 965 4174; x_wconf 77' lang='lat' dir='ltr'><strong>conservaverunt.»</strong></span> 
     </span>
    </p>
   </div>
   <div class='ocr_carea' id='block_1_45' title="bbox 570 4224 1422 4294">
    <p class='ocr_par' dir='ltr' id='par_1_45' title="bbox 570 4224 1422 4294">
     <span class='ocr_line' id='line_1_45' title="bbox 570 4224 1422 4294; baseline 0.002 -16"><span class='ocrx_word' id='word_1_326' title='bbox 570 4224 918 4294; x_wconf 83' lang='lat' dir='ltr'><strong>Epiphanius</strong></span> <span class='ocrx_word' id='word_1_327' title='bbox 949 4224 1211 4279; x_wconf 82' lang='lat' dir='ltr'><strong>diaconus</strong></span> <span class='ocrx_word' id='word_1_328' title='bbox 1255 4225 1384 4293; x_wconf 85' lang='lat' dir='ltr'><strong>legit</strong></span> <span class='ocrx_word' id='word_1_329' title='bbox 1406 4243 1422 4279; x_wconf 90' lang='lat'><strong>:</strong></span> 
     </span>
    </p>
   </div>
   <div class='ocr_carea' id='block_1_46' title="bbox 241 4332 1823 4403">
    <p class='ocr_par' dir='ltr' id='par_1_46' title="bbox 241 4332 1823 4403">
     <span class='ocr_line' id='line_1_46' title="bbox 241 4332 1823 4403; baseline 0.002 -15"><span class='ocrx_word' id='word_1_330' title='bbox 241 4333 332 4389; x_wconf 91' lang='lat' dir='ltr'><strong>Ind</strong></span> <span class='ocrx_word' id='word_1_331' title='bbox 371 4338 534 4391; x_wconf 89' lang='lat' dir='ltr'><strong>ctum</strong></span> <span class='ocrx_word' id='word_1_332' title='bbox 579 4337 637 4389; x_wconf 91' lang='lat' dir='ltr'><strong>et</strong></span> <span class='ocrx_word' id='word_1_333' title='bbox 689 4332 1047 4388; x_wconf 89' lang='lat' dir='ltr'><strong>ineruditum</strong></span> <span class='ocrx_word' id='word_1_334' title='bbox 1100 4346 1329 4388; x_wconf 91' lang='lat' dir='ltr'><strong>sensum</strong></span> <span class='ocrx_word' id='word_1_335' title='bbox 1370 4332 1661 4403; x_wconf 91' lang='lat' dir='ltr'><strong>habentes,</strong></span> <span class='ocrx_word' id='word_1_336' title='bbox 1720 4348 1823 4392; x_wconf 90' lang='lat' dir='ltr'><strong>nec</strong></span> 
     </span>
    </p>
   </div>
   <div class='ocr_carea' id='block_1_47' title="bbox 1930 499 3579 571">
    <p class='ocr_par' dir='ltr' id='par_1_47' title="bbox 1930 499 3579 571">
     <span class='ocr_line' id='line_1_47' title="bbox 1930 499 3579 571; baseline -0.002 -15"><span class='ocrx_word' id='word_1_337' title='bbox 1930 499 2164 556; x_wconf 88' lang='lat' dir='ltr'><strong>fuerunt</strong></span> <span class='ocrx_word' id='word_1_338' title='bbox 2210 516 2275 556; x_wconf 86' lang='lat' dir='ltr'><strong>ex</strong></span> <span class='ocrx_word' id='word_1_339' title='bbox 2308 515 2421 571; x_wconf 89' lang='lat' dir='ltr'><strong>quo</strong></span> <span class='ocrx_word' id='word_1_340' title='bbox 2472 501 2879 556; x_wconf 89' lang='lat' dir='ltr'><strong>aununtiatum</strong></span> <span class='ocrx_word' id='word_1_341' title='bbox 2911 505 2998 555; x_wconf 92' lang='lat' dir='ltr'><strong>est</strong></span> <span class='ocrx_word' id='word_1_342' title='bbox 3049 499 3437 570; x_wconf 89' lang='lat' dir='ltr'><strong>Evangelium,</strong></span> <span class='ocrx_word' id='word_1_343' title='bbox 3472 514 3579 554; x_wconf 87' lang='lat' dir='ltr'><strong>ex—</strong></span> 
     </span>
    </p>
   </div>
   <div class='ocr_carea' id='block_1_48' title="bbox 1933 588 3580 660">
    <p class='ocr_par' dir='ltr' id='par_1_48' title="bbox 1933 588 3580 660">
     <span class='ocr_line' id='line_1_48' title="bbox 1933 588 3580 660; baseline -0.001 -16"><span class='ocrx_word' id='word_1_344' title='bbox 1933 589 2250 659; x_wconf 89' lang='lat' dir='ltr'><strong>probrando</strong></span> <span class='ocrx_word' id='word_1_345' title='bbox 2279 594 2334 645; x_wconf 91' lang='lat' dir='ltr'><strong>et</strong></span> <span class='ocrx_word' id='word_1_346' title='bbox 2377 589 2700 660; x_wconf 90' lang='lat' dir='ltr'><strong>abjiciendo</strong></span> <span class='ocrx_word' id='word_1_347' title='bbox 2730 590 2855 659; x_wconf 90' lang='lat' dir='ltr'><strong>ejus</strong></span> <span class='ocrx_word' id='word_1_348' title='bbox 2898 588 3283 643; x_wconf 90' lang='lat' dir='ltr'><strong>narrationem</strong></span> <span class='ocrx_word' id='word_1_349' title='bbox 3321 601 3448 657; x_wconf 72' lang='lat' dir='ltr'><strong>quae</strong></span> <span class='ocrx_word' id='word_1_350' title='bbox 3483 602 3580 656; x_wconf 88' lang='lat' dir='ltr'><strong>per</strong></span> 
     </span>
    </p>
   </div>
   <div class='ocr_carea' id='block_1_49' title="bbox 1930 677 3581 748">
    <p class='ocr_par' dir='ltr' id='par_1_49' title="bbox 1930 677 3581 748">
     <span class='ocr_line' id='line_1_49' title="bbox 1930 677 3581 748; baseline -0.002 -15"><span class='ocrx_word' id='word_1_351' title='bbox 1930 678 2232 734; x_wconf 91' lang='lat' dir='ltr'><strong>titulorum</strong></span> <span class='ocrx_word' id='word_1_352' title='bbox 2256 678 2537 748; x_wconf 87' lang='lat' dir='ltr'><strong>picturam</strong></span> <span class='ocrx_word' id='word_1_353' title='bbox 2559 677 2751 733; x_wconf 73' lang='lat' dir='ltr'><strong>eﬁ‘ecta</strong></span> <span class='ocrx_word' id='word_1_354' title='bbox 2773 682 2876 733; x_wconf 89' lang='lat' dir='ltr'><strong>est.</strong></span> <span class='ocrx_word' id='word_1_355' title='bbox 2896 679 3036 732; x_wconf 81' lang='lat' dir='ltr'><strong>Nam</strong></span> <span class='ocrx_word' id='word_1_356' title='bbox 3070 684 3367 746; x_wconf 88' lang='lat' dir='ltr'><strong>postquam</strong></span> <span class='ocrx_word' id='word_1_357' title='bbox 3387 680 3581 730; x_wconf 83' lang='lat' dir='ltr'><strong>sancta</strong></span> 
     </span>
    </p>
   </div>
   <div class='ocr_carea' id='block_1_50' title="bbox 1928 763 3579 837">
    <p class='ocr_par' dir='ltr' id='par_1_50' title="bbox 1928 763 3579 837">
     <span class='ocr_line' id='line_1_50' title="bbox 1928 763 3579 837; baseline -0.002 -15"><span class='ocrx_word' id='word_1_358' title='bbox 1928 773 1984 823; x_wconf 91' lang='lat' dir='ltr'><strong>et</strong></span> <span class='ocrx_word' id='word_1_359' title='bbox 2015 767 2358 824; x_wconf 91' lang='lat' dir='ltr'><strong>universalis</strong></span> <span class='ocrx_word' id='word_1_360' title='bbox 2403 771 2559 822; x_wconf 89' lang='lat' dir='ltr'><strong>sexta</strong></span> <span class='ocrx_word' id='word_1_361' title='bbox 2601 767 2853 837; x_wconf 82' lang='lat' dir='ltr'><strong>synodus</strong></span> <span class='ocrx_word' id='word_1_362' title='bbox 2882 764 3029 821; x_wconf 84' lang='lat' dir='ltr'><strong>facta</strong></span> <span class='ocrx_word' id='word_1_363' title='bbox 3081 770 3185 836; x_wconf 91' lang='lat' dir='ltr'><strong>est,</strong></span> <span class='ocrx_word' id='word_1_364' title='bbox 3235 777 3417 835; x_wconf 90' lang='lat' dir='ltr'><strong>usque</strong></span> <span class='ocrx_word' id='word_1_365' title='bbox 3442 763 3579 818; x_wconf 90' lang='lat' dir='ltr'><strong>dum</strong></span> 
     </span>
    </p>
   </div>
   <div class='ocr_carea' id='block_1_51' title="bbox 1932 854 3575 927">
    <p class='ocr_par' dir='ltr' id='par_1_51' title="bbox 1932 854 3575 927">
     <span class='ocr_line' id='line_1_51' title="bbox 1932 854 3575 927; baseline -0.002 -16"><span class='ocrx_word' id='word_1_366' title='bbox 1932 856 2042 925; x_wconf 89' lang='lat' dir='ltr'><strong>ipsi</strong></span> <span class='ocrx_word' id='word_1_367' title='bbox 2074 856 2399 927; x_wconf 79' lang='lat' dir='ltr'><strong>congregati</strong></span> <span class='ocrx_word' id='word_1_368' title='bbox 2433 861 2569 912; x_wconf 91' lang='lat' dir='ltr'><strong>sunt</strong></span> <span class='ocrx_word' id='word_1_369' title='bbox 2602 860 2798 910; x_wconf 90' lang='lat' dir='ltr'><strong>contra</strong></span> <span class='ocrx_word' id='word_1_370' title='bbox 2831 854 3184 910; x_wconf 86' lang='lat' dir='ltr'><strong>venerabiles</strong></span> <span class='ocrx_word' id='word_1_371' title='bbox 3216 854 3429 921; x_wconf 92' lang='lat' dir='ltr'><strong>iconas,</strong></span> <span class='ocrx_word' id='word_1_372' title='bbox 3466 866 3575 907; x_wconf 90' lang='lat' dir='ltr'><strong>non</strong></span> 
     </span>
    </p>
   </div>
   <div class='ocr_carea' id='block_1_52' title="bbox 1932 942 3579 1018">
    <p class='ocr_par' dir='ltr' id='par_1_52' title="bbox 1932 942 3579 1018">
     <span class='ocr_line' id='line_1_52' title="bbox 1932 942 3579 1018; baseline -0.004 -16"><span class='ocrx_word' id='word_1_373' title='bbox 1932 947 2060 1018; x_wconf 91' lang='lat' dir='ltr'><strong>plus</strong></span> <span class='ocrx_word' id='word_1_374' title='bbox 2092 960 2259 1017; x_wconf 89' lang='lat' dir='ltr'><strong>quam</strong></span> <span class='ocrx_word' id='word_1_375' title='bbox 2293 946 2653 1016; x_wconf 87' lang='lat' dir='ltr'><strong>septuaginta</strong></span> <span class='ocrx_word' id='word_1_376' title='bbox 2688 943 3261 1015; x_wconf 68' lang='lat' dir='ltr'><strong>prmterieruntanni.</strong></span> <span class='ocrx_word' id='word_1_377' title='bbox 3289 942 3445 997; x_wconf 92' lang='lat' dir='ltr'><strong>Unde</strong></span> <span class='ocrx_word' id='word_1_378' title='bbox 3466 956 3579 997; x_wconf 87' lang='lat' dir='ltr'><strong>om-</strong></span> 
     </span>
    </p>
   </div>
   <div class='ocr_carea' id='block_1_53' title="bbox 1932 1032 3573 1107">
    <p class='ocr_par' dir='ltr' id='par_1_53' title="bbox 1932 1032 3573 1107">
     <span class='ocr_line' id='line_1_53' title="bbox 1932 1032 3573 1107; baseline -0.004 -15"><span class='ocrx_word' id='word_1_379' title='bbox 1932 1037 2320 1107; x_wconf 89' lang='lat' dir='ltr'><strong>nibusliquet,</strong></span> <span class='ocrx_word' id='word_1_380' title='bbox 2347 1037 2495 1107; x_wconf 91' lang='lat' dir='ltr'><strong>quod</strong></span> <span class='ocrx_word' id='word_1_381' title='bbox 2514 1049 2868 1107; x_wconf 89' lang='lat' dir='ltr'><strong>nequaquam</strong></span> <span class='ocrx_word' id='word_1_382' title='bbox 2884 1035 2944 1091; x_wconf 90' lang='lat' dir='ltr'><strong>in</strong></span> <span class='ocrx_word' id='word_1_383' title='bbox 2960 1034 3234 1089; x_wconf 88' lang='lat' dir='ltr'><strong>hisaunis</strong></span> <span class='ocrx_word' id='word_1_384' title='bbox 3257 1032 3573 1105; x_wconf 86' lang='lat' dir='ltr'><strong>imaginum</strong></span> 
     </span>
    </p>
   </div>
   <div class='ocr_carea' id='block_1_54' title="bbox 1930 1123 3577 1198">
    <p class='ocr_par' dir='ltr' id='par_1_54' title="bbox 1930 1123 3577 1198">
     <span class='ocr_line' id='line_1_54' title="bbox 1930 1123 3577 1198; baseline -0.004 -16"><span class='ocrx_word' id='word_1_385' title='bbox 1930 1127 2169 1198; x_wconf 67' lang='lat' dir='ltr'><strong>picturae</strong></span> <span class='ocrx_word' id='word_1_386' title='bbox 2198 1131 2333 1181; x_wconf 90' lang='lat' dir='ltr'><strong>sunt</strong></span> <span class='ocrx_word' id='word_1_387' title='bbox 2364 1125 2607 1196; x_wconf 65' lang='lat' dir='ltr'><strong>traditae,</strong></span> <span class='ocrx_word' id='word_1_388' title='bbox 2642 1125 2737 1179; x_wconf 90' lang='lat' dir='ltr'><strong>sed</strong></span> <span class='ocrx_word' id='word_1_389' title='bbox 2768 1125 2827 1180; x_wconf 89' lang='lat' dir='ltr'><strong>in</strong></span> <span class='ocrx_word' id='word_1_390' title='bbox 2859 1123 3215 1193; x_wconf 90' lang='lat' dir='ltr'><strong>temporibus</strong></span> <span class='ocrx_word' id='word_1_391' title='bbox 3245 1126 3458 1177; x_wconf 81' lang='lat' dir='ltr'><strong>sextam</strong></span> <span class='ocrx_word' id='word_1_392' title='bbox 3492 1136 3577 1192; x_wconf 89' lang='lat' dir='ltr'><strong>sy-</strong></span> 
     </span>
    </p>
   </div>
   <div class='ocr_carea' id='block_1_55' title="bbox 1928 1210 3580 1286">
    <p class='ocr_par' dir='ltr' id='par_1_55' title="bbox 1928 1210 3580 1286">
     <span class='ocr_line' id='line_1_55' title="bbox 1928 1210 3580 1286; baseline -0.004 -14"><span class='ocrx_word' id='word_1_393' title='bbox 1928 1217 2139 1272; x_wconf 87' lang='lat' dir='ltr'><strong>nodum</strong></span> <span class='ocrx_word' id='word_1_394' title='bbox 2170 1215 2643 1286; x_wconf 63' lang='lat' dir='ltr'><strong>praecedentibus:</strong></span> <span class='ocrx_word' id='word_1_395' title='bbox 2665 1219 2722 1270; x_wconf 90' lang='lat' dir='ltr'><strong>et</strong></span> <span class='ocrx_word' id='word_1_396' title='bbox 2744 1228 2933 1270; x_wconf 87' lang='lat' dir='ltr'><strong>revera</strong></span> <span class='ocrx_word' id='word_1_397' title='bbox 2963 1214 3033 1269; x_wconf 91' lang='lat' dir='ltr'><strong>ab</strong></span> <span class='ocrx_word' id='word_1_398' title='bbox 3054 1212 3441 1284; x_wconf 89' lang='lat' dir='ltr'><strong>apostolorum</strong></span> <span class='ocrx_word' id='word_1_399' title='bbox 3462 1210 3580 1266; x_wconf 92' lang='lat' dir='ltr'><strong>fue-</strong></span> 
     </span>
    </p>
   </div>
   <div class='ocr_carea' id='block_1_56' title="bbox 1927 1302 3581 1377">
    <p class='ocr_par' dir='ltr' id='par_1_56' title="bbox 1927 1302 3581 1377">
     <span class='ocr_line' id='line_1_56' title="bbox 1927 1302 3581 1377; baseline -0.004 -15"><span class='ocrx_word' id='word_1_400' title='bbox 1927 1311 2063 1362; x_wconf 88' lang='lat' dir='ltr'><strong>runt</strong></span> <span class='ocrx_word' id='word_1_401' title='bbox 2075 1306 2495 1376; x_wconf 70' lang='lat' dir='ltr'><strong>przcdicatione,</strong></span> <span class='ocrx_word' id='word_1_402' title='bbox 2511 1304 2983 1377; x_wconf 87' lang='lat' dir='ltr'><strong>quemadmodum</strong></span> <span class='ocrx_word' id='word_1_403' title='bbox 2999 1304 3056 1359; x_wconf 91' lang='lat' dir='ltr'><strong>in</strong></span> <span class='ocrx_word' id='word_1_404' title='bbox 3070 1302 3224 1359; x_wconf 91' lang='lat' dir='ltr'><strong>omni</strong></span> <span class='ocrx_word' id='word_1_405' title='bbox 3240 1303 3441 1359; x_wconf 80' lang='lat' dir='ltr'><strong>locoex</strong></span> <span class='ocrx_word' id='word_1_406' title='bbox 3458 1302 3581 1372; x_wconf 91' lang='lat' dir='ltr'><strong>ipsa</strong></span> 
     </span>
    </p>
   </div>
   <div class='ocr_carea' id='block_1_57' title="bbox 1927 1393 3576 1464">
    <p class='ocr_par' dir='ltr' id='par_1_57' title="bbox 1927 1393 3576 1464">
     <span class='ocr_line' id='line_1_57' title="bbox 1927 1393 3576 1464; baseline -0.003 -13"><span class='ocrx_word' id='word_1_407' title='bbox 1927 1396 2148 1452; x_wconf 90' lang='lat' dir='ltr'><strong>visione</strong></span> <span class='ocrx_word' id='word_1_408' title='bbox 2160 1401 2485 1451; x_wconf 90' lang='lat' dir='ltr'><strong>sanctorum</strong></span> <span class='ocrx_word' id='word_1_409' title='bbox 2501 1394 2839 1464; x_wconf 91' lang='lat' dir='ltr'><strong>templorum</strong></span> <span class='ocrx_word' id='word_1_410' title='bbox 2854 1393 3235 1449; x_wconf 91' lang='lat' dir='ltr'><strong>ediscimuset</strong></span> <span class='ocrx_word' id='word_1_411' title='bbox 3248 1393 3438 1447; x_wconf 90' lang='lat' dir='ltr'><strong>Patres</strong></span> <span class='ocrx_word' id='word_1_412' title='bbox 3450 1404 3576 1447; x_wconf 81' lang='lat' dir='ltr'><strong>san-</strong></span> 
     </span>
    </p>
   </div>
   <div class='ocr_carea' id='block_1_58' title="bbox 1929 1481 3573 1556">
    <p class='ocr_par' dir='ltr' id='par_1_58' title="bbox 1929 1481 3573 1556">
     <span class='ocr_line' id='line_1_58' title="bbox 1929 1481 3573 1556; baseline -0.003 -15"><span class='ocrx_word' id='word_1_413' title='bbox 1929 1486 2006 1541; x_wconf 90' lang='lat' dir='ltr'><strong>cti</strong></span> <span class='ocrx_word' id='word_1_414' title='bbox 2021 1486 2212 1541; x_wconf 88' lang='lat' dir='ltr'><strong>testati</strong></span> <span class='ocrx_word' id='word_1_415' title='bbox 2226 1490 2381 1556; x_wconf 91' lang='lat' dir='ltr'><strong>sunt,</strong></span> <span class='ocrx_word' id='word_1_416' title='bbox 2396 1490 2565 1555; x_wconf 91' lang='lat' dir='ltr'><strong>atque</strong></span> <span class='ocrx_word' id='word_1_417' title='bbox 2577 1484 2952 1540; x_wconf 89' lang='lat' dir='ltr'><strong>historiarum</strong></span> <span class='ocrx_word' id='word_1_418' title='bbox 2967 1482 3268 1553; x_wconf 89' lang='lat' dir='ltr'><strong>perhibent</strong></span> <span class='ocrx_word' id='word_1_419' title='bbox 3280 1481 3573 1537; x_wconf 90' lang='lat' dir='ltr'><strong>relatores.</strong></span> 
     </span>
    </p>
   </div>
   <div class='ocr_carea' id='block_1_59' title="bbox 1928 1572 3573 1646">
    <p class='ocr_par' dir='ltr' id='par_1_59' title="bbox 1928 1572 3573 1646">
     <span class='ocr_line' id='line_1_59' title="bbox 1928 1572 3573 1646; baseline -0.003 -15"><span class='ocrx_word' id='word_1_420' title='bbox 1928 1576 2337 1646; x_wconf 90' lang='lat' dir='ltr'><strong>salvanturque</strong></span> <span class='ocrx_word' id='word_1_421' title='bbox 2397 1574 2671 1630; x_wconf 88' lang='lat' dir='ltr'><strong>hactenus</strong></span> <span class='ocrx_word' id='word_1_422' title='bbox 2727 1573 3181 1643; x_wconf 88' lang='lat' dir='ltr'><strong>conscriptiones</strong></span> <span class='ocrx_word' id='word_1_423' title='bbox 3226 1585 3446 1627; x_wconf 90' lang='lat' dir='ltr'><strong>eorum.</strong></span> <span class='ocrx_word' id='word_1_424' title='bbox 3512 1572 3573 1626; x_wconf 90' lang='lat' dir='ltr'><strong>In</strong></span> 
     </span>
    </p>
   </div>
   <div class='ocr_carea' id='block_1_60' title="bbox 1930 1660 3577 1735">
    <p class='ocr_par' dir='ltr' id='par_1_60' title="bbox 1930 1660 3577 1735">
     <span class='ocr_line' id='line_1_60' title="bbox 1930 1660 3577 1735; baseline -0.002 -15"><span class='ocrx_word' id='word_1_425' title='bbox 1930 1665 2116 1735; x_wconf 91' lang='lat' dir='ltr'><strong>primo</strong></span> <span class='ocrx_word' id='word_1_426' title='bbox 2144 1664 2296 1719; x_wconf 92' lang='lat' dir='ltr'><strong>enim</strong></span> <span class='ocrx_word' id='word_1_427' title='bbox 2328 1668 2383 1719; x_wconf 92' lang='lat' dir='ltr'><strong>et</strong></span> <span class='ocrx_word' id='word_1_428' title='bbox 2412 1663 2873 1735; x_wconf 71' lang='lat' dir='ltr'><strong>quingentesimo</strong></span> <span class='ocrx_word' id='word_1_429' title='bbox 2918 1668 3045 1733; x_wconf 92' lang='lat' dir='ltr'><strong>post</strong></span> <span class='ocrx_word' id='word_1_430' title='bbox 3066 1661 3289 1731; x_wconf 88' lang='lat' dir='ltr'><strong>expleta</strong></span> <span class='ocrx_word' id='word_1_431' title='bbox 3320 1660 3577 1731; x_wconf 87' lang='lat' dir='ltr'><strong>quinque</strong></span> 
     </span>
    </p>
   </div>
   <div class='ocr_carea' id='block_1_61' title="bbox 1850 1736 3577 1825">
    <p class='ocr_par' dir='ltr' id='par_1_61' title="bbox 1850 1736 3577 1825">
     <span class='ocr_line' id='line_1_61' title="bbox 1850 1736 3577 1825; baseline -0.003 -15"><span class='ocrx_word' id='word_1_432' title='bbox 1850 1736 1903 1798; x_wconf 85' lang='grc' dir='ltr'>Β</span> <span class='ocrx_word' id='word_1_433' title='bbox 1928 1768 2208 1810; x_wconf 87' lang='lat' dir='ltr'><strong>annorum</strong></span> <span class='ocrx_word' id='word_1_434' title='bbox 2236 1754 2441 1825; x_wconf 91' lang='lat' dir='ltr'><strong>millia,</strong></span> <span class='ocrx_word' id='word_1_435' title='bbox 2491 1754 2757 1810; x_wconf 89' lang='lat' dir='ltr'><strong>Christus</strong></span> <span class='ocrx_word' id='word_1_436' title='bbox 2789 1754 2939 1809; x_wconf 91' lang='lat' dir='ltr'><strong>Deus</strong></span> <span class='ocrx_word' id='word_1_437' title='bbox 2978 1756 3170 1808; x_wconf 90' lang='lat' dir='ltr'><strong>noster</strong></span> <span class='ocrx_word' id='word_1_438' title='bbox 3205 1751 3275 1807; x_wconf 91' lang='lat' dir='ltr'><strong>ad</strong></span> <span class='ocrx_word' id='word_1_439' title='bbox 3318 1750 3577 1807; x_wconf 90' lang='lat' dir='ltr'><strong>homines</strong></span> 
     </span>
    </p>
   </div>
   <div class='ocr_carea' id='block_1_62' title="bbox 1929 1844 3578 1917">
    <p class='ocr_par' dir='ltr' id='par_1_62' title="bbox 1929 1844 3578 1917">
     <span class='ocr_line' id='line_1_62' title="bbox 1929 1844 3578 1917; baseline 0.002 -18"><span class='ocrx_word' id='word_1_440' title='bbox 1929 1844 2183 1912; x_wconf 89' lang='lat' dir='ltr'><strong>veniens,</strong></span> <span class='ocrx_word' id='word_1_441' title='bbox 2210 1848 2267 1900; x_wconf 92' lang='lat' dir='ltr'><strong>et</strong></span> <span class='ocrx_word' id='word_1_442' title='bbox 2311 1859 2409 1914; x_wconf 90' lang='lat' dir='ltr'><strong>per</strong></span> <span class='ocrx_word' id='word_1_443' title='bbox 2462 1845 2700 1917; x_wconf 89' lang='lat' dir='ltr'><strong>triginta</strong></span> <span class='ocrx_word' id='word_1_444' title='bbox 2732 1848 2847 1899; x_wconf 90' lang='lat' dir='ltr'><strong>tres</strong></span> <span class='ocrx_word' id='word_1_445' title='bbox 2878 1857 3059 1899; x_wconf 91' lang='lat' dir='ltr'><strong>annos</strong></span> <span class='ocrx_word' id='word_1_446' title='bbox 3101 1847 3156 1898; x_wconf 93' lang='lat' dir='ltr'><strong>et</strong></span> <span class='ocrx_word' id='word_1_447' title='bbox 3187 1856 3405 1898; x_wconf 90' lang='lat' dir='ltr'><strong>menses</strong></span> <span class='ocrx_word' id='word_1_448' title='bbox 3438 1856 3578 1913; x_wconf 78' lang='lat' dir='ltr'><strong>pene</strong></span> 
     </span>
    </p>
   </div>
   <div class='ocr_carea' id='block_1_63' title="bbox 1930 1932 3578 2006">
    <p class='ocr_par' dir='ltr' id='par_1_63' title="bbox 1930 1932 3578 2006">
     <span class='ocr_line' id='line_1_63' title="bbox 1930 1932 3578 2006; baseline -0.001 -16"><span class='ocrx_word' id='word_1_449' title='bbox 1930 1935 2187 2006; x_wconf 89' lang='lat' dir='ltr'><strong>quinque</strong></span> <span class='ocrx_word' id='word_1_450' title='bbox 2214 1933 2511 1990; x_wconf 91' lang='lat' dir='ltr'><strong>nobiscum</strong></span> <span class='ocrx_word' id='word_1_451' title='bbox 2544 1947 2905 2002; x_wconf 90' lang='lat' dir='ltr'><strong>conversans,</strong></span> <span class='ocrx_word' id='word_1_452' title='bbox 2940 1946 3207 2003; x_wconf 90' lang='lat' dir='ltr'><strong>magnum</strong></span> <span class='ocrx_word' id='word_1_453' title='bbox 3243 1937 3299 1987; x_wconf 92' lang='lat' dir='ltr'><strong>et</strong></span> <span class='ocrx_word' id='word_1_454' title='bbox 3325 1932 3578 1988; x_wconf 79' lang='lat' dir='ltr'><strong>salutare</strong></span> 
     </span>
    </p>
   </div>
   <div class='ocr_carea' id='block_1_64' title="bbox 1932 2020 3579 2094">
    <p class='ocr_par' dir='ltr' id='par_1_64' title="bbox 1932 2020 3579 2094">
     <span class='ocr_line' id='line_1_64' title="bbox 1932 2020 3579 2094; baseline -0.002 -16"><span class='ocrx_word' id='word_1_455' title='bbox 1932 2023 2262 2094; x_wconf 86' lang='lat' dir='ltr'><strong>mysterium</strong></span> <span class='ocrx_word' id='word_1_456' title='bbox 2283 2027 2489 2079; x_wconf 67' lang='lat' dir='ltr'><strong>nostra:</strong></span> <span class='ocrx_word' id='word_1_457' title='bbox 2508 2022 2935 2092; x_wconf 88' lang='lat' dir='ltr'><strong>Redemptionis</strong></span> <span class='ocrx_word' id='word_1_458' title='bbox 2954 2027 3221 2091; x_wconf 86' lang='lat' dir='ltr'><strong>operatus</strong></span> <span class='ocrx_word' id='word_1_459' title='bbox 3242 2025 3328 2076; x_wconf 85' lang='lat' dir='ltr'><strong>est</strong></span> <span class='ocrx_word' id='word_1_460' title='bbox 3351 2020 3579 2091; x_wconf 88' lang='lat' dir='ltr'><strong>;sicque</strong></span> 
     </span>
    </p>
   </div>
   <div class='ocr_carea' id='block_1_65' title="bbox 1928 2110 3578 2181">
    <p class='ocr_par' dir='ltr' id='par_1_65' title="bbox 1928 2110 3578 2181">
     <span class='ocr_line' id='line_1_65' title="bbox 1928 2110 3578 2181; baseline -0.002 -13"><span class='ocrx_word' id='word_1_461' title='bbox 1928 2113 1996 2168; x_wconf 92' lang='lat' dir='ltr'><strong>ad</strong></span> <span class='ocrx_word' id='word_1_462' title='bbox 2024 2112 2197 2168; x_wconf 61' lang='lat' dir='ltr'><strong>caelos</strong></span> <span class='ocrx_word' id='word_1_463' title='bbox 2237 2112 2345 2167; x_wconf 90' lang='lat' dir='ltr'><strong>iter</strong></span> <span class='ocrx_word' id='word_1_464' title='bbox 2395 2111 2600 2181; x_wconf 78' lang='lat' dir='ltr'><strong>etfecit,</strong></span> <span class='ocrx_word' id='word_1_465' title='bbox 2632 2112 2941 2166; x_wconf 90' lang='lat' dir='ltr'><strong>ascendens</strong></span> <span class='ocrx_word' id='word_1_466' title='bbox 2974 2110 3169 2176; x_wconf 90' lang='lat' dir='ltr'><strong>procul</strong></span> <span class='ocrx_word' id='word_1_467' title='bbox 3199 2110 3378 2165; x_wconf 91' lang='lat' dir='ltr'><strong>dubio</strong></span> <span class='ocrx_word' id='word_1_468' title='bbox 3429 2110 3578 2166; x_wconf 90' lang='lat' dir='ltr'><strong>unde</strong></span> 
     </span>
    </p>
   </div>
   <div class='ocr_carea' id='block_1_66' title="bbox 1929 2198 3577 2272">
    <p class='ocr_par' dir='ltr' id='par_1_66' title="bbox 1929 2198 3577 2272">
     <span class='ocr_line' id='line_1_66' title="bbox 1929 2198 3577 2272; baseline -0.003 -15"><span class='ocrx_word' id='word_1_469' title='bbox 1929 2202 2243 2272; x_wconf 89' lang='lat' dir='ltr'><strong>descendit,</strong></span> <span class='ocrx_word' id='word_1_470' title='bbox 2280 2199 2617 2271; x_wconf 70' lang='lat' dir='ltr'><strong>praecipiens</strong></span> <span class='ocrx_word' id='word_1_471' title='bbox 2663 2199 2942 2269; x_wconf 90' lang='lat' dir='ltr'><strong>apostolis</strong></span> <span class='ocrx_word' id='word_1_472' title='bbox 2978 2200 3179 2255; x_wconf 87' lang='lat' dir='ltr'><strong>docere</strong></span> <span class='ocrx_word' id='word_1_473' title='bbox 3229 2198 3420 2254; x_wconf 88' lang='lat' dir='ltr'><strong>omnia</strong></span> <span class='ocrx_word' id='word_1_474' title='bbox 3451 2211 3577 2268; x_wconf 74' lang='lat' dir='ltr'><strong>qua:</strong></span> 
     </span>
    </p>
   </div>
   <div class='ocr_carea' id='block_1_67' title="bbox 1931 2287 3578 2362">
    <p class='ocr_par' dir='ltr' id='par_1_67' title="bbox 1931 2287 3578 2362">
     <span class='ocr_line' id='line_1_67' title="bbox 1931 2287 3578 2362; baseline -0.002 -16"><span class='ocrx_word' id='word_1_475' title='bbox 1931 2291 2065 2348; x_wconf 91' lang='lat' dir='ltr'><strong>illos</strong></span> <span class='ocrx_word' id='word_1_476' title='bbox 2094 2292 2215 2362; x_wconf 90' lang='lat' dir='ltr'><strong>ipse</strong></span> <span class='ocrx_word' id='word_1_477' title='bbox 2247 2291 2536 2347; x_wconf 87' lang='lat' dir='ltr'><strong>docuerat.</strong></span> <span class='ocrx_word' id='word_1_478' title='bbox 2571 2289 2618 2344; x_wconf 83' lang='lat' dir='ltr'><strong>A</strong></span> <span class='ocrx_word' id='word_1_479' title='bbox 2658 2288 3014 2360; x_wconf 90' lang='lat' dir='ltr'><strong>temporibus</strong></span> <span class='ocrx_word' id='word_1_480' title='bbox 3047 2302 3181 2360; x_wconf 89' lang='lat' dir='ltr'><strong>ergo</strong></span> <span class='ocrx_word' id='word_1_481' title='bbox 3234 2287 3366 2343; x_wconf 88' lang='lat' dir='ltr'><strong>istis</strong></span> <span class='ocrx_word' id='word_1_482' title='bbox 3397 2299 3578 2357; x_wconf 91' lang='lat' dir='ltr'><strong>usque</strong></span> 
     </span>
    </p>
   </div>
   <div class='ocr_carea' id='block_1_68' title="bbox 1928 2376 3580 2450">
    <p class='ocr_par' dir='ltr' id='par_1_68' title="bbox 1928 2376 3580 2450">
     <span class='ocr_line' id='line_1_68' title="bbox 1928 2376 3580 2450; baseline -0.002 -14"><span class='ocrx_word' id='word_1_483' title='bbox 1928 2383 1997 2438; x_wconf 88' lang='lat' dir='ltr'><strong>ad</strong></span> <span class='ocrx_word' id='word_1_484' title='bbox 2024 2381 2461 2438; x_wconf 90' lang='lat' dir='ltr'><strong>Constantinum</strong></span> <span class='ocrx_word' id='word_1_485' title='bbox 2506 2380 2903 2450; x_wconf 87' lang='lat' dir='ltr'><strong>imperatorem</strong></span> <span class='ocrx_word' id='word_1_486' title='bbox 2932 2379 3031 2450; x_wconf 90' lang='lat' dir='ltr'><strong>qui</strong></span> <span class='ocrx_word' id='word_1_487' title='bbox 3079 2378 3300 2449; x_wconf 89' lang='lat' dir='ltr'><strong>primus</strong></span> <span class='ocrx_word' id='word_1_488' title='bbox 3324 2391 3392 2434; x_wconf 90' lang='lat' dir='ltr'><strong>ex</strong></span> <span class='ocrx_word' id='word_1_489' title='bbox 3419 2376 3580 2433; x_wconf 90' lang='lat' dir='ltr'><strong>Chri-</strong></span> 
     </span>
    </p>
   </div>
   <div class='ocr_carea' id='block_1_69' title="bbox 1930 2466 3574 2543">
    <p class='ocr_par' dir='ltr' id='par_1_69' title="bbox 1930 2466 3574 2543">
     <span class='ocr_line' id='line_1_69' title="bbox 1930 2466 3574 2543; baseline -0.003 -16"><span class='ocrx_word' id='word_1_490' title='bbox 1930 2471 2139 2527; x_wconf 88' lang='lat' dir='ltr'><strong>stianis</strong></span> <span class='ocrx_word' id='word_1_491' title='bbox 2187 2471 2464 2543; x_wconf 88' lang='lat' dir='ltr'><strong>regnavit,</strong></span> <span class='ocrx_word' id='word_1_492' title='bbox 2513 2469 2868 2525; x_wconf 91' lang='lat' dir='ltr'><strong>transierunt</strong></span> <span class='ocrx_word' id='word_1_493' title='bbox 2915 2468 3052 2524; x_wconf 87' lang='lat' dir='ltr'><strong>anni</strong></span> <span class='ocrx_word' id='word_1_494' title='bbox 3099 2468 3262 2539; x_wconf 89' lang='lat' dir='ltr'><strong>quasi</strong></span> <span class='ocrx_word' id='word_1_495' title='bbox 3315 2466 3574 2536; x_wconf 88' lang='lat' dir='ltr'><strong>trecenti,</strong></span> 
     </span>
    </p>
   </div>
   <div class='ocr_carea' id='block_1_70' title="bbox 1929 2555 3577 2631">
    <p class='ocr_par' dir='ltr' id='par_1_70' title="bbox 1929 2555 3577 2631">
     <span class='ocr_line' id='line_1_70' title="bbox 1929 2555 3577 2631; baseline -0.004 -15"><span class='ocrx_word' id='word_1_496' title='bbox 1929 2575 2057 2616; x_wconf 92' lang='lat' dir='ltr'><strong>cum</strong></span> <span class='ocrx_word' id='word_1_497' title='bbox 2092 2560 2255 2631; x_wconf 87' lang='lat' dir='ltr'><strong>prius</strong></span> <span class='ocrx_word' id='word_1_498' title='bbox 2298 2559 2657 2630; x_wconf 88' lang='lat' dir='ltr'><strong>tyrannidem</strong></span> <span class='ocrx_word' id='word_1_499' title='bbox 2707 2558 2911 2630; x_wconf 88' lang='lat' dir='ltr'><strong>pagani</strong></span> <span class='ocrx_word' id='word_1_500' title='bbox 2951 2561 3314 2613; x_wconf 77' lang='lat' dir='ltr'><strong>exercerent:</strong></span> <span class='ocrx_word' id='word_1_501' title='bbox 3352 2555 3577 2627; x_wconf 87' lang='lat' dir='ltr'><strong>quando</strong></span> 
     </span>
    </p>
   </div>
   <div class='ocr_carea' id='block_1_71' title="bbox 1930 2647 3578 2719">
    <p class='ocr_par' dir='ltr' id='par_1_71' title="bbox 1930 2647 3578 2719">
     <span class='ocr_line' id='line_1_71' title="bbox 1930 2647 3578 2719; baseline -0.004 -14"><span class='ocrx_word' id='word_1_502' title='bbox 1930 2649 2154 2705; x_wconf 91' lang='lat' dir='ltr'><strong>scilicet</strong></span> <span class='ocrx_word' id='word_1_503' title='bbox 2177 2648 2414 2719; x_wconf 90' lang='lat' dir='ltr'><strong>plurimi</strong></span> <span class='ocrx_word' id='word_1_504' title='bbox 2434 2648 2892 2704; x_wconf 88' lang='lat' dir='ltr'><strong>Christianorum</strong></span> <span class='ocrx_word' id='word_1_505' title='bbox 2923 2647 3133 2703; x_wconf 90' lang='lat' dir='ltr'><strong>bonum</strong></span> <span class='ocrx_word' id='word_1_506' title='bbox 3154 2649 3438 2702; x_wconf 89' lang='lat' dir='ltr'><strong>certamen</strong></span> <span class='ocrx_word' id='word_1_507' title='bbox 3465 2657 3578 2699; x_wconf 90' lang='lat' dir='ltr'><strong>cer-</strong></span> 
     </span>
    </p>
   </div>
   <div class='ocr_carea' id='block_1_72' title="bbox 1930 2734 3581 2809">
    <p class='ocr_par' dir='ltr' id='par_1_72' title="bbox 1930 2734 3581 2809">
     <span class='ocr_line' id='line_1_72' title="bbox 1930 2734 3581 2809; baseline -0.004 -15"><span class='ocrx_word' id='word_1_508' title='bbox 1930 2743 2134 2804; x_wconf 87' lang='lat' dir='ltr'><strong>tantes,</strong></span> <span class='ocrx_word' id='word_1_509' title='bbox 2159 2738 2431 2809; x_wconf 88' lang='lat' dir='ltr'><strong>martyrio</strong></span> <span class='ocrx_word' id='word_1_510' title='bbox 2452 2737 2723 2794; x_wconf 63' lang='lat' dir='ltr'><strong>saeculum</strong></span> <span class='ocrx_word' id='word_1_511' title='bbox 2748 2737 2852 2793; x_wconf 92' lang='lat' dir='ltr'><strong>hoc</strong></span> <span class='ocrx_word' id='word_1_512' title='bbox 2872 2734 3345 2806; x_wconf 89' lang='lat' dir='ltr'><strong>derelinquebant</strong></span> <span class='ocrx_word' id='word_1_513' title='bbox 3372 2734 3581 2790; x_wconf 87' lang='lat' dir='ltr'><strong>adver—</strong></span> 
     </span>
    </p>
   </div>
   <div class='ocr_carea' id='block_1_73' title="bbox 1931 2818 3580 2897">
    <p class='ocr_par' dir='ltr' id='par_1_73' title="bbox 1931 2818 3580 2897">
     <span class='ocr_line' id='line_1_73' title="bbox 1931 2818 3580 2897; baseline -0.004 -16"><span class='ocrx_word' id='word_1_514' title='bbox 1931 2840 2032 2881; x_wconf 92' lang='lat' dir='ltr'><strong>sus</strong></span> <span class='ocrx_word' id='word_1_515' title='bbox 2064 2824 2216 2881; x_wconf 89' lang='lat' dir='ltr'><strong>idola</strong></span> <span class='ocrx_word' id='word_1_516' title='bbox 2240 2824 2619 2897; x_wconf 84' lang='lat' dir='ltr'><strong>insurgentes.</strong></span> <span class='ocrx_word' id='word_1_517' title='bbox 2654 2823 3113 2880; x_wconf 89' lang='lat' dir='ltr'><strong>Christianorum</strong></span> <span class='ocrx_word' id='word_1_518' title='bbox 3155 2835 3287 2877; x_wconf 94' lang='lat' dir='ltr'><strong>vero</strong></span> <span class='ocrx_word' id='word_1_519' title='bbox 3306 2820 3471 2890; x_wconf 91' lang='lat' dir='ltr'><strong>copia</strong></span> <span class='ocrx_word' id='word_1_520' title='bbox 3494 2818 3580 2874; x_wconf 92' lang='lat' dir='ltr'><strong>di-</strong></span> 
     </span>
    </p>
   </div>
   <div class='ocr_carea' id='block_1_74' title="bbox 1929 2906 3576 2982">
    <p class='ocr_par' dir='ltr' id='par_1_74' title="bbox 1929 2906 3576 2982">
     <span class='ocr_line' id='line_1_74' title="bbox 1929 2906 3576 2982; baseline -0.004 -15"><span class='ocrx_word' id='word_1_521' title='bbox 1929 2912 2063 2968; x_wconf 86' lang='lat' dir='ltr'><strong>vino</strong></span> <span class='ocrx_word' id='word_1_522' title='bbox 2089 2911 2208 2968; x_wconf 90' lang='lat' dir='ltr'><strong>zelo</strong></span> <span class='ocrx_word' id='word_1_523' title='bbox 2234 2916 2536 2982; x_wconf 90' lang='lat' dir='ltr'><strong>commota,</strong></span> <span class='ocrx_word' id='word_1_524' title='bbox 2559 2911 2882 2982; x_wconf 91' lang='lat' dir='ltr'><strong>templaque</strong></span> <span class='ocrx_word' id='word_1_525' title='bbox 2898 2913 3312 2978; x_wconf 90' lang='lat' dir='ltr'><strong>construentes,</strong></span> <span class='ocrx_word' id='word_1_526' title='bbox 3340 2906 3576 2978; x_wconf 75' lang='lat' dir='ltr'><strong>quidam</strong></span> 
     </span>
    </p>
   </div>
   <div class='ocr_carea' id='block_1_75' title="bbox 1934 2999 3635 3071">
    <p class='ocr_par' dir='ltr' id='par_1_75' title="bbox 1934 2999 3635 3071">
     <span class='ocr_line' id='line_1_75' title="bbox 1934 2999 3635 3071; baseline 0 -14"><span class='ocrx_word' id='word_1_527' title='bbox 1934 3002 1993 3057; x_wconf 91' lang='lat' dir='ltr'><strong>in</strong></span> <span class='ocrx_word' id='word_1_528' title='bbox 2022 3000 2251 3057; x_wconf 91' lang='lat' dir='ltr'><strong>nomine</strong></span> <span class='ocrx_word' id='word_1_529' title='bbox 2273 3001 2512 3069; x_wconf 90' lang='lat' dir='ltr'><strong>Christi,</strong></span> <span class='ocrx_word' id='word_1_530' title='bbox 2561 3000 2795 3071; x_wconf 91' lang='lat' dir='ltr'><strong>quidam</strong></span> <span class='ocrx_word' id='word_1_531' title='bbox 2825 3014 2957 3056; x_wconf 92' lang='lat' dir='ltr'><strong>vero</strong></span> <span class='ocrx_word' id='word_1_532' title='bbox 2986 2999 3044 3055; x_wconf 93' lang='lat' dir='ltr'><strong>in</strong></span> <span class='ocrx_word' id='word_1_533' title='bbox 3086 2999 3301 3054; x_wconf 91' lang='lat' dir='ltr'><strong>honore</strong></span> <span class='ocrx_word' id='word_1_534' title='bbox 3343 3000 3580 3052; x_wconf 89' lang='lat' dir='ltr'><strong>sancto-</strong></span> <span class='ocrx_word' id='word_1_535' title='bbox 3633 3053 3635 3057; x_wconf 75' lang='grc'>,</span> 
     </span>
    </p>
   </div>
   <div class='ocr_carea' id='block_1_76' title="bbox 1848 3075 3574 3156">
    <p class='ocr_par' dir='ltr' id='par_1_76' title="bbox 1848 3075 3574 3156">
     <span class='ocr_line' id='line_1_76' title="bbox 1848 3075 3574 3156; baseline -0.005 -12"><span class='ocrx_word' id='word_1_536' title='bbox 1848 3075 1897 3136; x_wconf 81' lang='lat' dir='ltr'><strong>C</strong></span> <span class='ocrx_word' id='word_1_537' title='bbox 1931 3102 2080 3156; x_wconf 90' lang='lat' dir='ltr'><strong>rum,</strong></span> <span class='ocrx_word' id='word_1_538' title='bbox 2108 3088 2211 3144; x_wconf 91' lang='lat' dir='ltr'><strong>alii</strong></span> <span class='ocrx_word' id='word_1_539' title='bbox 2246 3088 2624 3143; x_wconf 87' lang='lat' dir='ltr'><strong>humanitatis</strong></span> <span class='ocrx_word' id='word_1_540' title='bbox 2657 3087 2713 3142; x_wconf 93' lang='lat' dir='ltr'><strong>in</strong></span> <span class='ocrx_word' id='word_1_541' title='bbox 2741 3086 2826 3143; x_wconf 91' lang='lat' dir='ltr'><strong>eis</strong></span> <span class='ocrx_word' id='word_1_542' title='bbox 2855 3086 3072 3142; x_wconf 89' lang='lat' dir='ltr'><strong>Christi</strong></span> <span class='ocrx_word' id='word_1_543' title='bbox 3102 3086 3201 3141; x_wconf 91' lang='lat' dir='ltr'><strong>Dei</strong></span> <span class='ocrx_word' id='word_1_544' title='bbox 3223 3083 3403 3141; x_wconf 89' lang='lat' dir='ltr'><strong>nostri</strong></span> <span class='ocrx_word' id='word_1_545' title='bbox 3429 3085 3574 3153; x_wconf 86' lang='lat' dir='ltr'><strong>acta,</strong></span> 
     </span>
    </p>
   </div>
   <div class='ocr_carea' id='block_1_77' title="bbox 1929 3169 3580 3245">
    <p class='ocr_par' dir='ltr' id='par_1_77' title="bbox 1929 3169 3580 3245">
     <span class='ocr_line' id='line_1_77' title="bbox 1929 3169 3580 3245; baseline -0.004 -14"><span class='ocrx_word' id='word_1_546' title='bbox 1929 3176 2033 3231; x_wconf 89' lang='lat' dir='ltr'><strong>alii</strong></span> <span class='ocrx_word' id='word_1_547' title='bbox 2058 3180 2248 3232; x_wconf 91' lang='lat' dir='ltr'><strong>autem</strong></span> <span class='ocrx_word' id='word_1_548' title='bbox 2273 3174 2607 3230; x_wconf 91' lang='lat' dir='ltr'><strong>certaminis</strong></span> <span class='ocrx_word' id='word_1_549' title='bbox 2638 3179 2948 3245; x_wconf 90' lang='lat' dir='ltr'><strong>martyrum</strong></span> <span class='ocrx_word' id='word_1_550' title='bbox 2982 3173 3339 3229; x_wconf 89' lang='lat' dir='ltr'><strong>narrationes</strong></span> <span class='ocrx_word' id='word_1_551' title='bbox 3375 3169 3580 3226; x_wconf 90' lang='lat' dir='ltr'><strong>colori-</strong></span> 
     </span>
    </p>
   </div>
   <div class='ocr_carea' id='block_1_78' title="bbox 1930 3262 3578 3331">
    <p class='ocr_par' dir='ltr' id='par_1_78' title="bbox 1930 3262 3578 3331">
     <span class='ocr_line' id='line_1_78' title="bbox 1930 3262 3578 3331; baseline -0.004 -12"><span class='ocrx_word' id='word_1_552' title='bbox 1930 3264 2037 3319; x_wconf 91' lang='lat' dir='ltr'><strong>bus</strong></span> <span class='ocrx_word' id='word_1_553' title='bbox 2079 3264 2426 3320; x_wconf 88' lang='lat' dir='ltr'><strong>exarabant:</strong></span> <span class='ocrx_word' id='word_1_554' title='bbox 2478 3264 2582 3319; x_wconf 91' lang='lat' dir='ltr'><strong>alii</strong></span> <span class='ocrx_word' id='word_1_555' title='bbox 2630 3269 2819 3319; x_wconf 89' lang='lat' dir='ltr'><strong>autem</strong></span> <span class='ocrx_word' id='word_1_556' title='bbox 2865 3263 2924 3318; x_wconf 93' lang='lat' dir='ltr'><strong>iu</strong></span> <span class='ocrx_word' id='word_1_557' title='bbox 2957 3262 3173 3319; x_wconf 90' lang='lat' dir='ltr'><strong>tabulis</strong></span> <span class='ocrx_word' id='word_1_558' title='bbox 3198 3275 3420 3331; x_wconf 91' lang='lat' dir='ltr'><strong>semper</strong></span> <span class='ocrx_word' id='word_1_559' title='bbox 3454 3273 3578 3314; x_wconf 91' lang='lat' dir='ltr'><strong>me—</strong></span> 
     </span>
    </p>
   </div>
   <div class='ocr_carea' id='block_1_79' title="bbox 1930 3348 3576 3430">
    <p class='ocr_par' dir='ltr' id='par_1_79' title="bbox 1930 3348 3576 3430">
     <span class='ocr_line' id='line_1_79' title="bbox 1930 3348 3576 3430; baseline -0.004 -22"><span class='ocrx_word' id='word_1_560' title='bbox 1930 3352 2170 3408; x_wconf 90' lang='lat' dir='ltr'><strong>moriam</strong></span> <span class='ocrx_word' id='word_1_561' title='bbox 2205 3350 2353 3407; x_wconf 87' lang='lat' dir='ltr'><strong>ferre</strong></span> <span class='ocrx_word' id='word_1_562' title='bbox 2380 3352 2631 3407; x_wconf 89' lang='lat' dir='ltr'><strong>volentes</strong></span> <span class='ocrx_word' id='word_1_563' title='bbox 2664 3352 2722 3406; x_wconf 92' lang='lat' dir='ltr'><strong>in</strong></span> <span class='ocrx_word' id='word_1_564' title='bbox 2753 3352 2839 3407; x_wconf 90' lang='lat' dir='ltr'><strong>eis</strong></span> <span class='ocrx_word' id='word_1_565' title='bbox 2871 3348 3025 3425; x_wconf 83' lang='lat' dir='ltr'><strong>[Gr.,</strong></span> <span class='ocrx_word' id='word_1_566' title='bbox 3065 3354 3125 3407; x_wconf 88' lang='lat' dir='ltr'><strong>in</strong></span> <span class='ocrx_word' id='word_1_567' title='bbox 3151 3352 3393 3430; x_wconf 90' lang='lat' dir='ltr'><strong>seipsis]</strong></span> <span class='ocrx_word' id='word_1_568' title='bbox 3417 3348 3576 3409; x_wconf 90' lang='lat' dir='ltr'><strong>desi-</strong></span> 
     </span>
    </p>
   </div>
   <div class='ocr_carea' id='block_1_80' title="bbox 1927 3440 3574 3512">
    <p class='ocr_par' dir='ltr' id='par_1_80' title="bbox 1927 3440 3574 3512">
     <span class='ocr_line' id='line_1_80' title="bbox 1927 3440 3574 3512; baseline 0 -14"><span class='ocrx_word' id='word_1_569' title='bbox 1927 3441 2109 3498; x_wconf 90' lang='lat' dir='ltr'><strong>derati</strong></span> <span class='ocrx_word' id='word_1_570' title='bbox 2141 3440 2409 3510; x_wconf 90' lang='lat' dir='ltr'><strong>martyris</strong></span> <span class='ocrx_word' id='word_1_571' title='bbox 2462 3440 2766 3511; x_wconf 89' lang='lat' dir='ltr'><strong>imaginem</strong></span> <span class='ocrx_word' id='word_1_572' title='bbox 2815 3440 3217 3512; x_wconf 88' lang='lat' dir='ltr'><strong>depingebant,</strong></span> <span class='ocrx_word' id='word_1_573' title='bbox 3272 3442 3357 3497; x_wconf 91' lang='lat' dir='ltr'><strong>vel</strong></span> <span class='ocrx_word' id='word_1_574' title='bbox 3403 3443 3574 3498; x_wconf 89' lang='lat' dir='ltr'><strong>etiam</strong></span> 
     </span>
    </p>
   </div>
   <div class='ocr_carea' id='block_1_81' title="bbox 1930 3529 3577 3601">
    <p class='ocr_par' dir='ltr' id='par_1_81' title="bbox 1930 3529 3577 3601">
     <span class='ocr_line' id='line_1_81' title="bbox 1930 3529 3577 3601; baseline 0.001 -15"><span class='ocrx_word' id='word_1_575' title='bbox 1930 3530 2118 3601; x_wconf 91' lang='lat' dir='ltr'><strong>ipsius</strong></span> <span class='ocrx_word' id='word_1_576' title='bbox 2141 3529 2379 3585; x_wconf 90' lang='lat' dir='ltr'><strong>Christi.</strong></span> <span class='ocrx_word' id='word_1_577' title='bbox 2405 3529 2509 3585; x_wconf 88' lang='lat' dir='ltr'><strong>Sed</strong></span> <span class='ocrx_word' id='word_1_578' title='bbox 2549 3535 2605 3584; x_wconf 92' lang='lat' dir='ltr'><strong>et</strong></span> <span class='ocrx_word' id='word_1_579' title='bbox 2632 3529 2692 3584; x_wconf 93' lang='lat' dir='ltr'><strong>in</strong></span> <span class='ocrx_word' id='word_1_580' title='bbox 2747 3529 2927 3585; x_wconf 89' lang='lat' dir='ltr'><strong>sacris</strong></span> <span class='ocrx_word' id='word_1_581' title='bbox 2958 3529 3214 3584; x_wconf 89' lang='lat' dir='ltr'><strong>vestibus</strong></span> <span class='ocrx_word' id='word_1_582' title='bbox 3242 3534 3297 3584; x_wconf 92' lang='lat' dir='ltr'><strong>et</strong></span> <span class='ocrx_word' id='word_1_583' title='bbox 3325 3530 3577 3587; x_wconf 91' lang='lat' dir='ltr'><strong>cimeliis</strong></span> 
     </span>
    </p>
   </div>
   <div class='ocr_carea' id='block_1_82' title="bbox 1932 3617 3575 3692">
    <p class='ocr_par' dir='ltr' id='par_1_82' title="bbox 1932 3617 3575 3692">
     <span class='ocr_line' id='line_1_82' title="bbox 1932 3617 3575 3692; baseline 0.001 -17"><span class='ocrx_word' id='word_1_584' title='bbox 1932 3620 2209 3692; x_wconf 88' lang='lat' dir='ltr'><strong>imagines</strong></span> <span class='ocrx_word' id='word_1_585' title='bbox 2241 3625 2352 3674; x_wconf 90' lang='lat' dir='ltr'><strong>tam</strong></span> <span class='ocrx_word' id='word_1_586' title='bbox 2402 3632 2434 3674; x_wconf 89' lang='lat' dir='ltr'><strong>a</strong></span> <span class='ocrx_word' id='word_1_587' title='bbox 2466 3618 2682 3674; x_wconf 89' lang='lat' dir='ltr'><strong>sanctis</strong></span> <span class='ocrx_word' id='word_1_588' title='bbox 2725 3617 2992 3674; x_wconf 88' lang='lat' dir='ltr'><strong>Patribus</strong></span> <span class='ocrx_word' id='word_1_589' title='bbox 3040 3617 3274 3690; x_wconf 88' lang='lat' dir='ltr'><strong>nostris,</strong></span> <span class='ocrx_word' id='word_1_590' title='bbox 3331 3632 3500 3689; x_wconf 87' lang='lat' dir='ltr'><strong>quam</strong></span> <span class='ocrx_word' id='word_1_591' title='bbox 3543 3634 3575 3676; x_wconf 90' lang='lat' dir='ltr'><strong>a</strong></span> 
     </span>
    </p>
   </div>
   <div class='ocr_carea' id='block_1_83' title="bbox 1932 3706 3578 3781">
    <p class='ocr_par' dir='ltr' id='par_1_83' title="bbox 1932 3706 3578 3781">
     <span class='ocr_line' id='line_1_83' title="bbox 1932 3706 3578 3781; baseline -0.001 -17"><span class='ocrx_word' id='word_1_592' title='bbox 1932 3710 2048 3781; x_wconf 91' lang='lat' dir='ltr'><strong>piis</strong></span> <span class='ocrx_word' id='word_1_593' title='bbox 2064 3709 2208 3764; x_wconf 90' lang='lat' dir='ltr'><strong>viris</strong></span> <span class='ocrx_word' id='word_1_594' title='bbox 2227 3707 2701 3780; x_wconf 89' lang='lat' dir='ltr'><strong>depingebantur,</strong></span> <span class='ocrx_word' id='word_1_595' title='bbox 2722 3713 2777 3762; x_wconf 91' lang='lat' dir='ltr'><strong>et</strong></span> <span class='ocrx_word' id='word_1_596' title='bbox 2803 3707 2861 3762; x_wconf 92' lang='lat' dir='ltr'><strong>in</strong></span> <span class='ocrx_word' id='word_1_597' title='bbox 2892 3707 3036 3777; x_wconf 91' lang='lat' dir='ltr'><strong>ipsis</strong></span> <span class='ocrx_word' id='word_1_598' title='bbox 3058 3706 3355 3763; x_wconf 89' lang='lat' dir='ltr'><strong>incruenta</strong></span> <span class='ocrx_word' id='word_1_599' title='bbox 3388 3708 3578 3764; x_wconf 89' lang='lat' dir='ltr'><strong>sacri-</strong></span> 
     </span>
    </p>
   </div>
   <div class='ocr_carea' id='block_1_84' title="bbox 1933 3796 3579 3867">
    <p class='ocr_par' dir='ltr' id='par_1_84' title="bbox 1933 3796 3579 3867">
     <span class='ocr_line' id='line_1_84' title="bbox 1933 3796 3579 3867; baseline -0.002 -12"><span class='ocrx_word' id='word_1_600' title='bbox 1933 3800 2062 3856; x_wconf 86' lang='lat' dir='ltr'><strong>ﬁcia</strong></span> <span class='ocrx_word' id='word_1_601' title='bbox 2111 3798 2502 3853; x_wconf 89' lang='lat' dir='ltr'><strong>celebrabant:</strong></span> <span class='ocrx_word' id='word_1_602' title='bbox 2538 3802 2593 3852; x_wconf 90' lang='lat' dir='ltr'><strong>et</strong></span> <span class='ocrx_word' id='word_1_603' title='bbox 2625 3811 2805 3867; x_wconf 91' lang='lat' dir='ltr'><strong>usque</strong></span> <span class='ocrx_word' id='word_1_604' title='bbox 2844 3797 2913 3852; x_wconf 91' lang='lat' dir='ltr'><strong>ad</strong></span> <span class='ocrx_word' id='word_1_605' title='bbox 2956 3810 3059 3852; x_wconf 92' lang='lat' dir='ltr'><strong>nos</strong></span> <span class='ocrx_word' id='word_1_606' title='bbox 3098 3796 3215 3851; x_wconf 66' lang='lat' dir='ltr'><strong>haec</strong></span> <span class='ocrx_word' id='word_1_607' title='bbox 3257 3796 3448 3852; x_wconf 90' lang='lat' dir='ltr'><strong>omnia</strong></span> <span class='ocrx_word' id='word_1_608' title='bbox 3495 3796 3579 3852; x_wconf 90' lang='lat' dir='ltr'><strong>li-</strong></span> 
     </span>
    </p>
   </div>
   <div class='ocr_carea' id='block_1_85' title="bbox 1930 3885 3572 3961">
    <p class='ocr_par' dir='ltr' id='par_1_85' title="bbox 1930 3885 3572 3961">
     <span class='ocr_line' id='line_1_85' title="bbox 1930 3885 3572 3961; baseline -0.002 -16"><span class='ocrx_word' id='word_1_609' title='bbox 1930 3889 2108 3961; x_wconf 89' lang='lat' dir='ltr'><strong>quido</strong></span> <span class='ocrx_word' id='word_1_610' title='bbox 2136 3889 2520 3943; x_wconf 89' lang='lat' dir='ltr'><strong>demonstrata</strong></span> <span class='ocrx_word' id='word_1_611' title='bbox 2557 3890 2713 3948; x_wconf 92' lang='lat' dir='ltr'><strong>sunt,</strong></span> <span class='ocrx_word' id='word_1_612' title='bbox 2745 3891 2801 3941; x_wconf 91' lang='lat' dir='ltr'><strong>et</strong></span> <span class='ocrx_word' id='word_1_613' title='bbox 2832 3890 3161 3956; x_wconf 91' lang='lat' dir='ltr'><strong>permanent</strong></span> <span class='ocrx_word' id='word_1_614' title='bbox 3192 3885 3252 3940; x_wconf 93' lang='lat' dir='ltr'><strong>in</strong></span> <span class='ocrx_word' id='word_1_615' title='bbox 3280 3892 3572 3941; x_wconf 61' lang='lat' dir='ltr'><strong>aeternum.</strong></span> 
     </span>
    </p>
   </div>
   <div class='ocr_carea' id='block_1_86' title="bbox 1931 3972 3579 4035">
    <p class='ocr_par' dir='ltr' id='par_1_86' title="bbox 1931 3972 3579 4035">
     <span class='ocr_line' id='line_1_86' title="bbox 1931 3972 3579 4035; baseline -0.002 0"><span class='ocrx_word' id='word_1_616' title='bbox 1931 3982 1999 4035; x_wconf 91' lang='lat' dir='ltr'><strong>Et</strong></span> <span class='ocrx_word' id='word_1_617' title='bbox 2026 3982 2177 4033; x_wconf 86' lang='lat' dir='ltr'><strong>certe</strong></span> <span class='ocrx_word' id='word_1_618' title='bbox 2207 3976 2377 4031; x_wconf 89' lang='lat' dir='ltr'><strong>etiam</strong></span> <span class='ocrx_word' id='word_1_619' title='bbox 2412 3975 2470 4030; x_wconf 92' lang='lat' dir='ltr'><strong>in</strong></span> <span class='ocrx_word' id='word_1_620' title='bbox 2502 3974 2818 4031; x_wconf 60' lang='lat' dir='ltr'><strong>haeresibus</strong></span> <span class='ocrx_word' id='word_1_621' title='bbox 2844 3973 3060 4030; x_wconf 81' lang='lat' dir='ltr'><strong>exortis</strong></span> <span class='ocrx_word' id='word_1_622' title='bbox 3090 3972 3221 4030; x_wconf 92' lang='lat' dir='ltr'><strong>felle</strong></span> <span class='ocrx_word' id='word_1_623' title='bbox 3262 3988 3327 4030; x_wconf 91' lang='lat' dir='ltr'><strong>ac</strong></span> <span class='ocrx_word' id='word_1_624' title='bbox 3356 3975 3579 4031; x_wconf 89' lang='lat' dir='ltr'><strong>amari-</strong></span> 
     </span>
    </p>
   </div>
   <div class='ocr_carea' id='block_1_87' title="bbox 1934 4062 3579 4135">
    <p class='ocr_par' dir='ltr' id='par_1_87' title="bbox 1934 4062 3579 4135">
     <span class='ocr_line' id='line_1_87' title="bbox 1934 4062 3579 4135; baseline -0.002 -12"><span class='ocrx_word' id='word_1_625' title='bbox 1934 4068 2137 4123; x_wconf 89' lang='lat' dir='ltr'><strong>tudine</strong></span> <span class='ocrx_word' id='word_1_626' title='bbox 2167 4064 2353 4134; x_wconf 90' lang='lat' dir='ltr'><strong>plenis</strong></span> <span class='ocrx_word' id='word_1_627' title='bbox 2375 4064 2648 4119; x_wconf 90' lang='lat' dir='ltr'><strong>adversus</strong></span> <span class='ocrx_word' id='word_1_628' title='bbox 2666 4062 2995 4133; x_wconf 85' lang='lat' dir='ltr'><strong>Ecclesiam,</strong></span> <span class='ocrx_word' id='word_1_629' title='bbox 3015 4064 3112 4119; x_wconf 89' lang='lat' dir='ltr'><strong>sed</strong></span> <span class='ocrx_word' id='word_1_630' title='bbox 3134 4069 3190 4119; x_wconf 90' lang='lat' dir='ltr'><strong>et</strong></span> <span class='ocrx_word' id='word_1_631' title='bbox 3213 4077 3310 4118; x_wconf 86' lang='lat' dir='ltr'><strong>sex</strong></span> <span class='ocrx_word' id='word_1_632' title='bbox 3344 4065 3579 4135; x_wconf 89' lang='lat' dir='ltr'><strong>synodis</strong></span> 
     </span>
    </p>
   </div>
   <div class='ocr_carea' id='block_1_88' title="bbox 1936 4152 3576 4223">
    <p class='ocr_par' dir='ltr' id='par_1_88' title="bbox 1936 4152 3576 4223">
     <span class='ocr_line' id='line_1_88' title="bbox 1936 4152 3576 4223; baseline -0.002 -11"><span class='ocrx_word' id='word_1_633' title='bbox 1936 4152 2363 4213; x_wconf 89' lang='lat' dir='ltr'><strong>universalibus</strong></span> <span class='ocrx_word' id='word_1_634' title='bbox 2376 4152 2476 4208; x_wconf 91' lang='lat' dir='ltr'><strong>Dei</strong></span> <span class='ocrx_word' id='word_1_635' title='bbox 2497 4160 2642 4208; x_wconf 89' lang='lat' dir='ltr'><strong>nutu</strong></span> <span class='ocrx_word' id='word_1_636' title='bbox 2658 4166 2758 4222; x_wconf 90' lang='lat' dir='ltr'><strong>per</strong></span> <span class='ocrx_word' id='word_1_637' title='bbox 2778 4152 3005 4208; x_wconf 87' lang='lat' dir='ltr'><strong>diversa</strong></span> <span class='ocrx_word' id='word_1_638' title='bbox 3026 4157 3281 4223; x_wconf 87' lang='lat' dir='ltr'><strong>tempora</strong></span> <span class='ocrx_word' id='word_1_639' title='bbox 3304 4152 3364 4207; x_wconf 92' lang='lat' dir='ltr'><strong>in</strong></span> <span class='ocrx_word' id='word_1_640' title='bbox 3381 4166 3576 4210; x_wconf 92' lang='lat' dir='ltr'><strong>earum</strong></span> 
     </span>
    </p>
   </div>
   <div class='ocr_carea' id='block_1_89' title="bbox 1934 4240 3577 4313">
    <p class='ocr_par' dir='ltr' id='par_1_89' title="bbox 1934 4240 3577 4313">
     <span class='ocr_line' id='line_1_89' title="bbox 1934 4240 3577 4313; baseline -0.001 -14"><span class='ocrx_word' id='word_1_641' title='bbox 1934 4243 2282 4300; x_wconf 89' lang='lat' dir='ltr'><strong>eversionem</strong></span> <span class='ocrx_word' id='word_1_642' title='bbox 2309 4240 2687 4313; x_wconf 84' lang='lat' dir='ltr'><strong>congregatis,</strong></span> <span class='ocrx_word' id='word_1_643' title='bbox 2730 4241 2921 4297; x_wconf 93' lang='lat' dir='ltr'><strong>omnia</strong></span> <span class='ocrx_word' id='word_1_644' title='bbox 2953 4255 3079 4311; x_wconf 74' lang='lat' dir='ltr'><strong>quae</strong></span> <span class='ocrx_word' id='word_1_645' title='bbox 3110 4241 3321 4297; x_wconf 89' lang='lat' dir='ltr'><strong>tradita</strong></span> <span class='ocrx_word' id='word_1_646' title='bbox 3352 4247 3488 4298; x_wconf 91' lang='lat' dir='ltr'><strong>sunt</strong></span> <span class='ocrx_word' id='word_1_647' title='bbox 3517 4242 3577 4298; x_wconf 90' lang='lat' dir='ltr'><strong>in</strong></span> 
     </span>
    </p>
   </div>
   <div class='ocr_carea' id='block_1_90' title="bbox 1937 4330 3579 4402">
    <p class='ocr_par' dir='ltr' id='par_1_90' title="bbox 1937 4330 3579 4402">
     <span class='ocr_line' id='line_1_90' title="bbox 1937 4330 3579 4402; baseline -0.001 -13"><span class='ocrx_word' id='word_1_648' title='bbox 1937 4332 2188 4389; x_wconf 91' lang='lat' dir='ltr'><strong>Ecclesia</strong></span> <span class='ocrx_word' id='word_1_649' title='bbox 2216 4330 2497 4387; x_wconf 90' lang='lat' dir='ltr'><strong>catholica</strong></span> <span class='ocrx_word' id='word_1_650' title='bbox 2544 4330 2664 4385; x_wconf 89' lang='lat' dir='ltr'><strong>sive</strong></span> <span class='ocrx_word' id='word_1_651' title='bbox 2692 4330 2908 4400; x_wconf 89' lang='lat' dir='ltr'><strong>scripto</strong></span> <span class='ocrx_word' id='word_1_652' title='bbox 2937 4330 3057 4386; x_wconf 91' lang='lat' dir='ltr'><strong>sive</strong></span> <span class='ocrx_word' id='word_1_653' title='bbox 3104 4330 3230 4386; x_wconf 90' lang='lat' dir='ltr'><strong>sine</strong></span> <span class='ocrx_word' id='word_1_654' title='bbox 3260 4332 3476 4402; x_wconf 90' lang='lat' dir='ltr'><strong>scripto</strong></span> <span class='ocrx_word' id='word_1_655' title='bbox 3507 4331 3579 4388; x_wconf 92' lang='lat' dir='ltr'><strong>ab</strong></span> 
     </span>
    </p>
   </div>
   <div class='ocr_carea' id='block_1_91' title="bbox 184 4408 3578 4493">
    <p class='ocr_par' dir='ltr' id='par_1_91' title="bbox 184 4408 3578 4493">
     <span class='ocr_line' id='line_1_91' title="bbox 184 4408 3578 4493; baseline 0.001 -19"><span class='ocrx_word' id='word_1_656' title='bbox 184 4429 469 4479; x_wconf 84' lang='lat' dir='ltr'><strong>senserunt</strong></span> <span class='ocrx_word' id='word_1_657' title='bbox 497 4422 813 4493; x_wconf 71' lang='lat' dir='ltr'><strong>tyrannica:</strong></span> <span class='ocrx_word' id='word_1_658' title='bbox 837 4436 954 4479; x_wconf 66' lang='lat' dir='ltr'><strong>sua:</strong></span> <span class='ocrx_word' id='word_1_659' title='bbox 983 4420 1172 4491; x_wconf 92' lang='lat' dir='ltr'><strong>ipsius</strong></span> <span class='ocrx_word' id='word_1_660' title='bbox 1196 4436 1395 4478; x_wconf 90' lang='lat' dir='ltr'><strong>vocum</strong></span> <span class='ocrx_word' id='word_1_661' title='bbox 1428 4424 1701 4479; x_wconf 89' lang='lat' dir='ltr'><strong>novitatis</strong></span> <span class='ocrx_word' id='word_1_662' title='bbox 1728 4423 1822 4479; x_wconf 92' lang='lat' dir='ltr'><strong>ab-</strong></span> <span class='ocrx_word' id='word_1_663' title='bbox 1848 4408 1904 4469; x_wconf 85' lang='lat' dir='ltr'><strong>D</strong></span> <span class='ocrx_word' id='word_1_664' title='bbox 1936 4422 2197 4493; x_wconf 90' lang='lat' dir='ltr'><strong>antiquis</strong></span> <span class='ocrx_word' id='word_1_665' title='bbox 2244 4419 2617 4490; x_wconf 89' lang='lat' dir='ltr'><strong>temporibus,</strong></span> <span class='ocrx_word' id='word_1_666' title='bbox 2659 4432 2775 4475; x_wconf 90' lang='lat' dir='ltr'><strong>una</strong></span> <span class='ocrx_word' id='word_1_667' title='bbox 2811 4432 2941 4476; x_wconf 91' lang='lat' dir='ltr'><strong>cum</strong></span> <span class='ocrx_word' id='word_1_668' title='bbox 2986 4425 3313 4476; x_wconf 88' lang='lat' dir='ltr'><strong>sanctarum</strong></span> <span class='ocrx_word' id='word_1_669' title='bbox 3350 4434 3578 4491; x_wconf 89' lang='lat' dir='ltr'><strong>quoque</strong></span> 
     </span>
    </p>
   </div>
   <div class='ocr_carea' id='block_1_92' title="bbox 178 4508 1821 4584">
    <p class='ocr_par' dir='ltr' id='par_1_92' title="bbox 178 4508 1821 4584">
     <span class='ocr_line' id='line_1_92' title="bbox 178 4508 1821 4584; baseline 0.004 -21"><span class='ocrx_word' id='word_1_670' title='bbox 178 4508 471 4577; x_wconf 85' lang='lat' dir='ltr'><strong>jiciendam</strong></span> <span class='ocrx_word' id='word_1_671' title='bbox 487 4512 844 4583; x_wconf 89' lang='lat' dir='ltr'><strong>opinionem,</strong></span> <span class='ocrx_word' id='word_1_672' title='bbox 862 4511 1184 4584; x_wconf 90' lang='lat' dir='ltr'><strong>fastumque</strong></span> <span class='ocrx_word' id='word_1_673' title='bbox 1195 4512 1646 4584; x_wconf 88' lang='lat' dir='ltr'><strong>etarrogantiam</strong></span> <span class='ocrx_word' id='word_1_674' title='bbox 1661 4526 1821 4569; x_wconf 90' lang='lat' dir='ltr'><strong>suam</strong></span> 
     </span>
    </p>
   </div>
   <div class='ocr_carea' id='block_1_93' title="bbox 184 4596 1824 4671">
    <p class='ocr_par' dir='ltr' id='par_1_93' title="bbox 184 4596 1824 4671">
     <span class='ocr_line' id='line_1_93' title="bbox 184 4596 1824 4671; baseline 0.005 -20"><span class='ocrx_word' id='word_1_675' title='bbox 184 4596 290 4665; x_wconf 88' lang='lat' dir='ltr'><strong>isti,</strong></span> <span class='ocrx_word' id='word_1_676' title='bbox 308 4602 406 4671; x_wconf 89' lang='lat' dir='ltr'><strong>qui</strong></span> <span class='ocrx_word' id='word_1_677' title='bbox 430 4600 784 4657; x_wconf 89' lang='lat' dir='ltr'><strong>tumultuari</strong></span> <span class='ocrx_word' id='word_1_678' title='bbox 806 4600 1162 4657; x_wconf 88' lang='lat' dir='ltr'><strong>susurrando</strong></span> <span class='ocrx_word' id='word_1_679' title='bbox 1183 4606 1497 4657; x_wconf 89' lang='lat' dir='ltr'><strong>conantur:</strong></span> <span class='ocrx_word' id='word_1_680' title='bbox 1519 4605 1575 4657; x_wconf 92' lang='lat' dir='ltr'><strong>et</strong></span> <span class='ocrx_word' id='word_1_681' title='bbox 1595 4605 1824 4659; x_wconf 87' lang='lat' dir='ltr'><strong>versuto</strong></span> 
     </span>
    </p>
   </div>
   <div class='ocr_carea' id='block_1_94' title="bbox 182 4687 1820 4762">
    <p class='ocr_par' dir='ltr' id='par_1_94' title="bbox 182 4687 1820 4762">
     <span class='ocr_line' id='line_1_94' title="bbox 182 4687 1820 4762; baseline 0.005 -23"><span class='ocrx_word' id='word_1_682' title='bbox 182 4687 416 4744; x_wconf 81' lang='lat' dir='ltr'><strong>volentes</strong></span> <span class='ocrx_word' id='word_1_683' title='bbox 445 4690 767 4746; x_wconf 88' lang='lat' dir='ltr'><strong>velamento</strong></span> <span class='ocrx_word' id='word_1_684' title='bbox 792 4704 961 4747; x_wconf 91' lang='lat' dir='ltr'><strong>suum</strong></span> <span class='ocrx_word' id='word_1_685' title='bbox 983 4690 1169 4759; x_wconf 89' lang='lat' dir='ltr'><strong>ipsius</strong></span> <span class='ocrx_word' id='word_1_686' title='bbox 1198 4704 1429 4746; x_wconf 91' lang='lat' dir='ltr'><strong>sensum</strong></span> <span class='ocrx_word' id='word_1_687' title='bbox 1459 4690 1820 4762; x_wconf 91' lang='lat' dir='ltr'><strong>obumbrare,</strong></span> 
     </span>
    </p>
   </div>
   <div class='ocr_carea' id='block_1_95' title="bbox 185 4775 1826 4851">
    <p class='ocr_par' dir='ltr' id='par_1_95' title="bbox 185 4775 1826 4851">
     <span class='ocr_line' id='line_1_95' title="bbox 185 4775 1826 4851; baseline 0.004 -21"><span class='ocrx_word' id='word_1_688' title='bbox 185 4775 486 4835; x_wconf 90' lang='lat' dir='ltr'><strong>ridiculum</strong></span> <span class='ocrx_word' id='word_1_689' title='bbox 531 4779 818 4850; x_wconf 90' lang='lat' dir='ltr'><strong>quoddam</strong></span> <span class='ocrx_word' id='word_1_690' title='bbox 843 4793 911 4835; x_wconf 90' lang='lat' dir='ltr'><strong>ex</strong></span> <span class='ocrx_word' id='word_1_691' title='bbox 930 4779 1154 4836; x_wconf 90' lang='lat' dir='ltr'><strong>desidia</strong></span> <span class='ocrx_word' id='word_1_692' title='bbox 1180 4779 1501 4851; x_wconf 89' lang='lat' dir='ltr'><strong>patiuntur,</strong></span> <span class='ocrx_word' id='word_1_693' title='bbox 1528 4780 1826 4836; x_wconf 90' lang='lat' dir='ltr'><strong>laudantes</strong></span> 
     </span>
    </p>
   </div>
   <div class='ocr_carea' id='block_1_96' title="bbox 187 4866 1822 4940">
    <p class='ocr_par' dir='ltr' id='par_1_96' title="bbox 187 4866 1822 4940">
     <span class='ocr_line' id='line_1_96' title="bbox 187 4866 1822 4940; baseline 0.002 -21"><span class='ocrx_word' id='word_1_694' title='bbox 187 4866 411 4923; x_wconf 87' lang='lat' dir='ltr'><strong>multum</strong></span> <span class='ocrx_word' id='word_1_695' title='bbox 442 4882 511 4923; x_wconf 90' lang='lat' dir='ltr'><strong>ac</strong></span> <span class='ocrx_word' id='word_1_696' title='bbox 542 4868 841 4939; x_wconf 89' lang='lat' dir='ltr'><strong>magniﬁce</strong></span> <span class='ocrx_word' id='word_1_697' title='bbox 878 4869 1323 4925; x_wconf 89' lang='lat' dir='ltr'><strong>ecclesiasticam</strong></span> <span class='ocrx_word' id='word_1_698' title='bbox 1366 4868 1822 4940; x_wconf 83' lang='lat' dir='ltr'><strong>legislationem;</strong></span> 
     </span>
    </p>
   </div>
   <div class='ocr_carea' id='block_1_97' title="bbox 183 4955 1826 5014">
    <p class='ocr_par' dir='ltr' id='par_1_97' title="bbox 183 4955 1826 5014">
     <span class='ocr_line' id='line_1_97' title="bbox 183 4955 1826 5014; baseline 0.005 -8"><span class='ocrx_word' id='word_1_699' title='bbox 183 4959 231 5006; x_wconf 89' lang='lat' dir='ltr'><strong>et</strong></span> <span class='ocrx_word' id='word_1_700' title='bbox 259 4955 399 5012; x_wconf 89' lang='lat' dir='ltr'><strong>hanc</strong></span> <span class='ocrx_word' id='word_1_701' title='bbox 426 4957 837 5013; x_wconf 89' lang='lat' dir='ltr'><strong>immutilatam</strong></span> <span class='ocrx_word' id='word_1_702' title='bbox 868 4972 1092 5014; x_wconf 89' lang='lat' dir='ltr'><strong>servare</strong></span> <span class='ocrx_word' id='word_1_703' title='bbox 1120 4963 1348 5014; x_wconf 90' lang='lat' dir='ltr'><strong>sanctas</strong></span> <span class='ocrx_word' id='word_1_704' title='bbox 1368 4972 1466 5014; x_wconf 88' lang='lat' dir='ltr'><strong>sex</strong></span> <span class='ocrx_word' id='word_1_705' title='bbox 1504 4963 1560 5013; x_wconf 91' lang='lat' dir='ltr'><strong>et</strong></span> <span class='ocrx_word' id='word_1_706' title='bbox 1586 4959 1826 5014; x_wconf 82' lang='lat' dir='ltr'><strong>univer—</strong></span> 
     </span>
    </p>
   </div>
   <div class='ocr_carea' id='block_1_98' title="bbox 186 5045 1827 5122">
    <p class='ocr_par' dir='ltr' id='par_1_98' title="bbox 186 5045 1827 5122">
     <span class='ocr_line' id='line_1_98' title="bbox 186 5045 1827 5122; baseline 0.004 -24"><span class='ocrx_word' id='word_1_707' title='bbox 186 5045 317 5100; x_wconf 86' lang='lat' dir='ltr'><strong>sales</strong></span> <span class='ocrx_word' id='word_1_708' title='bbox 344 5047 615 5117; x_wconf 82' lang='lat' dir='ltr'><strong>synodos,</strong></span> <span class='ocrx_word' id='word_1_709' title='bbox 641 5048 776 5103; x_wconf 91' lang='lat' dir='ltr'><strong>licet</strong></span> <span class='ocrx_word' id='word_1_710' title='bbox 794 5048 1068 5116; x_wconf 90' lang='lat' dir='ltr'><strong>nolentes,</strong></span> <span class='ocrx_word' id='word_1_711' title='bbox 1094 5049 1438 5118; x_wconf 89' lang='lat' dir='ltr'><strong>promittunt</strong></span> <span class='ocrx_word' id='word_1_712' title='bbox 1461 5045 1609 5122; x_wconf 86' lang='lat' dir='ltr'><strong>[Gr.,</strong></span> <span class='ocrx_word' id='word_1_713' title='bbox 1637 5063 1827 5105; x_wconf 87' lang='lat' dir='ltr'><strong>assen-</strong></span> 
     </span>
    </p>
   </div>
   <div class='ocr_carea' id='block_1_99' title="bbox 186 5132 1825 5209">
    <p class='ocr_par' dir='ltr' id='par_1_99' title="bbox 186 5132 1825 5209">
     <span class='ocr_line' id='line_1_99' title="bbox 186 5132 1825 5209; baseline 0.004 -21"><span class='ocrx_word' id='word_1_714' title='bbox 186 5132 400 5191; x_wconf 89' lang='lat' dir='ltr'><strong>tiuntur</strong></span> <span class='ocrx_word' id='word_1_715' title='bbox 418 5133 464 5209; x_wconf 81' lang='lat'><strong>],</strong></span> <span class='ocrx_word' id='word_1_716' title='bbox 489 5142 543 5191; x_wconf 93' lang='lat' dir='ltr'><strong>et</strong></span> <span class='ocrx_word' id='word_1_717' title='bbox 564 5136 754 5192; x_wconf 90' lang='lat' dir='ltr'><strong>verbis</strong></span> <span class='ocrx_word' id='word_1_718' title='bbox 774 5136 1004 5207; x_wconf 91' lang='lat' dir='ltr'><strong>quidem</strong></span> <span class='ocrx_word' id='word_1_719' title='bbox 1030 5136 1307 5193; x_wconf 88' lang='lat' dir='ltr'><strong>simulant</strong></span> <span class='ocrx_word' id='word_1_720' title='bbox 1329 5137 1616 5209; x_wconf 89' lang='lat' dir='ltr'><strong>pietatem,</strong></span> <span class='ocrx_word' id='word_1_721' title='bbox 1642 5143 1825 5194; x_wconf 90' lang='lat' dir='ltr'><strong>mente</strong></span> 
     </span>
    </p>
   </div>
   <div class='ocr_carea' id='block_1_100' title="bbox 188 5224 1826 5295">
    <p class='ocr_par' dir='ltr' id='par_1_100' title="bbox 188 5224 1826 5295">
     <span class='ocr_line' id='line_1_100' title="bbox 188 5224 1826 5295; baseline 0.004 -20"><span class='ocrx_word' id='word_1_722' title='bbox 188 5228 359 5279; x_wconf 84' lang='lat' dir='ltr'><strong>autem</strong></span> <span class='ocrx_word' id='word_1_723' title='bbox 402 5224 772 5291; x_wconf 84' lang='lat' dir='ltr'><strong>iniquitatem</strong></span> <span class='ocrx_word' id='word_1_724' title='bbox 804 5230 1151 5295; x_wconf 88' lang='lat' dir='ltr'><strong>operantur:</strong></span> <span class='ocrx_word' id='word_1_725' title='bbox 1185 5233 1241 5281; x_wconf 90' lang='lat' dir='ltr'><strong>et</strong></span> <span class='ocrx_word' id='word_1_726' title='bbox 1268 5225 1439 5282; x_wconf 88' lang='lat' dir='ltr'><strong>labiis</strong></span> <span class='ocrx_word' id='word_1_727' title='bbox 1481 5240 1603 5281; x_wconf 90' lang='lat' dir='ltr'><strong>eam</strong></span> <span class='ocrx_word' id='word_1_728' title='bbox 1637 5227 1826 5283; x_wconf 90' lang='lat' dir='ltr'><strong>hono—</strong></span> 
     </span>
    </p>
   </div>
   <div class='ocr_carea' id='block_1_101' title="bbox 190 5312 1822 5386">
    <p class='ocr_par' dir='ltr' id='par_1_101' title="bbox 190 5312 1822 5386">
     <span class='ocr_line' id='line_1_101' title="bbox 190 5312 1822 5386; baseline 0.003 -22"><span class='ocrx_word' id='word_1_729' title='bbox 190 5318 320 5382; x_wconf 87' lang='lat' dir='ltr'><strong>rant,</strong></span> <span class='ocrx_word' id='word_1_730' title='bbox 344 5313 521 5369; x_wconf 65' lang='lat' dir='ltr'><strong>corde</strong></span> <span class='ocrx_word' id='word_1_731' title='bbox 547 5319 738 5369; x_wconf 87' lang='lat' dir='ltr'><strong>autem</strong></span> <span class='ocrx_word' id='word_1_732' title='bbox 768 5313 933 5386; x_wconf 86' lang='lat' dir='ltr'><strong>longe</strong></span> <span class='ocrx_word' id='word_1_733' title='bbox 971 5313 1280 5370; x_wconf 88' lang='lat' dir='ltr'><strong>distantab</strong></span> <span class='ocrx_word' id='word_1_734' title='bbox 1312 5312 1451 5385; x_wconf 90' lang='lat' dir='ltr'><strong>illa(</strong></span> <span class='ocrx_word' id='word_1_735' title='bbox 1494 5316 1604 5370; x_wconf 89' lang='lat' dir='ltr'><strong>Isa.</strong></span> <span class='ocrx_word' id='word_1_736' title='bbox 1639 5329 1822 5381; x_wconf 68' lang='lat' dir='ltr'><strong>xxxx;</strong></span> 
     </span>
    </p>
   </div>
   <div class='ocr_carea' id='block_1_102' title="bbox 193 5400 1822 5475">
    <p class='ocr_par' dir='ltr' id='par_1_102' title="bbox 193 5400 1822 5475">
     <span class='ocr_line' id='line_1_102' title="bbox 193 5400 1822 5475; baseline 0.005 -23"><span class='ocrx_word' id='word_1_737' title='bbox 193 5400 412 5458; x_wconf 86' lang='lat' dir='ltr'><strong>minime</strong></span> <span class='ocrx_word' id='word_1_738' title='bbox 443 5404 864 5459; x_wconf 89' lang='lat' dir='ltr'><strong>consentientes</strong></span> <span class='ocrx_word' id='word_1_739' title='bbox 883 5404 1183 5459; x_wconf 88' lang='lat' dir='ltr'><strong>admittere</strong></span> <span class='ocrx_word' id='word_1_740' title='bbox 1203 5404 1592 5469; x_wconf 84' lang='lat' dir='ltr'><strong>traditionem,</strong></span> <span class='ocrx_word' id='word_1_741' title='bbox 1619 5419 1744 5475; x_wconf 67' lang='lat' dir='ltr'><strong>qua:</strong></span> <span class='ocrx_word' id='word_1_742' title='bbox 1764 5405 1822 5460; x_wconf 92' lang='lat' dir='ltr'><strong>in</strong></span> 
     </span>
    </p>
   </div>
   <div class='ocr_carea' id='block_1_103' title="bbox 190 5491 1822 5563">
    <p class='ocr_par' dir='ltr' id='par_1_103' title="bbox 190 5491 1822 5563">
     <span class='ocr_line' id='line_1_103' title="bbox 190 5491 1822 5563; baseline 0.004 -20"><span class='ocrx_word' id='word_1_743' title='bbox 190 5491 328 5545; x_wconf 89' lang='lat' dir='ltr'><strong>omni</strong></span> <span class='ocrx_word' id='word_1_744' title='bbox 360 5494 652 5561; x_wconf 72' lang='lat' dir='ltr'><strong>praeterito</strong></span> <span class='ocrx_word' id='word_1_745' title='bbox 705 5497 956 5563; x_wconf 89' lang='lat' dir='ltr'><strong>tempore</strong></span> <span class='ocrx_word' id='word_1_746' title='bbox 995 5507 1027 5549; x_wconf 90' lang='lat' dir='ltr'><strong>a</strong></span> <span class='ocrx_word' id='word_1_747' title='bbox 1080 5498 1163 5550; x_wconf 94' lang='lat' dir='ltr'><strong>tot</strong></span> <span class='ocrx_word' id='word_1_748' title='bbox 1207 5494 1423 5550; x_wconf 91' lang='lat' dir='ltr'><strong>sanctis</strong></span> <span class='ocrx_word' id='word_1_749' title='bbox 1472 5498 1687 5551; x_wconf 90' lang='lat' dir='ltr'><strong>retenta</strong></span> <span class='ocrx_word' id='word_1_750' title='bbox 1717 5498 1822 5550; x_wconf 90' lang='lat' dir='ltr'><strong>est.</strong></span> 
     </span>
    </p>
   </div>
   <div class='ocr_carea' id='block_1_104' title="bbox 194 5575 1828 5640">
    <p class='ocr_par' dir='ltr' id='par_1_104' title="bbox 194 5575 1828 5640">
     <span class='ocr_line' id='line_1_104' title="bbox 194 5575 1828 5640; baseline 0.007 -11"><span class='ocrx_word' id='word_1_751' title='bbox 194 5575 408 5634; x_wconf 87' lang='lat' dir='ltr'><strong>Utinam</strong></span> <span class='ocrx_word' id='word_1_752' title='bbox 450 5580 881 5637; x_wconf 90' lang='lat' dir='ltr'><strong>multitudinem</strong></span> <span class='ocrx_word' id='word_1_753' title='bbox 928 5580 1128 5637; x_wconf 90' lang='lat' dir='ltr'><strong>saltem</strong></span> <span class='ocrx_word' id='word_1_754' title='bbox 1178 5582 1410 5638; x_wconf 88' lang='lat' dir='ltr'><strong>reveriti</strong></span> <span class='ocrx_word' id='word_1_755' title='bbox 1438 5590 1629 5640; x_wconf 89' lang='lat' dir='ltr'><strong>essent</strong></span> <span class='ocrx_word' id='word_1_756' title='bbox 1649 5584 1828 5639; x_wconf 88' lang='lat' dir='ltr'><strong>Chri-</strong></span> 
     </span>
    </p>
   </div>
   <div class='ocr_carea' id='block_1_105' title="bbox 1937 4508 3576 4583">
    <p class='ocr_par' dir='ltr' id='par_1_105' title="bbox 1937 4508 3576 4583">
     <span class='ocr_line' id='line_1_105' title="bbox 1937 4508 3576 4583; baseline -0.001 -16"><span class='ocrx_word' id='word_1_757' title='bbox 1937 4511 2253 4583; x_wconf 90' lang='lat' dir='ltr'><strong>imaginum</strong></span> <span class='ocrx_word' id='word_1_758' title='bbox 2278 4509 2764 4565; x_wconf 91' lang='lat' dir='ltr'><strong>demonstratione</strong></span> <span class='ocrx_word' id='word_1_759' title='bbox 2791 4508 3155 4565; x_wconf 88' lang='lat' dir='ltr'><strong>corroborata</strong></span> <span class='ocrx_word' id='word_1_760' title='bbox 3200 4512 3339 4564; x_wconf 90' lang='lat' dir='ltr'><strong>sunt</strong></span> <span class='ocrx_word' id='word_1_761' title='bbox 3369 4514 3427 4564; x_wconf 92' lang='lat' dir='ltr'><strong>et</strong></span> <span class='ocrx_word' id='word_1_762' title='bbox 3448 4515 3576 4565; x_wconf 88' lang='lat' dir='ltr'><strong>sta-</strong></span> 
     </span>
    </p>
   </div>
   <div class='ocr_carea' id='block_1_106' title="bbox 1934 4597 3575 4668">
    <p class='ocr_par' dir='ltr' id='par_1_106' title="bbox 1934 4597 3575 4668">
     <span class='ocr_line' id='line_1_106' title="bbox 1934 4597 3575 4668; baseline -0.002 -12"><span class='ocrx_word' id='word_1_763' title='bbox 1934 4601 2121 4656; x_wconf 90' lang='lat' dir='ltr'><strong>bilita.</strong></span> <span class='ocrx_word' id='word_1_764' title='bbox 2154 4600 2358 4655; x_wconf 89' lang='lat' dir='ltr'><strong>Sancta</strong></span> <span class='ocrx_word' id='word_1_765' title='bbox 2383 4613 2513 4655; x_wconf 91' lang='lat' dir='ltr'><strong>vero</strong></span> <span class='ocrx_word' id='word_1_766' title='bbox 2543 4604 2699 4656; x_wconf 84' lang='lat' dir='ltr'><strong>sexta</strong></span> <span class='ocrx_word' id='word_1_767' title='bbox 2728 4603 2785 4655; x_wconf 89' lang='lat' dir='ltr'><strong>et</strong></span> <span class='ocrx_word' id='word_1_768' title='bbox 2813 4597 3159 4655; x_wconf 89' lang='lat' dir='ltr'><strong>universalis</strong></span> <span class='ocrx_word' id='word_1_769' title='bbox 3178 4597 3431 4668; x_wconf 90' lang='lat' dir='ltr'><strong>synodus</strong></span> <span class='ocrx_word' id='word_1_770' title='bbox 3445 4611 3575 4654; x_wconf 90' lang='lat' dir='ltr'><strong>cum</strong></span> 
     </span>
    </p>
   </div>
   <div class='ocr_carea' id='block_1_107' title="bbox 1936 4688 3574 4761">
    <p class='ocr_par' dir='ltr' id='par_1_107' title="bbox 1936 4688 3574 4761">
     <span class='ocr_line' id='line_1_107' title="bbox 1936 4688 3574 4761; baseline -0.002 -15"><span class='ocrx_word' id='word_1_771' title='bbox 1936 4689 2352 4761; x_wconf 88' lang='lat' dir='ltr'><strong>promulgasset</strong></span> <span class='ocrx_word' id='word_1_772' title='bbox 2399 4688 2793 4745; x_wconf 89' lang='lat' dir='ltr'><strong>deﬁnitionem</strong></span> <span class='ocrx_word' id='word_1_773' title='bbox 2855 4701 3016 4744; x_wconf 91' lang='lat' dir='ltr'><strong>suam</strong></span> <span class='ocrx_word' id='word_1_774' title='bbox 3068 4691 3267 4743; x_wconf 89' lang='lat' dir='ltr'><strong>contra</strong></span> <span class='ocrx_word' id='word_1_775' title='bbox 3312 4700 3410 4743; x_wconf 92' lang='lat' dir='ltr'><strong>eos</strong></span> <span class='ocrx_word' id='word_1_776' title='bbox 3470 4688 3574 4759; x_wconf 90' lang='lat' dir='ltr'><strong>qui</strong></span> 
     </span>
    </p>
   </div>
   <div class='ocr_carea' id='block_1_108' title="bbox 1936 4777 3576 4848">
    <p class='ocr_par' dir='ltr' id='par_1_108' title="bbox 1936 4777 3576 4848">
     <span class='ocr_line' id='line_1_108' title="bbox 1936 4777 3576 4848; baseline -0.004 -9"><span class='ocrx_word' id='word_1_777' title='bbox 1936 4795 2104 4839; x_wconf 91' lang='lat' dir='ltr'><strong>unam</strong></span> <span class='ocrx_word' id='word_1_778' title='bbox 2135 4779 2481 4836; x_wconf 89' lang='lat' dir='ltr'><strong>voluntatem</strong></span> <span class='ocrx_word' id='word_1_779' title='bbox 2509 4778 2820 4848; x_wconf 62' lang='lat' dir='ltr'><strong>praedicant</strong></span> <span class='ocrx_word' id='word_1_780' title='bbox 2851 4778 2911 4834; x_wconf 92' lang='lat' dir='ltr'><strong>in</strong></span> <span class='ocrx_word' id='word_1_781' title='bbox 2948 4777 3176 4833; x_wconf 90' lang='lat' dir='ltr'><strong>Christo</strong></span> <span class='ocrx_word' id='word_1_782' title='bbox 3208 4778 3322 4833; x_wconf 92' lang='lat' dir='ltr'><strong>Deo</strong></span> <span class='ocrx_word' id='word_1_783' title='bbox 3360 4782 3576 4846; x_wconf 89' lang='lat' dir='ltr'><strong>nostro,</strong></span> 
     </span>
    </p>
   </div>
   <div class='ocr_carea' id='block_1_109' title="bbox 1932 4867 3580 4939">
    <p class='ocr_par' dir='ltr' id='par_1_109' title="bbox 1932 4867 3580 4939">
     <span class='ocr_line' id='line_1_109' title="bbox 1932 4867 3580 4939; baseline -0.002 -13"><span class='ocrx_word' id='word_1_784' title='bbox 1932 4874 1990 4926; x_wconf 93' lang='lat' dir='ltr'><strong>et</strong></span> <span class='ocrx_word' id='word_1_785' title='bbox 2014 4868 2426 4925; x_wconf 88' lang='lat' dir='ltr'><strong>Constantinus</strong></span> <span class='ocrx_word' id='word_1_786' title='bbox 2457 4868 2554 4939; x_wconf 89' lang='lat' dir='ltr'><strong>qui</strong></span> <span class='ocrx_word' id='word_1_787' title='bbox 2590 4872 2726 4924; x_wconf 92' lang='lat' dir='ltr'><strong>tunc</strong></span> <span class='ocrx_word' id='word_1_788' title='bbox 2759 4868 3093 4939; x_wconf 90' lang='lat' dir='ltr'><strong>imperabat,</strong></span> <span class='ocrx_word' id='word_1_789' title='bbox 3117 4872 3174 4923; x_wconf 92' lang='lat' dir='ltr'><strong>et</strong></span> <span class='ocrx_word' id='word_1_790' title='bbox 3203 4867 3580 4938; x_wconf 58' lang='lat' dir='ltr'><strong>praeceptione</strong></span> 
     </span>
    </p>
   </div>
   <div class='ocr_carea' id='block_1_110' title="bbox 1935 4956 3580 5030">
    <p class='ocr_par' dir='ltr' id='par_1_110' title="bbox 1935 4956 3580 5030">
     <span class='ocr_line' id='line_1_110' title="bbox 1935 4956 3580 5030; baseline -0.004 -14"><span class='ocrx_word' id='word_1_791' title='bbox 1935 4973 2039 5016; x_wconf 91' lang='lat' dir='ltr'><strong>sua</strong></span> <span class='ocrx_word' id='word_1_792' title='bbox 2070 4973 2168 5029; x_wconf 91' lang='lat' dir='ltr'><strong>per</strong></span> <span class='ocrx_word' id='word_1_793' title='bbox 2201 4956 2616 5028; x_wconf 90' lang='lat' dir='ltr'><strong>beneplacitum</strong></span> <span class='ocrx_word' id='word_1_794' title='bbox 2650 4957 2747 5012; x_wconf 89' lang='lat' dir='ltr'><strong>Dei</strong></span> <span class='ocrx_word' id='word_1_795' title='bbox 2783 4957 2926 5012; x_wconf 81' lang='lat' dir='ltr'><strong>hanc</strong></span> <span class='ocrx_word' id='word_1_796' title='bbox 2972 4963 3429 5030; x_wconf 86' lang='lat' dir='ltr'><strong>congregaverat,</strong></span> <span class='ocrx_word' id='word_1_797' title='bbox 3464 4956 3580 5011; x_wconf 88' lang='lat' dir='ltr'><strong>vita</strong></span> 
     </span>
    </p>
   </div>
   <div class='ocr_carea' id='block_1_111' title="bbox 1936 5046 3581 5120">
    <p class='ocr_par' dir='ltr' id='par_1_111' title="bbox 1936 5046 3581 5120">
     <span class='ocr_line' id='line_1_111' title="bbox 1936 5046 3581 5120; baseline -0.002 -16"><span class='ocrx_word' id='word_1_798' title='bbox 1936 5055 2066 5120; x_wconf 89' lang='lat' dir='ltr'><strong>post</strong></span> <span class='ocrx_word' id='word_1_799' title='bbox 2096 5048 2379 5104; x_wconf 87' lang='lat' dir='ltr'><strong>modicum</strong></span> <span class='ocrx_word' id='word_1_800' title='bbox 2403 5047 2757 5115; x_wconf 86' lang='lat' dir='ltr'><strong>excessisset,</strong></span> <span class='ocrx_word' id='word_1_801' title='bbox 2778 5047 3256 5119; x_wconf 88' lang='lat' dir='ltr'><strong>Justinianusque</strong></span> <span class='ocrx_word' id='word_1_802' title='bbox 3279 5048 3436 5104; x_wconf 80' lang='lat' dir='ltr'><strong>ﬁlius</strong></span> <span class='ocrx_word' id='word_1_803' title='bbox 3454 5046 3581 5115; x_wconf 91' lang='lat' dir='ltr'><strong>ejus</strong></span> 
     </span>
    </p>
   </div>
   <div class='ocr_carea' id='block_1_112' title="bbox 1936 5136 3577 5209">
    <p class='ocr_par' dir='ltr' id='par_1_112' title="bbox 1936 5136 3577 5209">
     <span class='ocr_line' id='line_1_112' title="bbox 1936 5136 3577 5209; baseline -0.003 -16"><span class='ocrx_word' id='word_1_804' title='bbox 1936 5139 2240 5209; x_wconf 90' lang='lat' dir='ltr'><strong>imperium</strong></span> <span class='ocrx_word' id='word_1_805' title='bbox 2273 5136 2652 5194; x_wconf 90' lang='lat' dir='ltr'><strong>obtinuisset:</strong></span> <span class='ocrx_word' id='word_1_806' title='bbox 2686 5136 2860 5193; x_wconf 90' lang='lat' dir='ltr'><strong>iidem</strong></span> <span class='ocrx_word' id='word_1_807' title='bbox 2900 5136 3011 5208; x_wconf 90' lang='lat' dir='ltr'><strong>ipsi</strong></span> <span class='ocrx_word' id='word_1_808' title='bbox 3036 5138 3135 5209; x_wconf 90' lang='lat' dir='ltr'><strong>qui</strong></span> <span class='ocrx_word' id='word_1_809' title='bbox 3170 5139 3229 5194; x_wconf 91' lang='lat' dir='ltr'><strong>in</strong></span> <span class='ocrx_word' id='word_1_810' title='bbox 3252 5153 3317 5195; x_wconf 90' lang='lat' dir='ltr'><strong>ea</strong></span> <span class='ocrx_word' id='word_1_811' title='bbox 3352 5136 3577 5194; x_wconf 84' lang='lat' dir='ltr'><strong>fuerant</strong></span> 
     </span>
    </p>
   </div>
   <div class='ocr_carea' id='block_1_113' title="bbox 1933 5218 3575 5301">
    <p class='ocr_par' dir='ltr' id='par_1_113' title="bbox 1933 5218 3575 5301">
     <span class='ocr_line' id='line_1_113' title="bbox 1933 5218 3575 5301; baseline -0.003 -17"><span class='ocrx_word' id='word_1_812' title='bbox 1933 5227 2280 5301; x_wconf 87' lang='lat' dir='ltr'><strong>congregati,</strong></span> <span class='ocrx_word' id='word_1_813' title='bbox 2314 5242 2519 5283; x_wconf 90' lang='lat' dir='ltr'><strong>rursus</strong></span> <span class='ocrx_word' id='word_1_814' title='bbox 2570 5231 2715 5282; x_wconf 91' lang='lat' dir='ltr'><strong>nutu</strong></span> <span class='ocrx_word' id='word_1_815' title='bbox 2743 5226 2943 5284; x_wconf 90' lang='lat' dir='ltr'><strong>divino</strong></span> <span class='ocrx_word' id='word_1_816' title='bbox 2986 5228 3340 5284; x_wconf 88' lang='lat' dir='ltr'><strong>unanimiter</strong></span> <span class='ocrx_word' id='word_1_817' title='bbox 3367 5218 3575 5281; x_wconf 84' lang='lat' dir='ltr'><strong>conve-</strong></span> 
     </span>
    </p>
   </div>
   <div class='ocr_carea' id='block_1_114' title="bbox 1934 5314 3576 5389">
    <p class='ocr_par' dir='ltr' id='par_1_114' title="bbox 1934 5314 3576 5389">
     <span class='ocr_line' id='line_1_114' title="bbox 1934 5314 3576 5389; baseline -0.002 -15"><span class='ocrx_word' id='word_1_818' title='bbox 1934 5319 2156 5375; x_wconf 88' lang='lat' dir='ltr'><strong>nientes</strong></span> <span class='ocrx_word' id='word_1_819' title='bbox 2196 5324 2322 5388; x_wconf 92' lang='lat' dir='ltr'><strong>post</strong></span> <span class='ocrx_word' id='word_1_820' title='bbox 2368 5323 2615 5388; x_wconf 89' lang='lat' dir='ltr'><strong>quatuor</strong></span> <span class='ocrx_word' id='word_1_821' title='bbox 2656 5316 2741 5373; x_wconf 90' lang='lat' dir='ltr'><strong>vel</strong></span> <span class='ocrx_word' id='word_1_822' title='bbox 2791 5317 3049 5389; x_wconf 91' lang='lat' dir='ltr'><strong>quinque</strong></span> <span class='ocrx_word' id='word_1_823' title='bbox 3104 5331 3305 5387; x_wconf 90' lang='lat' dir='ltr'><strong>annos,</strong></span> <span class='ocrx_word' id='word_1_824' title='bbox 3352 5314 3576 5387; x_wconf 85' lang='lat' dir='ltr'><strong>regulas</strong></span> 
     </span>
    </p>
   </div>
   <div class='ocr_carea' id='block_1_115' title="bbox 1932 5404 3575 5478">
    <p class='ocr_par' dir='ltr' id='par_1_115' title="bbox 1932 5404 3575 5478">
     <span class='ocr_line' id='line_1_115' title="bbox 1932 5404 3575 5478; baseline -0.004 -14"><span class='ocrx_word' id='word_1_825' title='bbox 1932 5408 2238 5465; x_wconf 88' lang='lat' dir='ltr'><strong>ediderunt</strong></span> <span class='ocrx_word' id='word_1_826' title='bbox 2268 5420 2371 5478; x_wconf 90' lang='lat' dir='ltr'><strong>pro</strong></span> <span class='ocrx_word' id='word_1_827' title='bbox 2395 5406 2747 5463; x_wconf 89' lang='lat' dir='ltr'><strong>correctione</strong></span> <span class='ocrx_word' id='word_1_828' title='bbox 2775 5407 3293 5463; x_wconf 88' lang='lat' dir='ltr'><strong>ecclesiasticorum</strong></span> <span class='ocrx_word' id='word_1_829' title='bbox 3328 5404 3575 5476; x_wconf 84' lang='lat' dir='ltr'><strong>negotio-</strong></span> 
     </span>
    </p>
   </div>
   <div class='ocr_carea' id='block_1_116' title="bbox 1936 5489 3575 5566">
    <p class='ocr_par' dir='ltr' id='par_1_116' title="bbox 1936 5489 3575 5566">
     <span class='ocr_line' id='line_1_116' title="bbox 1936 5489 3575 5566; baseline -0.005 -15"><span class='ocrx_word' id='word_1_830' title='bbox 1936 5510 2063 5551; x_wconf 89' lang='lat' dir='ltr'><strong>rum</strong></span> <span class='ocrx_word' id='word_1_831' title='bbox 2092 5508 2275 5566; x_wconf 90' lang='lat' dir='ltr'><strong>usque</strong></span> <span class='ocrx_word' id='word_1_832' title='bbox 2298 5495 2369 5550; x_wconf 90' lang='lat' dir='ltr'><strong>ad</strong></span> <span class='ocrx_word' id='word_1_833' title='bbox 2394 5494 2539 5550; x_wconf 89' lang='lat' dir='ltr'><strong>duas</strong></span> <span class='ocrx_word' id='word_1_834' title='bbox 2566 5498 2623 5550; x_wconf 88' lang='lat' dir='ltr'><strong>et</strong></span> <span class='ocrx_word' id='word_1_835' title='bbox 2649 5500 2898 5550; x_wconf 91' lang='lat' dir='ltr'><strong>centum.</strong></span> <span class='ocrx_word' id='word_1_836' title='bbox 2934 5496 2993 5549; x_wconf 92' lang='lat' dir='ltr'><strong>In</strong></span> <span class='ocrx_word' id='word_1_837' title='bbox 3023 5494 3234 5563; x_wconf 89' lang='lat' dir='ltr'><strong>quibus</strong></span> <span class='ocrx_word' id='word_1_838' title='bbox 3258 5489 3575 5549; x_wconf 90' lang='lat' dir='ltr'><strong>canonibus</strong></span> 
     </span>
    </p>
   </div>
   <div class='ocr_carea' id='block_1_117' title="bbox 1935 5576 3574 5655">
    <p class='ocr_par' dir='ltr' id='par_1_117' title="bbox 1935 5576 3574 5655">
     <span class='ocr_line' id='line_1_117' title="bbox 1935 5576 3574 5655; baseline -0.005 -15"><span class='ocrx_word' id='word_1_839' title='bbox 1935 5584 2106 5641; x_wconf 89' lang='lat' dir='ltr'><strong>etiam</strong></span> <span class='ocrx_word' id='word_1_840' title='bbox 2136 5587 2207 5641; x_wconf 91' lang='lat' dir='ltr'><strong>de</strong></span> <span class='ocrx_word' id='word_1_841' title='bbox 2239 5583 2593 5655; x_wconf 88' lang='lat' dir='ltr'><strong>imaginibus</strong></span> <span class='ocrx_word' id='word_1_842' title='bbox 2615 5584 2674 5639; x_wconf 93' lang='lat' dir='ltr'><strong>in</strong></span> <span class='ocrx_word' id='word_1_843' title='bbox 2699 5582 3086 5653; x_wconf 86' lang='lat' dir='ltr'><strong>octuagesima</strong></span> <span class='ocrx_word' id='word_1_844' title='bbox 3104 5582 3351 5638; x_wconf 90' lang='lat' dir='ltr'><strong>secunda</strong></span> <span class='ocrx_word' id='word_1_845' title='bbox 3379 5576 3574 5645; x_wconf 87' lang='lat' dir='ltr'><strong>regula</strong></span> 
     </span>
    </p>
   </div>
  </div>
