4010 6160
435 239 543 297 383

435 362 827 428 exposuerunt
849 357 928 416 ita
951 377 965 416 :
986 360 1048 416 In
1076 358 1418 431 quibusdam
1453 358 1866 416 venerabillum
1890 353 2090 426 imagi-
2115 354 2175 414 A

437 461 576 503 num
618 448 867 518 picturis
907 462 1093 522 agnus
1148 449 1335 522 digito
1389 449 1764 520 pracursoris
1814 450 2087 504 exaratur

435 542 720 607 ostensus,
746 537 846 609 qui
881 538 940 594 in
974 539 1213 612 ﬁguram
1248 539 1537 609 praecessit
1569 535 1720 612 [612,
1759 541 2091 606 assumptus

435 623 558 701 est]
598 627 816 699 gratia,
853 641 1048 684 verum
1089 629 1256 686 nobis
1290 643 1388 699 per
1425 629 1598 701 legem
1645 632 2087 698 pramonstrans

434 729 666 788 agnum,
699 717 992 773 Christum
1031 718 1301 774 videlicet
1335 719 1513 774 Deum
1551 723 1830 774 nostrum.
1866 718 2093 772 Veteres

434 816 568 876 ergo
596 803 809 876 ﬁguras
847 810 903 862 et
942 806 1194 878 umbras,
1243 811 1438 878 utpote
1477 806 1739 863 veritatis
1780 804 1997 860 indicia
2035 809 2092 861 et

437 892 816 962 praecedentes
849 894 1206 952 characteres
1240 895 1508 952 Ecclesia
1545 895 1790 951 traditos
1829 893 2094 950 salutan-

435 985 540 1049 tes,
579 981 820 1052 gratiam
865 982 1077 1038 honore
1125 982 1469 1053 perferimus
1496 989 1552 1039 et
1599 983 1918 1051 veritatem,
1948 982 2094 1037 hanc

437 1073 501 1125 ut
519 1069 663 1141 legis
685 1069 1100 1140 plenitudinem
1126 1072 1509 1128 admittentes.
1535 1072 1604 1128 Ut
1641 1085 1775 1144 ergo
1806 1069 2094 1142 prafectio

434 1157 607 1212 etiam
640 1171 742 1227 per
761 1157 1018 1215 colorum
1048 1159 1408 1228 Operationes
1443 1160 1502 1215 in
1537 1159 1797 1215 omnium
1835 1158 2094 1214 vultibus

439 1242 599 1320 [ante
623 1246 882 1302 omnium
907 1245 1138 1322 oculos]
1157 1248 1524 1320 depingatur,
1548 1248 1930 1303 characterem
1958 1247 2089 1319 agni

432 1334 647 1390 Christi
685 1335 784 1390 Dei
819 1336 1000 1392 nostri
1031 1337 1131 1406 qui
1165 1336 1320 1392 tollit
1359 1342 1584 1407 peccata
1625 1337 1847 1406 mundi,
1880 1350 2094 1392 secun—

433 1423 570 1478 dum
595 1422 1031 1494 humanitatem,
1059 1425 1231 1481 etiam
1260 1425 1319 1481 in
1356 1425 1541 1482 iconis
1561 1440 1628 1481 ex
1652 1426 1757 1481 hoc
1783 1439 1884 1496 pro
1914 1425 2088 1480 veteri

433 1523 581 1582 agno
611 1509 921 1568 deﬁnimus
947 1513 1217 1585 depingi:
1265 1527 1363 1585 per
1391 1528 1519 1570 eum
1550 1513 1818 1569 videlicet
1845 1513 2094 1569 celsitu-

433 1598 628 1654 dinem
670 1599 1024 1658 humilitatis
1065 1603 1165 1658 Dei
1216 1603 1382 1659 Verbi
1431 1603 1882 1675 considerantes,
1927 1606 1984 1657 et
2019 1603 2089 1658 ad

1659 237 2015 295 ANASTASH
2078 235 2612 295 BIBLIOTHECARII
3692 230 3778 291 38L

2595 357 2940 428 Epiphanius
2980 355 3242 409 diaconus
3290 353 3438 420 legit:

2268 446 2376 517 Qui
2409 447 2767 520 spiritualem
2810 447 3144 516 expugnant
3178 442 3494 512 Jerusalem,
3531 441 3580 498 id
3603 447 3674 497 est
3694 455 3775 496 ca-

2199 537 2472 593 tholicam
2520 535 2849 605 Ecclesiam,
2903 533 2996 589 his
3049 532 3366 604 ﬁgurantur
3405 531 3500 600 qui
3541 534 3778 586 terrenam

2201 639 2592 698 expugnavere
2627 623 2957 680 Jerusalem.
2990 624 3060 678 Et
3103 618 3371 675 festinant
3408 624 3460 674 et
3500 618 3600 688 ipsi
3629 619 3780 687 patrio

2204 714 2289 770 uti
2349 728 2624 785 sermone,
2679 710 3154 784 quemadmodum
3191 708 3464 778 quondam
3490 707 3778 777 Rhapsaces,

2204 802 2304 874 qui
2331 803 2559 858 Hebraa
2602 801 2800 873 lingua
2834 803 3029 856 contra
3059 796 3228 858 Israel
3275 786 3528 852 utebatur
3565 790 3654 864 (IV
3676 796 3779 862 Reg.

2203 891 2400 964 xvm).
2456 892 2557 947 Isti
2597 891 2750 947 enim
2791 888 3045 946 haretici
3091 891 3376 958 paternam
3421 883 3710 940 doctrinam
3743 889 3788 938 et

2202 980 2645 1036 ecclesiasticam
2677 991 2866 1035 vocem
2909 981 3106 1033 contra
3154 975 3346 1028 Patres
3391 977 3676 1040 contraque
3707 983 3790 1024 ca-

2204 1069 2475 1125 tholicam
2512 1068 2822 1124 Ecclesiam
2865 1069 3106 1122 armant.
3138 1063 3242 1119 Sed
3268 1078 3302 1116 a
3334 1060 3610 1129 fructibus,
3632 1058 3792 1129 inquit

2200 1156 2499 1228 Dominus,
2537 1156 2717 1212 carum
2755 1155 3080 1223 cognoscetis
3127 1167 3212 1206 eos
3245 1149 3469 1221 (Matth.
3509 1147 3632 1219 vn).
3654 1146 3796 1202 Com-

2203 1246 2386 1317 parati
2418 1246 2570 1302 enim
2599 1251 2734 1302 sunt
2755 1243 3035 1315 sepulcris
3063 1239 3361 1307 dealbatis,
3389 1251 3510 1308 qua
3538 1234 3668 1292 foris
3696 1237 3798 1306 qui-

2200 1337 2326 1391 dem
2359 1341 2558 1406 parent
2594 1333 2934 1394 hominibus
2956 1331 3244 1402 speciosa:
3290 1324 3732 1398 quemadmodum
3754 1331 3800 1379 et

2203 1423 2302 1478 isti
2333 1423 2792 1479 Christianorum
2824 1419 3270 1478 calumniatores
3309 1414 3510 1486 patriis
3537 1413 3686 1483 quasi
3715 1425 3801 1466 co-

2201 1513 2382 1583 operti
2435 1513 2815 1580 sermonibus,
2847 1511 3006 1566 intus
3044 1513 3231 1564 autem
3261 1505 3413 1577 pleni
3453 1509 3583 1560 sunt
3608 1501 3804 1558 ossibus

2201 1607 2257 1658 et.
2298 1602 2452 1658 omni
2487 1599 3010 1672 spurcitia(Matth.
3051 1598 3253 1668 χχιιι),
3307 1592 3546 1650 mortuis
3577 1590 3806 1647 videlicet

435 1687 766 1744 memoriam
823 1691 1276 1748 conversationis
1325 1705 1494 1762 quam
1533 1691 1614 1746 'in
1669 1703 1840 1747 carne
1890 1691 2088 1763 gessit,
2123 1676 2172 1737 Β
2203 1689 2536 1761 fatidisque
2555 1689 2942 1762 dogmatibus.
2983 1689 3098 1743 Nos
3121 1689 3313 1742 autem
3350 1683 3497 1738 idem
3521 1679 3806 1750 sepulcrum

434 1775 724 1846 passionis
749 1792 978 1850 quoque
1015 1793 1080 1834 ac
1127 1779 1402 1836 salutaris
1437 1780 1642 1836 mortis
1678 1781 1804 1850 ejus
1832 1780 2088 1852 adducti,

431 1869 605 1936 atque
637 1867 1048 1938 redemptionis
1077 1883 1203 1940 qua
1232 1869 1366 1924 hinc
1392 1875 1480 1925 est
1521 1870 1732 1926 mundo
1753 1868 1966 1925 eﬁ‘ecta.
2006 1869 2094 1924 Vi-

430 1954 635 2010 demus
653 1969 788 2027 ergo
817 1958 1012 2013 cuncti
1045 1964 1100 2014 et
1122 1945 1528 2031 intelligimus,
1553 1959 1702 2030 quod
1733 1964 1789 2014 et
1817 1963 1950 2014 ante
1970 1973 2096 2015 san-

433 2046 553 2098 ctas
585 2044 832 2113 synodos
855 2050 911 2100 et
942 2051 1069 2116 post
1098 2051 1324 2102 sanctas
1355 2048 1604 2118 synodos
1641 2047 1955 2120 imaginum
1985 2047 2096 2103 de—

432 2131 780 2202 scriptiones
811 2133 870 2189 in
911 2135 1162 2191 Ecclesia
1190 2135 1415 2191 tradita
1448 2133 1684 2204 fuerint,
1719 2137 2095 2207 quemadmo—

431 2221 568 2277 dum
608 2226 666 2278 et
713 2223 1024 2295 Evangelii.
1076 2225 1296 2280 Etenim
1339 2239 1438 2295 per
1485 2225 1786 2281 lectionem
1842 2225 2093 2281 auribus

435 2315 751 2380 perceptam
792 2311 968 2381 hujus
997 2313 1351 2370 auditionem
1397 2315 1572 2369 menti
1615 2313 2088 2383 transmittimus,

433 2402 490 2454 et
514 2399 704 2455 oculis
737 2400 1026 2458 intuentes
1063 2402 1398 2473 imaginales
1429 2401 1660 2473 formas,
1704 2403 1886 2458 simili
1926 2403 2091 2458 modo

435 2487 890 2558 intelligibiliter
912 2488 1304 2546 illustramur:
1334 2495 1390 2546 et
1426 2505 1526 2561 per
1553 2491 1698 2546 duas
1725 2506 1814 2546 res
1849 2491 2090 2546 invicem

433 2588 494 2630 se
523 2580 843 2645 sequentes,
884 2577 1182 2633 lectionem
1222 2579 1318 2635 aio
1340 2583 1397 2635 et
1427 2581 1704 2650 picturas,
1745 2581 1922 2636 unius
1947 2579 2092 2635 noti-

433 2663 571 2719 tiam
605 2664 943 2734 accipimus,
987 2667 1056 2722 ad
1086 2668 1417 2724 memoriam
1451 2682 1641 2725 rerum
1683 2669 1962 2725 veniendo
1987 2683 2093 2741 ge-

430 2755 668 2806 starum.
705 2751 848 2808 Hinc
873 2757 930 2808 et
948 2753 1194 2811 duorum
1226 2756 1792 2826 generalissimorum
1813 2771 2088 2814 sensuum

433 2839 493 2894 in
514 2839 768 2895 Canticis
797 2841 1152 2898 canticorum
1183 2844 1448 2914 copulata
1476 2845 1594 2900 hac
1612 2847 1869 2914 operatio
1895 2849 2084 2918 potuit

432 2927 700 3000 inveniri,
748 2943 878 2985 cum
927 2931 1178 2988 dicitur:
1233 2931 1462 2988 Ostende
1503 2935 1638 2988 mihi
1675 2937 1872 3003 faciem
1917 2941 2086 3004 tuam,

2203 1779 2534 1850 revelantes,
2589 1779 2646 1834 in
2691 1775 3210 1833 manifestationem
3262 1772 3541 1829 faciamus
3583 1775 3808 1825 cunctam

2202 1882 2398 1924 eorum
2433 1867 2859 1924 immunditiam
2888 1885 2900 1921 :
2937 1865 3074 1936 quia
3095 1863 3412 1920 secundum
3436 1859 3655 1931 prepria
3676 1857 3813 1912 desi-

2204 1957 2362 2014 deria
2395 1961 2726 2027 pervertunt
2755 1969 2880 2026 qua
2922 1955 2980 2010 in
3021 1952 3278 2008 Ecclesia
3328 1949 3602 2006 catholica
3639 1951 3758 2003 sunt
3787 1959 3815 1998 a

2203 2047 2420 2102 sanctis
2451 2045 2717 2102 Patribus
2754 2045 2927 2101 edita.
2978 2045 3047 2098 Et
3075 2041 3319 2098 vocibus
3368 2039 3592 2111 quidem
3633 2036 3817 2092 eisdem

2204 2141 2469 2207 utuntur,
2499 2136 2594 2191 sed
2626 2139 2814 2190 astute
2856 2135 3211 2189 commutant
3250 2143 3456 2185 sensus
3476 2140 3680 2184 eorum.
3707 2125 3820 2194 Qua

2204 2239 2447 2296 namque
2467 2225 2740 2281 adversus
2764 2221 3009 2278 Arianos
3032 2221 3142 2292 ipsi
3181 2218 3396 2290 profati
3427 2223 3581 2287 sunt,
3604 2215 3694 2271 isti
3713 2228 3824 2269 con-

2201 2320 2289 2370 tra
2305 2313 2654 2370 venerabiles
2673 2313 2885 2384 iconas,
2906 2311 3054 2382 stylo
3075 2309 3386 2378 scriptura
3418 2309 3648 2372 mutato,
3677 2303 3825 2359 faten-

2202 2407 2316 2458 tur.
2344 2402 2502 2471 Quod
2535 2401 2687 2456 cnim
2731 2399 3118 2455 memorabilis
3155 2399 3328 2454 Pater
3372 2393 3675 2466 Gregorius
3713 2393 3827 2460 Nys-

2201 2505 2442 2548 saorum
2466 2490 2673 2561 prasul
2692 2489 2956 2544 Ecclesia
2982 2488 3043 2544 in
3073 2485 3362 2558 epitaphii
3396 2497 3666 2551 sermone,
3686 2492 3826 2552 quem

2201 2593 2374 2650 super
2397 2585 2593 2635 sancto
2625 2578 2858 2644 Basilio,
2892 2591 2997 2632 suo
3034 2575 3309 2632 videlicet
3348 2587 3518 2630 carne
3558 2585 3621 2627 ac
3644 2569 3828 2640 spiritu

2201 2667 2395 2736 fratre,
2461 2667 2718 2723 scribens
2769 2667 3045 2721 adversus
3106 2663 3362 2720 Arianos
3431 2657 3822 2733 d0gmatizavit,

2202 2756 2306 2812 lsti
2334 2760 2530 2811 contra
2563 2755 2844 2826 imagines
2867 2756 3346 2823 assumpserunt:
3377 2750 3528 2821 quod
3561 2762 3624 2804 ex
3657 2745 3824 2802 eadem

2201 2843 2534 2915 prafatione
2570 2845 2760 2914 ipsius
2789 2843 3071 2912 periocha
3121 2840 3310 2896 videri
3358 2838 3592 2910 poterit,
3619 2849 3736 2907 qua
3768 2834 3835 2887 ita

2199 2948 2259 2989 se
2286 2933 2488 2988 habet:
2513 2932 2722 3004 Utique
2753 2931 2953 2987 nullus
2991 2930 3218 3002 ignorat
3251 2928 3632 2984 intentionem
3663 2928 3837 2979 osten—

428 3022 578 3072 sonet
599 2997 706 3083 nam
729 3023 826 3073 tua
856 3021 917 3074 in
955 3022 1183 3076 auribus
1223 3024 1393 3077 meis:
1441 3039 1548 3078 vom
1576 2997 1718 3079 enim
1747 3030 1843 3080 tua
1887 2997 2086 3092 dulcis;
2117 2997 2168 3060 θ
2201 3021 2406 3092 sionis,
2439 3034 2564 3091 qua
2591 2997 2838 3090 tempore
2866 3018 3126 3090 magistri
3166 3016 3359 3074 nostri
3391 3014 3591 3072 eﬁecta
3608 3006 3838 3085 est[Gr.,

429 3111 481 3161 et
501 3109 673 3174 facies
700 3112 796 3163 tua
823 3109 1016 3164 decora
1037 3107 1227 3182 (Cant.
1263 3111 1350 3184 ιι).
1389 3112 1616 3183 Quibus
1634 3120 2012 3172 consonantes
2033 3123 2090 3174 et

433 3208 538 3250 nos
568 3196 864 3265 psallendo
893 3197 1178 3256 dicimus:
1214 3200 1365 3255 Sicut
1388 3201 1722 3265 audivimus,
1745 3205 1823 3258 ita
1859 3210 1910 3258 et
1932 3207 2088 3260 vidi—

427 3298 547 3338 mus
573 3282 748 3354 (Psal.
800 3286 978 3359 var).
1013 3287 1114 3344 His
1156 3302 1291 3362 ergo
1351 3289 1430 3346 ita
1474 3304 1534 3346 se
1565 3290 1929 3358 habentibus,
1977 3308 2088 3364 op-

429 3376 672 3440 portune
701 3373 1008 3431 dicendum
1057 3381 1144 3432 est
1189 3377 1258 3433 ad
1316 3392 1412 3435 eos
1465 3379 1564 3449 qui
1614 3385 1812 3437 contra
1862 3387 2088 3439 sanctas

431 3459 712 3532 imagines
751 3463 1113 3534 garrierunt:
1161 3467 1318 3521 Vana
1357 3468 1566 3522 locutus
1613 3473 1692 3522 est
1739 3473 2086 3540 unusquique

427 3547 504 3600 ad
534 3551 845 3616 proximum
881 3568 1079 3619 suum;
1114 3555 1262 3608 labia
1301 3555 1486 3609 dolosa.
1532 3559 1590 3610 in
1620 3558 1797 3618 corde,
1841 3563 1891 3612 et
1929 3560 2086 3614 corde

429 3635 594 3689 locuti
615 3653 773 3694 suum
796 3642 942 3694 mala
974 3639 1156 3711 (Psal.
1191 3655 1249 3696 x1
1271 3642 1305 3714 ).
1331 3641 1377 3696 A
1405 3643 1622 3712 quibus
1646 3657 1920 3700 eruamur
1948 3659 2087 3717 gra—

429 3721 510 3777 tia
541 3723 757 3780 Christi
797 3727 916 3782 veri
947 3727 1048 3782 Dei
1071 3729 1384 3784 Salvatoris
1415 3731 1617 3786 nostri.

929 3832 1159 3888 TOMUS
1199 3833 1568 3891 SECUNDUS.

853 3939 1198 4008 Epiphanius
1219 3940 1480 3996 diaconus
1498 3942 1658 4010 legit:

495 4044 674 4101 Obliti
741 4057 853 4100 non
913 4046 1245 4104 mentientis
1299 4049 1531 4106 Domini
1594 4051 2081 4127 repromissionis,

430 4147 600 4204 quam
623 4133 695 4189 de
723 4133 978 4190 Ecclesia
1020 4149 1124 4191 sua
1164 4138 1494 4210 spopondit,
1541 4139 1677 4210 quia
1707 4145 1880 4209 porta
1917 4145 2088 4210 inferi

426 4237 534 4275 non
555 4223 928 4290 praevalebunt
946 4224 1208 4282 adversus
1224 4245 1341 4282 eam
1363 4225 1584 4298 (Matth.
1616 4243 1710 4284 xv1
1729 4228 1765 4301 ),
1799 4231 1954 4287 nudo
1981 4245 2086 4287 ca-

2200 3111 2306 3167 int.
2339 3124 2446 3166 cur
2475 3109 2577 3164 tali
2605 3113 2858 3179 tempore
2889 3113 3082 3164 noster
3113 3105 3405 3163 claruerit
3429 3099 3684 3176 doctor].
3713 3097 3837 3168 Quia

2197 3201 2348 3256 enim
2407 3198 2700 3255 hominum
2746 3197 2978 3253 vesania
3037 3195 3191 3251 circa
3249 3195 3413 3252 idola
3463 3188 3843 3265 pradicatione

2195 3288 2410 3346 Christi
2450 3287 2733 3343 exstincta
2781 3284 2985 3350 fuerat.
3030 3289 3089 3339 et
3117 3297 3322 3340 omnes
3369 3288 3538 3340 erant
3567 3281 3626 3335 in
3679 3275 3844 3334 ruinis

2192 3381 2308 3450 jam
2349 3382 2404 3433 et
2427 3375 2744 3432 abolitione
2767 3387 3044 3430 vanorum
3075 3371 3348 3442 cultura,
3387 3385 3489 3442 per
3516 3374 3698 3426 totum
3724 3379 3844 3438 pene

2197 3468 2388 3526 orbem
2419 3464 2830 3536 pradicatione
2869 3461 3102 3533 pietatis
3142 3469 3382 3517 exorta:
3433 3461 3488 3516 is
3514 3459 3614 3530 qui
3649 3455 3848 3514 tenebat

2201 3558 2462 3612 humana
2489 3552 2844 3623 deceptionis
2889 3550 3308 3622 principatum,
3353 3551 3620 3620 undique
3647 3543 3850 3602 coerci—

2197 3650 2293 3700 tus
2309 3643 2525 3698 Christi
2559 3640 2788 3700 nomine
2823 3639 2895 3695 ab
2950 3639 3086 3695 orbe
3132 3643 3428 3696 terrarum
3485 3639 3721 3694 abactas
3761 3636 3850 3688 est.

2194 3735 2334 3788 Cum
2387 3735 2576 3787 autem
2638 3730 2694 3784 iu
2756 3728 2979 3784 malitia
3019 3727 3252 3798 sapiens
3310 3727 3561 3784 malitia
3617 3725 3853 3780 inventor

2196 3821 2486 3891 existeret,
2549 3832 2660 3875 non
2711 3823 2798 3873 est
2862 3816 3164 3872 fraudatus
3223 3816 3520 3888 malignis
3563 3823 3859 3886 argumen—

2197 3910 2276 3968 tis
2305 3910 2374 3966 ad
2416 3907 2742 3964 faciendum
2776 3921 2982 3962 rursus
3013 3917 3112 3974 per
3159 3905 3577 3962 seductionem
3609 3901 3722 3958 sibi
3757 3899 3858 3954 hu-

2197 3999 2527 4056 manitatem
2573 3996 2908 4066 subjectam,
2957 3994 3052 4050 sed
3095 3992 3204 4050 sub
3248 3999 3548 4063 pratextu
3579 3988 3858 4048 Christia-

2196 4089 2399 4146 nitatis
2439 4087 2723 4142 idolorum
2764 4083 3051 4139 culturam
3102 4082 3394 4152 paulatim
3440 4081 3684 4138 induxit
3719 4074 3858 4150 {Gn

2195 4174 2506 4251 reduxit],
2567 4174 2915 4246 persuadens
2971 4171 3449 4242 sophismatibus
3507 4171 3640 4228 suis
3693 4169 3759 4225 ad
3815 4177 3868 4219 se

2195 4273 2515 4338 respectum
2563 4262 2928 4333 habentibus,
2965 4265 3031 4318 ut
3073 4275 3185 4317 non
3238 4263 3591 4317 recederent
3634 4272 3666 4313 a
3713 4268 3866 4312 crea—

428 4309 1165 4424 pi‘e’.’"e"‘“‘q‘.‘e..f.a°i-e’
1212 4316 1829 4424 ¹¹³¹Ξθ¹¹ίθῗ⁰⁰¹¹ίν³⁹ί³⁸
1863 4320 2164 4418 θρίηίθύ
2198 4309 2515 4424 iii-$123
2561 4309 3186 4411 ἧξῆἷέἆᾶἕέινέἶιξέἑ
3235 4309 3872 4422 ἑεᾷῐὲιῗὲιὶῐ,”ἰ)ἑυὲιηιιε

427 4413 546 4471 nes,
582 4400 920 4474 impugnant
965 4404 1161 4474 illam;
1201 4411 1256 4462 et
1300 4405 1556 4462 furantes
1595 4413 1860 4478 paternas
1899 4423 2078 4482 voces,

425 4489 588 4560 quasi
625 4505 760 4548 suas
791 4500 1110 4566 Opponunt,
1145 4495 1404 4550 dicentes
1431 4495 1542 4552 ita:

843 4601 1134 4669 Gregorius
1171 4603 1452 4671 episcopus
1502 4603 1632 4671 legit
1654 4622 1672 4658 :

497 4720 524 4750 α
567 4703 777 4759 Iterum
813 4709 1003 4761 autem
1037 4705 1212 4775 hujus
1239 4705 1497 4762 decorem
1524 4707 1718 4764 videre
1747 4721 1860 4764 non
1895 4707 2082 4766 ferens

427 4805 451 4836 υ
494 4790 805 4858 pradictus
853 4793 1088 4849 malitia
1127 4793 1458 4868 fabricator,
1491 4809 1602 4852 non
1653 4801 1739 4854 est
1781 4795 2082 4854 fraudatus

427 4893 451 4922 η
497 4893 595 4952 per
621 4881 849 4938 diversa
882 4888 1134 4953 tempora
1161 4890 1218 4940 et
1240 4885 1443 4942 modus
1467 4887 1718 4959 maligno
1751 4887 1983 4960 ingenio
2007 4886 2084 4942 fa-

426 4993 450 5022 »
493 4973 684 5030 ciendi
740 4973 855 5030 sibi
902 4973 1198 5030 subditum
1245 4988 1427 5046 genus
1480 4977 1832 5033 humanum:
1878 4977 1974 5032 sed
2021 4977 2080 5030 in

425 5083 450 5113 »
499 5070 782 5126 schemate
809 5063 1239 5119 Christianismi
1287 5063 1676 5120 idololatriam
1730 5065 1944 5120 sensim
1983 5065 2082 5120 in—

429 5181 452 5210 »
502 5157 670 5214 duxit
715 5152 868 5228 [Gr.,
913 5151 1198 5221 reduxit],
1238 5153 1588 5222 persuadens
1627 5153 2080 5222 SOphismatibus

426 5267 450 5296 n
494 5247 620 5304 suis
653 5244 722 5299 ad
767 5255 828 5297 se
866 5240 1259 5310 spectantibus
1299 5239 1536 5322 minime
1565 5255 1595 5296 a
1627 5244 1888 5296 creatura
1919 5254 2081 5296 rece-

426 5357 449 5387 »
492 5335 647 5404 dere,
697 5331 794 5387 sed
852 5329 997 5384 hanc
1047 5329 1306 5398 adorare,
1358 5329 1618 5400 hancque
1670 5330 1978 5402 percolere,
2025 5339 2079 5388 et

425 5446 450 5476 ››
494 5426 669 5480 Deum
715 5419 992 5476 facturam
1024 5415 1297 5472 arbitrari
1333 5416 1550 5472 Christi
1583 5416 1858 5476 vocabulo
1885 5421 2074 5476 nomi-

425 5535 450 5565 »
496 5511 759 5570 nandam.
785 5527 810 5559 io

2194 4445 2474 4502 facturam
2541 4442 2987 4509 arbitrarentur,
3056 4438 3191 4494 Filii
3257 4441 3513 4496 nomine
3571 4447 3872 4504 nuncupa-

2192 4544 2327 4593 tam.
2378 4534 2450 4588 At
2491 4546 2622 4588 vero
2673 4531 2723 4586 si
2780 4545 2848 4586 ex
2899 4543 3008 4585 non
3057 4529 3442 4586 exstantibus
3491 4529 3584 4586 vel
3636 4543 3670 4584 a
3715 4536 3875 4582 crea—

2192 4631 2344 4695 tura,
2371 4622 2457 4678 vel
2487 4636 2520 4677 a
2570 4620 2766 4676 divina
2816 4618 3142 4674 substantia
3191 4617 3252 4673 in
3299 4633 3418 4674 sua
3472 4625 3567 4674 est
3596 4618 3873 4674 alienatus

2191 4717 2416 4781 natura,
2464 4709 2660 4766 nullus
2701 4713 2789 4764 est
2828 4707 2963 4763 huic
3017 4721 3203 4762 sermo
3252 4707 3631 4777 reddendus,
3675 4705 3774 4762 sui
3819 4700 3876 4758 hi

2191 4802 2292 4874 qui
2348 4813 2553 4857 nomen
2605 4797 2824 4852 Christi
2891 4801 3170 4852 creatura
3223 4795 3682 4866 imposuerunt,
3741 4794 3876 4849 hanc

2189 4893 2445 4960 adorent,
2493 4887 2630 4944 huic
2670 4886 3012 4956 deserviant,
3059 4885 3117 4940 in
3167 4899 3232 4941 ea
3271 4899 3447 4955 spem
3502 4886 3726 4944 salutis
3776 4882 3880 4938 ha—

2190 4979 2378 5048 beant,
2429 4981 2486 5032 et
2536 4975 2606 5032 ab
2636 4976 2760 5046 ipsa
2803 4974 3204 5044 prastolentur
3253 4975 3574 5044 judicium
3623 4973 3748 5050 [εχ.
3803 4975 3882 5025 est

2189 5073 2471 5134 creatura,
2521 5070 2578 5120 et
2623 5063 2938 5119 secundum
2993 5062 3281 5132 propriam
3343 5069 3638 5120 naturam
3691 5062 3874 5119 aliena

2189 5163 2274 5212 est
2304 5171 2335 5210 a
2359 5154 2556 5210 divina
2589 5151 2932 5222 substantia,
2976 5149 3126 5205 nihil
3158 5151 3229 5207 de
3269 5150 3386 5206 hoc
3436 5147 3879 5220 curarent;sed

2192 5256 2392 5300 nomen
2444 5241 2659 5296 Christi
2711 5243 2989 5294 creatura
3022 5239 3409 5310 imponentes,
3452 5241 3614 5296 hanc
3674 5239 3884 5295 adora-

2191 5337 2336 5400 rent,
2380 5331 2518 5386 huic
2543 5328 2916 5398 deservirent,
2971 5327 3030 5382 in
3073 5341 3136 5382 ea
3185 5342 3269 5398 sp.
3325 5329 3444 5384 sal.
3490 5329 3802 5396 haberent,
3833 5330 3886 5379 et

2188 5422 2260 5478 ab
2309 5421 2432 5489 ipsa
2479 5417 2942 5488 prastolarentur
2973 5415 3099 5484 jud.
3133 5412 3192 5490 ]:
3238 5428 3476 5472 necnon
3512 5423 3574 5473 et
3625 5419 3885 5488 apestata

2190 5510 2291 5581 qui
2345 5507 2554 5564 cecidit
2592 5510 2768 5563 totam
2801 5505 3118 5576 nequitiam
3151 5517 3313 5561 suam
3367 5503 3743 5564 hominibus
3787 5503 3886 5574 qui
