4010 6160
228 314 315 371 383

944 315 1009 368 ΙΝ
1021 314 1052 366 Γ
1054 314 1143 367 ER
1151 314 1231 367 PR
1240 314 1483 370 ΕΤΑΤΙΟ
1521 314 1768 371 SYNODI

1896 318 1899 371 ζ
1936 318 2416 377 GENERALIS.—
2452 325 2654 382 ACTlO
2694 329 2776 381 Vl.

3464 330 3571 389 386

227 439 409 509 indigni
438 443 578 506 sunt,
606 438 904 510 largiatur,
935 438 1075 494 Ario
1101 439 1324 495 scilicet
1352 445 1407 496 et
1435 440 1599 496 Aetio
1623 448 1678 497 et
1708 442 1814 512 Eu-
1845 440 1898 500 A
1925 443 2075 498 cavit
2098 444 2314 517 dicens,
2352 446 2489 503 Ario
2518 449 2803 522 videlicet,
2841 452 3141 522 Eunomio,
3203 454 3482 528 Eudoxio,
3515 464 3581 514 et

225 529 379 584 nomio
404 535 453 583 ct
496 528 767 596 Eudoxio,
803 528 942 598 quin
974 528 1166 597 potius
1196 535 1250 584 et
1292 530 1491 586 multis
1520 530 1677 601 aliis,
1713 544 1811 600 per

222 631 336 687 quos
371 616 674 671 idololatria
722 631 846 686 qua:
893 618 1008 685 jam
1057 616 1358 679 defecerat,
1404 620 1611 689 denuo,
1660 619 1810 675 sicut

218 706 392 760 dictum
437 712 535 776 est,
567 705 794 761 nomine
834 706 1295 762 Christianitatis
1327 708 1561 764 inducta
1592 715 1677 763 est
1734 704 1809 777 [et

217 794 405 849 omnino
429 800 620 849 nactus
638 799 896 864 apostata
924 795 1183 851 homines
1222 796 1403 851 totius
1442 798 1568 866 ejus
1595 796 1811 867 nequi—

217 884 287 938 tia:
309 895 535 951 capaces.
575 883 776 937 Arium
822 883 1077 954 inquam,
1121 885 1370 950 Aetium,
1406 888 1549 941 Eun.
1580 886 1723 941 Eud.
1753 890 1808 941 et

212 978 430 1040 prmterea
473 971 680 1027 multos
707 972 875 1043 alios,
909 987 1007 1043 per
1050 974 1207 1043 ipsos
1238 973 1644 1045 idololatrian],
1672 982 1802 1041 etc.,

211 1055 444 1132 reduxit].
490 1061 554 1114 Et
608 1060 865 1117 obtinuit
912 1061 1172 1117 homines
1216 1062 1473 1134 languor,
1526 1062 1625 1133 qui
1677 1076 1808 1117 ser—

207 1149 392 1204 vierunt
436 1154 708 1205 creaturae
748 1151 941 1220 potius
992 1165 1162 1222 quam
1205 1152 1495 1220 Creatori;
1542 1152 1620 1208 ita
1665 1157 1808 1209 utet

204 1238 384 1293 auxilio
400 1238 558 1294 illius
582 1241 858 1311 temporis
880 1241 1284 1311 imperatorum
1310 1242 1568 1312 deceptio
1586 1242 1806 1298 confor-

203 1334 394 1397 taretur,
423 1333 477 1382 et
504 1342 703 1384 omnes
725 1329 1064 1385 excellentes
1095 1329 1456 1400 principatus
1483 1345 1583 1401 pro
1608 1332 1800 1387 eodem

202 1415 426 1485 languore
465 1422 768 1473 certarent.
805 1414 955 1491 [ὤση
1010 1419 1148 1475 Cum
1181 1433 1316 1491 ergo
1356 1434 1553 1475 omnes
1592 1434 1805 1490 prope-

201 1505 384 1561 modum
410 1505 670 1562 homines
698 1508 766 1562 ad
795 1514 1008 1577 partem
1032 1522 1158 1577 quae
1185 1508 1541 1579 praevalebat,
1568 1509 1802 1565 transis-

197 1600 309 1663 sent,
337 1600 480 1667 tunc,
508 1600 620 1652 etc.
645 1594 665 1669 ,Ξ
696 1598 853 1652 Tunc
882 1611 949 1653 ex
973 1598 1088 1653 Deo
1116 1598 1539 1654 demonstratur
1561 1612 1802 1670 magnus

194 1682 417 1754 Basilius,
463 1686 946 1755 quemadmodum
976 1686 1133 1742 Elias
1158 1687 1266 1743 sub
1307 1687 1501 1743 Achab
1525 1686 1641 1757 (ΙΙΙ
1665 1691 1793 1755 Reg.

194 1769 257 1841 Π,
283 1774 517 1846 etseq.);
557 1775 664 1844 qui
691 1776 1012 1831 sacerdotio
1046 1777 1164 1845 jam
1192 1778 1610 1847 quodammodo
1634 1779 1801 1834 deci-

188 1860 309 1917 denti
328 1863 611 1919 auxilium
646 1864 920 1934 praebens,
962 1864 1138 1920 veluti
1184 1866 1482 1935 quamdam
1519 1867 1801 1923 deﬁcien—

188 1959 271 2006 tem
306 1953 585 2009 lucernam
636 1954 870 2010 verbum
905 1954 1032 2009 fidei
1067 1969 1166 2026 per
1208 1955 1447 2026 gratiam
1473 1970 1595 2027 quae
1624 1956 1800 2012 inha-

185 2038 359 2096 bitabat
398 2042 453 2096 in
504 2057 600 2113 eo,
636 2058 840 2099 rursus
888 2044 1344 2113 resplendescere
1397 2043 1550 2101 fecit.
1598 2048 1799 2101 Inten—

180 2128 346 2184 damus
386 2132 530 2200 quod
601 2144 798 2185 verum
846 2138 953 2200 est,
998 2132 1135 2202 quia
1195 2138 1349 2188 totus
1395 2134 1568 2203 hujus
1608 2135 1794 2189 Patris

180 2231 343 2273 sensus
381 2220 658 2276 adversus
705 2220 829 2275 Arii
878 2219 1031 2277 furia
1080 2221 1401 2279 laborantes
1446 2223 1789 2281 intenditur.

177 2306 297 2362 Dicit
337 2309 482 2363 enim
537 2314 806 2364 sanctum
835 2309 1113 2366 Basilium
1146 2311 1269 2366 illis
1306 2312 1658 2381 temporibus
1685 2313 1796 2368 de—

177 2403 527 2467 monstratum,
576 2398 795 2468 quibus
844 2398 1041 2468 Arius,
1088 2401 1425 2470 Eunomius,
1470 2402 1785 2465 Eudoxius.

176 2486 518 2559 Macedonius,
542 2492 607 2543 et
631 2488 731 2558 qui
763 2488 917 2543 circa
950 2488 1106 2559 illos,
1131 2488 1449 2545 dissimiles
1484 2486 1785 2566 [Anommi]

173 2575 354 2631 scilicet
381 2583 433 2632 et
469 2577 845 2646 Semiariani,
870 2581 1187 2633 creaturam
1224 2579 1435 2635 Filium
1467 2586 1521 2635 et
1550 2580 1790 2636 Verbum

172 2664 320 2721 Patris
345 2671 397 2720 et
419 2668 604 2722 Deum
649 2671 906 2723 nostrum
953 2665 1306 2737 fatebantur,
1360 2674 1626 2740 tanquam
1676 2671 1788 2725 Deo

172 2753 379 2825 quidem,
424 2756 519 2810 sed
580 2760 775 2810 creato
827 2755 1139 2811 servientes
1196 2752 1320 2829 [Gr,
1365 2761 1631 2827 tanquam
1676 2760 1789 2814 Deo

171 2839 235 2895 illi
261 2842 349 2911 qui
378 2850 616 2899 creatus
644 2849 784 2910 erat,
817 2857 925 2899 ser.
953 2840 994 2917 ].
1030 2844 1187 2898 Unde
1229 2844 1512 2900 idolorum
1536 2846 1788 2902 cultores

162 2929 282 2996 juste
307 2940 411 2986 tam
442 2932 514 2987 ab
543 2932 680 3002 ipso
724 2945 893 3003 quam
920 2947 953 2987 a
990 2932 1275 2989 catholica
1314 2934 1564 2989 Ecclesia
1594 2935 1789 2990 uomi—

166 3025 353 3090 nantur,
382 3035 448 3077 eo
495 3022 659 3092 quod
695 3035 822 3076 eum
851 3035 1017 3091 quem
1061 3022 1279 3092 colunt,
1311 3036 1378 3077 ex
1413 3037 1522 3079 non
1549 3029 1788 3081 exstan-

1921 532 2103 589 Aetio.
2162 537 2273 606 Ipsi
2324 546 2511 593 autem
2563 545 2731 608 prout
2782 540 3036 597 dicerent
3096 541 3252 611 Filii,
3314 544 3574 601 dicentes

1920 621 2158 693 Christi,
2213 632 2428 682 mutato
2478 641 2647 683 sensu
2700 628 2756 684 in
2799 629 3210 685 venerabilium
3257 629 3572 703 imaginum

1924 707 2317 767 formationem
2369 714 2781 786 blasphemiam
2839 718 3025 773 conati
3077 724 3214 773 sunt
3263 733 3567 789 usurpare.

1920 799 2105 871 Igitur
2134 808 2187 856 et
2216 802 2273 856 in
2302 802 2407 857 hoc
2429 802 2723 874 falsiloqui
2758 806 2992 875 quidam
3020 811 3075 861 et
3107 807 3404 862 mendaces
3446 821 3571 862 ma-

1920 888 2283 961 nifestantur,
2314 891 2413 961 qui
2448 897 2501 946 et
2526 890 2781 948 inferunt
2807 908 2933 964 qua:
2966 894 3126 950 licita
3161 894 3400 950 minime
3420 907 3572 951 com-

1919 977 2258 1048 probantur.

2319 1088 2613 1155 Gregorius
2644 1091 2925 1159 episcopus
2956 1091 3084 1158 legit
3107 1109 3124 1144 :

1989 1214 2014 1244 α
2040 1194 2338 1264 Pr0pterea
2352 1198 2590 1264 quemad
2603 1196 2828 1252 modum
2846 1198 2984 1253 olim
3000 1198 3163 1254 Jesus
3185 1198 3394 1254 salutis
3410 1200 3564 1271 quod

1917 1298 1943 1331 »
1979 1287 2186 1338 nostrae
2215 1292 2415 1339 auctor
2437 1289 2492 1339 et
2539 1292 2964 1342 eonsummator
2993 1286 3458 1356 sapientissimos
3485 1288 3570 1345 di-

1916 1386 1943 1418 »
1978 1371 2234 1441 scipulos
2260 1387 2396 1429 suos
2425 1374 2606 1431 sancti
2634 1373 2887 1444 Spiritus
2912 1375 3158 1431 induens
3187 1376 3421 1448 virtute,
3466 1390 3569 1448 pro

1914 1479 1942 1511 ››
1977 1460 2383 1517 immintttione
2424 1462 2647 1533 talium,
2689 1463 2747 1517 in
2784 1477 3005 1519 omnem
3048 1469 3257 1520 terram
3292 1465 3508 1521 direxit
3548 1484 3561 1520 :

1914 1566 1940 1599 ››
1977 1549 2056 1605 ita
2086 1562 2238 1605 nunc
2265 1549 2509 1607 famulos
2535 1566 2671 1607 suos
2695 1558 2752 1607 et
2775 1552 3165 1622 apostolorum
3206 1554 3562 1626 consimiles,

1913 1655 1939 1687 ››
1975 1638 2171 1694 ﬁdeles
2204 1639 2469 1695 videlicet
2516 1640 2887 1710 imperatores
2913 1648 3137 1698 nostros
3161 1643 3366 1714 erexit,
3399 1643 3565 1712 ejus-

1825 1759 1877 1820 B
1913 1745 1938 1776 n
1971 1727 2097 1820 dem
2115 1728 2370 1820 Spiritus
2389 1730 2671 1820 sapientia
2696 1730 2984 1801 praeditos,
3035 1734 3091 1786 et
3109 1732 3317 1803 dignos
3348 1732 3567 1788 virtute

1912 1835 1938 1865 ››
1974 1815 2172 1885 factos,
2209 1819 2275 1872 ad
2312 1817 2713 1887 perfectionem
2755 1820 2978 1875 scilicet
3016 1824 3068 1875 et
3108 1820 3428 1876 doctrinam
3471 1834 3567 1877 no-

1911 1923 1938 1955 »
1972 1910 2165 1975 stram,
2196 1910 2367 1976 atque
2393 1907 2843 1963 destructionem
2874 1908 3323 1965 daemonicarum
3364 1910 3566 1967 muni-

1910 2010 1936 2043 ››
1967 1993 2186 2049 tionum
2213 1994 2611 2051 extollentium
2650 2010 2710 2051 se
2739 2002 2935 2052 contra
2967 1997 3266 2053 scientiam
3298 1998 3421 2067 Dei,
3463 2003 3561 2054 at—

1908 2098 1935 2131 »
1970 2095 2079 2151 que
2101 2082 2560 2151 redargutionem
2586 2083 2887 2139 diabolica:
2906 2085 3425 2156 argumentationis
3450 2100 3557 2156 pa—

1907 2188 1933 2220 »
1969 2171 2110 2227 riter
2134 2178 2189 2226 et
2214 2171 2449 2227 erroris.
2487 2190 2513 2221 ››

2317 2296 2624 2365 Eiphanius
2662 2296 2924 2351 diaconus
2965 2297 3129 2364 legit:

1971 2402 2080 2471 Qui
2128 2402 2356 2457 locutus
2393 2409 2479 2457 est
2523 2401 2889 2473 iniquitatem
2931 2403 3099 2459 talem
3136 2403 3196 2459 in
3244 2404 3543 2462 Excelsum

1900 2490 2213 2561 aliquando
2261 2490 2290 2543 ?
2352 2505 2477 2561 quae
2531 2491 2628 2546 ﬂat
2682 2491 2785 2546 hac
2842 2491 3134 2561 impietate
3193 2493 3487 2550 crudelior
3527 2496 3556 2549 Τ

1899 2579 1946 2634 Ο
1992 2579 2391 2634 irreverentem
2417 2585 2472 2635 et
2508 2579 2816 2652 malignam
2865 2579 3313 2650 blasphemiam!
3346 2596 3380 2637 o
3409 2582 3551 2638 abs-

1898 2667 2187 2723 conditam
2244 2666 2500 2723 fraudem
2558 2674 2613 2723 et
2654 2668 2868 2723 variam
2938 2667 3244 2724 falsitatem
3296 2669 3308 2723 !
3368 2675 3433 2725 ut
3482 2685 3550 2727 ex

1900 2754 2091 2825 ipsius
2140 2756 2357 2812 diaboli
2408 2756 2900 2829 argumentatione
2945 2757 3212 2813 instructi
3261 2757 3543 2830 eﬂ'antur;

1901 2844 2035 2915 quia
2065 2845 2344 2900 visionem
2375 2851 2431 2901 et
2455 2846 2697 2917 vultum,
2732 2860 2859 2916 qua:
2889 2845 3042 2901 clare
3068 2859 3172 2902 nos
3200 2851 3257 2902 et
3283 2860 3549 2916 expresse

1898 2932 1965 2987 ad
2000 2933 2241 3004 gloriam
2273 2933 2370 2988 Dei
2415 2947 2586 2989 manu
2635 2934 3051 3005 quodammodo
3089 2935 3330 3007 ducunt,
3361 2940 3419 2991 et
3447 2950 3548 3006 per

1896 3035 2023 3091 qua:
2050 3022 2402 3077 humilitatis
2428 3022 2830 3078 celsitudinem
2866 3022 2965 3078 Dei
2994 3023 3161 3079 Verbi
3206 3024 3547 3081 considera-

164 3106 288 3163 tibus
310 3115 369 3165 ut
403 3118 559 3167 esset
600 3110 887 3166 fateantur
928 3110 1210 3182 effectum,
1244 3111 1417 3167 sicuti
1459 3113 1648 3168 omnis
1681 3127 1786 3169 eo—
1815 3118 1864 3181 c
1897 3125 2044 3181 mus,
2066 3117 2124 3166 et
2152 3111 2219 3166 ad
2242 3110 2694 3166 conversationis
2721 3111 2848 3180 ejus
2871 3124 3042 3180 quam
3066 3112 3123 3167 in
3149 3125 3319 3168 carne
3341 3113 3540 3185 gessit,

165 3210 259 3253 rum
306 3214 422 3270 quae
475 3200 721 3257 condita
769 3204 932 3269 sunt,
986 3205 1267 3257 creatura.
1316 3202 1511 3271 Itaque
1558 3207 1783 3257 sanctas

164 3283 398 3358 imagines
420 3288 753 3345 Christiani
780 3302 961 3358 neque
1003 3289 1141 3343 deos
1173 3288 1564 3361 nominarunt,
1601 3304 1782 3361 neque

162 3380 207 3427 ut
228 3375 330 3431 diis
366 3378 788 3445 deservierunt,
821 3389 1001 3447 neque
1032 3389 1185 3446 spem
1219 3377 1428 3432 salutis
1464 3391 1582 3432 sua:
1611 3377 1668 3432 in
1696 3378 1782 3434 eis

158 3461 422 3532 aliquando
456 3467 817 3531 habuerunt,
851 3478 1032 3535 neque
1059 3464 1129 3520 ab
1163 3465 1285 3520 illis
1312 3472 1638 3536 exspectant
1679 3466 1781 3523 fu—

159 3553 312 3607 turum
337 3555 656 3624 judicium,
693 3554 805 3609 nisi
832 3554 901 3609 ad
928 3554 1373 3609 recordationem
1404 3560 1459 3610 et
1480 3555 1775 3611 monimen

156 3650 226 3693 eas
258 3640 541 3710 habentes,
590 3647 646 3697 et
689 3654 880 3697 amore
926 3642 1078 3696 circa
1142 3642 1375 3697 illarutn
1428 3642 1773 3713 principalia

157 3726 434 3799 flagrantes,
468 3732 581 3788 has
611 3736 667 3786 et
694 3731 941 3801 amplexi
974 3736 1131 3799 sunt,
1159 3736 1214 3786 et
1261 3732 1606 3788 honoranter
1629 3733 1777 3788 ado—

153 3826 402 3875 raverunt:
438 3834 558 3878 non
586 3825 774 3874 tamen
794 3819 1008 3875 divinae
1032 3819 1124 3874 his
1144 3820 1444 3875 servitutis
1470 3820 1553 3874 vel
1578 3821 1773 3876 cultus

152 3903 356 3962 cilicium
390 3909 803 3979 impenderunt
826 3906 1053 3979 (abesto
1091 3907 1434 3979 calumnia),
1468 3909 1563 3963 sed
1590 3923 1771 3979 neque

148 3991 255 4050 aliis
278 3997 639 4067 quibuslibet
665 3997 852 4053 rebus.
887 3997 1086 4052 Ariani
1116 4003 1304 4052 autem
1334 4002 1609 4053 creaturae
1642 4012 1773 4053 con-

151 4091 474 4143 numerantes
505 4086 611 4141 Dei
645 4085 858 4140 Filium
906 4091 962 4140 et
994 4084 1259 4156 Verbum,
1292 4084 1363 4140 ab
1391 4099 1457 4141 eo
1487 4099 1641 4155 spem
1669 4100 1772 4141 sa-

151 4165 260 4227 lutis
289 4188 402 4230 sua:
429 4174 827 4246 praedicabant
866 4174 1091 4243 habere,
1125 4179 1181 4229 et
1229 4188 1328 4243 per
1345 4188 1474 4229 eum
1504 4172 1765 4229 futurum

144 4255 389 4322 judicium
412 4263 587 4320 efﬁci.
621 4264 804 4332 Hujus
834 4263 914 4318 rei
948 4262 1132 4334 gratia
1172 4262 1438 4334 egregius
1467 4263 1631 4318 Pater
1667 4276 1769 4317 ar-

147 4360 290 4415 guens
338 4351 473 4410 illos
507 4353 632 4409 ait:
683 4354 855 4423 lianc,
887 4352 943 4407 id
992 4356 1078 4406 est
1119 4357 1461 4422 creaturam,
1505 4352 1763 4423 adorare,

1895 3199 1951 3254 id
1981 3205 2084 3267 est,
2120 3199 2409 3269 passionis
2428 3205 2485 3255 et
2509 3198 2784 3254 salutaris
2814 3199 3017 3255 mortis
3045 3200 3173 3269 ejus
3204 3202 3533 3257 memoriam

1892 3287 2199 3355 trahimur,
2231 3288 2576 3342 daemonicas
2608 3286 2961 3341 munitiones
2988 3287 3326 3345 extollentes
3351 3303 3411 3344 se
3434 3290 3531 3344 ad-

1890 3389 2089 3431 versus
2135 3375 2433 3431 scientiam
2472 3374 2594 3443 Dei,
2628 3379 2684 3429 et
2711 3374 3055 3430 diabolicam
3085 3377 3534 3447 argumentatio-

1891 3478 2017 3520 nem
2048 3470 2104 3520 et
2127 3479 2374 3521 errorem
2418 3463 2545 3520 ausi
2589 3467 2725 3519 sunt
2772 3476 3118 3533 nuncupare.
3170 3466 3535 3519 Intenderunt

1887 3567 2015 3609 vere
2044 3570 2231 3607 arcum
2262 3567 2429 3608 suum
2474 3568 2585 3605 rem
2623 3567 2889 3613 amaram,
2935 3554 2997 3604 ut
3033 3553 3293 3619 sagittent
3338 3554 3395 3606 in
3439 3569 3538 3607 oc-

1886 3645 2045 3698 cultis
2096 3642 2501 3696 immaculatum
2552 3640 2698 3709 (Psal
2752 3639 2936 3711 Lxut.)
2977 3639 3033 3694 Si
3095 3640 3248 3694 enim
3301 3641 3530 3697 conﬁte-

1887 3738 2103 3802 rentur,
2121 3746 2221 3801 pro
2244 3729 2648 3786 imminutione
2670 3728 2955 3784 idolorum
2982 3728 3214 3783 indutos
3237 3729 3451 3784 virtute
3465 3744 3534 3785 ex

1881 3821 1998 3877 alto
2021 3827 2246 3877 sanctos
2269 3818 2610 3888 discipulos,
2633 3816 2968 3873 adveniente
2997 3830 3171 3886 super
3192 3830 3288 3872 eos
3307 3817 3532 3887 Spiritu

1882 3916 2095 3978 sancto,
2148 3908 2328 3963 fuisse
2377 3907 2604 3978 missos,
2661 3919 2772 3961 non
2829 3904 3033 3975 utique
3079 3904 3337 3961 dicerent
3384 3905 3531 3962 alios

1879 4004 2115 4067 erectos,
2150 4002 2449 4067 postquam
2496 3994 2747 4050 obtinuit
2788 3993 3021 4048 illorum
3058 3993 3296 4049 traditio
3324 3998 3381 4049 et
3418 3994 3531 4050 do—

1878 4086 2065 4141 ctrina
2090 4099 2269 4141 annos
2297 4084 2531 4139 circiter
2579 4081 2961 4153 octingientos
3002 4088 3057 4137 et
3101 4083 3292 4138 Patres
3335 4083 3525 4138 sancti

1881 4175 2025 4230 hanc
2064 4180 2130 4229 ut
2157 4186 2420 4228 ancoram
2452 4184 2707 4227 securam
2744 4169 3224 4225 conﬁrmaverunt
3247 4176 3303 4226 et
3333 4170 3524 4226 stabi—

1881 4262 2113 4319 lierunt.
2159 4260 2339 4317 Semel
2366 4259 2519 4316 enim
2563 4257 2967 4315 universaliter
3002 4258 3180 4328 erepti
3210 4272 3310 4328 per
3351 4258 3527 4313 Chri-

1879 4357 2031 4408 stum
2076 4351 2146 4407 ab
2176 4350 2371 4417 idolis,
2402 4362 2510 4405 non
2542 4361 2773 4419 egemus
2815 4354 2989 4417 super
3032 4346 3210 4402 idolis
3238 4347 3516 4418 conqueri

146 4432 256 4491 huic
283 4442 620 4497 servitutem
659 4440 945 4507 exhibere,
975 4440 1035 4494 in
1080 4453 1144 4495 ea
1183 4439 1391 4496 salutis
1415 4454 1570 4511 spem
1604 4439 1768 4496 habe-
1793 4436 1849 4499 D
1882 4436 2023 4514 ["m,
2056 4435 2383 4512 reprendi]:
2428 4437 2541 4492 nisi
2575 4435 2719 4492 forte
2766 4440 3113 4505 praesumant
3139 4434 3352 4506 dicere,
3387 4448 3521 4490 mu-

146 4535 205 4593 re,
239 4526 304 4582 ab
344 4530 469 4600 ipsa
517 4534 846 4598 exspectare
896 4528 1206 4599 judicium.
1257 4530 1402 4600 Ergo
1450 4528 1766 4599 probantur

143 4616 367 4674 veritatis
394 4620 819 4675 adulteratores
838 4618 1014 4688 hujus
1038 4632 1237 4675 vocum
1262 4618 1534 4674 novitatis
1565 4634 1770 4689 propu-

144 4712 389 4780 gnatores,
422 4716 481 4764 et
524 4709 837 4765 secundum
901 4708 1234 4778 prophetam
1269 4704 1408 4778 (Isa.
1440 4708 1498 4779 ι)
1547 4721 1770 4778 caupo—

144 4806 252 4863 nes;
275 4798 580 4855 miscentes
604 4800 800 4853 vinum
827 4811 1027 4868 aquae:
1071 4802 1127 4853 et
1159 4811 1269 4853 non
1308 4798 1482 4853 solem
1516 4797 1641 4867 hoc,
1667 4797 1764 4854 sed

143 4887 185 4934 et
208 4881 411 4942 falsarii
445 4894 814 4957 paternarum
844 4885 1225 4942 traditionum
1262 4885 1444 4941 effecti
1478 4890 1631 4941 sunt.
1666 4887 1766 4942 Eo-

140 4967 238 5025 dem
262 4975 474 5046 quippe
521 4974 740 5030 deifero
788 4976 952 5029 Patre
979 4974 1223 5043 dicente,
1251 4974 1351 5029 Dei
1404 4970 1558 5047 [Gr.,
1586 4970 1762 5049 Filii]

142 5061 396 5117 vocatione
447 5076 485 5118 n
529 5064 818 5133 minatam,
868 5063 979 5134 ipsi
1006 5062 1256 5118 volentes
1306 5062 1365 5117 in
1400 5063 1760 5135 imaginalem

142 5142 506 5207 formationem
534 5166 761 5207 sensum
783 5151 1113 5221 transferre,
1148 5165 1251 5221 pro
1278 5151 1412 5206 Filii
1446 5151 1759 5222 vocatione,

141 5232 316 5293 Christi
346 5240 649 5297 vocatione
677 5239 821 5296 falso
851 5239 1058 5314 prqfati
1093 5245 1247 5296 sunt.
1280 5239 1645 5296 Manifestum
1677 5246 1763 5297 est

141 5326 260 5382 enim
288 5330 442 5399 quod
475 5330 693 5399 dicens,
746 5330 881 5385 Filii
915 5330 1212 5386 vocatione
1244 5329 1617 5400 nominatam,
1650 5330 1763 5386 ad—

142 5423 302 5472 versus
330 5418 579 5474 Arianos
628 5419 1105 5488 pronuntiaverit,
1133 5418 1191 5473 in
1216 5432 1520 5488 supernam
1554 5425 1611 5475 et
1662 5419 1762 5474 in—

139 5509 347 5560 cneatam
368 5506 629 5562 divinam
657 5508 1078 5579 generationem
1114 5506 1246 5561 Filii
1278 5506 1756 5576 blasphemantes.

142 5586 342 5661 Propter
364 5596 523 5667 quod
559 5602 614 5653 et
644 5596 926 5667 primores
953 5595 1209 5666 ejusdem
1256 5594 1533 5653 haereseos
1558 5596 1763 5667 publi-

1880 4529 2150 4585 tationem
2182 4526 2385 4583 factam
2426 4526 2485 4581 in
2513 4523 2783 4593 Ecclesia,
2815 4528 2871 4578 et
2908 4522 3059 4595 leges
3082 4522 3230 4578 alias
3256 4528 3311 4577 et
3350 4523 3521 4579 ordi—

1881 4618 2139 4673 nationes
2182 4616 2457 4683 traditas;
2493 4614 2828 4670 inducentes
2858 4611 3026 4668 nobis
3073 4610 3402 4668 occasiones
3429 4611 3520 4667 ir—

1879 4705 2250 4763 rationabiles
2274 4709 2331 4761 et
2359 4704 2656 4775 negatione
2683 4701 2935 4758 refertas.
2971 4702 3084 4756 Hoc
3117 4700 3268 4756 enim
3293 4714 3520 4758 rumore

1878 4796 2053 4853 fortes
2084 4794 2181 4850 isti
2224 4792 2643 4849 tumultuantes
2683 4790 2974 4861 dicebant,
3007 4789 3160 4845 sicut
3188 4789 3327 4845 olim
3355 4791 3519 4847 .lesus

1877 4887 2084 4943 salutis
2115 4888 2321 4940 nostrae
2345 4886 2545 4937 auctor
2571 4886 2627 4936 et
2651 4885 3092 4936 consummator.
3126 4878 3270 4934 Hinc
3299 4879 3521 4935 accedit

1875 4977 1961 5032 eis
2005 4975 2195 5029 dicere
2219 4991 2231 5027 :
2268 4972 2430 5026 Omne
2455 4969 2602 5039 quod
2629 4970 2953 5039 antiquetur
2977 4972 3027 5022 et
3051 4970 3297 5031 senescit,
3340 4984 3518 5038 prape

1874 5066 2154 5119 interitum
2182 5065 2242 5131 ﬁt
2276 5055 2460 5133 [Helm
2492 5054 2614 5131 vm]
2640 5076 2652 5112 :
2682 5062 2738 5113 et
2776 5057 2914 5128 quia
2953 5056 3250 5126 antiquata
3276 5062 3361 5112 est
3388 5070 3518 5127 apo-

1874 5154 2151 5211 stolorum
2177 5148 2460 5218 doctrina,
2488 5159 2687 5202 novam
2720 5160 2823 5202 nos
2854 5158 3229 5216 procuramus
3259 5145 3508 5216 erigere:

1874 5243 2010 5314 quia
2054 5246 2110 5296 et
2160 5242 2376 5310 Moyses
2419 5243 2474 5291 et
2521 5235 2707 5291 Aaron
2751 5235 3071 5291 saserdotes
3114 5233 3297 5290 simili
3350 5233 3513 5288 modo

1874 5330 2053 5387 fuisse
2106 5328 2437 5399 probantur.
2482 5324 2587 5380 Sed
2628 5323 2859 5395 quando
2909 5323 3092 5395 gartia
3141 5320 3508 5390 subintravit,

1870 5417 2177 5490 Apostolus
2216 5415 2369 5471 dixit
2396 5413 2573 5469 alium
2608 5414 2928 5468 surrexisse
2954 5411 3316 5467 sacerdotem.
3365 5410 3511 5478 Ergo

1870 5515 1927 5565 et
1968 5520 2120 5562 nunc
2149 5504 2462 5559 debuerant
2490 5502 2626 5557 dare
2671 5501 2979 5555 maximam
3029 5497 3329 5566 quamdam
3372 5507 3510 5565 gra—

1872 5596 2031 5665 tiam,
2072 5590 2461 5665 apostolorum
2492 5589 2676 5660 gratia
2725 5586 3078 5657 superiorem
3108 5584 3228 5653 [sic
3253 5581 3404 5636 enim
3451 5584 3510 5635 et
