4016 6168
426 274 532 338 387

1566 272 1574 280 ⁸
1657 267 2016 326 ANASTASII
2059 263 2601 322 BIBLIOTIIECARII
2668 301 2674 306 -

3721 260 3823 320 388

427 401 648 472 dicunt)
671 399 738 456 ad
770 397 1172 470 perfectionem
1197 397 1430 470 quidem
1454 403 1706 454 nostram
1732 399 1788 450 et
1810 394 2074 466 magiste-
2098 391 2156 452 A
2183 405 2482 462 spernere:
2542 391 2760 447 idcirco
2787 396 3014 462 spernet
3054 391 3188 446 illos
3219 389 3518 462 Dominus,
3555 394 3612 444 et
3657 393 3826 444 erunt

429 491 602 547 rium.
635 492 704 546 Et
745 503 873 546 cum
912 488 1164 558 episcopi
1209 493 1396 544 essent
1441 487 1542 558 qui
1583 485 1751 542 talem
1791 483 2071 554 synodum

427 581 842 650 adunaverunt,
865 582 922 633 et
946 575 1345 648 perfectionem
1361 575 1806 646 apostolicarum
1828 571 2073 642 disposi-

429 672 653 726 tionum
695 667 984 736 haberent,
1013 673 1068 722 et
1096 666 1243 722 alios
1266 665 1604 722 debuissent
1634 663 1920 734 perﬁcere,
1959 676 2070 718 non

428 759 498 816 ab
535 757 674 814 aliis
718 755 933 826 perﬁci.
981 757 1124 810 Nam
1169 755 1350 827 magis
1398 759 1713 810 renuerunt
1750 751 2072 808 doctrinam

431 843 748 919 magisterii
779 858 844 898 ac
881 843 1214 898 traditionis
1239 849 1562 900 sanctorum
1595 841 1982 912 apostolorum
2018 845 2075 895 et

430 935 753 992 illustrium
796 933 1022 986 Patrum
1071 937 1416 988 nostrorum.
1467 931 1626 986 Unde
1677 935 1968 988 consortes
2018 933 2076 984 et

429 1024 739 1098 participes
755 1019 1084 1076 nullatenus
1099 1022 1314 1077 ostensi
1337 1025 1474 1077 sunt
1495 1021 1700 1078 horum
1722 1017 2074 1075 eruditionis

427 1121 483 1172 et
525 1114 818 1180 doctrinae,
861 1125 927 1168 eo
967 1113 1120 1180 quod
1164 1125 1274 1167 non
1319 1115 1732 1166 consenserunt
1769 1106 2072 1163 traditioni

427 1218 646 1276 eorum,
683 1211 738 1260 et
769 1205 1117 1274 imprecatur
1163 1199 1249 1255 eis
1279 1197 1574 1269 psalmista
1611 1197 1789 1252 David
1833 1196 2070 1252 dicens:

427 1295 723 1365 Disperdat
743 1295 1003 1350 Dominus
1045 1292 1302 1344 universa
1333 1289 1482 1342 labia
1520 1288 1727 1350 dolosa,
1756 1291 1806 1340 et
1833 1287 2076 1353 linguam

426 1385 833 1454 magniloquam
875 1381 1038 1455 (Psal.
1072 1379 1172 1454 x1).
1203 1377 1367 1434 Dicat
1395 1381 1450 1434 et
1489 1377 1656 1433 nobis
1695 1375 1944 1446 psallens
1974 1388 2076 1430 ve-

429 1475 638 1532 raciter
686 1475 808 1544 ipse
845 1471 1044 1542 David,
1077 1475 1134 1526 et
1158 1482 1271 1526 non
1312 1480 1426 1524 una
1459 1481 1587 1522 cum
1643 1466 1804 1536 ipso:
1858 1465 2076 1518 Inimici

427 1565 739 1632 defecerunt
773 1564 994 1631 frameae
1019 1561 1080 1613 in
1115 1561 1295 1630 ﬁnem,
1331 1561 1382 1611 et
1423 1557 1667 1610 civitates
1723 1570 1906 1608 eorum
1971 1553 2075 1607 de-

427 1654 682 1711 struit-isti
707 1649 999 1723 (Psal..1x).
1050 1647 1288 1716 Quando
1329 1643 1662 1702 defecerunt
1690 1643 1916 1699 inimici
1947 1641 2073 1698 fra—

2182 481 2332 552 apud
2379 495 2574 537 omnes
2605 481 2703 552 qui
2737 481 2795 536 in
2831 471 2896 536 ea
2927 480 3045 536 nati
3079 486 3234 550 sunt,
3280 477 3569 549 reprobati
3597 482 3656 533 et
3683 490 3826 532 ana-

2185 570 2571 626 thematizati:
2610 569 2821 626 mansit
2849 571 3000 625 enim
3047 567 3513 640 inexpugnabilis
3542 571 3598 622 et
3628 566 3826 622 incor-

2183 659 2486 728 ruptibilis
2542 655 2688 732 [Gr.,
2748 655 3118 733 inconcussa]
3164 662 3217 714 et
3268 655 3602 712 immohilis.
3655 657 3826 710 Porro

2182 747 2616 804 adulationibus
2681 749 2961 818 replentes
3008 761 3092 816 os,
3141 746 3210 802 ad
3267 745 3653 801 narrationem
3701 757 3736 798 a
3769 756 3828 798 se

2184 841 2472 908 gestorum
2509 835 2732 892 faciunt
2760 836 3090 909 gloriantes.

2608 961 2897 1029 Gregorius
2939 962 3216 1030 episc0pus
3244 959 3400 1027 legit:

2259 1107 2285 1138 ‹‹
2327 1086 2504 1142 Omne
2534 1091 2820 1142 sacratum
2850 1088 3306 1142 convocaverunt
3330 1085 3445 1138 Deo
3490 1081 3827 1137 amabilium

2187 1193 2214 1224 »
2255 1175 2654 1246 episcoporum
2697 1175 3023 1248 collegium,
3066 1179 3130 1230 ut
3165 1171 3434 1244 synodice
3473 1171 3534 1226 in
3576 1170 3827 1240 idipsum

2189 1282 2214 1314 »
2257 1263 2517 1320 eﬁ‘ectum
2547 1270 2603 1320 et
2644 1264 3064 1334 scripturarum
3096 1262 3466 1334 quaestionem
3500 1259 3716 1316 faciens
3761 1259 3831 1314 de

2188 1371 2214 1404 ››
2255 1354 2578 1410 seductoria
2595 1352 3054 1410 similitudinum
3071 1352 3326 1408 colorum
3341 1350 3687 1420 operatione,
3709 1362 3833 1420 qua:

2187 1459 2214 1492 »
2254 1443 2453 1498 avellit
2480 1457 2548 1499 ex
2583 1457 2804 1499 summa
2833 1448 2889 1499 et
2917 1444 3030 1498 Deo
3053 1440 3288 1498 decibili
3323 1439 3492 1496 latria
3519 1438 3588 1494 ad
3631 1437 3836 1493 humi-

2185 1550 2212 1582 »
2256 1531 2364 1588 lem
2389 1537 2446 1588 et
2475 1532 2824 1588 materialem
2855 1537 3128 1588 creatura:
3157 1529 3382 1586 latriam
3413 1527 3666 1585 hominis
3695 1539 3839 1582 sen-

2185 1639 2212 1672 n
2233 1635 2403 1693 “sum,
2431 1623 2545 1678 Deo
2563 1627 2836 1694 movente,
2868 1621 3202 1691 pronuntiet
3226 1619 3365 1691 quid
3394 1617 3510 1675 sibi
3541 1615 3720 1673 fuerit
3756 1615 3838 1670 vi-

427 1757 584 1814 meaa,
615 1747 673 1798 et
699 1706 978 1808 civitates;
1009 1738 1067 1795 id
1093 1741 1180 1794 est
1205 1735 1558 1792 munitiones
1588 1734 1714 1804 ejus
1735 1733 1764 1788 ‘?
1801 1745 1988 1790 nonne
2011 1731 2069 1786 in

2188 1727 2210 1760 »
2253 1725 2420 1766 sum:
2455 1711 2703 1767 scientes
2745 1711 2896 1781 quod
2943 1710 3224 1780 scriptum
3265 1714 3350 1766 est
3389 1709 3451 1764 in
3501 1706 3831 1778 praphetis:

426 1832 641 1888 Christi
690 1827 1146 1886 humanatione?
1187 1827 1257 1883 de
1300 1839 1414 1897 quo
1459 1823 1738 1894 scriptum
1782 1825 1888 1894 est,
1935 1820 2074 1892 quia

427 1923 652 1991 fortium
689 1919 896 1974 dividet
934 1917 1110 1988 spolia
1153 1913 1280 1987 (Isa.
1329 1913 1468 1988 Lm).
1513 1913 1598 1968 An
1624 1925 1796 1982 super
1821 1911 2076 1981 pseudo—

429 2009 645 2080 syllogo
669 2013 725 2063 et
754 2005 998 2063 factione
1025 2006 1280 2076 ipsorum
1319 2003 1600 2073 scriptum
1630 2005 1736 2072 est,
1779 1999 1918 2072 quia
1949 1999 2074 2054 ini-

429 2098 566 2154 mici
591 2095 922 2153 defecerunt
949 2092 1173 2150 frameae
1205 2094 1266 2148 in
1293 2092 1460 2148 ﬁnem
1481 2091 1510 2146 ‘I
1547 2093 1616 2148 Et
1645 2091 1694 2146 si
1729 2090 1789 2146 in
1819 2089 1988 2144 ﬁnem
2017 2093 2074 2143 et

431 2201 530 2258 per
545 2185 736 2242 omnia
765 2183 1095 2240 deiecerunt
1113 2181 1339 2238 frameae
1366 2181 1614 2248 inimici,
1643 2178 2074 2249 impietatisque

429 2275 692 2332 civitates
713 2274 1018 2330 destructas
1056 2279 1213 2342 sunt,
1259 2271 1544 2342 quomodo
1575 2269 1692 2325 haec
1725 2269 1933 2324 iterum
1976 2279 2075 2322 re—

433 2363 710 2420 mdiﬁcata
735 2366 791 2417 et
839 2364 1108 2417 renovata
1136 2373 1259 2416 esse
1313 2359 1664 2430 garrierunt,
1718 2363 1782 2412 ut
1841 2355 2074 2412 sibimet

430 2451 723 2508 ascribant
769 2449 1218 2505 destructionem
1261 2461 1482 2518 eorum,
1525 2452 1580 2502 et
1629 2445 2073 2515 redemptionem

431 2537 668 2595 humani
697 2537 924 2610 generis
948 2551 1073 2608 quze
1101 2550 1171 2592 ex
1201 2536 1324 2592 illis
1351 2535 1547 2592 eﬂ'ecta
1571 2539 1657 2591 est
1675 2533 1704 2588 ‘?
1729 2535 2074 2604 Derogantes

430 2640 634 2699 magno
685 2625 894 2682 salutis
952 2631 1162 2682 nostra:
1221 2625 1490 2695 mysterio
1546 2629 1602 2680 et
1649 2620 2070 2692 dispensationi

427 2715 667 2784 Christi,
695 2715 796 2786 qui
833 2719 889 2770 et
916 2727 1089 2784 super
1115 2713 1309 2770 omnia
1333 2712 1669 2768 benedictus
1699 2713 1854 2766 Deus
1878 2711 1938 2766 in
1977 2723 2076 2766 sa:-

427 2804 559 2861 cula
609 2802 971 2860 saeculorum.
1017 2801 1215 2858 Amen.
1263 2801 1480 2858 Deinde
1526 2798 1964 2857 adulationibus
1999 2797 2070 2854 ad

431 2893 801 2964 imperatores
828 2892 942 2963 usi,
971 2891 1052 2948 ita
1081 2891 1268 2948 aiunt.

855 3014 1148 3084 Gregorius
1180 3016 1489 3086 episcOpus
1539 3015 1683 3082 legit:

503 3143 530 3174 ‹‹
569 3120 679 3190 Qui
709 3121 908 3178 divino
937 3121 1076 3190 zelo,
1121 3121 1220 3192 qui
1258 3121 1380 3177 illis
1419 3121 1588 3192 inest,
1621 3121 1784 3192 moti,
1817 3120 2073 3178 ﬁdelium

431 3229 458 3261 »
497 3211 808 3266 Ecclesiam
829 3211 1151 3266 daemonum
1173 3209 1500 3280 subreptam
1522 3209 1856 3267 seductione
1881 3209 2076 3266 videre

434 3319 460 3351 ι)
504 3313 615 3356 ηοη
649 3299 948 3370 patientes.
995 3318 1021 3349 ››

853 3407 1198 3478 Epiphanius
1232 3409 1454 3464 iaconus
1485 3409 1642 3477 legit:

496 3517 624 3572 Haec
660 3515 939 3588 dicentes,
969 3530 1152 3586 neque
1181 3522 1571 3588 cognoverunt
1602 3515 2077 3586 repromissiones

430 3621 574 3678 quas
615 3605 898 3661 catholica
929 3605 1180 3660 Ecclesia
1211 3604 1468 3673 suscepit
1489 3618 1520 3658 a
1545 3604 1776 3659 Christo
1808 3603 1907 3673 qui
1953 3617 2074 3658 eam

428 3692 712 3764 fundavit,
743 3704 1062 3762 neque.per
1093 3691 1536 3760 redemptionem
1571 3705 1696 3761 quae
1723 3696 1810 3746 est
1854 3691 1913 3746 in
1943 3692 2075 3746 Jesu

427 3782 655 3838 Christo
703 3780 946 3837 Domino
994 3785 1192 3836 nostro
1237 3779 1582 3835 conﬁtentur
1637 3779 1848 3835 salvari
1895 3793 2076 3852 genus

430 3871 762 3926 humanum.
813 3868 969 3937 Quos
1010 3868 1162 3924 enim
1205 3868 1474 3924 Christus
1516 3868 1750 3938 proprio
1794 3875 2076 3925 mercatus

427 3963 514 4014 est
541 3956 841 4027 sanguine,
869 3955 1077 4010 iterum
1107 3955 1337 4010 diabolo
1359 3956 1630 4012 vendunt.
1659 3953 1812 4024 Quos
1845 3956 2078 4026 propria

430 4050 609 4102 morte
631 4043 962 4114 viviﬁcavit,
997 4043 1107 4114 ipsi
1129 4044 1318 4100 toxico
1350 4044 1636 4101 labiorum
1659 4059 1898 4101 suorum
1933 4059 2079 4102 mor-

429 4135 668 4205 tiﬁcant,
700 4133 837 4188 etin
866 4133 1130 4204 laqueum
1159 4131 1371 4188 inferni
1423 4134 1778 4205 demergunt.
1821 4135 2075 4192 Audiant

425 4221 657 4280 Cantica
681 4221 1036 4278 canticorum
1065 4227 1259 4292 aperte
1287 4222 1356 4278 ad
1395 4221 1704 4278 Ecclesiam
1735 4236 1803 4279 ex
1829 4237 2070 4293 persona

422 4311 639 4367 Christi
683 4307 1007 4366 cantantia:
1065 4312 1196 4364 Tota
1236 4311 1374 4364 bona
1406 4307 1680 4385 [pulchra]
1729 4327 1784 4366 es
1816 4315 2075 4381 proxima

2185 1820 2211 1851 »
2251 1799 2397 1869 Quia
2437 1800 2590 1856 labia
2629 1801 2988 1857 sacerdotum
3035 1799 3366 1857 custodient
3389 1797 3734 1867 scientiam;
3776 1799 3838 1851 et

2184 1907 2210 1940 »
2255 1889 2432 1962 legem
2462 1890 2769 1961 exquirent
2795 1905 2863 1945 ex
2889 1903 2986 1945 ore
3017 1889 3296 1960 ipsorum,
3329 1887 3470 1958 quia
3497 1885 3686 1958 angeli
3730 1885 3841 1940 Do-

2183 1997 2210 2028 »
2255 1979 2398 2034 mini
2430 1979 2840 2050 omnipotentis
2867 1983 3003 2035 sunt
3027 1977 3280 2050 (Malach.
3315 1976 3396 2050 n).
3429 1994 3455 2026 ι)

2583 2123 2930 2193 Epiphanius
2968 2123 3232 2178 diaconus
3272 2122 3399 2189 legit
3420 2139 3438 2174 :

2255 2269 2616 2324 Immemores
2627 2267 2726 2323 Dei
2755 2267 2922 2323 Verbi
2944 2265 3265 2322 nativitatis
3283 2278 3352 2320 ex
3363 2263 3619 2336 Virgine,
3635 2263 3843 2333 hujus-

2185 2373 2297 2430 que
2327 2358 2516 2430 magni
2545 2362 2602 2413 et
2629 2357 2904 2413 salutaris
2935 2354 3191 2427 mysterii
3242 2355 3392 2426 quod
3424 2354 3548 2424 ipse
3573 2353 3632 2408 in
3662 2365 3843 2409 carne

2184 2448 2418 2504 veniens
2449 2447 2616 2503 nobis
2647 2447 2901 2515 donavit,
2937 2459 3146 2502 eruens
3175 2458 3276 2500 nos
3305 2443 3376 2499 ab
3420 2443 3702 2498 idolorum
3733 2456 3846 2498 er—

2185 2551 2331 2609 rore,
2364 2551 2430 2593 ac
2471 2536 2676 2592 horum
2715 2536 2913 2590 insana
2945 2533 3390 2605 superstitione:
3427 2533 3654 2604 ipsique
3687 2531 3846 2588 hanc

2183 2625 2425 2684 salutem
2467 2628 2830 2696 usurpantes,
2863 2623 3220 2695 gloriamque
3258 2621 3376 2678 sibi
3407 2621 3703 2678 cumulare
3742 2634 3846 2674 vo-

2185 2711 2383 2785 lentes,
2400 2714 2637 2786 inglorii
2657 2727 2690 2770 a
2711 2713 2993 2770 catholica
3009 2712 3256 2768 Ecclesia
3283 2711 3682 2782 praedicantur.
3700 2707 3846 2778 Qui-

2183 2803 2294 2860 bus
2333 2803 2562 2860 dicens:
2615 2803 2928 2858 Sacerdotes
2981 2807 3300 2872 Sprevenmt
3352 2802 3539 2867 legem,
3589 2804 3638 2854 et
3677 2801 3848 2852 coin—

2185 2895 2552 2964 quinaverunt
2571 2896 2760 2946 sancta
2779 2907 2916 2946 mea.
2940 2893 3092 2946 Inter
3109 2895 3357 2944 sanctum
3369 2893 3421 2944 et
3431 2889 3707 2960 pollutum
3726 2903 3847 2941 non

2186 2983 2577 3044 distinxerunt,
2605 2986 2656 3036 et
2673 2983 2818 3036 inter
2845 2980 3112 3034 mundum
3139 2984 3189 3033 et
3216 2978 3556 3033 immundum
3589 2992 3696 3030 non
3727 2976 3848 3030 dis-

2103 3057 2154 3122 C
2187 3073 2470 3126 tinxerunt
2503 3069 2712 3141 (Ezech,
2749 3069 2912 3142 xxu).
2948 3069 3062 3140 Ipsi
3098 3069 3250 3125 enim
3284 3068 3481 3124 iconas
3517 3065 3751 3122 Domini
3787 3071 3844 3120 et

2187 3163 2512 3215 sanctorum
2543 3159 2668 3228 ejus
2692 3172 2725 3214 a
2751 3157 3163 3214 dmmoniorum
3195 3157 3357 3212 icona
3383 3169 3493 3211 non
3541 3154 3844 3210 distinxe-

2189 3253 2344 3318 runt,
2395 3260 2490 3302 eas
2536 3247 2812 3303 similiter
2851 3245 3006 3303 idola
3047 3245 3427 3314 nominantes,
3479 3243 3842 3299 calumniose

2185 3342 2519 3393 accusantes
2542 3335 2872 3405 Ecclesiam,
2903 3347 3072 3406 quam
3107 3333 3420 3405 acquisivit
3451 3331 3684 3403 preprio
3713 3345 3842 3386 san-

2186 3425 2361 3498 guine
2405 3425 2670 3482 Christus
2709 3425 2861 3480 Deus
2885 3429 3111 3494 noster;
3157 3421 3656 3492 seductoriamque
3686 3419 3842 3475 colo-

2189 3528 2314 3570 rum
2330 3513 2716 3584 operationem
2731 3511 3021 3584 Evangelii
3041 3511 3459 3568 enarrationem
3475 3509 3840 3566 susurrando

2192 3601 2452 3672 fatentes,
2503 3616 2674 3673 quam
2713 3601 3094 3658 venerabilem
3131 3604 3188 3656 et
3229 3602 3480 3656 sanctam
3519 3597 3716 3654 ﬁdeles
3756 3597 3844 3654 di-

2189 3695 2328 3746 cunt
2367 3695 2423 3746 et
2461 3690 2803 3760 nominant;
2855 3703 2965 3746 non
2999 3687 3248 3758 profecto
3283 3687 3626 3758 aspicientes
3655 3686 3730 3741 ad
3785 3685 3839 3742 id

2188 3777 2339 3848 quod
2366 3777 2612 3847 videtur,
2637 3779 2732 3834 sed
2771 3779 2842 3834 ad
2868 3791 2932 3834 ea
2964 3792 3090 3850 qua:
3115 3777 3175 3832 in
3203 3777 3328 3848 ipso
3350 3776 3670 3848 signantur.
3709 3774 3844 3830 Au—

2187 3866 2412 3922 dientes
2460 3873 2612 3922 enim
2639 3867 2902 3939 auribus,
2934 3865 3130 3924 Gloria
3162 3864 3294 3936 tibi,
3325 3863 3586 3933 Domine,
3618 3862 3844 3933 procla-

2190 3962 2364 4026 mant,
2397 3959 2453 4012 et
2477 3955 2734 4012 videntes
2761 3955 2967 4028 oculis,
3023 3955 3274 4011 eamdem
3328 3949 3842 4024 utique'deferunt

2189 4044 2386 4116 gloria:
2409 4045 2710 4100 actionem.
2741 4047 2802 4100 In
2831 4044 3162 4100 memoriam
3191 4044 3402 4114 quippe
3427 4040 3690 4114 venimus
3708 4053 3844 4114 co_n-

2187 4133 2720 4208 versationis-ejus,
2764 4147 2876 4204 qua
2914 4146 3042 4190 cum
3094 4131 3428 4188 hominibus
3465 4137 3843 4186 conversatus

2184 4226 2287 4278 est.
2320 4222 2613 4293 Quidquid
2640 4223 2792 4279 enim
2821 4223 3074 4278 narratio
3105 4221 3165 4277 in
3192 4221 3428 4293 scriptis
3458 4219 3744 4291 insinuat,
3781 4217 3840 4274 id

2186 4311 2375 4380 ipsum
2401 4316 2457 4368 et
2477 4313 2703 4382 pictura
2723 4312 3043 4368 denuntiat.
3075 4307 3278 4379 Qualia
3312 4324 3442 4366 vero
3471 4309 3844 4378 impudenter

426 4417 566 4464 mea,
599 4404 712 4456 tota
741 4399 976 4462 bonaes,
1003 4403 1053 4454 et
1073 4399 1291 4454 macula
1319 4415 1428 4453 non
1457 4404 1536 4454 est
1560 4401 1619 4453 in
1649 4404 1698 4453 te
1741 4398 1916 4471 (Cant.
1975 4401 2070 4475 1v).
2105 4386 2158 4448 D
2179 4400 2574 4472 jactanterque
2594 4400 2828 4457 verbosa
2857 4399 3018 4458 fauce
3039 4401 3384 4473 garrierunt,
3427 4397 3836 4468 inspiciamus.

427 4492 568 4548 Ecce
605 4489 719 4560 jam
752 4487 1062 4544 audierunt
1091 4492 1262 4544 totam
1301 4501 1424 4544 eam
1450 4487 1653 4544 bonam
1701 4502 1822 4545 esse
1850 4494 1908 4546 et
1935 4505 2078 4562 pro—
2183 4489 2319 4558 Quae
2347 4489 2545 4546 avellit
2573 4503 2641 4546 ex
2671 4503 2892 4546 summa
2912 4495 2968 4546 et
3023 4492 3136 4546 Deo
3160 4489 3396 4547 decibili
3438 4487 3608 4544 latria
3633 4486 3704 4542 ad
3739 4487 3844 4540 hu-

426 4579 641 4636 ximam
692 4576 930 4645 Christi,
967 4590 1033 4632 ac
1069 4575 1140 4632 ab
1190 4576 1346 4632 omni
1394 4576 1614 4633 macula
1667 4577 1946 4650 liberam;
2001 4580 2069 4637 ad
2186 4577 2378 4634 milem
2403 4591 2469 4634 ac
2498 4578 2848 4634 materialem
2877 4579 3434 4636 craaaturzelatriam.
3466 4575 3514 4634 Ο
3541 4575 3840 4632 vesaniam

429 4682 598 4742 quam
645 4673 702 4724 et.
732 4680 830 4738 per
853 4664 1057 4722 Isaiam
1095 4663 1339 4720 affatur:
1377 4666 1447 4720 In
1480 4681 1650 4721 manu
1675 4683 1794 4722 mea
1851 4669 2078 4739 ἀρρίηωὶ
2186 4666 2443 4740 linguam
2476 4672 2541 4724 ut
2569 4667 2826 4740 gladium
2863 4673 3089 4724 acutam
3133 4675 3190 4725 et
3219 4666 3516 4724 mendacio
3560 4662 3840 4720 infectam

423 4771 606 4812 muros
637 4761 775 4826 tuos,
808 4755 946 4808 etin
975 4757 1257 4823 conspectu
1283 4769 1396 4809 meo
1433 4769 1488 4809 es
1515 4771 1722 4826 semper
1741 4754 1866 4826 (Isa.
1904 4759 2073 4833 xux).
2189 4755 2542 4824 habentium,
2580 4756 3002 4813 immaculatam
3049 4757 3215 4813 ﬁdem
3257 4755 3721 4813 Christianorum
3777 4752 3840 4806 in

425 4847 494 4901 Et
533 4843 818 4915 quomodo
849 4856 974 4911 qua:
1005 4841 1109 4897 has
1139 4842 1615 4912 repromissiones
1644 4845 1884 4916 accepit.
1929 4848 2078 4904 sub-
2185 4845 2504 4918 imaginum
2537 4845 2946 4902 aestimantium
2983 4846 3324 4902 commutari
3355 4845 3678 4910 culturam;
3710 4842 3844 4912 qui-

427 4933 642 5003 ripitur
665 4944 699 4987 a
726 4930 1046 4986 daemonum
1072 4930 1307 4986 adversa
1325 4930 1536 4988 virtute
1555 4932 1585 4986 ‘2
1612 4939 1668 4988 et
1698 4935 1942 4991 maxime
1973 4937 2072 4992 ubi

422 5021 689 5079 Christus
736 5026 824 5076 est
868 5024 1040 5090 caput
1073 5019 1385 5076 secundum
1432 5021 1695 5077 divinum
1735 5021 2069 5092 Apostolum

424 5108 637 5182 (Ephes.
664 5107 738 5182 ν),
771 5108 904 5179 quis
933 5115 1020 5164 est
1048 5108 1148 5180 qui
1181 5109 1324 5164 hanc
1350 5109 1532 5180 possit
1563 5109 1623 5165 in
1656 5112 1900 5180 praedam
1931 5114 2074 5169 arri-

425 5199 602 5272 pere?
639 5201 762 5269 Ipse
807 5197 1073 5254 exhibuit
1095 5211 1215 5254 eam
1247 5197 1360 5254 sibi
1396 5213 1510 5255 non
1541 5199 1837 5256 habentem
1871 5215 2074 5258 macu—

423 5290 537 5346 lam
567 5295 666 5344 aut
695 5299 916 5359 rugam,
961 5291 1017 5342 et
1045 5286 1328 5357 quomodo
1365 5303 1570 5344 rursus
1611 5288 2073 5359 coinquinatur‘?

420 5379 468 5436 Ο
493 5376 990 5449 reprehensionem
1033 5371 1175 5449 [μνη
1215 5373 1568 5450 Opinionem]
1603 5377 1770 5432 istam
1797 5378 1810 5432 ε
1842 5378 2070 5437 Certum

422 5473 509 5524 est
553 5465 704 5522 enim
736 5465 888 5536 quod
921 5465 1276 5536 negationem
1323 5465 1774 5535 dispensationis
1801 5469 1928 5538 ejus
1974 5484 2072 5526 se-

423 5561 681 5628 questret
721 5553 920 5626 opinio
970 5554 1108 5611 haec.
1159 5555 1263 5611 Sed
1313 5553 1728 5613 festinaverunt
1763 5558 2072 5618 Ecclesiam

2181 4950 2291 5008 que
2311 4936 2724 4993 contumeliose
2750 4935 3067 5007 profantur,
3089 4935 3362 4992 humilem
3385 4949 3450 4990 ac
3479 4933 3840 4990 materialem

2181 5030 2457 5082 creatura:
2479 5025 2704 5082 latriam
2735 5026 2880 5080 hanc
2909 5023 3292 5094 appellantes!
3327 5023 3535 5080 Nullus
3557 5021 3845 5077 Christia-

2181 5128 2388 5171 norum
2409 5115 2706 5171 hominum
2739 5115 2840 5185 qui
2869 5113 2976 5170 sub
2997 5113 3141 5171 cmlo
3161 5119 3314 5184 sunt,
3344 5113 3582 5184 imagini
3605 5111 3843 5168 cultum

2181 5203 2481 5260 servitutis
2513 5203 2780 5260 exhibuit
2809 5222 2821 5258 :
2858 5217 3074 5277 pagana
3102 5210 3188 5260 est
3211 5203 3364 5260 enim
3389 5203 3497 5259 ista
3524 5201 3838 5270 fabulatio,

2178 5297 2234 5351 et
2260 5292 2582 5349 dmmonum
2611 5293 2964 5364 adinventio,
3006 5299 3179 5364 atque
3207 5307 3351 5362 opus
3388 5291 3641 5348 actionis
3670 5297 3844 5347 sata-

2182 5383 2343 5438 nicze.
2392 5382 2568 5438 Periit
2599 5382 2703 5438 hoc
2731 5382 2948 5438 Christi
2987 5382 3250 5438 adventu.
3297 5381 3553 5438 Servitus
3583 5395 3738 5436 nunc
3775 5382 3840 5437 in

2181 5472 2396 5543 spiritu
2421 5478 2477 5528 et
2506 5473 2744 5529 veritate
2771 5476 2858 5528 est
2888 5469 3062 5540 (Joan.
3102 5470 3178 5544 1v)
3200 5471 3445 5528 :diversa
3479 5476 3669 5526 autem
3699 5486 3842 5542 qua:

2179 5563 2294 5619 Deo
2317 5561 2682 5634 exhibentur,
2705 5561 2775 5617 ad
2803 5560 3134 5618 memoriam
3155 5559 3425 5616 videlicet
3449 5559 3499 5630 ej
3511 5574 3578 5616 us
3600 5565 3658 5616 et
3685 5573 3840 5616 san-
