4010 6160
214 267 302 325 389
906 265 1455 322 INTERPRETATIO
1492 264 1741 322 SYNODI
1786 266 1873 321 VII
1909 264 2309 327 GENERALIS.
2346 303 2421 314 -—
2453 277 2655 334 ACTIU
2698 279 2778 333 VI.
3457 286 3564 345 390

213 401 392 448 ciorum
426 391 619 461 ipsius,
664 391 831 447 habet
868 393 1121 449 Ecclesia
1159 395 1448 464 reposita:
1479 409 1547 450 ex
1587 394 1801 465 quibus
1825 392 1881 451 A
1913 408 1944 450 a
1967 402 2159 453 sancta
2188 400 2287 454 Dei
2320 401 2603 459 catholica
2626 404 2897 476 Ecclesia,
2929 407 2987 461 in
3020 408 3180 465 nullo
3203 411 3274 466 ab
3297 412 3562 471 insensa-

210 482 348 536 etiam
376 480 673 550 imaginum
702 486 788 535 est
819 479 1058 537 factura.
1094 483 1208 552 Ipsi
1250 489 1519 553 praeterea
1548 497 1671 539 esse
1700 497 1803 539 ar—
1912 485 1989 539 tis
2018 486 2163 542 viris
2182 488 2590 561 discrepantes,
2624 493 2723 563 qui
2755 493 2930 549 solem
2956 496 3211 553 videntes
3239 514 3360 556 esse
3390 518 3560 573 super

209 574 356 641 guunt
381 568 621 623 dicentes
647 587 659 622 :
694 571 1031 627 Pronuntiet
1063 572 1208 643 quod
1238 572 1351 629 sibi
1379 571 1558 629 fuerit
1589 574 1794 629 visum.
1911 579 2139 644 terram,
2163 577 2453 634 dicuntad
2485 579 2758 636 invicem:
2788 584 2904 638 Pra:
2928 584 3190 641 claritate
3211 588 3352 644 solis
3383 568 3559 646 stella:

209 658 362 712 Latuit
384 671 472 712 eos
504 659 650 728 quod
683 658 754 714 ab
784 674 881 714 ore
911 661 1212 717 Dominico
1242 662 1521 732 scriptum
1547 666 1669 717 est:
1696 663 1802 728 Qui
1909 660 2200 719 absconsze
2230 672 2384 735 sunt,
2418 673 2474 723 et
2510 669 2635 725 dies
2664 676 2768 741 est,
2797 677 2853 726 et
2883 685 2992 727 non
3032 677 3118 728 est
3163 688 3306 731 nox:
3367 679 3553 734 mani-

205 747 403 814 loquitur
425 763 457 799 α
484 750 781 818 semetipso,
816 752 1101 819 propriam
1137 752 1367 818 gloriam
1396 754 1590 820 quaerit
1617 749 1793 822 (Joan.
1909 747 2220 808 festissima
2241 760 2295 810 et
2315 757 2638 814 certissima
2661 761 2847 816 otioso
2868 775 3127 817 sermone
3153 764 3558 823 ratiocinantes

204 834 294 906 vn).
335 835 502 907 Igitur
539 837 651 906 ipsi
692 844 975 894 testantur
1013 854 1072 895 se
1099 854 1132 895 a
1162 841 1486 911 semetipsis
1525 840 1709 912 aﬂari,
1741 846 1797 896 et
1905 838 2226 897 deliberant
2261 840 2409 917 [Gr.,
2441 846 2843 923 concludunt],
2888 850 2967 905 ita
2998 851 3336 909 subdentes:

204 937 285 979 non
310 924 563 993 aSpiritu
594 932 809 981 sancto.
844 928 1005 999 Quis,
1043 935 1228 1001 putas,
1266 931 1382 985 haec
1411 929 1659 986 audiat?
1679 930 1792 985 nisi

199 1010 310 1066 forte
330 1012 417 1081 qui
448 1026 556 1067 non
588 1011 766 1070 fuerit
793 1015 1064 1085 Spiritus.
1092 1018 1308 1073 Deinde
1337 1018 1650 1090 gloriantes
1681 1033 1793 1074 non

198 1099 241 1155 in
264 1100 498 1171 Domino,
532 1103 627 1157 sed
664 1104 722 1158 ίη
759 1103 953 1176 lingua
985 1121 1110 1178 sua,
1142 1107 1227 1161 sic
1257 1107 1459 1163 aiunt:
1977 1110 2002 1141 «
2048 1091 2178 1147 Post
2218 1093 2321 1150 has
2349 1095 2728 1153 ducentorum
2769 1105 3094 1157 sanctorum
3140 1103 3367 1160 Patrum
3398 1108 3549 1177 apud

1904 1195 1930 1225 ››
1971 1179 2255 1248 Ephesum
2288 1183 2452 1251 prius
2479 1187 2822 1243 conveniens
2849 1189 2957 1244 sub
2982 1190 3203 1259 juniori
3236 1193 3553 1251 Theodosio

1904 1283 1928 1314 »
1974 1266 2312 1337 imperatore
2358 1287 2484 1343 qua:
2519 1274 2842 1333 Iudaeorum
2874 1292 3105 1335 sensum
3135 1280 3453 1354 habentem,
3496 1288 3554 1340 et

245 1369 267 1401 ε
298 1351 356 1405 Et
382 1364 501 1406 eme
537 1365 693 1409 nunc
728 1360 1067 1427 congregata
1106 1371 1268 1413 sacra
1305 1358 1578 1430 synodus,
1618 1359 1787 1428 cujus
1901 1372 1926 1402 »
1971 1354 2257 1413 hominem
2275 1360 2570 1417 colentem.
2597 1365 2920 1421 Nestorium
2948 1367 3345 1425 condemnavit
3375 1389 3388 1425 :
3415 1351 3555 1442 quo-

193 1456 211 1485 ι
242 1451 505 1495 numerum
545 1442 853 1511 implemus
891 1445 1127 1500 trecenti
1159 1446 1399 1518 triginta
1428 1453 1576 1518 octo,
1608 1462 1788 1519 syno—
1900 1461 1925 1491 »
1970 1445 2121 1500 niam
2164 1448 2510 1516 praedicabat
2535 1451 2828 1509 Christum
2859 1468 3116 1512 seorsum
3146 1471 3215 1513 ex
3251 1460 3365 1515 Deo
3403 1461 3550 1517 Ver-

190 1548 209 1575 »
237 1527 372 1582 dicas
397 1536 698 1599 sequentes
729 1531 1136 1603 legislationes,
1167 1536 1570 1605 amplectentes
1589 1537 1788 1593 susci—
1898 1552 1923 1581 »
1966 1532 2121 1605 bum,
2152 1541 2209 1590 et
2245 1536 2535 1594 Christum
2576 1540 2819 1598 alterum
2852 1544 2952 1614 qui
2979 1549 3129 1601 esset
3156 1560 3224 1602 ex
3264 1548 3542 1606 muliere:

188 1634 207 1661 ι
239 1614 401 1684 pimus
439 1623 494 1673 et
544 1620 923 1688 pra-dicamus
968 1622 1232 1693 dogmata
1279 1638 1379 1681 seu
1422 1626 1781 1698 traditiones,
1898 1640 1922 1670 »
1968 1623 2173 1691 partim
2233 1625 2615 1699 privatimque
2669 1645 2882 1699 ponens
2927 1634 3104 1689 Deum
3163 1636 3427 1708 Verbum,
3490 1643 3547 1694 et

186 1722 203 1751 θ
234 1718 354 1773 quas
389 1706 522 1776 ipsae
563 1707 919 1781 roborantes,
965 1725 1162 1768 secure
1202 1727 1304 1770 nos
1336 1719 1525 1771 tenere
1573 1728 1785 1772 sanxe-

1900 1731 1922 1761 »
1966 1712 2173 1781 partim
2202 1714 2515 1772 hominem:
2559 1719 2705 1775 duas
2743 1720 2879 1776 hinc
2908 1706 3545 1783 subsistentiasinuno

184 1810 202 1837 ι
235 1797 361 1847 runt.
391 1812 416 1843 n
1897 1820 1922 1849 »
1963 1801 2192 1858 Christo
2217 1804 2627 1877 dogmatizans,
2656 1814 2712 1864 et
2740 1822 2953 1882 negans
2982 1813 3259 1869 unitatem
3290 1829 3416 1885 quae
3448 1829 3546 1886 per

535 1904 885 1972 Epiphanius
919 1906 1181 1962 diaconus
1220 1909 1366 1977 lem-t-
1896 1907 1922 1938 ››
1969 1890 2402 1949 subsistentiam
2460 1894 2605 1952 facta
2656 1903 2773 1953 est:
2835 1902 3148 1957 secundum
3207 1917 3375 1973 quam
3431 1919 3542 1960 non

1895 1998 1920 2028 ι)
1963 1980 2129 2050 quasi
2156 1980 2300 2036 alter
2322 1996 2451 2038 cum
2480 1985 2661 2040 altero
2680 1988 3041 2061 coadoratur,
3071 1991 3168 2046 sed
3204 2002 3354 2047 unus
3381 1992 3541 2048 intel-

1894 2085 1919 2116 υ
1962 2067 2167 2139 ligitur
2184 2069 2447 2127 Christus
2465 2073 2627 2129 Jesus
2648 2075 2832 2130 Filius
2862 2077 3220 2149 unigenitus,
3254 2093 3367 2134 una
3392 2080 3541 2136 ado-

1894 2174 1919 2205 »
1963 2157 2183 2212 ratione
2235 2159 2603 2216 honorandus
2644 2176 2773 2218 cum
2807 2165 3038 2233 propria
3065 2179 3254 2222 carne.

2333 969 2620 1038 Gregorius
2651 975 2930 1045 episcopus
2958 976 3084 1043 legit
3109 995 3123 1031 :

388 1225 675 1295 Gregorius
695 1230 975 1299 episcopus
998 1231 1347 1287 Neocaesariae
1383 1233 1544 1301 legit:

228 2005 540 2076 Populosum
578 2010 851 2068 habentes
880 2015 1189 2071 concilium
1216 2018 1452 2091 jactant,
1475 2020 1545 2075 de
1576 2022 1784 2079 multi—

176 2094 334 2151 tudine
365 2098 698 2169 gloriantes.
732 2103 950 2159 Turbas
989 2105 1201 2175 quippe
1238 2112 1435 2164 contra
1469 2110 1779 2168 Ecclesiam

173 2193 531 2256 congregantes
557 2190 908 2261 garrierunt,
942 2207 1006 2247 os
1037 2208 1146 2249 non
1180 2195 1392 2252 habens
1419 2199 1631 2255 ostium
1658 2214 1783 2270 ape-

174 2270 359 2343 rientes,
386 2277 535 2344 quod
574 2277 800 2333 licitum
835 2294 944 2336 non
977 2287 1081 2353 est,
1114 2283 1478 2354 iniquitatem
1503 2287 1561 2343 in
1592 2289 1783 2345 Excel-
2278 2285 2621 2354 Epiphanius
2659 2287 2922 2342 diaconus
2970 2289 3129 2356 ιεθῖεε

171 2374 267 2414 sum
308 2361 474 2419 locuti
512 2371 699 2467 sunt}.
724 2373 784 2467 et
809 2370 1123 2467 secundum
1161 2373 1456 2467 Hebraeum
1502 2378 1778 2446 populum
1959 2389 2086 2443 Haec
2124 2393 2180 2444 et
2216 2391 2518 2462 Eutyches,
2554 2397 2609 2448 et
2644 2394 2976 2466 Dioscorus,
3008 2401 3180 2467 atque
3202 2398 3301 2467 qui
3328 2398 3538 2455 confu—

167 2458 439 2560 ξηνθτυηίι
484 2459 544 2509 εί
596 2455 871 2512 νίιῖδδίηιί
919 2457 1052 2514 facti
1098 2467 1233 2516 Sunt
1279 2460 1472 2533 (Εωοά-
1524 2479 1626 2533 VII.
1671 2484 1773 2522 886-
1890 2476 2108 2533 sionem
2157 2455 2401 2535 duarum
2446 2480 2506 2536 in
2546 2481 2776 2539 Christo
2828 2488 3162 2540 naturarum
3206 2489 3534 2560 praedicant,

205 2538 287 2560 ντη
332 2539 427 2560 ομ.
471 2556 586 2560 _-,-
624 2542 757 2560 μη
806 2545 846 2560 ,κ
943 2547 1038 2560 ...
1155 2549 1167 2560 .
1247 2553 1282 2560 -_
1393 2552 1405 2560 .
1561 2554 1589 2560 Α
1761 2557 1772 2560 _

166 2536 303 2605 LIX).
330 2539 427 2597 Sed
470 2556 591 2598 non
624 2542 986 2615 beneplacuit
1025 2548 1082 2603 in
1117 2549 1204 2605 eis
1244 2552 1504 2608 Domino.
1552 2554 1779 2623 Quare?

2564 2536 2571 2537 ,
2642 2536 2645 2537 ν
3206 2536 3534 2560 ,-_.---v_-.-,

1899 2566 2260 2624 admiserunt.
2309 2568 2412 2624 Sed
2457 2569 2713 2627 haeretici
2760 2580 3193 2642 permanserunt
3221 2575 3393 2631 aliam
3418 2576 3542 2632 ha:—

166 2627 391 2692 quoniam
432 2630 503 2685 ab
549 2632 809 2689 Ecclesia
847 2649 969 2692 sese
1014 2637 1305 2711 p‘ellentes,
1349 2650 1682 2700 erraverunt
1718 2645 1776 2701 in
1889 2655 2061 2710 resim
2120 2654 2445 2713 inferentes.
2495 2660 2642 2730 Ergo
2705 2627 2798 2715 his
2856 2663 3424 2720 connumerabuntur
3479 2671 3536 2720 et

165 2717 407 2815 minutio
431 2719 739 2793 inaquoso,
764 2724 961 2781 vinum
996 2728 1319 2801 spirituale,
1347 2733 1493 2803 quod
1528 2734 1778 2793 lzetiﬁcat
1891 2744 2024 2813 ipsi,
2068 2750 2336 2815 tanquam
2367 2717 2652 2803 versutam
2673 2761 2873 2804 vocum
2907 2750 3212 2806 novitatem
3245 2752 3304 2807 in
3328 2753 3543 2808 catho—

164 2803 297 2910 corda
332 2804 635 2910 hominum
675 2809 855 2910 (Psal:
879 2816 1037 2910 οφ),-
1053 2831 1172 2910 rion
1218 2819 1507 2910 habentes.
1555 2823 1777 2882 Rursus
1885 2803 2055 2888 licam
2095 2803 2404 2890 Ecclesiam
2438 2803 2763 2893 inferentes.
2789 2803 2866 2892 iEt
3335 2803 3536 2910 qui-ea

161 2896 310 2992 autem
336 2896 525 2992 eadem
560 2899 987 2992 deAsemetipsis
1019 2901 1158 2978 [Gr.,
1194 2908 1420 2985 iisdem]
1451 2919 1776 2971 asseverant
1885 2937 2010 2991 quae
2043 2935 2074 2977 a
2105 2923 2367 2992 patribus
2405 2924 2529 2980 suis
2570 2925 2863 2982 evidenter
2899 2926 3056 2984 dicta
3094 2896 3151 2983 et
3198 2896 3535 2985 facta-illu-

163 2978 293 3035 verbo
334 2986 569 3098 quidem
624 2988 934 3060 ﬁgurantes
979 2995 1283 3064 synodicas
1330 2978 1537 3056 sectari
1584 3002 1770 3074 legum
1804 3033 1853 3098 Ο
1883 2978 2035 3065 sbrie
2063 2978 2383 3068 adinvicem
2429 3018 2729 3077 enarrant;
2766 3015 2846 3071 ita
2874 3021 2931 3070 et
2964 3016 3064 3072 isti
3097 3030 3225 3087 qua:
3256 3018 3328 3073 ab
3357 3018 3540 3075 omni-

163 3068 424 3098 ΜρῖθῖΑ-υυ.
504 3076 657 3098 Αηιζ-
692 3084 872 3098 ---ι-..
907 3094 994 3098 φ-ν
1022 3095 1035 3098 Α
1091 3087 1104 3098 .
1200 3090 1211 3098 .
1267 3086 1305 3098 ε.
1601 3096 1608 3098 Α
1732 3092 1744 3098 -

163 3068 446 3181 positiones,
480 3073 660 3131 factis
689 3084 878 3134 autem
906 3087 1132 3154 negant,
1164 3090 1220 3140 et
1248 3086 1617 3146 dinumerant
1641 3068 1773 3147 uni-
1804 3068 1853 3098 υ
1880 3098 1989 3154 bus
2021 3098 2315 3156 manifeste
2336 3101 2622 3173 sciuntur,
2649 3103 2813 3159 docte
2837 3100 3022 3177 [more
3059 3104 3388 3181 doctorum]
3414 3106 3538 3177 opi-

161 3158 361 3215 νθτδ³¹θ⁸
382 3164 657 3232 Si'liodos.
691 3166 980 3225 dicentes:
1881 3192 2092 3244 nantur
2118 3187 2389 3259 proferre,
2430 3158 2765 3262 tradereque
2789 3158 3130 3263 scripturae;
3176 3195 3270 3250 sed
3298 3158 3524 3252 ridendi

541 3273 838 3339 Gregorius
881 3279 1159 3349 episcopus
1196 3282 1340 3350 legit.
1878 3277 2146 3332 omnibus
2195 3276 2329 3333 facti
2361 3285 2512 3334 sunt.
2552 3282 2618 3335 Et
2657 3295 2860 3336 rursus
2894 3295 3037 3337 vana
3064 3280 3531 3341 confabulatione

213 3391 233 3419 α
266 3373 583 3435 Secundum
634 3381 866 3450 quidem
914 3386 1159 3455 primum
1208 3404 1524 3449 sermonem
1575 3401 1769 3451 sancta
1880 3369 2103 3421 “tentes
2123 3365 2363 3421 dicunt:

160 3480 178 3506 δ
212 3456 331 3532 [Gr.,
355 3466 550 3524 Primo
584 3470 816 3539 quidem
847 3473 972 3531 loco
1005 3475 1219 3553 sancta]
1247 3485 1303 3535 et
1335 3483 1681 3540 universalis
1703 3498 1771 3541 ac
2297 3472 2584 3541 θνεθονίῑιε
2632 3475 2912 3543 episcopus
2961 3475 3120 3542 199“:

161 3566 179 3592 ι
211 3563 383 3655 magna
422 3557 707 3627 synodus,
739 3562 866 3630 quae
899 3565 1049 3633 apud
1094 3566 1337 3624 Nicazam
1378 3571 1659 3629 celebrata
1682 3578 1769 3631 est
1953 3598 1979 3630 ‹‹
2018 3579 2236 3635 Deinde
2266 3579 2619 3635 Chalcedone
2659 3593 2858 3651 magna
2896 3585 2955 3636 et
2998 3580 3401 3650 opinatissima
3445 3599 3535 3655 sy-

159 3656 176 3683 »
207 3640 297 3696 sub
314 3651 521 3701 sanctae
555 3649 847 3705 memoriae
873 3650 1251 3711 Constantino
1279 3658 1481 3731 Magno
1514 3662 1769 3732 impera—
1882 3685 1907 3717 »
1948 3667 2153 3737 nodus,
2207 3684 2332 3740 qua:
2368 3667 2476 3724 sub
2514 3640 2802 3724 Marcianvo
2844 3670 2960 3724 Deo
2996 3668 3231 3724 amabili
3272 3671 3532 3742 principe

160 3743 179 3769 ι
208 3730 481 3828 tor-emus:
503 3735 925 3804 impiissimum
946 3739 1147 3797 Arium
1174 3757 1207 3799 a
1229 3730 1569 3805 sacerdotali
1595 3730 1767 3822 depo-
1881 3775 1907 3805 »
1950 3730 2263 3813 concurrit
2290 3770 2532 3827 quaeque
2568 3756 2904 3813 Dioscorum
2943 3762 3000 3813 et
3048 3730 3333 3814 infelicem
3365 3730 3532 3832 Euty-

156 3832 176 3859 θ
207 3816 309 3872 suit
331 3820 641 3892 dignitate,
669 3837 734 3879 eo
766 3828 913 3896 quod
941 3829 1157 3887 diceret
1185 3839 1504 3893 creaturam
1538 3816 1767 3897 increa—
1881 3864 1906 3895 ››
1949 3845 2109 3900 ehem
2131 3816 2652 3916 anathematizavit,
2684 3846 3058 3914 praedicantes
3081 3859 3191 3902 non
3221 3846 3280 3902 in
3302 3816 3529 3905 duabus

159 3918 177 3946 ι
205 3908 309 4006 tum
352 3908 573 3966 Filium
616 3913 742 3984 Dei,
793 3916 892 3985 qui
947 3919 1462 3981 consubstantialis
1514 3927 1666 3983 Patri
1712 3935 1769 3986 et
1882 3952 1906 3982 »
1952 3934 2178 3989 naturis
2210 3938 2337 4003 post
2366 3908 2651 3988 summam,
2672 3908 2774 3988 Dei
2800 3933 2956 3988 verbi
2986 3935 3281 3990 unitatem.
3318 3952 3444 4006 qua:
3470 3938 3527 3993 in

154 4008 174 4036 ι
203 3990 423 4061 Spiritui
445 4006 671 4070 sancto,
693 4008 749 4057 et
767 4017 865 4072 per
879 4007 1071 4061 omnia
1094 4010 1269 4066 Unius
1286 4012 1484 4082 gloria:
1504 4028 1569 4071 ac
1592 4018 1769 4074 unius
1882 4040 1907 4071 υ
1950 3990 2327 4077 subsistentia
2354 4019 2502 4077 facta
2527 4027 2634 4089 est,
2668 4022 2926 4077 eumdem
2953 4026 3009 4076 et
3033 4037 3210 4079 unum
3237 4023 3526 4081 Christum

157 4096 175 4123 υ
205 4087 277 4135 est
302 4083 575 4144 honoris:
605 4104 730 4159 quae
760 4096 815 4146 et
839 4106 871 4149 a
896 4094 1011 4149 Deo
1040 4095 1281 4154 electum
1315 4096 1456 4174 [Gr.,
1485 4103 1765 4163 dictatum
1882 4128 1907 4159 »
1948 4115 2004 4165 et
2032 4110 2339 4165 Dominum
2363 4123 2492 4165 cum
2519 4083 2688 4165 carne
2709 4109 3052 4180 subsistere;
3086 4112 3181 4166 sed
3214 4125 3281 4167 ex
3306 4113 3531 4170 duabus

152 4184 173 4213 ε
204 4169 434 4269 salubris
474 4177 615 4233 ﬁdei
649 4185 857 4269 nostra:
895 4185 1140 4252 protulit
1177 4169 1517 4258 symbolum.
1558 4194 1767 4266 Sicque
1881 4218 1906 4249 »
1951 4200 2176 4255 naturis
2228 4199 2548 4255 unitionem
2589 4197 2816 4269 factam,
2857 4205 2913 4254 et
2968 4169 3136 4255 unam
3202 4202 3428 4257 mistam
3478 4208 3534 4258 et

154 4274 173 4300 π
203 4256 407 4318 demum
423 4271 660 4321 centum
682 4263 1052 4340 [Gr.,Deinde
1067 4256 1316 4351 centum]
1342 4256 1766 4354 quinquaginta
1880 4305 1905 4336 »
1944 4286 2239 4343 confusam
2285 4286 2557 4343 effectam.
2601 4287 2873 4342 Praeterea
2898 4292 2954 4342 et
2983 4302 3109 4357 qua:
3136 4289 3531 4347 Constantino-

156 4362 172 4385 η
209 4357 519 4410 sanctorum
561 4357 790 4413 Patrum
820 4360 920 4429 qui
958 4370 1346 4422 convenerunt
1376 4367 1437 4423 in
1469 4368 1574 4425 hac
1609 4372 1765 4444 regia
1801 4400 1852 4461 D
1878 4395 1904 4425 »
1940 4376 2054 4446 poli
2109 4376 2374 4433 convenit
2411 4381 2637 4431 centum
2688 4375 2981 4446 sexaginta
3027 4377 3284 4447 quinque
3313 4383 3536 4435 sancto-

156 4437 447 4461 nn-L-__L
488 4445 698 4461 #_s-,A
741 4447 800 4461 ηη
910 4449 925 4461 1
1004 4450 1016 4461 .
1092 4452 1103 4461 .
1318 4459 1323 4461 Α

154 4452 171 4477 ο
205 4437 325 4495 urbe
347 4442 455 4497 sub
487 4445 706 4513 majore
741 4447 1057 4507 Theodosio
1089 4452 1462 4523 imperatore:
1508 4474 1633 4530 qua:
1658 4437 1768 4519 hia-
1801 4437 1852 4461 υ
1880 4483 1905 4515 ››
1940 4437 2075 4520 rum
2121 4466 2349 4521 Patrum
2384 4464 2492 4521 sub
2519 4464 2847 4520 Justiniano
2888 4465 3033 4520 divae
3076 4466 3526 4523 recordationis:

153 4539 173 4567 δ
205 4525 485 4623 cedonium
522 4534 1096 4596 Pneumatomachum
1139 4541 1449 4618 damnavit,
1492 4525 1764 4620 tanquam
1878 4572 1904 4604 »
1945 4569 2070 4625 quae
2115 4554 2616 4610 anathematizavit
2654 4553 2974 4625 Origenem,
3004 4555 3104 4624 qui
3143 4559 3200 4609 et
3236 4554 3531 4611 Adaman-

154 4628 170 4654 ι
206 4612 256 4668 in
282 4621 713 4678 sanctissimum
737 4624 1016 4693 Spiritum
1045 4612 1549 4705 blasphemantem,
1572 4612 1630 4693 ei.
1649 4652 1763 4695 non
1879 4662 1903 4692 »
1942 4612 2062 4699 tius
2089 4643 2283 4699 dictus
2324 4647 2430 4714 est,
2466 4612 2792 4713 Evagriumv,
2826 4642 3152 4713 Didymum,
3203 4657 3334 4699 cum
3366 4658 3527 4717 paga-

154 4716 171 4743 ε
204 4713 310 4759 esse
336 4706 683 4767 homousion
719 4713 873 4769 Patri
898 4718 954 4769 et
981 4715 1131 4773 Filio
1162 4719 1338 4790 impie
1365 4723 1767 4795 dogmatizan-
1877 4750 1903 4782 »
1946 4732 2039 4787 nis
2066 4706 2632 4801 conscriptis'eoruin
2657 4748 2671 4802 ;
2699 4706 2871 4801 atque
2893 4706 3251 4787 Theodorum
3278 4706 3532 4803 Mopsue-

150 4806 170 4833 πυ
203 4796 547 4892 tem-ipsum
580 4814 808 4871 quoque
836 4804 1111 4862 salutaris
1137 4808 1269 4864 ﬁdei
1302 4817 1509 4868 nostra:
1529 4815 1769 4885 symbo-
1878 4839 1903 4871 ››
1946 4826 2192 4890 stenum,
2237 4796 2317 4875 θ(
2337 4796 2668 4875 Diodorum.
2699 4796 3097 4889 praiceptorem
3141 4796 3416 4892 Nestorii,
3440 4823 3529 4879 Se-

154 4894 170 4919 δ
204 4876 305 4935 lum
334 4883 514 4942 latius
551 4890 854 4963 expressit,
883 4893 1061 4949 Deum
1085 4896 1258 4952 etiam
1287 4903 1344 4955 et
1367 4876 1626 4959 sanctum
1652 4918 1768 4962 om-
1878 4929 1904 4960 »
1945 4923 2160 4978 verum,
2181 4876 2443 4977 'Petrum,
2476 4910 2737 4977 Zooram,
2765 4921 2895 4963 cum
2929 4908 3128 4977 impiis
3161 4910 3527 4981 dogmatibus

152 4984 170 5011 ⁵
202 4969 539 5039 “imm-8m
580 4976 865 5047 Spiritum
906 4981 1157 5041 ﬁrmans.
1194 5003 1221 5035 ››
1875 5019 1901 5050 κ
1943 4969 2177 5068 ροινιιηιξ
2224 5003 2280 5053 et
2335 4969 2539 5053 factam
2573 4969 3156 5070 [Gr.,dictamflba:
3200 4969 3523 5071 epistolam,

519 5084 864 5154 Epiphanius
894 5089 1155 5146 diaconus
1189 5094 1355 5161 legit,-
1875 5108 1901 5139 »
1945 5103 2070 5160 quae
2108 5086 2384 5143 scribitur
2430 5086 2500 5141 ad
2540 5085 2740 5140 Marim
2784 5085 3047 5140 Persam:
3090 5094 3299 5144 sancta:
3327 5092 3384 5143 et
3415 5102 3524 5143 ma-

199 5183 291 5240 iias
318 5195 551 5245 sanctas
592 5192 945 5250 universales
971 5197 1116 5254 duas
1150 5202 1396 5270 synodos
1436 5207 1605 5264 etiam
1646 5211 1764 5267 im-
1876 5196 1902 5227 ”
1946 5192 2067 5250 3m”
2107 5181 2324 5249 quam”
2356 5174 2559 5246 δΥΠοάί
2594 5175 2687 5244 βίίι
2735 5173 3116 5232 COPI‘ObOI'ans
3161 5178 3441 5249 dOgmata.
3493 5194 3519 5224 ››

154 5270 253 5361 plus
271 5280 481 5348 recepit
504 5282 819 5353 Nestorius,
844 5288 901 5340 et
921 5287 1020 5355 qui
1047 5289 1226 5357 partis
1249 5292 1375 5361 ejus
1393 5301 1555 5353 erant
1577 5298 1764 5357 haere-
2262 5283 2607 5355 Epiphanius
2649 5282 2911 5336 ἀίαθοηαδ
2962 5283 3090 5350 ιθθίδ
3113 5301 3131 5337 ³

152 5358 245 5456 iiii.
277 5367 351 5422 ita
375 5372 433 5424 et
456 5368 662 5424 horum
697 5368 946 5428 factiosa:
970 5376 1226 5433 cohortis
1255 5358 1506 5450 synodus
1536 5387 1637 5444 has
1664 5406 1761 5448 re-
1940 5394 2050 5449 Has
2080 5397 2305 5448 sanctas
2332 5395 2389 5446 et
2415 5388 2768 5445 universales
2810 5390 3074 5459 synodos,
3107 5393 3165 5443 et
3198 5387 3522 5458 praeceden-

152 5446 352 5553 ξίβῖθῐιει
385 5456 563 5512 aliam
590 5458 848 5514 hinl'esim
882 5462 1223 5537 introduxit,
1249 5446 1416 5539 aqua
1438 5475 1537 5543 qui
1563 5476 1760 5536 inten—
1871 5488 1953 5539 tes
1982 5497 2096 5553 eas,
2143 5483 2517 5551 susceperunt
2550 5478 2785 5550 Sergius
2827 5476 3513 5547 Constantinopolitanus,

151 5533 830 5614 duntei,Christianorum
859 5533 1303 5613 calumniatores
1321 5533 1598 5622 nominati
1621 5579 1757 5630 sunt
1856 5579 2037 5646 Cyrus
2084 5533 2535 5639 IAlexandrinus,
2580 5533 2868 5623 Honorius
2926 5566 3238 5632 Romanus,
3313 5569 3368 5619 et
3414 5563 3514 5632 qui
