4016 6168
412 236 517 296 394

1619 219 1637 238 ⁸
1657 243 2017 300 ANASTASII
2067 245 2614 302 BIBLIOTHECARII

3691 251 3779 310 392

419 361 573 416 circa
600 359 758 429 ipsos
776 363 914 416 sunt
943 373 1114 416 unam
1153 360 1500 418 voluntatem
1528 362 1588 418 in
1617 361 1846 418 Christo
1882 361 2076 416 dicen-
2100 365 2156 420 Α
2181 361 2412 417 choram
2457 369 2666 418 certam
2710 363 2993 418 catholica
3024 362 3276 419 Ecclesia
3319 363 3432 420 haec
3475 367 3712 438 dOgmata
3737 375 3782 426 et

413 456 520 506 tes.
561 449 665 506 Sed
709 453 773 504 ut
811 449 1066 506 haeretici
1117 450 1672 507 anathematizantur
1709 465 1741 506 a
1789 449 2070 506 catholica

415 539 688 607 Ecclesia,
722 553 820 609 per
853 538 1113 595 haeresim
1154 553 1315 595 suam
1353 553 1494 594 vana
1536 539 1850 608 loquentes.
1893 537 1986 592 Sic
2017 542 2073 592 et

418 627 518 683 isti
559 627 692 683 licet
723 633 780 682 et
809 628 912 683 has
937 632 1162 684 sanctas
1199 629 1444 698 synodos
1467 627 1794 698 admittant,
1843 630 2070 696 propter

418 715 680 772 haeresim
723 721 906 772 tamen
939 730 1096 772 suam
1134 715 1494 785 abjiciuntur
1515 729 1548 770 a
1571 715 1856 770 catholica
1885 713 2073 768 Eccle-

417 806 535 861 sia:
571 813 627 862 et
657 819 836 860 vanus
869 805 990 861 illis
1027 809 1112 860 est
1143 819 1314 874 super
1341 805 1446 860 hoc
1485 818 1692 874 sermo,
1723 807 1779 858 et
1823 802 2067 872 otiosus,

415 893 678 951 ac’nulla
709 895 1078 964 responsione
1107 893 1456 964 condignus;
1491 893 1762 963 quoniam
1794 891 1852 946 in
1879 889 2064 960 appel-

419 983 631 1039 latione
683 987 1006 1039 sanctarum
1039 983 1407 1052 synodorum,
1447 981 1539 1036 his
1567 980 1846 1036 resultant
1885 985 1942 1034 et
1979 977 2073 1033 ad-

416 1081 734 1129 versantur.
779 1072 926 1126 Etsi
970 1071 1199 1141 quidem
1254 1069 1581 1141 ignorantia
1634 1069 1742 1125 hoc
1794 1067 2068 1137 fecerunt,

418 1163 668 1220 amentia
709 1167 795 1217 est
842 1167 898 1218 et
947 1159 1484 1230 indisciplinatione
1529 1157 1788 1229 plenum:
1839 1157 1990 1228 quod
2022 1157 2070 1211 si

419 1253 687 1322 scienter,
717 1250 1008 1320 impietate
1027 1253 1085 1305 et
1113 1249 1266 1304 omni
1289 1247 1536 1303 absurda
1556 1247 1926 1303 conscientia.
1961 1245 2075 1300 Aut

419 1341 572 1397 enim
596 1339 896 1396 ostendant
924 1337 1092 1394 nobis
1119 1337 1395 1410 synodum
1419 1338 1809 1393 adversantem
1835 1335 2070 1406 synodo,

421 1430 538 1485 nisi
561 1428 706 1486 forte
731 1442 798 1485 ex
831 1428 954 1483 illis
991 1441 1117 1498 qua:
1140 1427 1402 1484 alienatae
1432 1431 1570 1482 sunt
1591 1438 1624 1480 a
1654 1424 1938 1480 catholica
1978 1425 2076 1478 Ec-

421 1519 617 1588 clesia,
637 1523 693 1574 et
711 1517 1222 1586 anathematizatae,
1247 1515 1740 1586 qummadmodum
1765 1517 1819 1568 et
1837 1527 2068 1570 eorum:

421 1613 524 1664 aut
569 1605 891 1677 probabiles
926 1610 1260 1676 sequantur,
1293 1608 1350 1660 et
1374 1609 1634 1672 sanctas;
1661 1606 1718 1658 et
1749 1615 1875 1672 quae
1905 1601 2074 1658 dimi-

2183 452 2400 521 recepit
2435 457 2492 507 et
2533 451 2803 522 signavit,
2847 458 3018 524 atque
3063 454 3265 509 horum
3316 455 3624 526 magisterio
3661 473 3784 528 Opus

2183 553 2295 598 non
2328 539 2512 595 habet.
2564 541 2770 596 Verum
2810 555 2938 596 cum
2969 541 3188 598 divinis
3225 543 3576 614 dogmatibus
3617 560 3783 604 eorum

2181 629 2350 686 etiam
2415 629 2766 686 venerabiles
2820 630 3096 704 imagines
3157 637 3498 702 receperunt,
3557 639 3608 689 et
3648 637 3786 694 cultu

2182 719 2425 790 quodam
2448 725 2504 774 et
2530 718 2743 776 honore
2767 720 2961 775 Patres
2978 719 3156 776 nostri
3181 720 3384 791 dignas
3400 721 3785 795 judicaverunt,

2181 813 2236 864 et
2264 809 2446 878 pictas
2471 814 2775 864 erexerunt
2799 821 2894 864 eas
2915 809 2974 863 in
3002 809 3424 866 venerabilibus
3447 811 3662 881 templis
3684 829 3790 884 qua:

2180 897 2250 954 ab
2279 897 2366 953 eis
2388 897 2666 953 aedificata
2692 903 2858 952 sunt:
2906 897 3000 952 sed
3037 903 3089 952 et
3136 897 3194 952 in
3221 898 3375 954 omni
3419 913 3658 970 congruo
3689 901 3794 960 loco

2179 985 2580 1057 depinxerunt,
2605 991 2662 1040 et
2687 985 2789 1040 has
2808 985 3054 1054 amplexi
3081 991 3233 1042 sunt.
3259 985 3372 1056 Ipsi
3397 991 3578 1042 autem
3599 1002 3792 1046 omnem

2181 1073 2436 1130 divinam
2479 1079 2757 1130 catervam
2803 1088 2997 1130 eorum
3044 1075 3438 1130 transcendere
3469 1090 3802 1149 praesumpse-

2185 1167 2340 1232 runt,
2378 1167 2436 1218 et
2463 1163 2736 1219 adversus
2780 1162 2884 1218 hos
2922 1162 3110 1218 sedem
3141 1176 3301 1220 suam
3333 1163 3666 1235 locaverunt,
3711 1181 3800 1222 su-

2185 1251 2508 1320 perbientes
2550 1251 2862 1308 secundum
2910 1257 3122 1322 patrem
3170 1252 3470 1320 mendacii,
3511 1253 3564 1308 id
3595 1259 3674 1309 est
3698 1254 3804 1309 dia-

2182 1338 2377 1396 bolum
2408 1358 2420 1394 :
2450 1346 2507 1396 et
2535 1345 2728 1396 sancta
2752 1341 3292 1411 coinquinaverunt,
3333 1341 3672 1412 injuriisque
3692 1341 3801 1397 alie-

2182 1434 2402 1499 cerunt,
2451 1434 2623 1500 atque
2672 1429 2792 1500 igni
2843 1429 3270 1485 mandaverunt.
3321 1429 3368 1486 Ο
3435 1435 3797 1502 argumentum
3887 1449 3892 1455 ’

2187 1513 2494 1591 [facinus],
2545 1531 2578 1573 o
2615 1518 2884 1574 audacem
2910 1517 3290 1574 dementiam!
3343 1518 3582 1574 Recedat
3628 1532 3802 1575 sensus

2182 1619 2400 1678 eorum,
2441 1611 2496 1661 et
2543 1611 2730 1675 parcet
2771 1605 2982 1676 populo
3024 1620 3130 1662 suo
3154 1606 3435 1663 Dominus
3467 1607 3538 1662 ab
3583 1606 3680 1662 hac
3706 1620 3808 1662 cor-

423 1701 624 1754 serunt
652 1695 712 1752 in
751 1695 1025 1766 Ecclesia,
1059 1699 1115 1750 et
1145 1693 1242 1750 isti
1277 1693 1616 1775 suscipiant.
1665 1693 1733 1746 Et
1763 1691 1813 1747 si
1841 1689 2068 1760 quidem
2101 1679 2150 1740 B
2185 1695 2439 1765 ruptrice
2466 1695 2688 1750 malitia
2714 1709 2942 1752 eorum:
2980 1696 3190 1766 fiatque
3213 1702 3276 1751 ut
3304 1709 3503 1752 omnes
3527 1697 3624 1766 qui
3645 1695 3814 1752 catho-

423 1785 779 1856 susceperint
827 1783 1178 1840 venerabiles
1221 1783 1436 1852 iconas,
1483 1781 1824 1837 catholicam
1873 1778 2075 1835 Eccle-

425 1875 570 1932 siam
608 1879 918 1937 sectantur,
950 1877 1146 1942 utpote
1173 1886 1206 1927 a
1249 1871 1465 1928 sanctis
1502 1885 1600 1926 sex
1649 1867 2074 1926 universalibus

425 1969 718 2034 susceptas
742 1963 994 2034 synodis.
1023 1962 1081 2017 Si
1113 1975 1244 2018 vero
1275 1975 1385 2016 non
1417 1964 1709 2016 sectantur
1733 1957 2074 2014 catholicam

423 2053 755 2123 Ecclesiam,
795 2065 956 2108 nemo
989 2051 1120 2107 illos
1147 2050 1346 2106 audiet
1366 2063 1477 2106 non
1503 2051 1803 2119 sequentes
1839 2047 1952 2102 Deo
1979 2046 2076 2102 do-

426 2141 658 2199 cibilem
689 2140 1079 2197 traditionem.

853 2265 1143 2332 Gregorius
1173 2265 1450 2333 episcopus
1477 2262 1603 2329 legit
1628 2279 1645 2314 :

501 2393 529 2424 «
567 2371 850 2427 Similiter
876 2373 934 2426 et
956 2383 1021 2425 ea
1063 2383 1189 2439 qua:
1219 2366 1573 2437 temporibus
1598 2364 1958 2421 Constantini
1989 2363 2069 2433 pii

432 2478 456 2509 υ
501 2458 784 2528 principis
811 2458 868 2513 in
903 2458 1004 2513 hac
1051 2471 1085 2512 a
1107 2459 1222 2512 Deo
1245 2455 1627 2512 conservanda
1675 2452 1816 2508 urbe
1846 2457 2072 2508 centum

431 2565 457 2596 ››
500 2546 861 2618 septuaginta
913 2549 1238 2601 sanctorum
1295 2545 1523 2599 Patrum
1590 2540 1888 2608 convenit;
1949 2554 2075 2610 qua:

431 2653 456 2684 »
489 2634 989 2691 anathematizavit
1047 2637 1102 2688 et
1166 2632 1446 2702 abiectum
1519 2629 1657 2686 fecit
1715 2629 2073 2685 Theodorum

431 2745 456 2774 υ
490 2721 958 2792 Pharanitanum,
1002 2722 1211 2792 Cyrum
1253 2718 1728 2788 Alexandrinum,
1759 2716 2071 2774 Honorium

430 2831 456 2861 ››
490 2813 826 2880 Romanum,
879 2810 1160 2882 Sergium,
1224 2809 1485 2878 Paulum,
1539 2807 1819 2879 Pyrrhum
1862 2810 1918 2862 et
1967 2806 2077 2860 Pe—

431 2922 456 2952 »
489 2907 662 2972 trum,
699 2899 798 2972 qui
821 2899 916 2956 hic
941 2899 1212 2970 praesules
1241 2898 1620 2966 exstiterunt;
1650 2895 2075 2964 Macariumque

2184 1783 2352 1840 licam
2379 1789 2670 1840 sectantur
2697 1783 2716 1855 [
2740 1788 2858 1848 (ἔφη,
2891 1797 3088 1840 omnes
3128 1785 3279 1840 cath.
3313 1785 3628 1854 sectentur]
3655 1784 3812 1840 Eccle-

2185 1873 2348 1946 siam,
2397 1873 2680 1942 recipiant
2713 1874 3071 1945 evangelicas
3109 1873 3388 1944 picturas,
3433 1879 3491 1930 et
3514 1873 3814 1944 martyrieo-

2185 1975 2310 2017 rum
2337 1961 2712 2018 certaminum
2745 1960 3148 2031 formationes;
3181 1965 3236 2018 et
3269 1962 3375 2018 has
3399 1961 3812 2032 amplectantur,

2185 2051 2660 2120 quemadmodum
2708 2047 3265 2120 antiquitus'sancta
3299 2051 3404 2106 Dei
3429 2049 3676 2106 Ecclesia
3699 2064 3814 2105 sus-

2183 2139 2354 2209 cepit.
2386 2138 2586 2195 Adhuc
2611 2144 2800 2196 autem
2823 2153 2927 2195 sua
2953 2139 3361 2196 continuantes
3379 2138 3626 2195 artificia
3649 2137 3818 2194 taliter

2186 2228 2553 2284 maledicunt.

2609 2337 2900 2404 Gregorius
2930 2337 3210 2406 episcopus
3237 2336 3372 2404 legit
3394 2355 3411 2390 :

2262 2481 2288 2512 «
2328 2461 2463 2530 Qua:
2501 2475 2630 2518 cum
2677 2460 2858 2518 multo
2895 2461 3092 2517 studio
3116 2466 3172 2516 et
3201 2465 3456 2518 tractatu
3481 2465 3667 2522 ethos
3696 2457 3825 2528 aspi-

2186 2565 2212 2598 ››
2255 2550 2476 2606 ratione
2533 2549 2716 2606 sancti
2768 2549 3024 2620 Spiritus
3087 2550 3491 2606 examinantes
3549 2555 3605 2605 et
3646 2560 3826 2620 cogno-

2187 2656 2213 2688 ι)
2253 2644 2493 2710 scentes,
2523 2639 2847 2694 invenimus
2871 2639 2928 2694 in
2957 2639 3146 2708 ipsum
3172 2639 3732 2709 opportunissimum
3756 2648 3829 2690 sa-

2187 2745 2214 2777 »
2256 2727 2399 2784 lutis
2447 2733 2654 2786 nostra:
2707 2729 2932 2799 dogma,
2981 2727 3036 2784 id
3097 2732 3183 2784 est
3229 2727 3294 2784 in
3358 2727 3823 2799 dispensationem

2189 2835 2213 2866 υ
2253 2817 2492 2884 Christi,
2522 2817 2788 2872 illicitam
2817 2815 3099 2885 pictorum
3118 2819 3301 2872 artem
3331 2816 3826 2886 blasphemantem,

2189 2923 2214 2955 ι)
2255 2909 2311 2960 et
2335 2905 2751 2961 subvertentem
2779 2903 3001 2959 easdem
3027 2909 3256 2960 sanctas
3282 2910 3342 2961 et
3372 2903 3722 2961 universales
3743 2914 3828 2956 sex

431 3009 455 3040 υ
486 2989 925 3060 Antiochenum,
971 2993 1029 3044 et
1045 2988 1392 3058 Stephanum
1417 2985 1772 3056 discipulum
1816 2984 1977 3054 ejus:
2011 2996 2061 3039 et

2189 3011 2215 3044 ιν
2255 2995 2500 3066 synodos
2517 2993 2806 3050 divinitus
2839 2995 3107 3050 collectas
3135 2998 3192 3049 et
3213 2993 3560 3064 inspiratus.
3608 3011 3632 3042 υ

430 3097 455 3129 ››
497 3078 647 3149 quod
699 3078 956 3134 dicerent
994 3091 1163 3134 unam
1212 3075 1560 3132 voluntatem
1613 3079 1670 3130 et
1689 3071 2074 3144 Operationem

429 3186 455 3218 ι)
495 3167 554 3223 in
577 3166 803 3224 duabus
827 3165 1005 3224 unius
1025 3165 1242 3222 Christi
1273 3165 1374 3220 Dei
1403 3163 1586 3220 nostri
1621 3161 1866 3218 naturis.
1902 3179 1929 3210 ››

813 3291 1156 3361 Epiphanius
1195 3289 1457 3342 diaconus
1513 3287 1680 3355 legit:

489 3406 591 3462 llis
615 3404 966 3462 ratiunculis
1008 3403 1206 3461 nullus
1237 3406 1324 3459 est
1357 3400 1726 3459 refutationis
1764 3413 1950 3456 sermo
1979 3413 2070 3456 ne-

418 3495 723 3564 cessarius,
749 3507 815 3550 eo
845 3494 994 3564 quod
1023 3493 1142 3548 sint
1167 3492 1286 3546 hinc
1329 3490 1602 3560 superius
1629 3487 1942 3544 confutata.
1974 3489 2070 3544 So-

420 3583 700 3652 phismate
727 3587 916 3636 autem
949 3577 1185 3650 profano
1222 3581 1450 3633 sanctas
1483 3577 1730 3647 synodos
1761 3575 1968 3636 iterum
2005 3575 2064 3630 in

417 3671 668 3728 medium
717 3667 980 3735 afferunt,
1026 3667 1104 3722 ita
1127 3666 1419 3722 dicentes:

839 3793 1127 3860 Gregorius
1149 3790 1426 3860 episcopus
1467 3789 1628 3856 legit:

487 3921 514 3952 «
555 3903 696 3970 Ipsa:
740 3898 923 3970 igitur
959 3900 1167 3952 sanctae
1213 3900 1270 3950 et
1313 3893 1665 3952 universales
1711 3907 1808 3949 sex
1856 3891 2055 3963 synodi

416 4009 441 4038 »
477 3989 569 4058 pie
586 4001 651 4043 ac
678 3989 792 4042 Deo
821 3985 1178 4056 placabiliter
1205 3986 1472 4072 dogmata
1497 3981 1873 4038 immaculata:
1901 3981 2060 4036 Chri-

414 4096 440 4128 ››
471 4077 788 4132 stianorum
827 4075 956 4131 fidei
1001 4078 1362 4144 exponentes,
1404 4069 1471 4126 et
1499 4071 1732 4126 traditis
1769 4069 2058 4125 divinitus

411 4187 437 4217 »
469 4165 794 4238 Evangeliis
815 4163 1067 4233 imbutae,
1092 4177 1261 4220 unam
1288 4159 1723 4219 subsistentiam
1746 4159 1806 4214 in
1827 4157 2054 4214 duabus

410 4276 436 4307 ι)
480 4255 705 4312 naturis
741 4259 797 4310 et
837 4251 1232 4310 voluntatibus
1273 4257 1330 4306 et
1366 4246 1798 4320 Operationibus
1837 4247 1896 4302 in
1937 4259 2052 4302 uno

411 4365 434 4395 »
464 4345 695 4402 Christo
737 4344 980 4400 Domino
1017 4347 1214 4416 nostrp
1269 4345 1326 4395 et
1368 4340 1447 4394 De

407 4456 432 4484 υ
470 4436 644 4492 unius
667 4433 1034 4505 ejusdemque
1067 4429 1344 4486 miracula
1379 4431 1438 4484 et
1469 4426 1763 4498 passiones
1804 4427 2048 4482 existere

406 4545 431 4573 υ
462 4525 800 4582 docuerunt.
838 4533 874 4574 η’

792 4627 1134 4698 Epiphanius
1180 4625 1443 4680 diaconus
1491 4623 1651 4691 legit:

470 4737 517 4792 Ο
543 4735 845 4790 elationem
883 4741 938 4790 et
973 4746 1202 4789 sensum
1250 4727 1820 4804 arrogantissimum!
1863 4728 2036 4798 Quasi

400 4825 721 4895 imperitam
751 4829 808 4879 et
839 4822 1166 4880 divinorum
1199 4821 1528 4893 dogmatam
1563 4819 1820 4891 ignaram
1859 4817 2044 4872 Eccle-

397 4914 542 4970 siam
585 4913 786 4968 docere
830 4912 1116 4981 nituntur,
1168 4910 1262 4966 cui
1313 4909 1589 4964 nimirum
1643 4905 2036 4962 testimonium

397 5000 750 5073 perhibetur,
783 4999 933 5070 quod
957 4998 1112 5055 omni
1143 4997 1425 5068 sapientia
1455 4996 1616 5066 plena
1639 4995 1718 5051 sit
1743 5012 1754 5047 :
1778 4993 2041 5064 quemad-

397 5090 626 5145 modum
666 5102 864 5158 magna
906 5101 1039 5144 voce
1081 5085 1389 5156 spiritibus
1430 5083 1768 5140 exclamavit
1802 5081 2038 5137 divinus

393 5177 720 5248 Apostolus,
752 5176 851 5246 qui
881 5175 1024 5232 hanc
1053 5173 1425 5232 sacramentis
1454 5171 1684 5238 imbuit,
1729 5170 1930 5226 dicens
1967 5169 2036 5224 de

395 5267 531 5323 illa:
585 5268 653 5322 Ut
697 5267 997 5319 innotescat
1033 5263 1430 5333 principalibus
1450 5265 1500 5314 et
1533 5259 1894 5329 potestatibus
1936 5273 2038 5325 per

391 5356 685 5410 Ecclesium
723 5354 1073 5420 multiformis
1097 5353 1366 5420 sapientia
1405 5351 1503 5402 Dei
1529 5348 1742 5417 (Ephes.
1779 5347 1883 5416 In).
1912 5348 2033 5402 Non

393 5445 574 5518 igitur
600 5447 748 5499 recte
767 5441 1190 5512 judicaverunt,
1222 5439 1317 5494 sed
1359 5437 1534 5492 nimis
1561 5435 1879 5506 periculose
1910 5449 2034 5506 qua:

395 5548 505 5590 non
531 5536 870 5606 quaeruntur
892 5529 951 5586 in
983 5527 1232 5585 medium
1273 5525 1635 5583 deducentes.
1665 5524 1735 5582 Ut
1759 5525 1910 5583 enim
1940 5537 2036 5582 an-

2461 3096 2467 3102 ’
2574 3103 2916 3173 Epiphanius
2969 3101 3232 3155 diaconus
3284 3101 3456 3169 legit:

2253 3226 2323 3280 Et
2355 3225 2612 3282 studium
2643 3230 2696 3282 et
2745 3228 3022 3281 tractatus
3049 3223 3219 3280 etiam
3257 3223 3321 3278 in
3360 3223 3538 3288 malo,
3585 3219 3831 3292 quemad-

2183 3315 2413 3370 modum
2443 3315 2708 3372 studebat
2737 3319 2794 3370 et
2818 3312 3096 3369 tractabat
3119 3325 3247 3368 cum
3276 3311 3634 3382 Achitophel
3655 3313 3831 3366 contra

2181 3408 2396 3472 patrem
2426 3417 2593 3460 suum
2624 3402 2985 3470 Abessalom;
3019 3401 3104 3457 sic
3140 3406 3196 3456 et
3220 3400 3342 3470 ipsi
3385 3403 3595 3457 contra
3629 3400 3834 3455 sanctos

2176 3493 2402 3548 Patres:
2428 3495 2484 3546 et
2501 3497 2564 3546 ut
2591 3490 2892 3546 videbatur
2909 3488 3103 3545 Achab
3127 3501 3194 3543 ex
3222 3489 3438 3544 divina
3470 3485 3833 3558 inspiratione

2177 3581 2795 3651 pseudoprOphetarum
2821 3580 2976 3635 dicta
2999 3579 3334 3650 suscipere;
3361 3579 3463 3634 sed
3492 3583 3552 3634 et
3579 3579 3685 3633 iste
3705 3573 3836 3630 frau-

2171 3669 2341 3724 datus
2365 3675 2450 3724 est
2479 3683 2578 3739 spe
2600 3667 2677 3740 (II
2702 3671 2829 3735 Reg.
2857 3681 2954 3736 xv,
2986 3681 3106 3730 xw,
3145 3667 3317 3740 xvn).
3347 3667 3454 3722 Ait
3499 3672 3690 3723 autem
3724 3665 3840 3717 Pro-

2171 3757 2486 3814 verbiator:
2536 3757 2677 3812 Sunt
2713 3759 2814 3811 viae
2850 3772 2971 3826 quae
3023 3755 3288 3811 videntur
3337 3759 3467 3810 viro
3517 3759 3673 3810 rectae
3715 3765 3832 3810 esse,

2169 3848 2458 3900 novissima
2477 3850 2654 3900 tamen
2675 3861 2862 3899 carum
2885 3848 3134 3912 mergunt
3172 3844 3232 3897 in
3249 3845 3620 3914 profundum
3646 3839 3838 3909 inferni

2166 3931 2340 4003 (Ρνου.
2397 3933 2534 4008 xxv).
2585 3933 2742 3988 Talia
2795 3938 2852 3988 et
2891 3932 2988 3987 isti
3040 3931 3192 4001 passi
3243 3939 3430 3989 sunt:
3484 3933 3702 4003 quippe
3744 3925 3834 3997 qui

2169 4023 2432 4092 passione
2463 4023 2682 4078 homini
2718 4021 2928 4092 placita
2979 4021 3129 4092 [Gr.,
3164 4021 3530 4078 hominibus
3558 4013 3836 4092 placendi]

2166 4111 2442 4182 superati,
2488 4124 2556 4166 ex
2608 4111 2839 4181 proprio
2870 4114 3063 4165 ventre
3113 4107 3357 4182 profati,
3409 4116 3686 4181 putantes
3724 4104 3838 4176 qui-

2162 4199 2288 4256 dem
2331 4201 2454 4256 vias
2501 4213 2636 4256 suas
2683 4205 2886 4270 rectas,
2923 4198 2984 4254 in
3035 4198 3311 4268 laqueum
3367 4205 3574 4256 autem
3638 4193 3835 4253 inferni

2160 4287 2489 4344 obedientes
2511 4287 2626 4344 sibi
2651 4287 3006 4359 demergunt.
3034 4285 3342 4356 Quomodo
3365 4287 3532 4342 enim
3569 4287 3630 4341 in
3660 4285 3831 4354 ipsum

1451 4352 1484 4394 o
1548 4335 1910 4394 tradiderunt
1939 4353 1954 4405 ;
1995 4339 2052 4390 et
2074 4364 2125 4425 Β
2164 4335 2488 4390 "'“‘""",'
2512 4335 2626 4388 1'"
2653 4335 3005 4388 *πη-οῖ--ν-
3042 4335 3338 4386 vin-vn
3819 4369 3831 4380 .

1469 4426 1759 4447 “·--²λ-·--
1808 4427 2046 4447 Α--ε-ιι--Α
2158 4382 2730 4447 οβρθηΠΠΙδδιῘΠῘ-ΠΠς
2767 4381 2831 4432 nt
2871 4379 3057 4445 alunt,
3101 4374 3590 4444 dispensauoms
3629 4373 3836 4429 Chﬂsu

2157 4467 2491 4536 mysterium
2532 4465 2846 4537 imaginum
2886 4462 3062 4520 factio
3085 4477 3118 4518 a
3155 4463 3392 4533 pictore
3416 4463 3578 4520 facta
3608 4475 3707 4520 ore
3732 4459 3838 4515 bla-

2154 4554 2388 4624 sphemo
2413 4553 2701 4610 refertur?
2735 4553 2820 4609 vel
2867 4553 3152 4622 quomodo
3189 4551 3421 4610 iterum
3470 4557 3710 4609 sanctas
3745 4559 3836 4604 sex

2152 4643 2505 4700 universales
2527 4641 2773 4714 synodos
2798 4641 3079 4712 pictorum
3113 4653 3208 4695 ars
3252 4642 3524 4712 spernit,
3559 4646 3618 4696 et
3645 4641 3836 4710 prater

2149 4732 2498 4789 voluntatem
2523 4743 2717 4786 earum
2744 4729 2802 4785 in
2827 4728 3090 4785 ecclesiis
3114 4733 3253 4784 sunt
3283 4728 3598 4802 imagines
3622 4726 3812 4799 posita:
3829 4763 3842 4789 ,

2148 4834 2278 4876 cum
2316 4819 2489 4876 iidem
2534 4819 2647 4889 ipsi
2687 4817 2874 4874 divini
2920 4819 3114 4872 Patres
3150 4817 3349 4872 nostri
3383 4817 3754 4874 didascalice
3776 4825 3835 4867 ac

2146 4907 2470 4964 voluntarie
2493 4906 2822 4977 expressius
2837 4905 3203 4975 explanantes
3223 4905 3462 4961 salutis
3488 4911 3706 4962 nostrae
3733 4915 3834 4972 my-

2147 4996 2406 5066 sterium,
2441 4995 2500 5050 in
2527 4993 2952 5050 venerabilibus
2987 4991 3218 5062 templis
3245 4991 3699 5064 figuraverunt,
3724 4995 3836 5046 arte

2148 5084 2429 5155 pictorum
2459 5082 2572 5151 usi,
2597 5087 2653 5138 et
2682 5095 2792 5136 non
2826 5087 2890 5137 ut
2919 5081 3018 5136 isti
3047 5079 3308 5136 fatentur
3329 5082 3362 5134 ‘l
3389 5081 3551 5151 Quis
3575 5079 3832 5137 sacratis-

2147 5172 2423 5228 simorum
2449 5171 2677 5226 Patrum
2704 5175 3030 5226 nostrorum
3059 5168 3116 5224 in
3146 5168 3348 5238 ipsum
3400 5166 3836 5240 opportunissi-

2145 5274 2298 5316 mum
2329 5260 2532 5332 dogma
2563 5257 2770 5315 salutis
2795 5263 3020 5328 nostrae,
3057 5257 3112 5313 id
3141 5261 3226 5312 est
3252 5256 3318 5310 in
3343 5257 3588 5314 Christi
3614 5259 3835 5326 dispen-

2143 5349 2440 5417 sationem,
2492 5347 2758 5402 illicitam
2806 5345 3198 5416 pronuntiavit
3235 5344 3562 5412 pictorum
3609 5341 3834 5404 artem?

2142 5437 2299 5506 Quod
2326 5436 2478 5492 enim
2505 5435 2638 5508 quis
2662 5435 2928 5505 suscipit,
2959 5434 3015 5490 id
3053 5433 3405 5504 vituperare
3437 5449 3562 5491 non
3592 5435 3828 5505 patitur.

2143 5525 2326 5597 Igitur
2343 5523 2602 5594 desipere
2627 5523 2839 5594 sciunt,
2868 5521 2963 5580 sed
2988 5535 3100 5580 non
3120 5521 3556 5582 demonstrare
3575 5522 3685 5581 illa
3716 5533 3832 5595 quae
