4010 6160
162 254 240 312 393
918 245 1464 304 INTERPRETATIO
1505 243 1751 299 SYNODI
1785 241 1874 297 VII
1911 242 2309 303 GENERALIS.
2328 279 2402 289 —
2425 250 2624 305 ACTIO
2652 253 2738 306 Vl.

3430 248 3537 307 394

162 381 429 451 desipiunt.
480 380 554 435 Ut
595 379 748 435 enim
802 383 1057 448 apparet,
1102 375 1368 431 arbitrati
1409 378 1563 443 sunt,
1616 370 1818 443 quod:

1931 380 2335 436 rehensibilis:
2388 384 2481 438 sed
2520 382 2930 439 humanitatem
2966 382 3111 458 [Gr.,
3157 388 3253 441 sed
3279 387 3537 442 circum-

164 484 286 527 nemo
342 476 618 542 agnoscat
689 467 923 524 verbum
991 480 1088 522 eos
1147 466 1408 521 veritatis
1485 462 1766 518 fraudare.

163 560 326 617 Omnes
354 558 590 629 quidem
623 556 915 613 manuales
944 560 1097 611 artes
1127 568 1252 625 quae
1282 567 1313 608 a
1346 551 1592 608 consilio
1626 564 1779 606 man-

161 650 379 706 datorum
422 646 524 701 Dei
565 645 878 712 declinant,
912 643 1250 713 abjiciendae
1282 646 1452 697 sunt:
1488 654 1613 710 quae
1646 653 1776 696 vero

162 737 283 792 itase
303 748 411 790 non
445 733 787 805 habent,sed
820 732 887 787 ad
911 732 1084 787 vitam
1111 734 1361 787 nostram
1385 742 1494 785 non
1537 726 1778 785 inutiles

160 838 251 880 esse
291 823 626 893 probantur,
670 820 820 876 nihil
874 819 1141 875 indecens
1186 818 1414 889 habent,
1459 830 1643 888 neque
1677 815 1779 870 has

160 911 305 969 sancti
337 916 527 981 patres
546 908 726 965 nostri
751 912 1095 978 respuerunt
1122 906 1207 961 vel
1230 906 1576 976 abiecerunt.
1603 905 1778 960 Porro

163 1001 199 1057 si
236 999 472 1069 picturae
500 1002 623 1052 arte
654 996 713 1051 in
746 994 984 1067 efﬁgiem
1033 993 1422 1065 turpitudinis
1471 992 1605 1063 quis
1638 1005 1779 1047 usus

160 1086 324 1157 fuerit,
356 1085 678 1156 respuenda
725 1088 782 1140 et
812 1084 983 1140 noxia
1012 1089 1135 1139 est:
1181 1086 1384 1153 utputa
1432 1081 1482 1136 si
1530 1078 1782 1151 pinxerit

160 1176 267 1247 quis
302 1175 517 1247 ﬁguras
558 1172 1035 1243 meretriculares,
1070 1171 1190 1227 sive
1218 1168 1560 1240 spectacula,
1597 1166 1785 1223 infra—

162 1271 373 1334 ctusque
402 1262 757 1331 saltatorios,
797 1266 854 1317 et
882 1260 1165 1316 circorum
1197 1258 1488 1327 visiones;
1519 1261 1575 1312 et
1605 1256 1786 1328 quid-

1887 469 2139 538 scriptus
2167 471 2480 526 secundum
2523 470 2968 547 humanitatem]
2995 492 3009 542 ;
3042 488 3110 529 ex
3135 472 3358 529 duabus
3382 474 3533 529 enim

1886 559 2111 614 naturis
2143 559 2402 615 novimus
2420 560 2736 624 Christum,
2769 567 2824 616 et
2847 562 2903 616 in
2935 562 3162 618 duabus
3187 562 3413 617 naturis
3437 562 3537 616 in-

1882 648 2086 716 divise,
2114 648 2169 704 id
2193 654 2296 718 est,
2325 649 2522 705 divina
2545 655 2600 705 et
2624 651 2888 706 humana.
2917 650 3035 705 Una
3060 663 3193 722 ergo
3217 650 3538 705 incircum—

1886 737 2117 806 scripta,
2138 741 2194 791 et
2213 751 2323 793 una
2345 737 2783 809 circumscripta
2806 739 2863 794 in
2890 753 3003 795 uno
3027 738 3256 794 Christo
3277 738 3531 795 videtur:

1887 830 1943 881 et
1966 826 2151 898 imago
2177 840 2287 881 non
2319 826 2631 882 secundum
2658 826 3036 883 substantiam
3060 826 3543 897 principali‘assi-

1890 922 2147 992 milatur,
2191 920 2285 976 sed
2319 923 2539 974 tantum
2572 918 2883 974 secundum
2916 928 3118 972 nomen
3147 920 3204 971 et
3227 915 3540 971 secundum

1892 1012 2233 1082 positionem
2287 1008 2668 1065 membrorum
2718 1007 3111 1079 ﬁguratorum.
3162 1007 3356 1076 Neque
3389 1004 3539 1060 enim

1895 1100 2200 1173 imaginem
2247 1099 2381 1170 quis
2419 1097 2678 1153 scribens
2708 1095 2963 1151 hominis
3000 1094 3271 1164 alicujus,
3295 1092 3544 1148 animam

1895 1190 1955 1245 in
1994 1189 2241 1262 imagine
2289 1187 2531 1259 quaerit:
2579 1184 2893 1256 pmsertim
2921 1197 3050 1239 cum
3094 1180 3418 1238 diﬁ‘erentia
3450 1180 3549 1235 in—

1893 1276 2302 1347 comparabilis
2348 1276 2427 1331 sit
2455 1276 2659 1331 anima:
2687 1272 2940 1329 hominis
2968 1277 3023 1327 et
3063 1270 3274 1326 divina:
3306 1274 3543 1327 naturae.

161 1352 272 1422 quid
312 1351 475 1407 aliud
509 1348 828 1436 hisﬁimile
858 1347 929 1404 ab
958 1352 1082 1403 arte
1112 1346 1295 1436 “13f”:
1327 1345 1567 1436 metqu
1596 1343 1787 1436 ΨῐῬίθ
1895 1343 2040 1422 Nam
2082 1366 2183 1421 illa
2227 1365 2457 1436 quidem
2492 1364 2739 1420 increata
2762 1367 2866 1422 est,
2900 1366 2954 1416 et
2983 1359 3297 1429 conditrix,
3341 1362 3398 1413 et
3427 1357 3552 1415 sine

161 1447 228 1496 εει
249 1439 578 1495 δάίηνθῐηίο
610 1434 813 1512 [turpe
840 1433 1235 1525 Maenium}
1270 1433 1342 1490 Αί
1363 1448 1494 1490 vero
1522 1433 1572 1489 εί
1609 1432 1789 1525 indu"
1897 1460 2179 1525 tempore:
2226 1432 2337 1510 ista
2362 1468 2490 1509 vero
2524 1458 2711 1508 creata
2740 1457 2797 1507 et
2834 1448 3187 1519 temporalis,
3231 1452 3288 1503 et
3324 1446 3395 1502 ab
3428 1447 3553 1517 ipsa

163 1529 409 1585 striorum
428 1527 688 1582 virorum
705 1526 853 1581 vitas
874 1532 930 1580 et
951 1524 1386 1594 martyricorum
1409 1520 1788 1578 certaminum
1898 1520 2149 1599 condita.
2182 1544 2251 1597 Et
2276 1542 2472 1598 nullus
2506 1540 2818 1611 aliquando
2848 1538 2987 1594 bene
3018 1536 3389 1594 sentientium
3429 1536 3553 1592 visa

164 1618 465 1686 ηίλίίοηθδν
497 1622 555 1671 et
583 1615 786 1671 horum
821 1612 1481 1703 ηπτειηάειξίρξεεὶορθεν
1514 1617 1569 1667 et
1598 1607 1789 1703 φθείξί
1822 1694 1871 1703 _
1902 1633 2158 1688 hominis
2180 1632 2429 1703 imagine
2451 1607 2746 1702 c0gitavit,
2771 1628 2920 1699 quod
2945 1623 3239 1697 separetur
3256 1639 3354 1696 per
3380 1625 3555 1696 picto—

163 1709 243 1763 Dei
270 1711 324 1763 et
354 1705 673 1762 Salvatoris
703 1703 884 1759 nostri
923 1704 1054 1758 Jesu
1098 1701 1313 1758 Christi
1342 1699 1793 1771 dispensationis
1822 1694 1876 1755 B
1904 1735 2020 1777 rem
2055 1721 2221 1776 homo
2263 1694 2334 1775 af,
2381 1694 2591 1775 anim}.
2624 1694 2744 1774 Νοιί
2775 1694 2806 1773 έ
2851 1717 2928 1771 im
2968 1694 3326 1773 εδιηωηιοδο
3363 1694 3558 1770 anima

173 1795 485 1866 mysterium
530 1794 765 1865 pingere
795 1791 1168 1860 voluerimus,
1214 1794 1338 1847 tum
1385 1790 1669 1860 pictorum
1701 1787 1793 1845 usi

1931 1810 2167 1865 privatur
2202 1808 2408 1879 imago,
2435 1808 2530 1863 sed
2557 1812 2614 1862 et
2648 1807 2771 1877 ipsa
2803 1805 3124 1862 substantia
3155 1803 3436 1875 corporis,
3461 1803 3559 1859 vi—

175 1885 419 1979 δῗῖίῧθίίλ
469 1882 830 1979 ίηνθηρίθωωξ
858 1880 1019 1979 “me
1049 1885 1199 1979 ξ’ξθθίθ
1227 1878 1799 1979 οβθιἯηίθξχΕίθηίΠι
1906 1878 2114 1953 delicet
2142 1878 2433 1966 carnibus,
2474 1895 2743 1951 medullis
2775 1890 2929 1967 [ατη
2962 1888 3302 1966 musculis],
3344 1892 3557 1958 nervis,

176 1975 336 2045 pictor
371 1986 600 2029 crucem
623 1969 850 2041 format,
882 1976 938 2025 et
966 1969 1163 2026 nullus
1191 1982 1387 2025 eorum
1419 1967 1518 2038 qui
1551 1967 1690 2022 bene
1720 1979 1806 2022 sa-

1931 1985 2141 2042 lSSibllS
2182 1989 2239 2040 et
2291 1984 2608 2054 elementis,
2651 1983 2707 2038 id
2742 1987 2830 2039 est
2871 1981 3170 2053 sanguine,
3218 1978 3558 2051 phlegmate,

184 2063 347 2133 piunt,
365 2060 651 2132 depictam
680 2072 906 2115 crucem
927 2057 1109 2129 ejicit,
1134 2070 1315 2127 neque
1342 2056 1538 2112 divina
1554 2069 1683 2111 eum
1713 2055 1806 2111 de-

1931 2075 2078 2146 iigra
2115 2077 2172 2129 et
2214 2072 2387 2130 rubea
2432 2072 2692 2127 cholera:
2742 2084 2985 2141 quorum
3026 2068 3456 2138 temperantiam
3502 2068 3563 2123 in

178 2152 335 2207 ηυάείῑ
372 2149 596 2222 gratia:
650 2147 784 2203 licet
830 2147 1015 2216 βίαιοι*
1059 2160 1179 2202 eam
1210 2145 1502 2201 οοῙονίδυε
1540 2148 1807 2234 omnium
1916 2145 2165 2234 imagine
2184 2160 2365 2216 videri
2395 2159 2771 2229 impossibile.
2804 2158 2862 2213 Si
2894 2158 3047 2214 enim
3075 2158 3192 2212 haec
3224 2156 3284 2212 in
3317 2155 3565 2227 imagine

178 2240 461 2296 exstiterit.
489 2239 826 2306 Rursusque
850 2234 1207 2306 superlibris
1226 2234 1500 2290 similiter
1527 2232 1808 2302 accipien-

177 2329 296 2384 dum
322 2332 425 2383 est.
459 2328 599 2382 Nam
628 2324 677 2381 si
700 2330 897 2395 turpes
928 2323 1159 2394 quidem
1191 2322 1553 2378 narrationes
1581 2320 1714 2391 quis
1745 2318 1806 2374 in

1914 2252 2278 2321 vidissemus,
2310 2249 2453 2305 hanc
2483 2249 2684 2318 utique
2704 2248 2821 2317 jam
2853 2246 3162 2313 hominem,
3188 2250 3245 2301 et
3274 2259 3386 2301 non
3414 2245 3568 2301 ima-

1917 2341 2103 2413 ginem
2127 2337 2381 2395 hominis
2403 2336 2877 2393 nominassemus.
2899 2337 3045 2407 Ergo
3066 2334 3215 2404 perit
3232 2329 3561 2408 [properat]

181 2416 334 2472 libris
358 2414 706 2486 depinxerit,
726 2419 923 2483 turpes
939 2418 1074 2468 sunt
1097 2416 1153 2467 et
1182 2410 1505 2481 rejiciendi,
1535 2415 1706 2479 atque
1736 2407 1808 2464 ab

1922 2442 2034 2484 una
2064 2441 2193 2483 cum
2221 2425 2469 2497 reliquis
2501 2423 2952 2495 problematibus
2975 2422 3101 2479 suis
3128 2423 3300 2478 etiam
3320 2435 3568 2492 praesens

182 2506 365 2562 auditu
383 2503 715 2561 Christiano
733 2500 1022 2558 alienaudi
1043 2520 1056 2556 :
1082 2501 1133 2556 si
1164 2514 1294 2556 vero
1309 2498 1597 2556 divinitus
1613 2496 1809 2566 inspi-

1919 2515 2345 2586 vaniloquium:
2394 2514 2517 2570 risu
2544 2513 2819 2584 praeieaea
2855 2512 3032 2584 digna
3060 2515 3197 2568 sunt
3220 2524 3347 2582 quae
3378 2507 3577 2581 profe-

178 2598 285 2649 rata
324 2592 493 2650 verba
534 2605 639 2648 seu
691 2590 1049 2646 narrationes
1089 2589 1364 2645 ducentes
1401 2586 1471 2642 ad
1520 2587 1807 2656 pietatem,
1922 2610 2151 2662 runtur,

177 2682 508 2738 laudandum
528 2685 617 2738 est
631 2684 689 2735 et
703 2678 1139 2747 admittendum,
1165 2680 1223 2733 et
1242 2676 1495 2732 Ecclesia
1522 2674 1813 2746 dignissi-

178 2785 315 2826 mum
325 2769 727 2841 iudicandum.
748 2767 1000 2838 Idipsum
1019 2766 1191 2822 etiam
1209 2778 1383 2835 super
1404 2765 1567 2821 icona
1584 2761 1814 2819 Domini

179 2859 345 2916 nostri
360 2861 493 2915 Jesu
521 2856 741 2913 Christi
759 2870 824 2911 ac
849 2861 1174 2912 sanctorum
1192 2855 1336 2924 ejus,
1361 2859 1426 2909 ut
1443 2852 1818 2923 praediximus

178 2949 491 3004 existimare
556 2945 966 3017 necessarium.
1017 2946 1155 2999 Nam
1201 2948 1256 2999 et
1294 2943 1343 2998 si
1400 2942 1680 2998 citharam
1729 2941 1815 2996 vel

179 3035 340 3092 tibias
373 3037 506 3107 quis
548 3038 819 3105 operatus
847 3032 1046 3103 fuerit,
1091 3032 1282 3101 turpis
1310 3036 1396 3087 est
1436 3030 1727 3101 operatio:
1763 3029 1813 3085 si
1847 3024 1896 3085 C

180 3129 356 3181 autem
384 3125 524 3196 quid
551 3137 845 3180 sacrorum
876 3135 1162 3191 vasorum,
1194 3120 1572 3190 acceptabile:
1608 3124 1664 3175 et
1694 3119 1817 3174 nul-

184 3220 274 3270 ίιιε
300 3228 494 3279 eorum
530 3214 631 3284 (Ιιιί
664 3213 805 3268 bene
834 3212 1089 3281 sapiunt,
1118 3211 1230 3266 31‘“
1263 3211 1517 3282 ἀετοεθῐτ
1551 3209 1602 3265 εί
1637 3210 1696 3264 in
1729 3208 1823 3264 his
2002 3224 2048 3280 Ο
2078 3223 2530 3279 inconsideratas
2554 3227 2611 3277 et
2650 3222 2834 3278 aniles
2867 3236 3062 3278 eorum
3094 3220 3337 3293 fabulas,
3363 3226 3419 3278 et
3447 3220 3591 3293 abs-

182 3316 299 3373 αιιω
328 3304 504 3373 huius
532 3282 674 3359 S—um
696 3302 827 3357 νίίῖθ
849 3300 1190 3370 necessaria,
1222 3299 1367 3355 ιιῐίιθ
1394 3299 1532 3370 qum
1551 3297 1819 3353 θίῖθεθτίῑο
1934 3312 2220 3368 conditam
2250 3310 2504 3366 fraudem
2530 3310 2542 3364 !
2571 3313 2781 3365 Iterum
2803 3310 2956 3365 enim
2974 3310 3186 3366 eisdem
3214 3282 3437 3383 gratum
3465 3282 3591 3367 ilris

182 3391 547 3449 Considerate
610 3391 764 3447 enim
813 3394 1037 3460 oportet
1078 3389 1457 3445 intentionem
1486 3392 1543 3443 et
1574 3386 1826 3467 modum,
1936 3406 2021 3456 est
2048 3399 2340 3455 immorari
2374 3398 2832 3470 garrulitatibus.
2880 3398 2995 3453 Aut
3022 3398 3174 3452 enim
3203 3398 3469 3469 ignorant
3491 3399 3594 3454 di-

176 3493 273 3548 per
298 3493 463 3552 quem
496 3477 777 3550 perfectio
820 3475 1041 3552 [opus]
1076 3478 1290 3534 artium
1322 3476 1420 3532 ﬁt:
1456 3480 1513 3531 et
1536 3475 1818 3545 siquidem

1937 3488 2261 3544 versitatem
2273 3501 2304 3543 a
2326 3501 2385 3543 se
2403 3489 2825 3542 numeratorum
2842 3486 3259 3557 haereticorum,
3278 3491 3379 3542 aut
3394 3491 3596 3556 sponte

175 3569 241 3624 ad
270 3569 535 3639 Pietatem
575 3571 813 3638 speculi:
864 3566 1244 3637 acceptabile:
1280 3566 1331 3621 Si
1362 3578 1494 3621 νθνο
1524 3564 1591 3620 ad
1621 3577 1831 3634 quam"
1941 3580 2160 3649 garrire
2208 3580 2534 3648 procurant.
2577 3575 2702 3630 Arii
2733 3576 2886 3631 enim
2912 3589 2977 3631 ac
3014 3575 3275 3632 Dioscori
3317 3578 3376 3631 et
3410 3576 3592 3645 Euty-

177 3655 314 3713 ῖίδθῑ
363 3656 815 3727 turpitudinem:
861 3654 1079 3711 οάίδίιθ
1107 3659 1165 3710 et
1193 3654 1477 3724 abiectum
1517 3657 1620 3708 θεῖ·
1657 3653 1831 3708 Ροττο
1940 3668 2127 3726 chetis
2159 3667 2400 3722 haereses
2441 3664 2744 3721 contraria:
2788 3668 2926 3720 sunt
2951 3664 3237 3736 Nestorio,
3264 3668 3320 3719 et
3350 3663 3596 3719 invicem

181 3746 531 3803 accusationi
566 3745 898 3801 ίηεὶεῑθῐιῐθδ
928 3743 1200 3813 deinceps
1227 3742 1439 3798 aiunt:
1942 3758 2334 3828 adversantur,
2396 3756 2530 3811 licet
2595 3768 2758 3824 pares
2816 3755 2877 3810 in
2927 3754 3218 3825 impietate
3266 3754 3595 3826 persistant.

1942 3846 2119 3901 Arius
2163 3845 2313 3900 enim
2343 3858 2411 3900 ex
2453 3856 2563 3900 non
2594 3842 2972 3915 exstantibus,
3003 3848 3067 3899 ut
3103 3848 3271 3912 esset,
3306 3843 3598 3915 inquiens,

1944 3938 2218 3990 aeternum
2248 3937 2304 3988 et
2331 3933 2645 3988 increatum
2691 3930 2933 3987 Verbum
2972 3932 3071 3987 Dei
3116 3937 3173 3987 et
3196 3932 3401 4001 Patris,
3424 3930 3603 3987 addi-

1945 4023 2035 4078 dit
2064 4022 2347 4092 impietati
2381 4036 2498 4077 sua:
2526 4021 2698 4077 etiam
2730 4020 3230 4092 aliam,h:eresim,
3254 4035 3365 4077 non
3399 4019 3607 4077 habere

1948 4112 2147 4168 dicens
2173 4111 2466 4166 Christum
2488 4110 2737 4166 animam
2766 4110 3124 4175 rationalem,
3155 4111 3249 4166 sed
3284 4123 3386 4181 pro
3413 4110 3608 4166 anima

1947 4200 2332 4269 divinitatem,
2361 4212 2530 4269 quam
2547 4204 2602 4254 et
2634 4199 2823 4268 passio
2845 4199 3148 4270 tetigisset.
3167 4199 3477 4255 Dioscorus
3496 4212 3611 4255 au-

1952 4295 2062 4344 tem
2079 4293 2136 4344 et
2151 4288 2432 4359 Eutyches
2447 4288 2711 4344 Nestorio
2731 4287 2946 4343 dicenti
2968 4288 3112 4343 duas
3138 4292 3374 4343 naturas
3399 4291 3457 4343 et
3479 4287 3612 4344 sub-

1869 4386 1924 4447 D
1954 4378 2249 4433 sistentias
2262 4377 2322 4432 in
2336 4376 2585 4443 Christo,
2599 4390 2667 4431 ex
2678 4376 2912 4431 adverso
2924 4377 3108 4448 ducti,
3127 4382 3360 4432 naturas
3376 4374 3615 4432 confun-

1956 4466 2173 4534 dentes,
2207 4479 2378 4521 unam
2404 4479 2543 4521 vane
2568 4464 2744 4521 locuti
2778 4471 2913 4520 sunt
2936 4484 2950 4534 -,
2971 4470 3027 4521 et
3058 4465 3255 4536 procul
3286 4479 3319 4521 a
3340 4464 3495 4537 regia
3514 4464 3610 4521 via

1958 4554 2302 4618 incedentes,
2318 4568 2443 4624 quae
2460 4567 2570 4609 non
2586 4553 2837 4609 declinat
2854 4566 3034 4624 neque
3046 4554 3113 4610 ad
3126 4554 3413 4609 dexteram
3428 4566 3611 4624 neque

1958 4644 2027 4700 ad
2051 4643 2366 4711 sinistram,
2389 4642 2460 4697 ab
2484 4642 2796 4712 apostolica
2813 4648 2867 4698 et
2890 4648 3121 4713 paterna
3149 4643 3411 4699 doctrina
3437 4646 3613 4699 retro-

1958 4732 2106 4788 versi
2133 4735 2286 4787 sunt.
2319 4732 2388 4785 Et
2418 4745 2543 4801 quae
2573 4732 3016 4787 communicatio
3050 4731 3135 4787 vel
3166 4745 3478 4788 consensus
3507 4745 3613 4788 ca-

1959 4820 2188 4876 tholicae
2216 4826 2423 4875 sancta:
2448 4819 2546 4873 Dei
2574 4819 2839 4875 Ecclesia:
2872 4825 3100 4890 propter
3128 4820 3480 4877 venerabiles
3514 4820 3614 4891 pi—

1959 4914 2172 4978 cturas,
2205 4921 2333 4963 cum
2359 4907 2495 4961 Ario
2525 4913 2580 4962 et
2607 4907 2877 4963 Dioscoro
2911 4913 2967 4964 et
2992 4909 3288 4980 Eutyche?
3315 4909 3429 4965 nisi
3458 4908 3608 4980 quod

1962 5001 2183 5052 tantum
2219 4995 2415 5050 inanes
2461 5000 2595 5051 sunt
2634 5009 2922 5051 sermones
2965 5010 3182 5067 eorum,
3231 5002 3287 5053 et
3315 4997 3613 5066 corrupti-

1967 5086 2132 5156 biles,
2175 5090 2230 5140 et
2267 5084 2337 5140 ab
2378 5084 2691 5155 apostolico
2746 5085 3008 5141 mandato
3051 5086 3248 5158 alieni,
3298 5088 3445 5159 quod
3484 5086 3605 5141 ait:

1969 5177 2150 5231 Sermo
2199 5179 2372 5230 vester
2411 5190 2618 5244 semper
2636 5177 2706 5229 sit
2746 5177 2804 5229 in
2835 5178 3018 5242 gratia
3072 5179 3171 5231 Dei
3206 5178 3319 5231 sale
3365 5177 3611 5231 conditus

1967 5265 2322 5338 (Coloss.1v).
2374 5263 2528 5334 Quos
2560 5270 2616 5320 et
2661 5264 3025 5322 abominatus
3067 5265 3233 5322 multi
3280 5263 3614 5321 certaminis

1965 5356 2068 5412 Job
2103 5355 2357 5411 dicebat:
2412 5355 2474 5410 Si
2496 5354 2792 5409 comeditur
2804 5357 2971 5425 panis
3010 5355 3211 5423 absque
3228 5355 3386 5408 sale?
3424 5356 3473 5408 si
3488 5367 3611 5408 vero

236 5449 364 5534 gere:
392 5443 572 5505 Deum,
607 5442 823 5534 inquit,
855 5458 1007 5534 nemo
1029 5443 1172 5498 uidit
1189 5440 1475 5534 unguenti
1490 5444 1521 5497 Ι
1544 5445 1702 5497 Joan.
1732 5442 1848 5516 1v):
1967 5450 2017 5501 et
2036 5449 2227 5512 gustus
2261 5449 2340 5499 est
2368 5446 2427 5499 in
2444 5444 2621 5499 verbis
2644 5444 2903 5498 inanibus
2923 5445 2952 5496 ?
2974 5442 3099 5512 (Job
3120 5442 3235 5515 v1.)
3269 5442 3456 5498 Claret
3477 5454 3612 5511 ergo

239 5526 295 5580 in
318 5528 781 5599 circumscriptus
801 5537 890 5589 est
907 5533 1082 5605 enim,
1113 5536 1172 5589 et
1196 5532 1536 5604 invisibilis,
1568 5537 1626 5589 et
1657 5532 1867 5589 incom-
1968 5533 2116 5603 quod
2167 5531 2380 5589 frustra
2418 5538 2476 5588 et
2503 5545 2642 5588 vanc
2683 5529 3107 5586 calumnientur
3141 5529 3451 5585 Ecclesiam
3489 5526 3614 5598 Dei,

495 5632 727 5687 PATROL.
769 5630 1019 5689 CXXIX.
3270 5624 3337 5682 43

2359 2692 2649 2760 Gregorius
2669 2693 2947 2762 episcopus
2969 2691 3133 2759 legit:

2000 2821 2026 2853 ‹‹
2067 2802 2295 2856 Necnon
2333 2803 2390 2855 et
2412 2797 2615 2854 Arium
2649 2803 2706 2853 et
2732 2797 3090 2868 Dioscorum,
3112 2800 3170 2852 et
3186 2795 3575 2867 Eutychetem,

1930 2908 1956 2941 »
1998 2895 2055 2945 et
2083 2890 2370 2952 Severum,
2392 2888 2491 2958 qui
2513 2886 2905 2943 confusiOnem
2927 2892 2983 2943 et
3009 2886 3336 2941 mistiouem
3360 2885 3420 2941 in
3441 2884 3590 2941 dua-

1930 2996 1956 3028 »
1999 2978 2108 3034 bus
2140 2977 2363 3033 naturis
2393 2976 2570 3033 unius
2592 2975 2806 3031 Christi
2829 2975 3232 3047 dogmatizant.
3269 2992 3296 3024 ››

2356 3100 2699 3169 Epiphanius
2721 3099 2981 3153 diaconus
3004 3100 3159 3167 legit:

610 3869 901 3939 Gregorius
922 3870 1204 3939 episcopus
1245 3868 1404 3936 legit:

262 4004 289 4035 α
320 3985 659 4041 Statuerunt
687 3988 876 4039 autem
909 3982 1345 4054 [Stabilieutem
1374 3980 1595 4051 autem]
1627 3983 1838 4037 Nesto-

206 4089 231 4119 ι
264 4072 408 4129 rium
452 4073 796 4144 partientem
826 4071 887 4127 in
920 4071 1174 4128 ﬁliorum
1201 4070 1540 4127 dualitatem
1572 4083 1702 4126 eum
1734 4069 1835 4140 qui

204 4178 229 4206 ι
262 4166 483 4232 propter
515 4175 622 4217 nos
662 4161 833 4217 homo
895 4158 1081 4217 factus
1122 4163 1228 4229 est,
1292 4172 1473 4216 unum
1530 4158 1742 4214 Filium
1784 4162 1842 4213 et

204 4265 229 4293 ι
262 4249 494 4307 Verbum
531 4250 654 4306 Dei.
690 4267 717 4300 ιο

629 4356 977 4427 Epiphanius
1018 4356 1281 4411 diaconus
1305 4355 1466 4423 legit:

275 4462 469 4533 Iterum
493 4464 649 4520 sicut
677 4463 1071 4534 praediximus,
1105 4466 1326 4519 tantum
1359 4461 1758 4533 pronuntiant,
1790 4466 1847 4517 et

213 4561 316 4605 non
335 4554 654 4609 ostendunt.
669 4552 966 4622 Quomodo
981 4552 1142 4608 sistit
1157 4551 1504 4624 Nestorium,
1539 4552 1639 4621 qui
1659 4551 1851 4623 pingit

218 4635 499 4711 imaginem
528 4641 786 4697 Christi?
816 4641 1118 4697 Nestorius
1145 4641 1292 4697 duos
1321 4640 1475 4697 ﬁlios
1506 4640 1844 4710 introducit,

224 4737 380 4783 unum
407 4730 650 4786 Verbum
693 4730 901 4800 Patris,
932 4729 1177 4786 alterum
1207 4744 1336 4786 eum
1367 4730 1467 4800 qui
1499 4734 1586 4785 est
1614 4744 1683 4785 ex
1711 4729 1851 4784 Vir—

224 4812 481 4882 gine.Veri
507 4825 697 4876 autem
743 4819 1063 4876 Christiani
1096 4834 1273 4876 unum
1304 4819 1682 4889 eumdemque
1705 4831 1855 4874 con-

226 4900 434 4963 ﬁtentur
451 4909 660 4965 Filium
682 4912 739 4964 et
762 4909 1057 4965 Christum
1087 4914 1143 4965 et
1160 4909 1496 4965 Dominum:
1522 4912 1579 4964 et
1606 4908 1855 4981 pingen-

224 4992 305 5046 tes
336 4994 540 5054 iconam
579 4998 892 5054 secundum
927 4998 983 5053 id
1022 4998 1171 5068 quod
1207 4999 1446 5055 Verbum
1478 5011 1609 5054 caro
1640 4995 1851 5053 factum

229 5089 307 5136 est
330 5091 379 5139 et
406 5086 689 5143 habitavit
720 5087 779 5142 in
808 5087 977 5143 nobis
1004 5084 1189 5158 (Joan.
1222 5088 1289 5160 1),
1320 5088 1377 5144 id
1409 5093 1512 5157 est,
1549 5088 1716 5142 homo
1738 5102 1859 5157 per-

236 5166 414 5244 fectus,
446 5176 605 5231 valde
645 5180 795 5231 recte
839 5181 895 5231 et
946 5177 1038 5247 pie
1078 5174 1318 5232 faciunt.
1373 5175 1860 5245 Circumscriptus

233 5263 310 5313 est
341 5263 479 5319 enim
523 5266 676 5320 Deus
730 5264 976 5320 Verbum
1009 5279 1205 5335 carne,
1266 5266 1334 5320 ad
1378 5280 1480 5321 nos
1519 5264 1855 5335 profectum,

236 5359 331 5403 non
358 5356 531 5409 tamen
557 5353 694 5424 quis
730 5354 1074 5425 excogitavit
1101 5353 1463 5409 divinitatem
1494 5340 1620 5423 ejus
1648 5354 1861 5424 depin—
