4010 6160
226 338 306 396 397
980 340 1525 395 INTERPRETATIO
1562 340 1806 395 SYNODI
1848 340 1938 395 Vll
1977 340 2378 400 GENERALIS.
2409 375 2481 386 —
2518 347 2717 402 ACTIO
2758 350 2841 402 VI.

3491 350 3599 417 398

226 467 263 516 et
307 461 613 514 diversitate
661 460 949 527 lignorum.
1020 461 1261 529 Dedique
1314 463 1363 513 ei
1414 462 1614 514 socium
1682 458 1842 513 Eliab
1875 454 2021 514 AEt
2042 464 2352 519 secundum
2382 471 2639 520 naturam
2678 480 2787 536 qua
2819 467 2981 523 visus
3009 472 3113 535 est,
3150 467 3451 538 imaginem
3475 468 3599 537 ejus

227 550 366 620 ﬁlium
408 549 733 602 Achisamec
768 548 833 601 de
879 548 1026 601 tribu
1064 551 1204 601 Dan.
1254 551 1325 602 Et
1360 551 1417 601 in
1471 549 1627 602 corde
1670 548 1842 600 omnis

225 639 395 693 eruditi
405 638 575 707 posui
604 638 951 706 sapientiam,
984 642 1043 690 ut
1065 639 1280 704 faciant
1321 642 1514 691 cuncta
1544 652 1661 705 quae
1692 650 1837 704 pra-

223 729 314 796 cepi
329 726 425 779 tibi
446 722 651 793 (Exod.
695 725 882 795 xxxx).
919 725 1142 793 Quibus
1170 739 1487 781 consonans
1509 724 1842 795 Gregorius,

223 816 301 886 qui
339 815 559 870 multus
596 818 684 869 est
715 815 776 869 in
823 814 1127 883 theologia,
1171 813 1428 884 profatur
1478 812 1677 883 (Greg.
1710 814 1840 866 Naz.

223 903 344 958 Orat.
370 906 499 969 fun.
524 905 582 955 in
600 902 656 956 S.
680 904 848 956 Basil.
865 902 906 974 )z
935 903 1307 958 Etdeseendit
1327 902 1571 971 spiritus
1591 901 1841 962 Domini.

220 996 261 1046 et
283 992 522 1047 deduxit
548 1005 681 1047 eos:
709 997 764 1045 et
793 991 1039 1060 spiritus
1060 991 1388 1060 disciplinae
1420 990 1656 1059 replevit
1679 991 1848 1043 Bese—

219 1080 302 1136 leel
320 1081 639 1150 principem
666 1078 956 1135 fabrorum
974 1079 1348 1135 tabernaculi.
1378 1081 1524 1150 Ergo
1541 1079 1641 1149 qui
1661 1078 1850 1133 disci—

219 1170 385 1239 plinas
425 1169 553 1240 Dei,
598 1183 723 1238 quae
777 1168 1111 1224 hominibus
1151 1168 1297 1224 data:
1340 1172 1493 1236 sunt,
1538 1168 1850 1237 depravant

220 1254 351 1331 [Gr.,
382 1254 746 1331 vituperant]
772 1261 829 1312 et
854 1256 1295 1326 reprehendunt,
1334 1257 1621 1312 divinitus
1648 1268 1851 1325 repro—

216 1348 459 1403 batorum
480 1344 683 1402 haeresi
705 1346 1098 1401 connumerati
1129 1350 1185 1400 et
1210 1351 1345 1401 sunt
1368 1351 1424 1401 et
1441 1346 1737 1413 dicuntur,
1756 1342 1849 1397 ad-

218 1438 412 1507 dentes,
449 1436 768 1491 secundum
810 1434 958 1505 quod
1010 1434 1311 1504 scriptum,
1346 1439 1632 1503 peccatum
1678 1445 1850 1501 super

221 1531 490 1597 peccatum
537 1524 674 1594 (Isa.
707 1522 903 1595 χχχι).
931 1523 999 1579 Hi
1051 1537 1185 1594 ergo
1216 1524 1316 1593 qui
1349 1522 1603 1595 germani
1647 1525 1703 1575 et
1737 1533 1848 1575 non

221 1615 360 1670 nothi
394 1614 567 1670 stolis
594 1612 818 1668 amicta:
846 1626 1068 1682 sponsae
1096 1612 1332 1682 Christi,
1364 1617 1421 1666 et
1457 1610 1735 1665 maculam
1760 1607 1846 1663 vel

221 1717 397 1775 rugam
428 1717 545 1758 non
598 1702 878 1770 habentis,
928 1701 1225 1757 catholica:
1275 1700 1542 1756 videlicet
1584 1697 1849 1755 Ecclesia:

224 1792 314 1847 lilii
343 1797 497 1859 sunt,
520 1791 629 1847 soli
648 1792 761 1846 Deo
778 1790 1147 1845 rationabilia
1171 1789 1454 1845 sacriﬁcia
1471 1793 1526 1844 et
1547 1788 1851 1844 servitutes

224 1881 520 1951 offerentes,
572 1894 670 1950 per
708 1879 994 1935 visibilem
1028 1893 1257 1935 sensum
1294 1879 1583 1933 intuentes
1613 1888 1854 1931 venera—

228 1968 375 2025 bilem
408 1970 718 2041 imaginem
748 1968 987 2037 Christi,
1018 1973 1074 2023 et
1105 1968 1333 2038 proprie
1362 1980 1428 2022 ac
1457 1966 1735 2022 veraciter
1760 1965 1857 2020 do-

231 2059 374 2113 minae
405 2064 614 2114 nostrae
643 2062 851 2113 sanctae
899 2058 999 2112 Dei
1044 2057 1366 2128 genitricis,
1412 2061 1856 2123 sanctorumque

229 2148 535 2219 angelorum
559 2155 617 2202 et
640 2147 897 2202 omnium
912 2151 1258 2215 sanctorum,
1281 2144 1736 2214 sanctiﬁcantur,
1760 2155 1858 2211 per

231 2236 657 2291 recordationem
694 2235 894 2290 horum
939 2238 1179 2289 mentem
1228 2248 1386 2289 suam
1440 2230 1770 2301 informant,
1803 2224 1860 2284 ει

230 2326 374 2380 corde
406 2324 465 2379 in
494 2336 673 2379 unum
704 2324 879 2377 Deum
924 2323 1165 2377 credunt
1210 2322 1279 2377 ad
1316 2321 1625 2391 justitiam,
1677 2325 1733 2373 et
1762 2331 1859 2373 ore

228 2412 551 2468 confitentur
577 2413 645 2467 ad
680 2411 919 2467 salutem
948 2409 1126 2479 (Rom.
1158 2409 1246 2484 χ).
1282 2409 1565 2465 Similiter
1590 2412 1645 2462 et
1668 2408 1861 2461 Evan—

230 2502 421 2573 gelium
436 2501 759 2570 audientes,
779 2499 1133 2554 auditorium
1151 2513 1381 2554 sensum
1404 2494 1859 2551 sanctiﬁcatione

228 2603 283 2644 ac
313 2591 488 2661 gratia
538 2589 777 2659 replent,
805 2593 861 2643 et
901 2588 1071 2643 corde
1124 2587 1461 2657 intelligunt
1488 2598 1684 2640 eorum
1732 2596 1858 2653 quae

231 2680 424 2748 scripta
453 2683 591 2734 sunt
614 2678 1017 2733 narrationem.
1041 2676 1258 2732 Deinde
1275 2675 1489 2731 frustra
1509 2672 1692 2728 inﬁati
1717 2670 1855 2742 quid

227 2766 412 2822 aiunt?

638 2857 928 2924 Gregorius
949 2857 1226 2925 episc0pus
1267 2854 1393 2920 legit
1413 2871 1429 2905 :

291 3002 316 3029 α
352 2981 509 3037 Fecit
537 2981 693 3037 enim
737 2981 844 3035 iste
879 2980 1013 3036 talis
1045 2979 1372 3050 imaginem,
1406 2976 1710 3032 nominans
1737 2986 1858 3029 eam

227 3089 249 3117 ι
284 3069 571 3126 Christum
602 3088 614 3123 :
640 3078 697 3125 et
724 3074 810 3125 est
849 3083 1050 3125 nomen
1095 3068 1245 3138 quod
1276 3071 1362 3123 est
1394 3064 1678 3136 Christus,
1712 3064 1862 3118 Deus

225 3177 247 3206 η
287 3166 339 3213 ει
383 3160 567 3215 homo.
603 3160 751 3230 Ergo
793 3164 848 3213 et
892 3158 1077 3229 imago
1115 3157 1214 3212 Dei
1252 3160 1309 3211 et
1338 3153 1609 3210 hominis.
1666 3155 1861 3219 Itaque

224 3266 247 3295 μ
285 3253 381 3303 aut
401 3247 881 3317 circumscripsit,
914 3246 1225 3303 secundum
1259 3244 1408 3316 quod
1442 3243 1627 3298 visum
1659 3246 1746 3297 est
1774 3252 1862 3294 va-

223 3356 245 3383 »
286 3337 451 3393 nitati
482 3351 620 3407 suae,
674 3335 1328 3404 incircumscriptionem
1357 3330 1592 3387 deitatis
1620 3330 1862 3385 circum-

222 3442 244 3472 υ
285 3425 597 3495 scriptione
625 3431 828 3481 creatae
858 3425 1089 3493 carnis;
1116 3429 1218 3478 aut
1237 3420 1501 3477 confudit
1532 3416 1862 3474 inconfusi‘

220 3530 244 3562 ι›
285 3513 453 3570 bilem
497 3515 816 3571 unitionem
864 3514 1043 3584 illam,
1093 3510 1453 3568 confusionis
1492 3508 1857 3577 iniquitatem

221 3620 244 3649 υ
287 3603 625 3674 incurrens;
654 3600 1201 3671 duasblasphemias
1229 3614 1297 3655 ex
1327 3600 1434 3655 hoc
1457 3596 1659 3652 deitati
1682 3593 1861 3664 appli-

222 3711 244 3739 ι
284 3707 417 3749 cans
447 3709 548 3764 per
575 3691 1168 3761 circumscriptionem
1198 3694 1254 3745 et
1292 3686 1706 3744 confusionem.
1742 3683 1862 3738 Eis-

222 3799 245 3826 υ
284 3782 404 3836 dem
433 3797 567 3854 ergo
597 3788 654 3836 et
677 3782 727 3837 is
756 3781 856 3852 qui
890 3779 1167 3849 adoravit,
1204 3775 1578 3846 blasphemiis
1607 3772 1863 3830 submit—

222 3888 246 3918 ι
288 3870 461 3926 titur:
504 3876 561 3926 et
601 3885 681 3925 va:
718 3871 981 3941 utrisque
1026 3867 1348 3928 consimile.
1396 3865 1532 3935 quia
1565 3877 1694 3920 cum
1726 3860 1862 3916 Ario

224 3976 247 4005 υ
289 3966 341 4013 ει
382 3961 654 4016 Dioscoro
684 3965 739 4014 et
768 3958 1020 4029 Eutyche
1048 3961 1220 4028 atque
1268 3968 1398 4011 cum
1446 3951 1861 4021 Acephalorum

229 4065 252 4093 ξι
296 4048 490 4105 haeresi
516 4053 869 4107 erraverunt.
896 4065 923 4097 υ

613 4174 957 4244 Epiphanius
1004 4172 1264 4226 diaconus
1308 4171 1435 4237 legit
1454 4186 1471 4222 :

296 4299 410 4355 Non
435 4305 521 4356 est
565 4299 850 4369 pictorum
891 4295 1222 4353 adinventio
1265 4293 1579 4364 imaginum
1620 4288 1860 4359 factura,

236 4388 323 4443 sed
343 4390 631 4446 catholicae
659 4387 924 4444 Ecclesia:
948 4383 1341 4457 approbabilis
1368 4380 1654 4452 legislatio
1683 4385 1738 4434 et
1760 4383 1867 4433 tra-

1952 547 2269 606 Christiani
2316 553 2548 625 pingere
2601 560 2738 609 sunt
2791 555 2999 626 edocti,
3053 561 3108 610 et
3138 568 3249 609 non
3293 556 3599 611 secundum

1955 652 2124 707 quam
2171 640 2489 698 invisibilis
2534 648 2684 698 erat:
2734 643 2855 713 ipsa
2898 644 3049 699 enim
3104 643 3600 713 incircumscripta

1955 732 2059 782 est.
2092 729 2266 783 Deum
2295 732 2507 801 quippe
2538 746 2700 788 nemo
2728 734 2876 788 vidit
2906 747 3178 803 unquam,
3210 746 3277 787 ex
3300 732 3600 803 Evangelio

1955 814 2143 885 (Joan.
2182 818 2225 891 ι)
2272 820 2621 877 audivimus.
2667 824 2921 878 Humana
2959 835 3093 893 ergo
3132 827 3334 877 natura
3374 821 3602 877 Christo

1957 905 2203 977 depicto,
2255 909 2479 964 scilicet
2530 911 2695 979 juxta
2739 912 2889 981 quod
2923 911 3132 967 veritas
3171 909 3600 982 demonstravit,

1960 996 2273 1051 secundum
2296 1011 2499 1054 nomen
2523 1004 2744 1055 tantum
2764 999 3080 1054 Christiani
3099 999 3444 1055 conﬁtentur
3462 1011 3609 1053 com-

1961 1085 2255 1140 municare
2294 1086 2602 1158 imaginem
2632 1088 2685 1143 ei
2727 1088 2877 1158 quod
2913 1088 3228 1158 principale
3257 1092 3361 1156 est,
3415 1092 3472 1143 et
3495 1100 3608 1143 non

1961 1174 2272 1229 secundum
2297 1174 2699 1231 substantiam.
2726 1176 2837 1245 Ipsi
2861 1182 3047 1232 autem
3074 1176 3271 1232 stolidi
3295 1175 3477 1231 eﬁ‘eeti
3511 1175 3612 1230 in-

1961 1260 2316 1318 differentem
2368 1264 2574 1319 dicunt
2628 1278 2752 1321 esse
2808 1265 3115 1337 imaginem
3162 1270 3219 1321 et
3269 1263 3605 1335 principale,

1960 1356 2131 1421 atque
2171 1351 2228 1406 in
2277 1351 2413 1407 aliis
2457 1352 2799 1409 substantiis
2841 1367 2964 1410 esse
3004 1355 3184 1424 ipsam
3229 1352 3609 1410 substantiam

1965 1435 2117 1512 [Gr.,
2146 1440 2205 1495 in
2235 1440 2373 1497 aliis
2401 1445 2457 1495 et
2485 1442 2996 1511 aliissubstantiis
3032 1456 3155 1499 esse
3184 1442 3436 1498 eamdem
3467 1439 3611 1497 sub-

1961 1525 2271 1602 stantiam]
2299 1529 2581 1598 judicant.
2615 1532 2680 1585 Et
2705 1531 2840 1601 quis
2868 1544 3064 1587 eorum
3096 1544 3209 1587 non
3233 1530 3492 1586 derideat
3514 1529 3615 1585 in-

1959 1615 2512 1687 diseiplinationem,
2542 1618 2655 1675 imo
2694 1617 2884 1691 lugeat
2924 1618 3314 1689 impietatem?
3343 1620 3404 1673 In
3429 1630 3616 1687 repro-

1961 1702 2096 1759 bum
2117 1704 2329 1775 quippe
2346 1720 2573 1762 sensum
2601 1707 2858 1763 conversi
2881 1707 3201 1778 loquuntur
3218 1720 3343 1778 qua:
3360 1719 3472 1763 non
3487 1718 3618 1761 con-

1882 1793 1949 1872 Β⁴
1961 1794 2217 1857 veniunt,
2233 1793 2593 1851 confusionis
2607 1809 2835 1851 causam
2852 1791 3128 1871 [crimen]
3144 1799 3511 1853 susurrantes
3523 1794 3617 1849 ha-

1963 1880 2093 1937 bere
2113 1897 2210 1952 per
2225 1883 2635 1939 venerabilium
2658 1884 2973 1955 imaginum
2996 1884 3257 1941 eﬁ‘ectum
3280 1883 3612 1948 Ecelesiam,

1963 1977 2019 2026 et
2034 1970 2322 2040 applicare
2337 1985 2458 2026 eam
2475 1971 2771 2027 divinitati
2788 1972 3356 2042 circumscriptionis
3370 1971 3615 2041 speciem

1966 2065 2306 2115 asserentes:
2333 2060 2651 2130 deindeque
2671 2060 3036 2131 iniquitatem
3059 2074 3232 2130 super
3247 2060 3616 2130 iniquitatem

1969 2154 2331 2217 apponentes,
2364 2162 2445 2203 vae
2474 2149 2891 2203 transmittunt.
2925 2149 3028 2204 Sed
3056 2152 3418 2204 convertetur
3446 2146 3613 2202 dolor

1969 2249 2162 2291 eorum
2193 2237 2250 2291 in
2274 2237 2737 2306 eaputipsorum.
2766 2236 2824 2291 Si
2848 2237 2999 2292 enim
3027 2236 3125 2306 qui
3160 2235 3454 2291 maledicit
3473 2234 3619 2289 anti-

1973 2338 2084 2394 quo
2112 2325 2302 2395 Israel,
2329 2325 2668 2381 maledictus
2682 2332 2768 2381 est
2792 2343 2806 2393 ;
2826 2325 2925 2395 qui
2949 2324 3253 2395 benedicit,
3283 2323 3619 2379 benedictus

1970 2419 2055 2468 est
2083 2411 2276 2483 (Num.
2307 2427 2444 2468 xxw
2464 2414 2513 2486 ):
2550 2419 2765 2485 quanto
2798 2413 2979 2484 magis
2996 2413 3095 2483 qui
3125 2426 3267 2468 novo
3296 2411 3489 2474 Israel,
3514 2410 3617 2481 qui

1972 2501 2427 2575 intelligibiliter
2455 2503 2608 2558 videt
2644 2504 2844 2567 Deum,
2876 2502 2933 2558 id
2964 2507 3069 2571 est,
3098 2501 3198 2556 Dei
3225 2500 3490 2557 Ecclesia:
3511 2512 3623 2555 ma-

1970 2592 2188 2663 ledicit,
2221 2597 2306 2648 est
2350 2593 2749 2649 maledictione
2795 2589 3086 2662 repletus?
3123 2590 3264 2660 Quis
3304 2595 3495 2646 autem
3523 2602 3621 2644 eos

1971 2695 2084 2737 non
2110 2682 2521 2752 exsecrabitur,
2555 2696 2682 2738 cum
2723 2681 2861 2737 Ario
2891 2684 2947 2735 et
2983 2680 3254 2736 Dioscoro
3294 2684 3352 2735 et
3370 2677 3621 2749 Eutyche

1970 2770 2243 2841 dicentes,
2283 2776 2453 2842 atque
2494 2786 2623 2828 cum
2661 2770 3077 2841 Acephalorum
3110 2769 3310 2825 haeresi
3345 2768 3502 2824 illam
3522 2782 3624 2824 er—

1972 2876 2118 2931 rare,
2146 2862 2292 2932 ipsis
2312 2862 2416 2917 hos
2442 2861 2785 2917 habentibus
2803 2864 3174 2930 praeceptores
3189 2864 3245 2915 et
3266 2864 3484 2915 tutores
3504 2870 3621 2914 suae

1974 2951 2162 3021 ipsius
2188 2965 2328 3006 nova
2370 2950 2640 3021 eligentis
2671 2950 2949 3006 hazreseos
2977 2949 3005 3003 ‘l
3031 2950 3090 3003 In
3138 2947 3622 3019 subsequentibus

1972 3041 2124 3095 enim
2150 3039 2433 3095 Eusebius
2454 3039 2737 3109 Pamphili
2758 3038 2828 3094 ab
2848 3039 2934 3095 eis
2955 3039 3014 3093 in
3050 3037 3442 3094 testimonium
3462 3036 3624 3093 duci-

1891 3118 1938 3177 U
1972 3135 2086 3189 tur.
2118 3128 2217 3199 qui
2249 3128 2320 3183 ab
2350 3129 2503 3183 omni
2535 3128 2787 3184 Ecclesia
2816 3127 3097 3183 catholica
3135 3127 3395 3183 noscitur
3422 3131 3622 3196 patro-

1973 3232 2083 3274 nus
2111 3232 2234 3273 esse
2262 3217 2385 3272 Arii
2432 3216 2726 3287 haereseos,
2757 3216 3233 3287 quemadmodum
3259 3217 3320 3272 in
3350 3215 3619 3272 omnibus

1969 3307 2190 3362 conseri
2201 3307 2315 3375 ptis
2327 3306 2451 3361 suis
2462 3305 3036 3374 expositionibusque
3047 3307 3403 3376 continetur;
3418 3317 3617 3361 secun-

1969 3397 2104 3452 dum
2136 3394 2427 3451 adorabile
2464 3395 2639 3449 Deum
2684 3393 2923 3448 Verbum
2965 3394 3165 3449 dicens
3193 3399 3250 3448 et
3287 3394 3618 3448 ministrum

1970 3484 2154 3539 Patris
2174 3487 2239 3538 et
2262 3482 2509 3538 secunda
2537 3480 2845 3553 dignitatis
2866 3479 3184 3546 habentem,
3214 3480 3285 3536 ab
3326 3481 3613 3537 homousii

1969 3572 2240 3628 diﬁ‘erens
2280 3572 2591 3641 majestate.
2615 3574 2671 3624 et
2702 3568 3202 3625 commutationem
3228 3564 3376 3642 [Gr.,
3399 3573 3624 3624 senten-

1972 3662 2067 3718 tia:
2096 3658 2716 3717 consubstantialitatis
2740 3671 3082 3728 repugnans,
3127 3661 3185 3713 et
3211 3654 3450 3732 comm.]
3479 3671 3621 3713 san-

1971 3756 2075 3806 ctae
2092 3750 2283 3806 carnis
2316 3748 2543 3805 Domini
2563 3748 2623 3802 in
2640 3746 2970 3804 divinitatis
2992 3752 3253 3802 naturam
3273 3763 3288 3816 ;
3307 3759 3373 3801 ac
3398 3760 3497 3816 per
3514 3746 3621 3802 hoc

1973 3839 2366 3896 confusionem
2403 3837 2815 3911 dogmatizans,
2864 3849 2964 3891 nec
3008 3835 3230 3891 iconam
3274 3835 3616 3905 recipit,sed

1974 3943 2156 4000 neque
2194 3929 2382 3984 omnis
2426 3927 2770 3982 Arianorum
2802 3925 3073 3981 scelerata
3102 3924 3383 3980 collectio.
3421 3923 3625 3979 Prmdi-

1973 4025 2104 4075 cant
2152 4018 2303 4074 enim
2344 4017 2469 4077 sine
2516 4016 2706 4071 anima
2756 4014 3023 4070 rationali
3082 4012 3368 4069 hominem
3408 4010 3619 4068 factum

1975 4108 2154 4164 fuisse
2190 4106 2492 4162 Dominum
2526 4109 2807 4176 nostrum,
2832 4108 2890 4158 et
2920 4117 3020 4173 pro
3044 4102 3235 4157 anima
3260 4101 3621 4158 divinitatem

1976 4197 2201 4267 habere,
2231 4201 2294 4251 ut
2316 4194 2631 4264 passionem
2658 4192 2717 4247 in
2746 4205 2868 4247 eam
2888 4190 3141 4261 eﬁ‘erant,
3173 4191 3347 4246 sicuti
3380 4194 3623 4245 testatur

1975 4286 2287 4356 Gregorius
2308 4282 2616 4352 deiloquus
2636 4278 2892 4351 (Gregor.
2928 4278 3189 4334 Nazianz.
3218 4279 3278 4333 in
3309 4280 3464 4348 epist.
3497 4275 3624 4333 2αά

1977 4373 2348 4445 Cledonium):
2383 4377 2438 4427 et
2460 4375 2653 4440 utpote
2668 4369 2936 4425 deitatem
2960 4380 3182 4438 passam
3212 4365 3473 4437 fatentes,
3508 4379 3620 4422 non

235 4475 399 4532 ditio:
432 4484 599 4550 atque
624 4476 959 4549 antiquitati
986 4454 1307 4546 congruens
1337 4470 1649 4527 reverentia
1671 4482 1868 4525 secun-
1895 4462 1947 4522 Ι)
1978 4462 2290 4518 admittunt
2313 4460 2654 4550 imaginem.
2677 4456 2960 4550 Similiter
2982 4462 3038 4550 et
3055 4457 3291 4550 Severus
3305 4454 3625 4550 confusibi-

239 4564 362 4621 dum
378 4569 632 4625 divinum
658 4563 973 4638 Basilium(
996 4568 1068 4620 De
1085 4565 1297 4636 Spiritu
1320 4566 1504 4616 sancto
1521 4560 1589 4615 ad
1608 4560 1708 4614 Am
1719 4558 1859 4628 phil.

239 4665 351 4724 cap.
388 4655 504 4730 ‘29).
532 4657 948 4714 Testimonium
1004 4652 1262 4726 perhibet
1294 4653 1418 4721 ipsa
1472 4663 1661 4705 rerum
1705 4646 1867 4702 anti—

242 4744 418 4812 quitas
459 4755 516 4803 et
569 4747 783 4817 spiritu
830 4731 1195 4801 inductorum
1255 4748 1477 4811 patrum
1538 4743 1863 4794 nostrorum

240 4830 499 4907 doctrina,
517 4836 654 4909 quia
680 4835 937 4891 videntes
962 4834 1066 4889 has
1084 4832 1143 4887 in
1173 4827 1597 4886 venerabilibus
1615 4823 1864 4894 templis,

244 4918 467 4980 libenter
493 4929 898 4995 susceperunt:
930 4927 987 4978 et
1013 4921 1125 4992 ipsi
1152 4917 1501 4975 venerabilia
1528 4914 1736 4985 templa
1761 4912 1868 4967 de—

242 5007 495 5084 dicantes,
529 5015 631 5071 has
686 5013 918 5085 pingere
970 5011 1347 5067 studuerunt:
1386 5006 1444 5061 in
1494 5003 1708 5076 quibus
1755 5003 1868 5057 Deo

242 5107 447 5170 accepta
488 5108 613 5159 vota
670 5116 772 5158 sua
816 5107 873 5156 et
928 5101 1225 5154 incruenta
1281 5094 1564 5152 sacriﬁcia
1628 5091 1869 5147 Domino

243 5197 551 5247 cunctorum
578 5193 695 5247 Deo
738 5189 1090 5247 obtulerunt.
1121 5187 1305 5258 Igitur
1334 5198 1529 5240 eorum
1572 5186 1659 5237 est
1703 5181 1872 5252 inge-

244 5274 386 5331 nium
412 5285 464 5334 et
483 5280 742 5349 traditio,
769 5285 825 5334 et
865 5292 977 5333 non
1015 5276 1288 5347 pictoris;
1321 5287 1448 5328 nam
1482 5270 1720 5340 pictoris
1752 5268 1872 5325 sola

1980 4552 2054 4606 lis
2084 4551 2319 4605 minime
2348 4548 2602 4618 suscepit
2642 4547 2948 4619 imaginem
2977 4545 3192 4601 Christi
3220 4544 3321 4599 Dei
3354 4543 3535 4608 nostri
3560 4543 3621 4600 in

1975 4640 2247 4709 Ecclesia,
2281 4638 2433 4693 sicut
2463 4636 2697 4707 plurimi
2733 4634 2996 4692 historici
3044 4638 3296 4690 narrant.
3329 4632 3623 4702 Quomodo

1976 4744 2109 4802 ergo
2137 4728 2335 4783 Arium
2366 4733 2421 4781 et
2448 4727 2781 4781 Dioscorum
2808 4739 2874 4780 ac
2891 4724 3277 4795 Eutychetem,
3300 4722 3625 4793 Acephalo—

1978 4835 2104 4876 rum
2135 4817 2357 4874 scilicet
2379 4815 2635 4870 haeresim
2662 4819 2911 4870 secutam
2943 4812 3122 4870 fuisse
3159 4813 3498 4869 catholicam
3527 4815 3628 4870 Ee-

1978 4909 2209 4966 clesiam
2230 4910 2506 4974 asserant,
2532 4919 2655 4976 quae
2688 4904 2941 4973 suscepit
2962 4902 3297 4975 imaginales
3323 4903 3621 4975 historias,

1980 4998 2304 5054 mirandum
2330 5000 2455 5050 est:
2514 4994 2649 5049 dum
2696 5006 2895 5065 magna
2942 4996 3218 5062 eructent,
3251 4997 3306 5048 et
3349 4993 3623 5064 quasdam

1979 5087 2340 5163 blasphemas
2359 5082 2714 5140 ratiunculas
2733 5096 2800 5138 ex
2824 5082 3019 5153 lingua
3046 5095 3147 5137 sua
3167 5096 3292 5152 quat
3317 5082 3442 5137 sine
3464 5088 3625 5150 porta

1980 5186 2085 5250 est,
2129 5179 2188 5234 in
2227 5190 2411 5233 aerem
2452 5172 2715 5245 fundant,
2758 5178 2814 5227 et
2846 5185 2956 5227 non
2986 5171 3165 5229 aliud.
3211 5171 3463 5228 Audiant
3490 5184 3623 5242 ergo

1982 5270 2286 5326 veraciter:
2338 5265 2613 5336 Superior
2640 5262 3176 5332 circumscriptione
3205 5267 3310 5330 est,
3348 5258 3627 5331 quemad—

244 5374 325 5419 ars
351 5373 456 5423 est:
502 5368 813 5439 dispositio
844 5365 1207 5422 manifestum
1229 5370 1316 5420 est
1350 5363 1497 5433 quod
1523 5361 1601 5416 sit
1640 5366 1876 5416 sancto—
1985 5360 2213 5415 modum
2244 5357 2519 5427 diximus,
2551 5353 2748 5408 divina
2792 5358 2993 5407 natura
3019 5372 3031 5407 :
3061 5366 3130 5407 an
3162 5351 3354 5421 potius
3380 5349 3625 5439 humana

245 5467 355 5508 rum
398 5466 615 5530 patrum
649 5458 750 5528 qui
798 5456 1226 5512 dedicaverunt.
1273 5454 1483 5506 Nomen
1528 5455 1713 5505 autem
1761 5462 1874 5519 quo

244 5543 487 5606 Christus
501 5548 743 5615 dicitur,
761 5541 1457 5602 indieiumestdeitatiset
1475 5539 1870 5595 humanitatis.

243 5632 471 5696 duarum
493 5639 763 5696 videlicet
785 5635 1162 5707 perfectarum
1183 5629 1496 5687 Salvatoris
1518 5633 1872 5683 naturarum.

1990 5446 2146 5522 [Gr.,
2190 5453 2247 5501 at
2273 5460 2403 5501 vero
2435 5439 2719 5516 humana]
2743 5447 2828 5497 est
2856 5441 3310 5509 circumscripta.
3342 5439 3408 5492 Et
3431 5435 3625 5490 nullus

1985 5537 2125 5591 bene
2160 5534 2530 5591 sentientium
2572 5530 3065 5598 circumscriptam
3095 5529 3293 5583 dicens
3319 5527 3622 5581 humanam

1990 5630 2273 5692 naturam,
2294 5637 2423 5678 cum
2448 5623 2551 5677 hac
2574 5617 3000 5675 circumscribit
3027 5630 3149 5671 eam
3173 5629 3296 5685 quae
3320 5611 3625 5668 incircum-
