  <div class='ocr_page' id='page_1' title='image "/cluster/home/n/w/nwhite01/storage/ocr_20150623/129/hvd.32044054759907/205.png"; bbox 0 0 4010 6160; ppageno 0'>
   <div class='ocr_carea' id='block_1_1' title="bbox 472 303 580 361">
    <p class='ocr_par' dir='ltr' id='par_1_1' title="bbox 472 303 580 361">
     <span class='ocr_line' id='line_1_1' title="bbox 472 303 580 361; baseline 0 0"><span class='ocrx_word' id='word_1_1' title='bbox 472 303 580 361; x_wconf 88' lang='lat'><strong>399</strong></span> 
     </span>
    </p>
   </div>
   <div class='ocr_carea' id='block_1_2' title="bbox 1715 294 3814 368">
    <p class='ocr_par' dir='ltr' id='par_1_2' title="bbox 1715 294 3814 368">
     <span class='ocr_line' id='line_1_2' title="bbox 1715 294 3814 368; baseline -0.001 -10"><span class='ocrx_word' id='word_1_2' title='bbox 1715 298 2068 358; x_wconf 78' lang='lat' dir='ltr'><strong>ANASTASII</strong></span> <span class='ocrx_word' id='word_1_3' title='bbox 2113 294 2650 356; x_wconf 79' lang='lat' dir='ltr'><strong>BIBLIOTHECARII</strong></span> <span class='ocrx_word' id='word_1_4' title='bbox 3729 311 3814 368; x_wconf 59' lang='lat'><strong>400</strong></span> 
     </span>
    </p>
   </div>
   <div class='ocr_carea' id='block_1_3' title="bbox 475 420 3824 500">
    <p class='ocr_par' dir='ltr' id='par_1_3' title="bbox 475 420 3824 500">
     <span class='ocr_line' id='line_1_3' title="bbox 475 420 3824 500; baseline 0.004 -16"><span class='ocrx_word' id='word_1_5' title='bbox 475 429 691 499; x_wconf 88' lang='lat' dir='ltr'><strong>scripta</strong></span> <span class='ocrx_word' id='word_1_6' title='bbox 716 433 820 485; x_wconf 90' lang='lat' dir='ltr'><strong>est.</strong></span> <span class='ocrx_word' id='word_1_7' title='bbox 863 428 1087 485; x_wconf 79' lang='lat' dir='ltr'><strong>Etenim</strong></span> <span class='ocrx_word' id='word_1_8' title='bbox 1117 429 1397 486; x_wconf 87' lang='lat' dir='ltr'><strong>Dominus</strong></span> <span class='ocrx_word' id='word_1_9' title='bbox 1429 431 1740 486; x_wconf 86' lang='lat' dir='ltr'><strong>secundum</strong></span> <span class='ocrx_word' id='word_1_10' title='bbox 1772 428 1922 498; x_wconf 93' lang='lat' dir='ltr'><strong>quod</strong></span> <span class='ocrx_word' id='word_1_11' title='bbox 1948 429 2116 482; x_wconf 88' lang='lat' dir='ltr'><strong>homo</strong></span> <span class='ocrx_word' id='word_1_12' title='bbox 2149 420 2201 478; x_wconf 85' lang='lat' dir='ltr'><strong>A</strong></span> <span class='ocrx_word' id='word_1_13' title='bbox 2227 429 2538 483; x_wconf 88' lang='lat' dir='ltr'><strong>secundum</strong></span> <span class='ocrx_word' id='word_1_14' title='bbox 2585 432 2735 500; x_wconf 91' lang='lat' dir='ltr'><strong>quod</strong></span> <span class='ocrx_word' id='word_1_15' title='bbox 2768 431 3012 488; x_wconf 86' lang='lat' dir='ltr'><strong>Verbum</strong></span> <span class='ocrx_word' id='word_1_16' title='bbox 3044 445 3176 488; x_wconf 89' lang='lat' dir='ltr'><strong>caro</strong></span> <span class='ocrx_word' id='word_1_17' title='bbox 3207 432 3413 490; x_wconf 83' lang='lat' dir='ltr'><strong>factum</strong></span> <span class='ocrx_word' id='word_1_18' title='bbox 3437 437 3550 492; x_wconf 81' lang='lat' dir='ltr'><strong>est!</strong></span> <span class='ocrx_word' id='word_1_19' title='bbox 3581 443 3634 492; x_wconf 89' lang='lat' dir='ltr'><strong>et</strong></span> <span class='ocrx_word' id='word_1_20' title='bbox 3659 440 3824 496; x_wconf 91' lang='lat' dir='ltr'><strong>multi-</strong></span> 
     </span>
    </p>
   </div>
   <div class='ocr_carea' id='block_1_4' title="bbox 477 515 2115 588">
    <p class='ocr_par' dir='ltr' id='par_1_4' title="bbox 477 515 2115 588">
     <span class='ocr_line' id='line_1_4' title="bbox 477 515 2115 588; baseline -0.002 -16"><span class='ocrx_word' id='word_1_21' title='bbox 477 515 761 587; x_wconf 83' lang='lat' dir='ltr'><strong>pert‘ectus</strong></span> <span class='ocrx_word' id='word_1_22' title='bbox 810 522 950 588; x_wconf 92' lang='lat' dir='ltr'><strong>erat,</strong></span> <span class='ocrx_word' id='word_1_23' title='bbox 987 532 1117 574; x_wconf 92' lang='lat' dir='ltr'><strong>cum</strong></span> <span class='ocrx_word' id='word_1_24' title='bbox 1155 523 1304 574; x_wconf 82' lang='lat' dir='ltr'><strong>esset</strong></span> <span class='ocrx_word' id='word_1_25' title='bbox 1349 519 1406 574; x_wconf 91' lang='lat' dir='ltr'><strong>in</strong></span> <span class='ocrx_word' id='word_1_26' title='bbox 1455 519 1710 587; x_wconf 69' lang='lat' dir='ltr'><strong>Galilma,</strong></span> <span class='ocrx_word' id='word_1_27' title='bbox 1753 531 1864 574; x_wconf 92' lang='lat' dir='ltr'><strong>non</strong></span> <span class='ocrx_word' id='word_1_28' title='bbox 1889 521 2012 572; x_wconf 89' lang='lat' dir='ltr'><strong>erat</strong></span> <span class='ocrx_word' id='word_1_29' title='bbox 2057 515 2115 570; x_wconf 92' lang='lat' dir='ltr'><strong>in</strong></span> 
     </span>
    </p>
   </div>
   <div class='ocr_carea' id='block_1_5' title="bbox 470 606 2116 678">
    <p class='ocr_par' dir='ltr' id='par_1_5' title="bbox 470 606 2116 678">
     <span class='ocr_line' id='line_1_5' title="bbox 470 606 2116 678; baseline -0.001 -18"><span class='ocrx_word' id='word_1_30' title='bbox 470 606 683 675; x_wconf 68' lang='lat' dir='ltr'><strong>Judaea,</strong></span> <span class='ocrx_word' id='word_1_31' title='bbox 705 607 884 664; x_wconf 93' lang='lat' dir='ltr'><strong>ethoc</strong></span> <span class='ocrx_word' id='word_1_32' title='bbox 903 607 1024 678; x_wconf 88' lang='lat' dir='ltr'><strong>ipse</strong></span> <span class='ocrx_word' id='word_1_33' title='bbox 1043 608 1266 664; x_wconf 90' lang='lat' dir='ltr'><strong>aﬁrmat</strong></span> <span class='ocrx_word' id='word_1_34' title='bbox 1297 608 1534 664; x_wconf 92' lang='lat' dir='ltr'><strong>dicens:</strong></span> <span class='ocrx_word' id='word_1_35' title='bbox 1565 611 1768 662; x_wconf 88' lang='lat' dir='ltr'><strong>Eamus</strong></span> <span class='ocrx_word' id='word_1_36' title='bbox 1787 609 1846 661; x_wconf 85' lang='lat' dir='ltr'><strong>in</strong></span> <span class='ocrx_word' id='word_1_37' title='bbox 1870 608 2116 660; x_wconf 62' lang='lat' dir='ltr'><strong>Judaeum</strong></span> 
     </span>
    </p>
   </div>
   <div class='ocr_carea' id='block_1_6' title="bbox 473 692 2119 768">
    <p class='ocr_par' dir='ltr' id='par_1_6' title="bbox 473 692 2119 768">
     <span class='ocr_line' id='line_1_6' title="bbox 473 692 2119 768; baseline 0 -19"><span class='ocrx_word' id='word_1_38' title='bbox 473 696 668 750; x_wconf 81' lang='lat' dir='ltr'><strong>iterum</strong></span> <span class='ocrx_word' id='word_1_39' title='bbox 695 692 875 766; x_wconf 84' lang='lat' dir='ltr'><strong>(Joan.</strong></span> <span class='ocrx_word' id='word_1_40' title='bbox 924 695 1031 768; x_wconf 69' lang='grc' dir='ltr'><strong>ιι).</strong></span> <span class='ocrx_word' id='word_1_41' title='bbox 1064 697 1134 753; x_wconf 85' lang='grc' dir='ltr'>Ει</span> <span class='ocrx_word' id='word_1_42' title='bbox 1179 710 1308 754; x_wconf 91' lang='lat' dir='ltr'><strong>cum</strong></span> <span class='ocrx_word' id='word_1_43' title='bbox 1338 697 1409 752; x_wconf 92' lang='lat' dir='ltr'><strong>de</strong></span> <span class='ocrx_word' id='word_1_44' title='bbox 1438 699 1646 753; x_wconf 85' lang='lat' dir='ltr'><strong>Lazaro</strong></span> <span class='ocrx_word' id='word_1_45' title='bbox 1687 697 1996 752; x_wconf 81' lang='lat' dir='ltr'><strong>dissereret</strong></span> <span class='ocrx_word' id='word_1_46' title='bbox 2017 693 2119 750; x_wconf 93' lang='lat' dir='ltr'><strong>di-</strong></span> 
     </span>
    </p>
   </div>
   <div class='ocr_carea' id='block_1_7' title="bbox 471 783 2117 858">
    <p class='ocr_par' dir='ltr' id='par_1_7' title="bbox 471 783 2117 858">
     <span class='ocr_line' id='line_1_7' title="bbox 471 783 2117 858; baseline -0.002 -18"><span class='ocrx_word' id='word_1_47' title='bbox 471 783 716 854; x_wconf 89' lang='lat' dir='ltr'><strong>scipulis</strong></span> <span class='ocrx_word' id='word_1_48' title='bbox 745 785 890 858; x_wconf 83' lang='lat' dir='ltr'><strong>suis,</strong></span> <span class='ocrx_word' id='word_1_49' title='bbox 920 785 1000 842; x_wconf 89' lang='lat' dir='ltr'><strong>ita</strong></span> <span class='ocrx_word' id='word_1_50' title='bbox 1014 785 1168 842; x_wconf 82' lang='lat' dir='ltr'><strong>dixit</strong></span> <span class='ocrx_word' id='word_1_51' title='bbox 1189 803 1202 840; x_wconf 87' lang='lat'><strong>:</strong></span> <span class='ocrx_word' id='word_1_52' title='bbox 1225 786 1445 843; x_wconf 84' lang='lat' dir='ltr'><strong>Gaudeo</strong></span> <span class='ocrx_word' id='word_1_53' title='bbox 1459 791 1679 856; x_wconf 79' lang='lat' dir='ltr'><strong>prepter</strong></span> <span class='ocrx_word' id='word_1_54' title='bbox 1705 801 1818 848; x_wconf 81' lang='lat' dir='ltr'><strong>vos,</strong></span> <span class='ocrx_word' id='word_1_55' title='bbox 1847 786 1979 854; x_wconf 86' lang='lat' dir='ltr'><strong>quia</strong></span> <span class='ocrx_word' id='word_1_56' title='bbox 2007 797 2117 837; x_wconf 84' lang='lat' dir='ltr'><strong>non</strong></span> 
     </span>
    </p>
   </div>
   <div class='ocr_carea' id='block_1_8' title="bbox 470 870 2116 947">
    <p class='ocr_par' dir='ltr' id='par_1_8' title="bbox 470 870 2116 947">
     <span class='ocr_line' id='line_1_8' title="bbox 470 870 2116 947; baseline 0 -21"><span class='ocrx_word' id='word_1_57' title='bbox 470 887 620 927; x_wconf 84' lang='lat' dir='ltr'><strong>eram</strong></span> <span class='ocrx_word' id='word_1_58' title='bbox 637 870 901 944; x_wconf 85' lang='lat' dir='ltr'><strong>ibi(1bid.</strong></span> <span class='ocrx_word' id='word_1_59' title='bbox 922 873 957 947; x_wconf 93' lang='lat'><strong>).</strong></span> <span class='ocrx_word' id='word_1_60' title='bbox 1008 876 1182 931; x_wconf 89' lang='lat' dir='ltr'><strong>Porro</strong></span> <span class='ocrx_word' id='word_1_61' title='bbox 1221 874 1533 931; x_wconf 92' lang='lat' dir='ltr'><strong>secundum</strong></span> <span class='ocrx_word' id='word_1_62' title='bbox 1570 875 1722 945; x_wconf 91' lang='lat' dir='ltr'><strong>quod</strong></span> <span class='ocrx_word' id='word_1_63' title='bbox 1747 875 1897 929; x_wconf 89' lang='lat' dir='ltr'><strong>Deus</strong></span> <span class='ocrx_word' id='word_1_64' title='bbox 1925 877 2030 940; x_wconf 89' lang='lat' dir='ltr'><strong>est,</strong></span> <span class='ocrx_word' id='word_1_65' title='bbox 2057 872 2116 926; x_wconf 89' lang='lat' dir='ltr'><strong>in</strong></span> 
     </span>
    </p>
   </div>
   <div class='ocr_carea' id='block_1_9' title="bbox 470 961 2118 1032">
    <p class='ocr_par' dir='ltr' id='par_1_9' title="bbox 470 961 2118 1032">
     <span class='ocr_line' id='line_1_9' title="bbox 470 961 2118 1032; baseline 0 -16"><span class='ocrx_word' id='word_1_66' title='bbox 470 961 627 1017; x_wconf 92' lang='lat' dir='ltr'><strong>omni</strong></span> <span class='ocrx_word' id='word_1_67' title='bbox 651 961 776 1018; x_wconf 93' lang='lat' dir='ltr'><strong>loco</strong></span> <span class='ocrx_word' id='word_1_68' title='bbox 799 961 1214 1020; x_wconf 83' lang='lat' dir='ltr'><strong>dominationis</strong></span> <span class='ocrx_word' id='word_1_69' title='bbox 1233 977 1351 1019; x_wconf 69' lang='lat' dir='ltr'><strong>sua:</strong></span> <span class='ocrx_word' id='word_1_70' title='bbox 1370 967 1574 1032; x_wconf 62' lang='lat' dir='ltr'><strong>praesto</strong></span> <span class='ocrx_word' id='word_1_71' title='bbox 1594 968 1700 1031; x_wconf 90' lang='lat' dir='ltr'><strong>est,</strong></span> <span class='ocrx_word' id='word_1_72' title='bbox 1731 975 1964 1018; x_wconf 91' lang='lat' dir='ltr'><strong>manens</strong></span> <span class='ocrx_word' id='word_1_73' title='bbox 1989 975 2118 1016; x_wconf 79' lang='lat' dir='ltr'><strong>mo-</strong></span> 
     </span>
    </p>
   </div>
   <div class='ocr_carea' id='block_1_10' title="bbox 467 1049 2119 1122">
    <p class='ocr_par' dir='ltr' id='par_1_10' title="bbox 467 1049 2119 1122">
     <span class='ocr_line' id='line_1_10' title="bbox 467 1049 2119 1122; baseline -0.001 -16"><span class='ocrx_word' id='word_1_74' title='bbox 467 1049 564 1106; x_wconf 89' lang='lat' dir='ltr'><strong>dis</strong></span> <span class='ocrx_word' id='word_1_75' title='bbox 577 1050 848 1108; x_wconf 90' lang='lat' dir='ltr'><strong>omnibus</strong></span> <span class='ocrx_word' id='word_1_76' title='bbox 865 1051 1424 1122; x_wconf 80' lang='lat' dir='ltr'><strong>incircumscriptus.</strong></span> <span class='ocrx_word' id='word_1_77' title='bbox 1447 1051 1740 1120; x_wconf 89' lang='lat' dir='ltr'><strong>Quomodo</strong></span> <span class='ocrx_word' id='word_1_78' title='bbox 1755 1063 1888 1122; x_wconf 89' lang='lat' dir='ltr'><strong>ergo</strong></span> <span class='ocrx_word' id='word_1_79' title='bbox 1905 1049 2119 1105; x_wconf 83' lang='lat' dir='ltr'><strong>vanilo-</strong></span> 
     </span>
    </p>
   </div>
   <div class='ocr_carea' id='block_1_11' title="bbox 469 1137 2120 1210">
    <p class='ocr_par' dir='ltr' id='par_1_11' title="bbox 469 1137 2120 1210">
     <span class='ocr_line' id='line_1_11' title="bbox 469 1137 2120 1210; baseline -0.002 -14"><span class='ocrx_word' id='word_1_80' title='bbox 469 1139 630 1210; x_wconf 88' lang='lat' dir='ltr'><strong>quiis</strong></span> <span class='ocrx_word' id='word_1_81' title='bbox 649 1139 1007 1210; x_wconf 89' lang='lat' dir='ltr'><strong>qmibusdam</strong></span> <span class='ocrx_word' id='word_1_82' title='bbox 1028 1139 1278 1197; x_wconf 80' lang='lat' dir='ltr'><strong>vanitate</strong></span> <span class='ocrx_word' id='word_1_83' title='bbox 1302 1140 1458 1196; x_wconf 81' lang='lat' dir='ltr'><strong>vocis</strong></span> <span class='ocrx_word' id='word_1_84' title='bbox 1477 1144 1911 1210; x_wconf 89' lang='lat' dir='ltr'><strong>perstrepentes,</strong></span> <span class='ocrx_word' id='word_1_85' title='bbox 1928 1137 2120 1194; x_wconf 91' lang='lat' dir='ltr'><strong>verbo-</strong></span> 
     </span>
    </p>
   </div>
   <div class='ocr_carea' id='block_1_12' title="bbox 467 1226 2120 1301">
    <p class='ocr_par' dir='ltr' id='par_1_12' title="bbox 467 1226 2120 1301">
     <span class='ocr_line' id='line_1_12' title="bbox 467 1226 2120 1301; baseline -0.001 -17"><span class='ocrx_word' id='word_1_86' title='bbox 467 1233 670 1285; x_wconf 89' lang='lat' dir='ltr'><strong>santur</strong></span> <span class='ocrx_word' id='word_1_87' title='bbox 687 1226 897 1286; x_wconf 88' lang='lat' dir='ltr'><strong>infreni</strong></span> <span class='ocrx_word' id='word_1_88' title='bbox 917 1228 1115 1301; x_wconf 80' lang='lat' dir='ltr'><strong>lingua</strong></span> <span class='ocrx_word' id='word_1_89' title='bbox 1130 1229 1417 1288; x_wconf 88' lang='lat' dir='ltr'><strong>dicentes:</strong></span> <span class='ocrx_word' id='word_1_90' title='bbox 1440 1228 1910 1298; x_wconf 88' lang='lat' dir='ltr'><strong>Circumscripsit</strong></span> <span class='ocrx_word' id='word_1_91' title='bbox 1933 1227 2120 1298; x_wconf 89' lang='lat' dir='ltr'><strong>pictor</strong></span> 
     </span>
    </p>
   </div>
   <div class='ocr_carea' id='block_1_13' title="bbox 467 1317 2115 1389">
    <p class='ocr_par' dir='ltr' id='par_1_13' title="bbox 467 1317 2115 1389">
     <span class='ocr_line' id='line_1_13' title="bbox 467 1317 2115 1389; baseline -0.002 -15"><span class='ocrx_word' id='word_1_92' title='bbox 467 1317 781 1375; x_wconf 88' lang='lat' dir='ltr'><strong>secundum</strong></span> <span class='ocrx_word' id='word_1_93' title='bbox 804 1319 954 1389; x_wconf 89' lang='lat' dir='ltr'><strong>quod</strong></span> <span class='ocrx_word' id='word_1_94' title='bbox 975 1318 1163 1376; x_wconf 93' lang='lat' dir='ltr'><strong>visum</strong></span> <span class='ocrx_word' id='word_1_95' title='bbox 1190 1324 1277 1376; x_wconf 89' lang='lat' dir='ltr'><strong>est</strong></span> <span class='ocrx_word' id='word_1_96' title='bbox 1291 1319 1531 1376; x_wconf 88' lang='lat' dir='ltr'><strong>vanitati</strong></span> <span class='ocrx_word' id='word_1_97' title='bbox 1549 1332 1666 1374; x_wconf 71' lang='lat' dir='ltr'><strong>suae</strong></span> <span class='ocrx_word' id='word_1_98' title='bbox 1689 1317 2115 1374; x_wconf 90' lang='lat' dir='ltr'><strong>incircumscri-</strong></span> 
     </span>
    </p>
   </div>
   <div class='ocr_carea' id='block_1_14' title="bbox 470 1403 2113 1478">
    <p class='ocr_par' dir='ltr' id='par_1_14' title="bbox 470 1403 2113 1478">
     <span class='ocr_line' id='line_1_14' title="bbox 470 1403 2113 1478; baseline -0.002 -16"><span class='ocrx_word' id='word_1_99' title='bbox 470 1406 673 1476; x_wconf 88' lang='lat' dir='ltr'><strong>ptibile</strong></span> <span class='ocrx_word' id='word_1_100' title='bbox 698 1407 935 1464; x_wconf 89' lang='lat' dir='ltr'><strong>deitatis</strong></span> <span class='ocrx_word' id='word_1_101' title='bbox 971 1407 1509 1478; x_wconf 86' lang='lat' dir='ltr'><strong>circumscriptione</strong></span> <span class='ocrx_word' id='word_1_102' title='bbox 1533 1415 1736 1462; x_wconf 69' lang='lat' dir='ltr'><strong>creata:</strong></span> <span class='ocrx_word' id='word_1_103' title='bbox 1778 1405 1974 1461; x_wconf 90' lang='lat' dir='ltr'><strong>carnis</strong></span> <span class='ocrx_word' id='word_1_104' title='bbox 1993 1404 2022 1458; x_wconf 85' lang='lat'><strong>‘?</strong></span> <span class='ocrx_word' id='word_1_105' title='bbox 2054 1403 2113 1458; x_wconf 85' lang='lat' dir='ltr'><strong>Si</strong></span> 
     </span>
    </p>
   </div>
   <div class='ocr_carea' id='block_1_15' title="bbox 466 1492 2115 1566">
    <p class='ocr_par' dir='ltr' id='par_1_15' title="bbox 466 1492 2115 1566">
     <span class='ocr_line' id='line_1_15' title="bbox 466 1492 2115 1566; baseline -0.002 -16"><span class='ocrx_word' id='word_1_106' title='bbox 466 1494 903 1566; x_wconf 90' lang='lat' dir='ltr'><strong>circumscripta</strong></span> <span class='ocrx_word' id='word_1_107' title='bbox 935 1501 1024 1552; x_wconf 90' lang='lat' dir='ltr'><strong>est</strong></span> <span class='ocrx_word' id='word_1_108' title='bbox 1066 1495 1329 1552; x_wconf 89' lang='lat' dir='ltr'><strong>reclinati</strong></span> <span class='ocrx_word' id='word_1_109' title='bbox 1359 1501 1416 1552; x_wconf 92' lang='lat' dir='ltr'><strong>et</strong></span> <span class='ocrx_word' id='word_1_110' title='bbox 1435 1495 1745 1552; x_wconf 87' lang='lat' dir='ltr'><strong>cunabulis</strong></span> <span class='ocrx_word' id='word_1_111' title='bbox 1773 1492 2021 1550; x_wconf 83' lang='lat' dir='ltr'><strong>involuti</strong></span> <span class='ocrx_word' id='word_1_112' title='bbox 2055 1492 2115 1547; x_wconf 92' lang='lat' dir='ltr'><strong>in</strong></span> 
     </span>
    </p>
   </div>
   <div class='ocr_carea' id='block_1_16' title="bbox 469 1580 2114 1659">
    <p class='ocr_par' dir='ltr' id='par_1_16' title="bbox 469 1580 2114 1659">
     <span class='ocr_line' id='line_1_16' title="bbox 469 1580 2114 1659; baseline -0.002 -19"><span class='ocrx_word' id='word_1_113' title='bbox 469 1584 744 1655; x_wconf 64' lang='lat' dir='ltr'><strong>praesepio</strong></span> <span class='ocrx_word' id='word_1_114' title='bbox 755 1589 960 1642; x_wconf 89' lang='lat' dir='ltr'><strong>natura</strong></span> <span class='ocrx_word' id='word_1_115' title='bbox 974 1580 1114 1658; x_wconf 83' lang='lat' dir='ltr'><strong>[Gr.,</strong></span> <span class='ocrx_word' id='word_1_116' title='bbox 1128 1599 1258 1641; x_wconf 91' lang='lat' dir='ltr'><strong>cum</strong></span> <span class='ocrx_word' id='word_1_117' title='bbox 1270 1581 1503 1659; x_wconf 91' lang='lat' dir='ltr'><strong>natura]</strong></span> <span class='ocrx_word' id='word_1_118' title='bbox 1520 1583 1899 1640; x_wconf 86' lang='lat' dir='ltr'><strong>humanitatis</strong></span> <span class='ocrx_word' id='word_1_119' title='bbox 1912 1586 2114 1638; x_wconf 90' lang='lat' dir='ltr'><strong>natura</strong></span> 
     </span>
    </p>
   </div>
   <div class='ocr_carea' id='block_1_17' title="bbox 465 1670 2118 1744">
    <p class='ocr_par' dir='ltr' id='par_1_17' title="bbox 465 1670 2118 1744">
     <span class='ocr_line' id='line_1_17' title="bbox 465 1670 2118 1744; baseline -0.003 -15"><span class='ocrx_word' id='word_1_120' title='bbox 465 1673 796 1730; x_wconf 83' lang='lat' dir='ltr'><strong>divinitatis</strong></span> <span class='ocrx_word' id='word_1_121' title='bbox 815 1675 962 1744; x_wconf 90' lang='lat' dir='ltr'><strong>ejus,</strong></span> <span class='ocrx_word' id='word_1_122' title='bbox 981 1673 1155 1730; x_wconf 90' lang='lat' dir='ltr'><strong>simul</strong></span> <span class='ocrx_word' id='word_1_123' title='bbox 1180 1673 1618 1743; x_wconf 89' lang='lat' dir='ltr'><strong>circumscripta</strong></span> <span class='ocrx_word' id='word_1_124' title='bbox 1637 1677 1724 1728; x_wconf 90' lang='lat' dir='ltr'><strong>est</strong></span> <span class='ocrx_word' id='word_1_125' title='bbox 1741 1672 1913 1727; x_wconf 91' lang='lat' dir='ltr'><strong>etiam</strong></span> <span class='ocrx_word' id='word_1_126' title='bbox 1937 1671 1996 1726; x_wconf 92' lang='lat' dir='ltr'><strong>in</strong></span> <span class='ocrx_word' id='word_1_127' title='bbox 2026 1670 2118 1725; x_wconf 88' lang='lat' dir='ltr'><strong>de-</strong></span> 
     </span>
    </p>
   </div>
   <div class='ocr_carea' id='block_1_18' title="bbox 467 1758 2117 1834">
    <p class='ocr_par' dir='ltr' id='par_1_18' title="bbox 467 1758 2117 1834">
     <span class='ocr_line' id='line_1_18' title="bbox 467 1758 2117 1834; baseline -0.002 -17"><span class='ocrx_word' id='word_1_128' title='bbox 467 1761 618 1832; x_wconf 91' lang='lat' dir='ltr'><strong>picta</strong></span> <span class='ocrx_word' id='word_1_129' title='bbox 649 1760 898 1834; x_wconf 79' lang='lat' dir='ltr'><strong>imagine</strong></span> <span class='ocrx_word' id='word_1_130' title='bbox 928 1761 1306 1819; x_wconf 90' lang='lat' dir='ltr'><strong>humanitatis</strong></span> <span class='ocrx_word' id='word_1_131' title='bbox 1332 1762 1458 1832; x_wconf 86' lang='lat' dir='ltr'><strong>ejus</strong></span> <span class='ocrx_word' id='word_1_132' title='bbox 1480 1759 1982 1829; x_wconf 88' lang='lat' dir='ltr'><strong>incircumscripta</strong></span> <span class='ocrx_word' id='word_1_133' title='bbox 2001 1758 2117 1814; x_wconf 86' lang='lat' dir='ltr'><strong>dei-</strong></span> 
     </span>
    </p>
   </div>
   <div class='ocr_carea' id='block_1_19' title="bbox 465 1848 2118 1919">
    <p class='ocr_par' dir='ltr' id='par_1_19' title="bbox 465 1848 2118 1919">
     <span class='ocr_line' id='line_1_19' title="bbox 465 1848 2118 1919; baseline -0.002 -14"><span class='ocrx_word' id='word_1_134' title='bbox 465 1853 554 1906; x_wconf 89' lang='lat' dir='ltr'><strong>tas</strong></span> <span class='ocrx_word' id='word_1_135' title='bbox 580 1849 744 1919; x_wconf 84' lang='lat' dir='ltr'><strong>ejus:</strong></span> <span class='ocrx_word' id='word_1_136' title='bbox 772 1849 1046 1906; x_wconf 82' lang='lat' dir='ltr'><strong>similiter</strong></span> <span class='ocrx_word' id='word_1_137' title='bbox 1091 1853 1149 1906; x_wconf 87' lang='lat' dir='ltr'><strong>et</strong></span> <span class='ocrx_word' id='word_1_138' title='bbox 1196 1849 1256 1906; x_wconf 90' lang='lat' dir='ltr'><strong>in</strong></span> <span class='ocrx_word' id='word_1_139' title='bbox 1295 1863 1463 1906; x_wconf 89' lang='lat' dir='ltr'><strong>cruce</strong></span> <span class='ocrx_word' id='word_1_140' title='bbox 1486 1850 1537 1906; x_wconf 90' lang='lat' dir='ltr'><strong>si</strong></span> <span class='ocrx_word' id='word_1_141' title='bbox 1565 1848 2003 1918; x_wconf 89' lang='lat' dir='ltr'><strong>circumscripta</strong></span> <span class='ocrx_word' id='word_1_142' title='bbox 2032 1852 2118 1903; x_wconf 90' lang='lat' dir='ltr'><strong>est</strong></span> 
     </span>
    </p>
   </div>
   <div class='ocr_carea' id='block_1_20' title="bbox 465 1935 2114 2013">
    <p class='ocr_par' dir='ltr' id='par_1_20' title="bbox 465 1935 2114 2013">
     <span class='ocr_line' id='line_1_20' title="bbox 465 1935 2114 2013; baseline -0.001 -20"><span class='ocrx_word' id='word_1_143' title='bbox 465 1943 670 1995; x_wconf 89' lang='lat' dir='ltr'><strong>natura</strong></span> <span class='ocrx_word' id='word_1_144' title='bbox 707 1935 872 2012; x_wconf 87' lang='lat' dir='ltr'><strong>[cum</strong></span> <span class='ocrx_word' id='word_1_145' title='bbox 901 1935 1049 2013; x_wconf 89' lang='lat' dir='ltr'><strong>nat.]</strong></span> <span class='ocrx_word' id='word_1_146' title='bbox 1084 1939 1463 1995; x_wconf 88' lang='lat' dir='ltr'><strong>humanitatis</strong></span> <span class='ocrx_word' id='word_1_147' title='bbox 1489 1943 1692 1994; x_wconf 92' lang='lat' dir='ltr'><strong>natura</strong></span> <span class='ocrx_word' id='word_1_148' title='bbox 1712 1937 1949 1993; x_wconf 90' lang='lat' dir='ltr'><strong>deitatis</strong></span> <span class='ocrx_word' id='word_1_149' title='bbox 1969 1937 2114 2007; x_wconf 84' lang='lat' dir='ltr'><strong>ejus,</strong></span> 
     </span>
    </p>
   </div>
   <div class='ocr_carea' id='block_1_21' title="bbox 465 2025 2120 2098">
    <p class='ocr_par' dir='ltr' id='par_1_21' title="bbox 465 2025 2120 2098">
     <span class='ocr_line' id='line_1_21' title="bbox 465 2025 2120 2098; baseline -0.002 -15"><span class='ocrx_word' id='word_1_150' title='bbox 465 2026 640 2084; x_wconf 86' lang='lat' dir='ltr'><strong>simul</strong></span> <span class='ocrx_word' id='word_1_151' title='bbox 671 2027 1108 2098; x_wconf 88' lang='lat' dir='ltr'><strong>circumscripta</strong></span> <span class='ocrx_word' id='word_1_152' title='bbox 1131 2032 1218 2084; x_wconf 90' lang='lat' dir='ltr'><strong>est</strong></span> <span class='ocrx_word' id='word_1_153' title='bbox 1231 2031 1288 2084; x_wconf 90' lang='lat' dir='ltr'><strong>et</strong></span> <span class='ocrx_word' id='word_1_154' title='bbox 1308 2029 1368 2084; x_wconf 91' lang='lat' dir='ltr'><strong>in</strong></span> <span class='ocrx_word' id='word_1_155' title='bbox 1392 2027 1618 2098; x_wconf 87' lang='lat' dir='ltr'><strong>depicta</strong></span> <span class='ocrx_word' id='word_1_156' title='bbox 1656 2026 1904 2098; x_wconf 79' lang='lat' dir='ltr'><strong>imagine</strong></span> <span class='ocrx_word' id='word_1_157' title='bbox 1926 2025 2120 2080; x_wconf 85' lang='lat' dir='ltr'><strong>huma-</strong></span> 
     </span>
    </p>
   </div>
   <div class='ocr_carea' id='block_1_22' title="bbox 465 2113 2118 2188">
    <p class='ocr_par' dir='ltr' id='par_1_22' title="bbox 465 2113 2118 2188">
     <span class='ocr_line' id='line_1_22' title="bbox 465 2113 2118 2188; baseline -0.002 -16"><span class='ocrx_word' id='word_1_158' title='bbox 465 2115 672 2172; x_wconf 91' lang='lat' dir='ltr'><strong>nitatis</strong></span> <span class='ocrx_word' id='word_1_159' title='bbox 697 2116 822 2186; x_wconf 86' lang='lat' dir='ltr'><strong>ejus</strong></span> <span class='ocrx_word' id='word_1_160' title='bbox 843 2117 1345 2188; x_wconf 90' lang='lat' dir='ltr'><strong>incircumscripta</strong></span> <span class='ocrx_word' id='word_1_161' title='bbox 1369 2117 1555 2173; x_wconf 88' lang='lat' dir='ltr'><strong>deitas</strong></span> <span class='ocrx_word' id='word_1_162' title='bbox 1590 2117 1734 2185; x_wconf 90' lang='lat' dir='ltr'><strong>ejus.</strong></span> <span class='ocrx_word' id='word_1_163' title='bbox 1776 2116 1834 2170; x_wconf 93' lang='lat' dir='ltr'><strong>Si</strong></span> <span class='ocrx_word' id='word_1_164' title='bbox 1863 2128 1992 2170; x_wconf 91' lang='lat' dir='ltr'><strong>vero</strong></span> <span class='ocrx_word' id='word_1_165' title='bbox 2015 2113 2118 2169; x_wconf 88' lang='lat' dir='ltr'><strong>illa</strong></span> 
     </span>
    </p>
   </div>
   <div class='ocr_carea' id='block_1_23' title="bbox 467 2201 2112 2280">
    <p class='ocr_par' dir='ltr' id='par_1_23' title="bbox 467 2201 2112 2280">
     <span class='ocr_line' id='line_1_23' title="bbox 467 2201 2112 2280; baseline -0.003 -19"><span class='ocrx_word' id='word_1_166' title='bbox 467 2218 578 2262; x_wconf 93' lang='lat' dir='ltr'><strong>non</strong></span> <span class='ocrx_word' id='word_1_167' title='bbox 608 2209 696 2262; x_wconf 88' lang='lat' dir='ltr'><strong>est</strong></span> <span class='ocrx_word' id='word_1_168' title='bbox 719 2204 905 2262; x_wconf 86' lang='lat' dir='ltr'><strong>factus</strong></span> <span class='ocrx_word' id='word_1_169' title='bbox 929 2201 1087 2280; x_wconf 88' lang='lat' dir='ltr'><strong>[Gr.,</strong></span> <span class='ocrx_word' id='word_1_170' title='bbox 1109 2203 1258 2261; x_wconf 88' lang='lat' dir='ltr'><strong>facta</strong></span> <span class='ocrx_word' id='word_1_171' title='bbox 1278 2220 1390 2262; x_wconf 89' lang='lat' dir='ltr'><strong>non</strong></span> <span class='ocrx_word' id='word_1_172' title='bbox 1416 2202 1610 2279; x_wconf 91' lang='lat' dir='ltr'><strong>sunt],</strong></span> <span class='ocrx_word' id='word_1_173' title='bbox 1636 2218 1736 2260; x_wconf 91' lang='lat' dir='ltr'><strong>nec</strong></span> <span class='ocrx_word' id='word_1_174' title='bbox 1757 2204 1864 2260; x_wconf 91' lang='lat' dir='ltr'><strong>hoc</strong></span> <span class='ocrx_word' id='word_1_175' title='bbox 1889 2203 2112 2272; x_wconf 84' lang='lat' dir='ltr'><strong>utique.</strong></span> 
     </span>
    </p>
   </div>
   <div class='ocr_carea' id='block_1_24' title="bbox 466 2292 2116 2367">
    <p class='ocr_par' dir='ltr' id='par_1_24' title="bbox 466 2292 2116 2367">
     <span class='ocr_line' id='line_1_24' title="bbox 466 2292 2116 2367; baseline -0.001 -20"><span class='ocrx_word' id='word_1_176' title='bbox 466 2293 676 2364; x_wconf 84' lang='lat' dir='ltr'><strong>Utique</strong></span> <span class='ocrx_word' id='word_1_177' title='bbox 700 2294 1100 2367; x_wconf 86' lang='lat' dir='ltr'><strong>cOgnovissent</strong></span> <span class='ocrx_word' id='word_1_178' title='bbox 1117 2292 1322 2350; x_wconf 83' lang='lat' dir='ltr'><strong>deiferi</strong></span> <span class='ocrx_word' id='word_1_179' title='bbox 1347 2293 1607 2364; x_wconf 87' lang='lat' dir='ltr'><strong>Dionysii</strong></span> <span class='ocrx_word' id='word_1_180' title='bbox 1647 2293 1868 2348; x_wconf 90' lang='lat' dir='ltr'><strong>dictum</strong></span> <span class='ocrx_word' id='word_1_181' title='bbox 1896 2292 1954 2346; x_wconf 90' lang='lat' dir='ltr'><strong>in</strong></span> <span class='ocrx_word' id='word_1_182' title='bbox 1987 2305 2116 2346; x_wconf 89' lang='lat' dir='ltr'><strong>ser—</strong></span> 
     </span>
    </p>
   </div>
   <div class='ocr_carea' id='block_1_25' title="bbox 466 2380 2115 2453">
    <p class='ocr_par' dir='ltr' id='par_1_25' title="bbox 466 2380 2115 2453">
     <span class='ocr_line' id='line_1_25' title="bbox 466 2380 2115 2453; baseline -0.002 -16"><span class='ocrx_word' id='word_1_183' title='bbox 466 2395 630 2438; x_wconf 88' lang='lat' dir='ltr'><strong>mone</strong></span> <span class='ocrx_word' id='word_1_184' title='bbox 648 2383 718 2439; x_wconf 93' lang='lat' dir='ltr'><strong>de</strong></span> <span class='ocrx_word' id='word_1_185' title='bbox 741 2383 1067 2439; x_wconf 90' lang='lat' dir='ltr'><strong>hierarchia</strong></span> <span class='ocrx_word' id='word_1_186' title='bbox 1095 2383 1175 2438; x_wconf 91' lang='lat' dir='ltr'><strong>ita</strong></span> <span class='ocrx_word' id='word_1_187' title='bbox 1215 2383 1571 2452; x_wconf 89' lang='lat' dir='ltr'><strong>perhibentis</strong></span> <span class='ocrx_word' id='word_1_188' title='bbox 1597 2380 1752 2452; x_wconf 84' lang='lat' dir='ltr'><strong>(cap.</strong></span> <span class='ocrx_word' id='word_1_189' title='bbox 1782 2380 1878 2453; x_wconf 73' lang='lat'><strong>2):</strong></span> <span class='ocrx_word' id='word_1_190' title='bbox 1923 2383 2115 2450; x_wconf 87' lang='lat' dir='ltr'><strong>Neque</strong></span> 
     </span>
    </p>
   </div>
   <div class='ocr_carea' id='block_1_26' title="bbox 465 2467 2116 2544">
    <p class='ocr_par' dir='ltr' id='par_1_26' title="bbox 465 2467 2116 2544">
     <span class='ocr_line' id='line_1_26' title="bbox 465 2467 2116 2544; baseline 0 -20"><span class='ocrx_word' id='word_1_191' title='bbox 465 2469 618 2525; x_wconf 91' lang='lat' dir='ltr'><strong>enim</strong></span> <span class='ocrx_word' id='word_1_192' title='bbox 649 2476 801 2526; x_wconf 90' lang='lat' dir='ltr'><strong>certa</strong></span> <span class='ocrx_word' id='word_1_193' title='bbox 825 2467 978 2544; x_wconf 88' lang='lat' dir='ltr'><strong>[Gr..</strong></span> <span class='ocrx_word' id='word_1_194' title='bbox 1019 2468 1252 2544; x_wconf 81' lang='lat' dir='ltr'><strong>exacta]</strong></span> <span class='ocrx_word' id='word_1_195' title='bbox 1286 2470 1613 2526; x_wconf 88' lang='lat' dir='ltr'><strong>similitudo</strong></span> <span class='ocrx_word' id='word_1_196' title='bbox 1657 2475 1742 2524; x_wconf 93' lang='lat' dir='ltr'><strong>est</strong></span> <span class='ocrx_word' id='word_1_197' title='bbox 1781 2469 2116 2525; x_wconf 89' lang='lat' dir='ltr'><strong>causalibus</strong></span> 
     </span>
    </p>
   </div>
   <div class='ocr_carea' id='block_1_27' title="bbox 463 2558 2114 2630">
    <p class='ocr_par' dir='ltr' id='par_1_27' title="bbox 463 2558 2114 2630">
     <span class='ocr_line' id='line_1_27' title="bbox 463 2558 2114 2630; baseline -0.001 -17"><span class='ocrx_word' id='word_1_198' title='bbox 463 2563 518 2614; x_wconf 88' lang='lat' dir='ltr'><strong>et</strong></span> <span class='ocrx_word' id='word_1_199' title='bbox 546 2558 776 2629; x_wconf 89' lang='lat' dir='ltr'><strong>causis;</strong></span> <span class='ocrx_word' id='word_1_200' title='bbox 827 2560 921 2615; x_wconf 91' lang='lat' dir='ltr'><strong>sed</strong></span> <span class='ocrx_word' id='word_1_201' title='bbox 983 2559 1191 2614; x_wconf 90' lang='lat' dir='ltr'><strong>habent</strong></span> <span class='ocrx_word' id='word_1_202' title='bbox 1221 2559 1448 2630; x_wconf 91' lang='lat' dir='ltr'><strong>quidem</strong></span> <span class='ocrx_word' id='word_1_203' title='bbox 1497 2558 1752 2614; x_wconf 89' lang='lat' dir='ltr'><strong>causalia</strong></span> <span class='ocrx_word' id='word_1_204' title='bbox 1811 2571 2114 2613; x_wconf 89' lang='lat' dir='ltr'><strong>causarum</strong></span> 
     </span>
    </p>
   </div>
   <div class='ocr_carea' id='block_1_28' title="bbox 463 2645 2120 2718">
    <p class='ocr_par' dir='ltr' id='par_1_28' title="bbox 463 2645 2120 2718">
     <span class='ocr_line' id='line_1_28' title="bbox 463 2645 2120 2718; baseline -0.001 -17"><span class='ocrx_word' id='word_1_205' title='bbox 463 2645 862 2703; x_wconf 91' lang='lat' dir='ltr'><strong>convenientes</strong></span> <span class='ocrx_word' id='word_1_206' title='bbox 887 2646 1201 2718; x_wconf 77' lang='lat' dir='ltr'><strong>imagines:</strong></span> <span class='ocrx_word' id='word_1_207' title='bbox 1251 2646 1388 2716; x_wconf 70' lang='lat' dir='ltr'><strong>ipsa:</strong></span> <span class='ocrx_word' id='word_1_208' title='bbox 1421 2651 1610 2702; x_wconf 90' lang='lat' dir='ltr'><strong>autem</strong></span> <span class='ocrx_word' id='word_1_209' title='bbox 1643 2659 1828 2702; x_wconf 71' lang='lat' dir='ltr'><strong>causae</strong></span> <span class='ocrx_word' id='word_1_210' title='bbox 1858 2646 2120 2701; x_wconf 88' lang='lat' dir='ltr'><strong>causali—</strong></span> 
     </span>
    </p>
   </div>
   <div class='ocr_carea' id='block_1_29' title="bbox 463 2733 2113 2806">
    <p class='ocr_par' dir='ltr' id='par_1_29' title="bbox 463 2733 2113 2806">
     <span class='ocr_line' id='line_1_29' title="bbox 463 2733 2113 2806; baseline -0.001 -16"><span class='ocrx_word' id='word_1_211' title='bbox 463 2733 573 2790; x_wconf 90' lang='lat' dir='ltr'><strong>bus</strong></span> <span class='ocrx_word' id='word_1_212' title='bbox 591 2733 1015 2804; x_wconf 89' lang='lat' dir='ltr'><strong>supereminent</strong></span> <span class='ocrx_word' id='word_1_213' title='bbox 1043 2737 1099 2788; x_wconf 93' lang='lat' dir='ltr'><strong>et</strong></span> <span class='ocrx_word' id='word_1_214' title='bbox 1120 2733 1568 2806; x_wconf 75' lang='lat' dir='ltr'><strong>superstabilita:</strong></span> <span class='ocrx_word' id='word_1_215' title='bbox 1610 2738 1765 2805; x_wconf 91' lang='lat' dir='ltr'><strong>sunt,</strong></span> <span class='ocrx_word' id='word_1_216' title='bbox 1799 2734 2113 2789; x_wconf 90' lang='lat' dir='ltr'><strong>secundum</strong></span> 
     </span>
    </p>
   </div>
   <div class='ocr_carea' id='block_1_30' title="bbox 465 2821 2114 2893">
    <p class='ocr_par' dir='ltr' id='par_1_30' title="bbox 465 2821 2114 2893">
     <span class='ocr_line' id='line_1_30' title="bbox 465 2821 2114 2893; baseline -0.001 -16"><span class='ocrx_word' id='word_1_217' title='bbox 465 2821 742 2892; x_wconf 91' lang='lat' dir='ltr'><strong>principii</strong></span> <span class='ocrx_word' id='word_1_218' title='bbox 765 2822 857 2879; x_wconf 91' lang='lat' dir='ltr'><strong>sui</strong></span> <span class='ocrx_word' id='word_1_219' title='bbox 895 2823 1193 2880; x_wconf 88' lang='lat' dir='ltr'><strong>rationem.</strong></span> <span class='ocrx_word' id='word_1_220' title='bbox 1227 2824 1424 2893; x_wconf 88' lang='lat' dir='ltr'><strong>Itaque</strong></span> <span class='ocrx_word' id='word_1_221' title='bbox 1472 2826 1762 2878; x_wconf 91' lang='lat' dir='ltr'><strong>ostensum</strong></span> <span class='ocrx_word' id='word_1_222' title='bbox 1810 2827 1895 2878; x_wconf 91' lang='lat' dir='ltr'><strong>est</strong></span> <span class='ocrx_word' id='word_1_223' title='bbox 1942 2823 2114 2876; x_wconf 89' lang='lat' dir='ltr'><strong>etiam</strong></span> 
     </span>
    </p>
   </div>
   <div class='ocr_carea' id='block_1_31' title="bbox 467 2909 2118 2983">
    <p class='ocr_par' dir='ltr' id='par_1_31' title="bbox 467 2909 2118 2983">
     <span class='ocr_line' id='line_1_31' title="bbox 467 2909 2118 2983; baseline -0.001 -17"><span class='ocrx_word' id='word_1_224' title='bbox 467 2909 563 2966; x_wconf 90' lang='lat' dir='ltr'><strong>his</strong></span> <span class='ocrx_word' id='word_1_225' title='bbox 591 2911 691 2981; x_wconf 92' lang='lat' dir='ltr'><strong>qui</strong></span> <span class='ocrx_word' id='word_1_226' title='bbox 733 2923 912 2982; x_wconf 85' lang='lat' dir='ltr'><strong>pauca</strong></span> <span class='ocrx_word' id='word_1_227' title='bbox 947 2910 1269 2983; x_wconf 81' lang='lat' dir='ltr'><strong>intelligere</strong></span> <span class='ocrx_word' id='word_1_228' title='bbox 1301 2916 1560 2981; x_wconf 90' lang='lat' dir='ltr'><strong>possunt,</strong></span> <span class='ocrx_word' id='word_1_229' title='bbox 1598 2911 1747 2980; x_wconf 91' lang='lat' dir='ltr'><strong>quod</strong></span> <span class='ocrx_word' id='word_1_230' title='bbox 1781 2924 1980 2966; x_wconf 90' lang='lat' dir='ltr'><strong>vanam</strong></span> <span class='ocrx_word' id='word_1_231' title='bbox 2013 2924 2118 2965; x_wconf 93' lang='lat' dir='ltr'><strong>vo-</strong></span> 
     </span>
    </p>
   </div>
   <div class='ocr_carea' id='block_1_32' title="bbox 467 2998 2119 3070">
    <p class='ocr_par' dir='ltr' id='par_1_32' title="bbox 467 2998 2119 3070">
     <span class='ocr_line' id='line_1_32' title="bbox 467 2998 2119 3070; baseline -0.001 -16"><span class='ocrx_word' id='word_1_232' title='bbox 467 3011 597 3055; x_wconf 91' lang='lat' dir='ltr'><strong>cum</strong></span> <span class='ocrx_word' id='word_1_233' title='bbox 627 2999 929 3070; x_wconf 90' lang='lat' dir='ltr'><strong>quamdam</strong></span> <span class='ocrx_word' id='word_1_234' title='bbox 961 2999 1266 3056; x_wconf 85' lang='lat' dir='ltr'><strong>novitatem</strong></span> <span class='ocrx_word' id='word_1_235' title='bbox 1305 2999 1668 3056; x_wconf 89' lang='lat' dir='ltr'><strong>introducere</strong></span> <span class='ocrx_word' id='word_1_236' title='bbox 1698 3004 1849 3054; x_wconf 87' lang='lat' dir='ltr'><strong>tenet</strong></span> <span class='ocrx_word' id='word_1_237' title='bbox 1884 2998 2119 3054; x_wconf 89' lang='lat' dir='ltr'><strong>resarci-</strong></span> 
     </span>
    </p>
   </div>
   <div class='ocr_carea' id='block_1_33' title="bbox 469 3087 2198 3158">
    <p class='ocr_par' dir='ltr' id='par_1_33' title="bbox 469 3087 2198 3158">
     <span class='ocr_line' id='line_1_33' title="bbox 469 3087 2198 3158; baseline -0.001 -16"><span class='ocrx_word' id='word_1_238' title='bbox 469 3090 639 3143; x_wconf 88' lang='lat' dir='ltr'><strong>natus</strong></span> <span class='ocrx_word' id='word_1_239' title='bbox 657 3099 853 3144; x_wconf 89' lang='lat' dir='ltr'><strong>eorum</strong></span> <span class='ocrx_word' id='word_1_240' title='bbox 885 3101 1089 3158; x_wconf 89' lang='lat' dir='ltr'><strong>sermo,</strong></span> <span class='ocrx_word' id='word_1_241' title='bbox 1119 3092 1318 3144; x_wconf 92' lang='lat' dir='ltr'><strong>contra</strong></span> <span class='ocrx_word' id='word_1_242' title='bbox 1347 3087 1678 3158; x_wconf 88' lang='lat' dir='ltr'><strong>Ecclesiam,</strong></span> <span class='ocrx_word' id='word_1_243' title='bbox 1705 3093 1763 3142; x_wconf 89' lang='lat' dir='ltr'><strong>et</strong></span> <span class='ocrx_word' id='word_1_244' title='bbox 1787 3101 1897 3143; x_wconf 91' lang='lat' dir='ltr'><strong>non</strong></span> <span class='ocrx_word' id='word_1_245' title='bbox 1919 3093 2119 3142; x_wconf 90' lang='lat' dir='ltr'><strong>contra</strong></span> <span class='ocrx_word' id='word_1_246' title='bbox 2148 3090 2198 3154; x_wconf 74' lang='grc' dir='ltr'>ί]</span> 
     </span>
    </p>
   </div>
   <div class='ocr_carea' id='block_1_34' title="bbox 469 3174 2122 3248">
    <p class='ocr_par' dir='ltr' id='par_1_34' title="bbox 469 3174 2122 3248">
     <span class='ocr_line' id='line_1_34' title="bbox 469 3174 2122 3248; baseline 0 -18"><span class='ocrx_word' id='word_1_247' title='bbox 469 3174 742 3246; x_wconf 89' lang='lat' dir='ltr'><strong>pictorem</strong></span> <span class='ocrx_word' id='word_1_248' title='bbox 763 3189 972 3248; x_wconf 79' lang='lat' dir='ltr'><strong>agones</strong></span> <span class='ocrx_word' id='word_1_249' title='bbox 994 3189 1300 3247; x_wconf 88' lang='lat' dir='ltr'><strong>apponens.</strong></span> <span class='ocrx_word' id='word_1_250' title='bbox 1337 3177 1512 3234; x_wconf 90' lang='lat' dir='ltr'><strong>Porro</strong></span> <span class='ocrx_word' id='word_1_251' title='bbox 1535 3176 1950 3246; x_wconf 90' lang='lat' dir='ltr'><strong>impudentiam</strong></span> <span class='ocrx_word' id='word_1_252' title='bbox 1975 3190 2122 3232; x_wconf 90' lang='lat' dir='ltr'><strong>con-</strong></span> 
     </span>
    </p>
   </div>
   <div class='ocr_carea' id='block_1_35' title="bbox 469 3263 1294 3338">
    <p class='ocr_par' dir='ltr' id='par_1_35' title="bbox 469 3263 1294 3338">
     <span class='ocr_line' id='line_1_35' title="bbox 469 3263 1294 3338; baseline 0.001 -18"><span class='ocrx_word' id='word_1_253' title='bbox 469 3263 782 3338; x_wconf 88' lang='lat' dir='ltr'><strong>tinuantes,</strong></span> <span class='ocrx_word' id='word_1_254' title='bbox 815 3270 1023 3323; x_wconf 91' lang='lat' dir='ltr'><strong>temere</strong></span> <span class='ocrx_word' id='word_1_255' title='bbox 1050 3265 1294 3322; x_wconf 87' lang='lat' dir='ltr'><strong>dicunt:</strong></span> 
     </span>
    </p>
   </div>
   <div class='ocr_carea' id='block_1_36' title="bbox 889 3393 1698 3464">
    <p class='ocr_par' dir='ltr' id='par_1_36' title="bbox 889 3393 1698 3464">
     <span class='ocr_line' id='line_1_36' title="bbox 889 3393 1698 3464; baseline -0.005 -14"><span class='ocrx_word' id='word_1_256' title='bbox 889 3393 1180 3462; x_wconf 77' lang='lat' dir='ltr'><strong>Gregorius</strong></span> <span class='ocrx_word' id='word_1_257' title='bbox 1219 3394 1498 3464; x_wconf 81' lang='lat' dir='ltr'><strong>episcopus</strong></span> <span class='ocrx_word' id='word_1_258' title='bbox 1533 3393 1661 3461; x_wconf 86' lang='lat' dir='ltr'><strong>legit</strong></span> <span class='ocrx_word' id='word_1_259' title='bbox 1681 3411 1698 3446; x_wconf 90' lang='lat'><strong>:</strong></span> 
     </span>
    </p>
   </div>
   <div class='ocr_carea' id='block_1_37' title="bbox 545 3498 2120 3570">
    <p class='ocr_par' dir='ltr' id='par_1_37' title="bbox 545 3498 2120 3570">
     <span class='ocr_line' id='line_1_37' title="bbox 545 3498 2120 3570; baseline 0.001 -18"><span class='ocrx_word' id='word_1_260' title='bbox 545 3518 572 3551; x_wconf 77' lang='grc' dir='ltr'><strong>α</strong></span> <span class='ocrx_word' id='word_1_261' title='bbox 608 3498 927 3555; x_wconf 91' lang='lat' dir='ltr'><strong>Damnandi</strong></span> <span class='ocrx_word' id='word_1_262' title='bbox 959 3503 1147 3556; x_wconf 90' lang='lat' dir='ltr'><strong>autem</strong></span> <span class='ocrx_word' id='word_1_263' title='bbox 1177 3498 1250 3554; x_wconf 90' lang='lat' dir='ltr'><strong>ab</strong></span> <span class='ocrx_word' id='word_1_264' title='bbox 1277 3498 1369 3554; x_wconf 91' lang='lat' dir='ltr'><strong>his</strong></span> <span class='ocrx_word' id='word_1_265' title='bbox 1415 3499 1515 3570; x_wconf 89' lang='lat' dir='ltr'><strong>qui</strong></span> <span class='ocrx_word' id='word_1_266' title='bbox 1562 3499 1702 3554; x_wconf 90' lang='lat' dir='ltr'><strong>bene</strong></span> <span class='ocrx_word' id='word_1_267' title='bbox 1745 3499 2023 3568; x_wconf 89' lang='lat' dir='ltr'><strong>sentiunt,</strong></span> <span class='ocrx_word' id='word_1_268' title='bbox 2053 3511 2120 3554; x_wconf 92' lang='lat' dir='ltr'><strong>eo</strong></span> 
     </span>
    </p>
   </div>
   <div class='ocr_carea' id='block_1_38' title="bbox 471 3586 2124 3659">
    <p class='ocr_par' dir='ltr' id='par_1_38' title="bbox 471 3586 2124 3659">
     <span class='ocr_line' id='line_1_38' title="bbox 471 3586 2124 3659; baseline 0 -19"><span class='ocrx_word' id='word_1_269' title='bbox 471 3605 498 3640; x_wconf 80' lang='grc'><strong>»</strong></span> <span class='ocrx_word' id='word_1_270' title='bbox 543 3587 692 3659; x_wconf 92' lang='lat' dir='ltr'><strong>quod</strong></span> <span class='ocrx_word' id='word_1_271' title='bbox 719 3586 1315 3658; x_wconf 87' lang='lat' dir='ltr'><strong>icomprehensibilem</strong></span> <span class='ocrx_word' id='word_1_272' title='bbox 1345 3591 1402 3642; x_wconf 92' lang='lat' dir='ltr'><strong>et</strong></span> <span class='ocrx_word' id='word_1_273' title='bbox 1427 3587 1987 3656; x_wconf 90' lang='lat' dir='ltr'><strong>incircumscriptam</strong></span> <span class='ocrx_word' id='word_1_274' title='bbox 2018 3586 2124 3642; x_wconf 91' lang='lat' dir='ltr'><strong>di—</strong></span> 
     </span>
    </p>
   </div>
   <div class='ocr_carea' id='block_1_39' title="bbox 471 3673 2119 3746">
    <p class='ocr_par' dir='ltr' id='par_1_39' title="bbox 471 3673 2119 3746">
     <span class='ocr_line' id='line_1_39' title="bbox 471 3673 2119 3746; baseline 0.001 -17"><span class='ocrx_word' id='word_1_275' title='bbox 471 3695 498 3729; x_wconf 71' lang='lat'><strong>»</strong></span> <span class='ocrx_word' id='word_1_276' title='bbox 539 3677 730 3732; x_wconf 92' lang='lat' dir='ltr'><strong>vinam</strong></span> <span class='ocrx_word' id='word_1_277' title='bbox 759 3675 972 3731; x_wconf 83' lang='lat' dir='ltr'><strong>Christi</strong></span> <span class='ocrx_word' id='word_1_278' title='bbox 998 3679 1259 3730; x_wconf 88' lang='lat' dir='ltr'><strong>naturam</strong></span> <span class='ocrx_word' id='word_1_279' title='bbox 1291 3675 1524 3746; x_wconf 80' lang='lat' dir='ltr'><strong>pingere</strong></span> <span class='ocrx_word' id='word_1_280' title='bbox 1543 3679 1842 3744; x_wconf 91' lang='lat' dir='ltr'><strong>conentur,</strong></span> <span class='ocrx_word' id='word_1_281' title='bbox 1868 3673 2119 3743; x_wconf 82' lang='lat' dir='ltr'><strong>profecto</strong></span> 
     </span>
    </p>
   </div>
   <div class='ocr_carea' id='block_1_40' title="bbox 471 3759 2121 3834">
    <p class='ocr_par' dir='ltr' id='par_1_40' title="bbox 471 3759 2121 3834">
     <span class='ocr_line' id='line_1_40' title="bbox 471 3759 2121 3834; baseline 0.002 -20"><span class='ocrx_word' id='word_1_282' title='bbox 471 3783 499 3814; x_wconf 80' lang='grc'><strong>»</strong></span> <span class='ocrx_word' id='word_1_283' title='bbox 541 3764 611 3820; x_wconf 91' lang='lat' dir='ltr'><strong>ad</strong></span> <span class='ocrx_word' id='word_1_284' title='bbox 629 3763 802 3819; x_wconf 90' lang='lat' dir='ltr'><strong>aliam</strong></span> <span class='ocrx_word' id='word_1_285' title='bbox 827 3759 1161 3834; x_wconf 82' lang='lat' dir='ltr'><strong>confugient</strong></span> <span class='ocrx_word' id='word_1_286' title='bbox 1187 3760 1347 3816; x_wconf 77' lang='lat' dir='ltr'><strong>malae</strong></span> <span class='ocrx_word' id='word_1_287' title='bbox 1374 3761 1822 3817; x_wconf 89' lang='lat' dir='ltr'><strong>machinationis</strong></span> <span class='ocrx_word' id='word_1_288' title='bbox 1841 3760 2121 3818; x_wconf 80' lang='lat' dir='ltr'><strong>defensio—</strong></span> 
     </span>
    </p>
   </div>
   <div class='ocr_carea' id='block_1_41' title="bbox 472 3848 2120 3920">
    <p class='ocr_par' dir='ltr' id='par_1_41' title="bbox 472 3848 2120 3920">
     <span class='ocr_line' id='line_1_41' title="bbox 472 3848 2120 3920; baseline 0.002 -18"><span class='ocrx_word' id='word_1_289' title='bbox 472 3869 500 3902; x_wconf 80' lang='grc'>»</span> <span class='ocrx_word' id='word_1_290' title='bbox 542 3864 690 3915; x_wconf 84' lang='lat' dir='ltr'><strong>nem,</strong></span> <span class='ocrx_word' id='word_1_291' title='bbox 733 3849 870 3920; x_wconf 88' lang='lat' dir='ltr'><strong>quia</strong></span> <span class='ocrx_word' id='word_1_292' title='bbox 909 3849 1096 3904; x_wconf 91' lang='lat' dir='ltr'><strong>solius</strong></span> <span class='ocrx_word' id='word_1_293' title='bbox 1124 3849 1316 3904; x_wconf 89' lang='lat' dir='ltr'><strong>carnis</strong></span> <span class='ocrx_word' id='word_1_294' title='bbox 1368 3848 1535 3904; x_wconf 93' lang='lat' dir='ltr'><strong>illius</strong></span> <span class='ocrx_word' id='word_1_295' title='bbox 1565 3863 1734 3919; x_wconf 91' lang='lat' dir='ltr'><strong>quam</strong></span> <span class='ocrx_word' id='word_1_296' title='bbox 1782 3849 2035 3905; x_wconf 90' lang='lat' dir='ltr'><strong>vidimus</strong></span> <span class='ocrx_word' id='word_1_297' title='bbox 2063 3857 2120 3905; x_wconf 91' lang='lat' dir='ltr'><strong>et</strong></span> 
     </span>
    </p>
   </div>
   <div class='ocr_carea' id='block_1_42' title="bbox 471 3937 2118 4008">
    <p class='ocr_par' dir='ltr' id='par_1_42' title="bbox 471 3937 2118 4008">
     <span class='ocr_line' id='line_1_42' title="bbox 471 3937 2118 4008; baseline 0.002 -19"><span class='ocrx_word' id='word_1_298' title='bbox 471 3957 498 3989; x_wconf 85' lang='grc'><strong>››</strong></span> <span class='ocrx_word' id='word_1_299' title='bbox 542 3937 901 4008; x_wconf 89' lang='lat' dir='ltr'><strong>palpavimus</strong></span> <span class='ocrx_word' id='word_1_300' title='bbox 929 3941 985 3992; x_wconf 91' lang='lat' dir='ltr'><strong>et</strong></span> <span class='ocrx_word' id='word_1_301' title='bbox 1013 3950 1142 3992; x_wconf 91' lang='lat' dir='ltr'><strong>cum</strong></span> <span class='ocrx_word' id='word_1_302' title='bbox 1165 3949 1276 4006; x_wconf 91' lang='lat' dir='ltr'><strong>qua</strong></span> <span class='ocrx_word' id='word_1_303' title='bbox 1297 3937 1614 3993; x_wconf 89' lang='lat' dir='ltr'><strong>conversati</strong></span> <span class='ocrx_word' id='word_1_304' title='bbox 1647 3952 1868 4006; x_wconf 91' lang='lat' dir='ltr'><strong>sumus,</strong></span> <span class='ocrx_word' id='word_1_305' title='bbox 1895 3937 2118 3994; x_wconf 92' lang='lat' dir='ltr'><strong>iconam</strong></span> 
     </span>
    </p>
   </div>
   <div class='ocr_carea' id='block_1_43' title="bbox 472 4024 2120 4096">
    <p class='ocr_par' dir='ltr' id='par_1_43' title="bbox 472 4024 2120 4096">
     <span class='ocr_line' id='line_1_43' title="bbox 472 4024 2120 4096; baseline 0.002 -18"><span class='ocrx_word' id='word_1_306' title='bbox 472 4043 500 4076; x_wconf 80' lang='grc'>»</span> <span class='ocrx_word' id='word_1_307' title='bbox 539 4024 944 4096; x_wconf 80' lang='lat' dir='ltr'><strong>depingimus;</strong></span> <span class='ocrx_word' id='word_1_308' title='bbox 980 4025 1129 4096; x_wconf 90' lang='lat' dir='ltr'><strong>quod</strong></span> <span class='ocrx_word' id='word_1_309' title='bbox 1156 4029 1242 4081; x_wconf 91' lang='lat' dir='ltr'><strong>est</strong></span> <span class='ocrx_word' id='word_1_310' title='bbox 1273 4024 1519 4096; x_wconf 90' lang='lat' dir='ltr'><strong>impium</strong></span> <span class='ocrx_word' id='word_1_311' title='bbox 1541 4031 1596 4082; x_wconf 94' lang='lat' dir='ltr'><strong>et</strong></span> <span class='ocrx_word' id='word_1_312' title='bbox 1625 4026 1952 4082; x_wconf 88' lang='lat' dir='ltr'><strong>Nestoriani</strong></span> <span class='ocrx_word' id='word_1_313' title='bbox 1985 4039 2120 4096; x_wconf 88' lang='lat' dir='ltr'><strong>pes-</strong></span> 
     </span>
    </p>
   </div>
   <div class='ocr_carea' id='block_1_44' title="bbox 473 4113 1271 4170">
    <p class='ocr_par' dir='ltr' id='par_1_44' title="bbox 473 4113 1271 4170">
     <span class='ocr_line' id='line_1_44' title="bbox 473 4113 1271 4170; baseline 0 -6"><span class='ocrx_word' id='word_1_314' title='bbox 473 4130 500 4164; x_wconf 76' lang='lat'>»</span> <span class='ocrx_word' id='word_1_315' title='bbox 541 4113 676 4170; x_wconf 85' lang='lat' dir='ltr'><strong>simi</strong></span> <span class='ocrx_word' id='word_1_316' title='bbox 707 4127 912 4170; x_wconf 89' lang='lat' dir='ltr'><strong>sensus</strong></span> <span class='ocrx_word' id='word_1_317' title='bbox 942 4113 1214 4170; x_wconf 90' lang='lat' dir='ltr'><strong>inventio.</strong></span> <span class='ocrx_word' id='word_1_318' title='bbox 1245 4132 1271 4164; x_wconf 71' lang='grc' dir='ltr'><strong><em>υ</em></strong></span> 
     </span>
    </p>
   </div>
   <div class='ocr_carea' id='block_1_45' title="bbox 860 4221 1736 4292">
    <p class='ocr_par' dir='ltr' id='par_1_45' title="bbox 860 4221 1736 4292">
     <span class='ocr_line' id='line_1_45' title="bbox 860 4221 1736 4292; baseline 0 -16"><span class='ocrx_word' id='word_1_319' title='bbox 860 4221 1204 4292; x_wconf 81' lang='lat' dir='ltr'><strong>Epiphanius</strong></span> <span class='ocrx_word' id='word_1_320' title='bbox 1250 4222 1512 4276; x_wconf 73' lang='lat' dir='ltr'><strong>diaconus</strong></span> <span class='ocrx_word' id='word_1_321' title='bbox 1576 4222 1736 4290; x_wconf 81' lang='lat' dir='ltr'><strong>legit:</strong></span> 
     </span>
    </p>
   </div>
   <div class='ocr_carea' id='block_1_46' title="bbox 539 4325 2122 4386">
    <p class='ocr_par' dir='ltr' id='par_1_46' title="bbox 539 4325 2122 4386">
     <span class='ocr_line' id='line_1_46' title="bbox 539 4325 2122 4386; baseline 0.002 -4"><span class='ocrx_word' id='word_1_322' title='bbox 539 4325 741 4384; x_wconf 82' lang='lat' dir='ltr'><strong>Adhuc</strong></span> <span class='ocrx_word' id='word_1_323' title='bbox 759 4327 972 4384; x_wconf 89' lang='lat' dir='ltr'><strong>eisdem</strong></span> <span class='ocrx_word' id='word_1_324' title='bbox 993 4328 1408 4385; x_wconf 88' lang='lat' dir='ltr'><strong>continuantur</strong></span> <span class='ocrx_word' id='word_1_325' title='bbox 1435 4328 1705 4384; x_wconf 90' lang='lat' dir='ltr'><strong>artiﬁciis</strong></span> <span class='ocrx_word' id='word_1_326' title='bbox 1726 4327 1855 4384; x_wconf 86' lang='lat' dir='ltr'><strong>falsi</strong></span> <span class='ocrx_word' id='word_1_327' title='bbox 1879 4334 2122 4386; x_wconf 89' lang='lat' dir='ltr'><strong>asserto-</strong></span> 
     </span>
    </p>
   </div>
   <div class='ocr_carea' id='block_1_47' title="bbox 2143 1725 2196 1786">
    <p class='ocr_par' dir='ltr' id='par_1_47' title="bbox 2143 1725 2196 1786">
     <span class='ocr_line' id='line_1_47' title="bbox 2143 1725 2196 1786; baseline 0 0"><span class='ocrx_word' id='word_1_328' title='bbox 2143 1725 2196 1786; x_wconf 91' lang='lat' dir='ltr'><strong>B</strong></span> 
     </span>
    </p>
   </div>
   <div class='ocr_carea' id='block_1_48' title="bbox 2229 513 3820 595">
    <p class='ocr_par' dir='ltr' id='par_1_48' title="bbox 2229 513 3820 595">
     <span class='ocr_line' id='line_1_48' title="bbox 2229 513 3820 595; baseline 0.008 -27"><span class='ocrx_word' id='word_1_329' title='bbox 2229 513 2406 584; x_wconf 90' lang='lat' dir='ltr'><strong>plices</strong></span> <span class='ocrx_word' id='word_1_330' title='bbox 2431 518 2798 587; x_wconf 86' lang='lat' dir='ltr'><strong>garrulitates</strong></span> <span class='ocrx_word' id='word_1_331' title='bbox 2836 535 2868 574; x_wconf 89' lang='lat' dir='ltr'><strong>a</strong></span> <span class='ocrx_word' id='word_1_332' title='bbox 2917 534 2976 575; x_wconf 91' lang='lat' dir='ltr'><strong>se</strong></span> <span class='ocrx_word' id='word_1_333' title='bbox 3008 520 3206 590; x_wconf 88' lang='lat' dir='ltr'><strong>procul</strong></span> <span class='ocrx_word' id='word_1_334' title='bbox 3263 523 3554 593; x_wconf 88' lang='lat' dir='ltr'><strong>repellunt,</strong></span> <span class='ocrx_word' id='word_1_335' title='bbox 3600 526 3820 595; x_wconf 86' lang='lat' dir='ltr'><strong>simplici</strong></span> 
     </span>
    </p>
   </div>
   <div class='ocr_carea' id='block_1_49' title="bbox 2225 605 3824 684">
    <p class='ocr_par' dir='ltr' id='par_1_49' title="bbox 2225 605 3824 684">
     <span class='ocr_line' id='line_1_49' title="bbox 2225 605 3824 684; baseline 0.008 -26"><span class='ocrx_word' id='word_1_336' title='bbox 2225 605 2394 662; x_wconf 87' lang='lat' dir='ltr'><strong>corde</strong></span> <span class='ocrx_word' id='word_1_337' title='bbox 2423 607 2618 662; x_wconf 89' lang='lat' dir='ltr'><strong>omnia</strong></span> <span class='ocrx_word' id='word_1_338' title='bbox 2639 623 2764 678; x_wconf 74' lang='lat' dir='ltr'><strong>quae</strong></span> <span class='ocrx_word' id='word_1_339' title='bbox 2794 610 3008 665; x_wconf 89' lang='lat' dir='ltr'><strong>tradita</strong></span> <span class='ocrx_word' id='word_1_340' title='bbox 3030 616 3168 666; x_wconf 91' lang='lat' dir='ltr'><strong>sunt</strong></span> <span class='ocrx_word' id='word_1_341' title='bbox 3199 611 3254 666; x_wconf 92' lang='lat' dir='ltr'><strong>in</strong></span> <span class='ocrx_word' id='word_1_342' title='bbox 3277 611 3522 668; x_wconf 88' lang='lat' dir='ltr'><strong>Ecclesia</strong></span> <span class='ocrx_word' id='word_1_343' title='bbox 3549 615 3824 684; x_wconf 89' lang='lat' dir='ltr'><strong>suscipien-</strong></span> 
     </span>
    </p>
   </div>
   <div class='ocr_carea' id='block_1_50' title="bbox 2226 695 3820 774">
    <p class='ocr_par' dir='ltr' id='par_1_50' title="bbox 2226 695 3820 774">
     <span class='ocr_line' id='line_1_50' title="bbox 2226 695 3820 774; baseline 0.006 -26"><span class='ocrx_word' id='word_1_344' title='bbox 2226 699 2340 762; x_wconf 86' lang='lat' dir='ltr'><strong>tes;</strong></span> <span class='ocrx_word' id='word_1_345' title='bbox 2373 700 2428 750; x_wconf 92' lang='lat' dir='ltr'><strong>et</strong></span> <span class='ocrx_word' id='word_1_346' title='bbox 2479 695 2768 753; x_wconf 87' lang='lat' dir='ltr'><strong>intuentes</strong></span> <span class='ocrx_word' id='word_1_347' title='bbox 2808 699 3085 771; x_wconf 89' lang='lat' dir='ltr'><strong>picturas,</strong></span> <span class='ocrx_word' id='word_1_348' title='bbox 3133 699 3278 755; x_wconf 90' lang='lat' dir='ltr'><strong>nihil</strong></span> <span class='ocrx_word' id='word_1_349' title='bbox 3319 700 3472 757; x_wconf 92' lang='lat' dir='ltr'><strong>aliud</strong></span> <span class='ocrx_word' id='word_1_350' title='bbox 3505 702 3820 774; x_wconf 82' lang='lat' dir='ltr'><strong>intelligunt,</strong></span> 
     </span>
    </p>
   </div>
   <div class='ocr_carea' id='block_1_51' title="bbox 2227 782 3822 858">
    <p class='ocr_par' dir='ltr' id='par_1_51' title="bbox 2227 782 3822 858">
     <span class='ocr_line' id='line_1_51' title="bbox 2227 782 3822 858; baseline 0.006 -21"><span class='ocrx_word' id='word_1_351' title='bbox 2227 782 2342 838; x_wconf 89' lang='lat' dir='ltr'><strong>nisi</strong></span> <span class='ocrx_word' id='word_1_352' title='bbox 2369 798 2496 853; x_wconf 66' lang='lat' dir='ltr'><strong>qua:</strong></span> <span class='ocrx_word' id='word_1_353' title='bbox 2525 785 2828 856; x_wconf 84' lang='lat' dir='ltr'><strong>signantur</strong></span> <span class='ocrx_word' id='word_1_354' title='bbox 2859 787 2918 843; x_wconf 91' lang='lat' dir='ltr'><strong>in</strong></span> <span class='ocrx_word' id='word_1_355' title='bbox 2953 787 3112 858; x_wconf 90' lang='lat' dir='ltr'><strong>ipsis.</strong></span> <span class='ocrx_word' id='word_1_356' title='bbox 3142 788 3360 843; x_wconf 90' lang='lat' dir='ltr'><strong>Etenim</strong></span> <span class='ocrx_word' id='word_1_357' title='bbox 3385 803 3510 844; x_wconf 92' lang='lat' dir='ltr'><strong>cum</strong></span> <span class='ocrx_word' id='word_1_358' title='bbox 3536 790 3822 846; x_wconf 89' lang='lat' dir='ltr'><strong>viderintin</strong></span> 
     </span>
    </p>
   </div>
   <div class='ocr_carea' id='block_1_52' title="bbox 2227 870 3825 947">
    <p class='ocr_par' dir='ltr' id='par_1_52' title="bbox 2227 870 3825 947">
     <span class='ocr_line' id='line_1_52' title="bbox 2227 870 3825 947; baseline 0.006 -23"><span class='ocrx_word' id='word_1_359' title='bbox 2227 870 2454 940; x_wconf 91' lang='lat' dir='ltr'><strong>pictura</strong></span> <span class='ocrx_word' id='word_1_360' title='bbox 2477 873 2787 942; x_wconf 90' lang='lat' dir='ltr'><strong>parientem</strong></span> <span class='ocrx_word' id='word_1_361' title='bbox 2814 875 3108 947; x_wconf 83' lang='lat' dir='ltr'><strong>Virginem</strong></span> <span class='ocrx_word' id='word_1_362' title='bbox 3128 882 3186 931; x_wconf 91' lang='lat' dir='ltr'><strong>et</strong></span> <span class='ocrx_word' id='word_1_363' title='bbox 3203 875 3433 947; x_wconf 86' lang='lat' dir='ltr'><strong>angelos</strong></span> <span class='ocrx_word' id='word_1_364' title='bbox 3457 891 3620 946; x_wconf 89' lang='lat' dir='ltr'><strong>supra</strong></span> <span class='ocrx_word' id='word_1_365' title='bbox 3640 882 3825 935; x_wconf 85' lang='lat' dir='ltr'><strong>stantes</strong></span> 
     </span>
    </p>
   </div>
   <div class='ocr_carea' id='block_1_53' title="bbox 2227 960 3820 1034">
    <p class='ocr_par' dir='ltr' id='par_1_53' title="bbox 2227 960 3820 1034">
     <span class='ocr_line' id='line_1_53' title="bbox 2227 960 3820 1034; baseline 0.004 -21"><span class='ocrx_word' id='word_1_366' title='bbox 2227 972 2356 1014; x_wconf 93' lang='lat' dir='ltr'><strong>cum</strong></span> <span class='ocrx_word' id='word_1_367' title='bbox 2381 960 2726 1030; x_wconf 90' lang='lat' dir='ltr'><strong>pastoribus,</strong></span> <span class='ocrx_word' id='word_1_368' title='bbox 2762 963 3076 1034; x_wconf 88' lang='lat' dir='ltr'><strong>recogitant</strong></span> <span class='ocrx_word' id='word_1_369' title='bbox 3104 964 3280 1019; x_wconf 92' lang='lat' dir='ltr'><strong>Deum</strong></span> <span class='ocrx_word' id='word_1_370' title='bbox 3313 963 3668 1020; x_wconf 87' lang='lat' dir='ltr'><strong>humanatum</strong></span> <span class='ocrx_word' id='word_1_371' title='bbox 3691 967 3820 1020; x_wconf 89' lang='lat' dir='ltr'><strong>nasci</strong></span> 
     </span>
    </p>
   </div>
   <div class='ocr_carea' id='block_1_54' title="bbox 2229 1049 3821 1119">
    <p class='ocr_par' dir='ltr' id='par_1_54' title="bbox 2229 1049 3821 1119">
     <span class='ocr_line' id='line_1_54' title="bbox 2229 1049 3821 1119; baseline 0.004 -18"><span class='ocrx_word' id='word_1_372' title='bbox 2229 1053 2458 1116; x_wconf 89' lang='lat' dir='ltr'><strong>propter</strong></span> <span class='ocrx_word' id='word_1_373' title='bbox 2495 1049 2735 1104; x_wconf 90' lang='lat' dir='ltr'><strong>salutem</strong></span> <span class='ocrx_word' id='word_1_374' title='bbox 2787 1057 3074 1119; x_wconf 89' lang='lat' dir='ltr'><strong>nostram;</strong></span> <span class='ocrx_word' id='word_1_375' title='bbox 3120 1055 3177 1108; x_wconf 90' lang='lat' dir='ltr'><strong>et</strong></span> <span class='ocrx_word' id='word_1_376' title='bbox 3203 1051 3542 1108; x_wconf 87' lang='lat' dir='ltr'><strong>conﬁtentur</strong></span> <span class='ocrx_word' id='word_1_377' title='bbox 3571 1052 3821 1109; x_wconf 78' lang='lat' dir='ltr'><strong>dicentes:</strong></span> 
     </span>
    </p>
   </div>
   <div class='ocr_carea' id='block_1_55' title="bbox 2229 1136 3828 1208">
    <p class='ocr_par' dir='ltr' id='par_1_55' title="bbox 2229 1136 3828 1208">
     <span class='ocr_line' id='line_1_55' title="bbox 2229 1136 3828 1208; baseline 0.004 -18"><span class='ocrx_word' id='word_1_378' title='bbox 2229 1136 2281 1190; x_wconf 92' lang='lat' dir='ltr'><strong>ls</strong></span> <span class='ocrx_word' id='word_1_379' title='bbox 2297 1136 2396 1206; x_wconf 90' lang='lat' dir='ltr'><strong>qui</strong></span> <span class='ocrx_word' id='word_1_380' title='bbox 2419 1137 2544 1191; x_wconf 91' lang='lat' dir='ltr'><strong>sine</strong></span> <span class='ocrx_word' id='word_1_381' title='bbox 2560 1151 2729 1192; x_wconf 90' lang='lat' dir='ltr'><strong>carne</strong></span> <span class='ocrx_word' id='word_1_382' title='bbox 2748 1143 2888 1208; x_wconf 90' lang='lat' dir='ltr'><strong>erat,</strong></span> <span class='ocrx_word' id='word_1_383' title='bbox 2911 1153 3044 1195; x_wconf 84' lang='lat' dir='ltr'><strong>caro</strong></span> <span class='ocrx_word' id='word_1_384' title='bbox 3065 1139 3250 1197; x_wconf 80' lang='lat' dir='ltr'><strong>factus</strong></span> <span class='ocrx_word' id='word_1_385' title='bbox 3268 1146 3373 1206; x_wconf 90' lang='grc' dir='ltr'>εει,</span> <span class='ocrx_word' id='word_1_386' title='bbox 3396 1140 3629 1195; x_wconf 86' lang='lat' dir='ltr'><strong>Verbum</strong></span> <span class='ocrx_word' id='word_1_387' title='bbox 3647 1141 3828 1196; x_wconf 86' lang='lat' dir='ltr'><strong>incras-</strong></span> 
     </span>
    </p>
   </div>
   <div class='ocr_carea' id='block_1_56' title="bbox 2227 1225 3827 1300">
    <p class='ocr_par' dir='ltr' id='par_1_56' title="bbox 2227 1225 3827 1300">
     <span class='ocr_line' id='line_1_56' title="bbox 2227 1225 3827 1300; baseline 0.003 -21"><span class='ocrx_word' id='word_1_388' title='bbox 2227 1229 2413 1280; x_wconf 90' lang='lat' dir='ltr'><strong>satum</strong></span> <span class='ocrx_word' id='word_1_389' title='bbox 2455 1231 2560 1297; x_wconf 89' lang='lat' dir='ltr'><strong>est,</strong></span> <span class='ocrx_word' id='word_1_390' title='bbox 2609 1225 2897 1284; x_wconf 90' lang='lat' dir='ltr'><strong>increatus</strong></span> <span class='ocrx_word' id='word_1_391' title='bbox 2938 1233 3182 1298; x_wconf 90' lang='lat' dir='ltr'><strong>creatus,</strong></span> <span class='ocrx_word' id='word_1_392' title='bbox 3225 1228 3624 1300; x_wconf 87' lang='lat' dir='ltr'><strong>impalpabilis,</strong></span> <span class='ocrx_word' id='word_1_393' title='bbox 3656 1229 3827 1298; x_wconf 88' lang='lat' dir='ltr'><strong>palpa-</strong></span> 
     </span>
    </p>
   </div>
   <div class='ocr_carea' id='block_1_57' title="bbox 2227 1316 3828 1388">
    <p class='ocr_par' dir='ltr' id='par_1_57' title="bbox 2227 1316 3828 1388">
     <span class='ocr_line' id='line_1_57' title="bbox 2227 1316 3828 1388; baseline 0.002 -20"><span class='ocrx_word' id='word_1_394' title='bbox 2227 1318 2323 1369; x_wconf 90' lang='lat' dir='ltr'><strong>tus</strong></span> <span class='ocrx_word' id='word_1_395' title='bbox 2350 1319 2437 1369; x_wconf 91' lang='lat' dir='ltr'><strong>est</strong></span> <span class='ocrx_word' id='word_1_396' title='bbox 2467 1332 2480 1368; x_wconf 92' lang='lat'><strong>:</strong></span> <span class='ocrx_word' id='word_1_397' title='bbox 2505 1321 2677 1386; x_wconf 90' lang='lat' dir='ltr'><strong>atque</strong></span> <span class='ocrx_word' id='word_1_398' title='bbox 2703 1330 2880 1372; x_wconf 92' lang='lat' dir='ltr'><strong>unum</strong></span> <span class='ocrx_word' id='word_1_399' title='bbox 2923 1319 3296 1388; x_wconf 89' lang='lat' dir='ltr'><strong>eumdemque</strong></span> <span class='ocrx_word' id='word_1_400' title='bbox 3332 1318 3665 1374; x_wconf 89' lang='lat' dir='ltr'><strong>conﬁtentur</strong></span> <span class='ocrx_word' id='word_1_401' title='bbox 3683 1316 3828 1386; x_wconf 75' lang='lat' dir='ltr'><strong>perte</strong></span> 
     </span>
    </p>
   </div>
   <div class='ocr_carea' id='block_1_58' title="bbox 2226 1401 3823 1474">
    <p class='ocr_par' dir='ltr' id='par_1_58' title="bbox 2226 1401 3823 1474">
     <span class='ocr_line' id='line_1_58' title="bbox 2226 1401 3823 1474; baseline 0.004 -20"><span class='ocrx_word' id='word_1_402' title='bbox 2226 1404 2380 1456; x_wconf 91' lang='lat' dir='ltr'><strong>ctum</strong></span> <span class='ocrx_word' id='word_1_403' title='bbox 2415 1401 2474 1457; x_wconf 91' lang='lat' dir='ltr'><strong>in</strong></span> <span class='ocrx_word' id='word_1_404' title='bbox 2499 1403 2712 1459; x_wconf 87' lang='lat' dir='ltr'><strong>deitate</strong></span> <span class='ocrx_word' id='word_1_405' title='bbox 2747 1410 2804 1459; x_wconf 90' lang='lat' dir='ltr'><strong>et</strong></span> <span class='ocrx_word' id='word_1_406' title='bbox 2835 1403 3142 1474; x_wconf 88' lang='lat' dir='ltr'><strong>perfectum</strong></span> <span class='ocrx_word' id='word_1_407' title='bbox 3185 1406 3245 1461; x_wconf 91' lang='lat' dir='ltr'><strong>in</strong></span> <span class='ocrx_word' id='word_1_408' title='bbox 3277 1405 3638 1472; x_wconf 86' lang='lat' dir='ltr'><strong>humanitate,</strong></span> <span class='ocrx_word' id='word_1_409' title='bbox 3678 1407 3823 1460; x_wconf 86' lang='lat' dir='ltr'><strong>Deum</strong></span> 
     </span>
    </p>
   </div>
   <div class='ocr_carea' id='block_1_59' title="bbox 2226 1489 3826 1549">
    <p class='ocr_par' dir='ltr' id='par_1_59' title="bbox 2226 1489 3826 1549">
     <span class='ocr_line' id='line_1_59' title="bbox 2226 1489 3826 1549; baseline 0.003 -7"><span class='ocrx_word' id='word_1_410' title='bbox 2226 1489 2500 1545; x_wconf 88' lang='lat' dir='ltr'><strong>veraciter</strong></span> <span class='ocrx_word' id='word_1_411' title='bbox 2524 1496 2580 1546; x_wconf 92' lang='lat' dir='ltr'><strong>et</strong></span> <span class='ocrx_word' id='word_1_412' title='bbox 2604 1491 2888 1548; x_wconf 90' lang='lat' dir='ltr'><strong>hominem</strong></span> <span class='ocrx_word' id='word_1_413' title='bbox 2913 1494 3204 1548; x_wconf 85' lang='lat' dir='ltr'><strong>veraciter.</strong></span> <span class='ocrx_word' id='word_1_414' title='bbox 3236 1495 3504 1549; x_wconf 76' lang='lat' dir='ltr'><strong>Praeterea</strong></span> <span class='ocrx_word' id='word_1_415' title='bbox 3537 1493 3736 1548; x_wconf 92' lang='lat' dir='ltr'><strong>dictum</strong></span> <span class='ocrx_word' id='word_1_416' title='bbox 3756 1497 3826 1547; x_wconf 88' lang='lat' dir='ltr'><strong>est</strong></span> 
     </span>
    </p>
   </div>
   <div class='ocr_carea' id='block_1_60' title="bbox 2226 1577 3828 1653">
    <p class='ocr_par' dir='ltr' id='par_1_60' title="bbox 2226 1577 3828 1653">
     <span class='ocr_line' id='line_1_60' title="bbox 2226 1577 3828 1653; baseline 0.002 -22"><span class='ocrx_word' id='word_1_417' title='bbox 2226 1581 2377 1632; x_wconf 87' lang='lat' dir='ltr'><strong>retro</strong></span> <span class='ocrx_word' id='word_1_418' title='bbox 2395 1577 2467 1633; x_wconf 88' lang='lat' dir='ltr'><strong>de</strong></span> <span class='ocrx_word' id='word_1_419' title='bbox 2485 1579 2720 1636; x_wconf 91' lang='lat' dir='ltr'><strong>scelesta</strong></span> <span class='ocrx_word' id='word_1_420' title='bbox 2743 1583 2990 1637; x_wconf 90' lang='lat' dir='ltr'><strong>Nestorii</strong></span> <span class='ocrx_word' id='word_1_421' title='bbox 3017 1583 3240 1651; x_wconf 70' lang='lat' dir='ltr'><strong>haeresi,</strong></span> <span class='ocrx_word' id='word_1_422' title='bbox 3266 1583 3403 1653; x_wconf 89' lang='lat' dir='ltr'><strong>quia</strong></span> <span class='ocrx_word' id='word_1_423' title='bbox 3429 1582 3720 1653; x_wconf 84' lang='lat' dir='ltr'><strong>imaginum</strong></span> <span class='ocrx_word' id='word_1_424' title='bbox 3740 1578 3828 1635; x_wconf 85' lang='lat' dir='ltr'><strong>etii-</strong></span> 
     </span>
    </p>
   </div>
   <div class='ocr_carea' id='block_1_61' title="bbox 2225 1665 3830 1740">
    <p class='ocr_par' dir='ltr' id='par_1_61' title="bbox 2225 1665 3830 1740">
     <span class='ocr_line' id='line_1_61' title="bbox 2225 1665 3830 1740; baseline 0.002 -20"><span class='ocrx_word' id='word_1_425' title='bbox 2225 1665 2348 1736; x_wconf 88' lang='lat' dir='ltr'><strong>gies</strong></span> <span class='ocrx_word' id='word_1_426' title='bbox 2379 1667 2439 1722; x_wconf 92' lang='lat' dir='ltr'><strong>in</strong></span> <span class='ocrx_word' id='word_1_427' title='bbox 2461 1668 2621 1724; x_wconf 94' lang='lat' dir='ltr'><strong>nullo</strong></span> <span class='ocrx_word' id='word_1_428' title='bbox 2651 1683 2780 1726; x_wconf 91' lang='lat' dir='ltr'><strong>cum</strong></span> <span class='ocrx_word' id='word_1_429' title='bbox 2809 1684 2874 1725; x_wconf 90' lang='lat' dir='ltr'><strong>ea</strong></span> <span class='ocrx_word' id='word_1_430' title='bbox 2899 1672 3279 1740; x_wconf 79' lang='lat' dir='ltr'><strong>concordant;</strong></span> <span class='ocrx_word' id='word_1_431' title='bbox 3312 1676 3369 1728; x_wconf 91' lang='lat' dir='ltr'><strong>et</strong></span> <span class='ocrx_word' id='word_1_432' title='bbox 3405 1669 3731 1727; x_wconf 83' lang='lat' dir='ltr'><strong>sufﬁcienter</strong></span> <span class='ocrx_word' id='word_1_433' title='bbox 3758 1667 3830 1724; x_wconf 90' lang='lat' dir='ltr'><strong>di-</strong></span> 
     </span>
    </p>
   </div>
   <div class='ocr_carea' id='block_1_62' title="bbox 2227 1757 3826 1829">
    <p class='ocr_par' dir='ltr' id='par_1_62' title="bbox 2227 1757 3826 1829">
     <span class='ocr_line' id='line_1_62' title="bbox 2227 1757 3826 1829; baseline 0.001 -19"><span class='ocrx_word' id='word_1_434' title='bbox 2227 1759 2381 1810; x_wconf 89' lang='lat' dir='ltr'><strong>ctum</strong></span> <span class='ocrx_word' id='word_1_435' title='bbox 2403 1763 2506 1812; x_wconf 91' lang='lat' dir='ltr'><strong>est.</strong></span> <span class='ocrx_word' id='word_1_436' title='bbox 2540 1757 2699 1826; x_wconf 84' lang='lat' dir='ltr'><strong>Quod</strong></span> <span class='ocrx_word' id='word_1_437' title='bbox 2733 1759 2783 1814; x_wconf 87' lang='lat' dir='ltr'><strong>si</strong></span> <span class='ocrx_word' id='word_1_438' title='bbox 2813 1761 3154 1829; x_wconf 85' lang='lat' dir='ltr'><strong>oportuerit,</strong></span> <span class='ocrx_word' id='word_1_439' title='bbox 3177 1766 3234 1816; x_wconf 88' lang='lat' dir='ltr'><strong>et</strong></span> <span class='ocrx_word' id='word_1_440' title='bbox 3257 1761 3464 1818; x_wconf 90' lang='lat' dir='ltr'><strong>iterum</strong></span> <span class='ocrx_word' id='word_1_441' title='bbox 3487 1759 3715 1816; x_wconf 89' lang='lat' dir='ltr'><strong>dicetur.</strong></span> <span class='ocrx_word' id='word_1_442' title='bbox 3746 1758 3826 1812; x_wconf 85' lang='lat' dir='ltr'><strong>Pu-</strong></span> 
     </span>
    </p>
   </div>
   <div class='ocr_carea' id='block_1_63' title="bbox 2228 1845 3582 1920">
    <p class='ocr_par' dir='ltr' id='par_1_63' title="bbox 2228 1845 3582 1920">
     <span class='ocr_line' id='line_1_63' title="bbox 2228 1845 3582 1920; baseline 0.004 -24"><span class='ocrx_word' id='word_1_443' title='bbox 2228 1846 2412 1899; x_wconf 89' lang='lat' dir='ltr'><strong>tantes</strong></span> <span class='ocrx_word' id='word_1_444' title='bbox 2439 1850 2629 1900; x_wconf 91' lang='lat' dir='ltr'><strong>autem</strong></span> <span class='ocrx_word' id='word_1_445' title='bbox 2653 1845 2712 1900; x_wconf 90' lang='lat' dir='ltr'><strong>in</strong></span> <span class='ocrx_word' id='word_1_446' title='bbox 2743 1860 2803 1901; x_wconf 90' lang='lat' dir='ltr'><strong>se</strong></span> <span class='ocrx_word' id='word_1_447' title='bbox 2833 1847 2973 1916; x_wconf 88' lang='lat' dir='ltr'><strong>quid</strong></span> <span class='ocrx_word' id='word_1_448' title='bbox 3004 1848 3346 1920; x_wconf 88' lang='lat' dir='ltr'><strong>intelligere,</strong></span> <span class='ocrx_word' id='word_1_449' title='bbox 3383 1848 3582 1904; x_wconf 88' lang='lat' dir='ltr'><strong>aiunt:</strong></span> 
     </span>
    </p>
   </div>
   <div class='ocr_carea' id='block_1_64' title="bbox 2673 1972 3502 2053">
    <p class='ocr_par' dir='ltr' id='par_1_64' title="bbox 2673 1972 3502 2053">
     <span class='ocr_line' id='line_1_64' title="bbox 2673 1972 3502 2053; baseline -0.001 -25"><span class='ocrx_word' id='word_1_450' title='bbox 2673 1972 2962 2046; x_wconf 72' lang='lat' dir='ltr'><strong>Gregorius</strong></span> <span class='ocrx_word' id='word_1_451' title='bbox 3006 1975 3289 2053; x_wconf 65' lang='lat' dir='ltr'><strong>episcopus</strong></span> <span class='ocrx_word' id='word_1_452' title='bbox 3339 1974 3502 2041; x_wconf 78' lang='lat' dir='ltr'><strong>legit:</strong></span> 
     </span>
    </p>
   </div>
   <div class='ocr_carea' id='block_1_65' title="bbox 2302 2075 3833 2152">
    <p class='ocr_par' dir='ltr' id='par_1_65' title="bbox 2302 2075 3833 2152">
     <span class='ocr_line' id='line_1_65' title="bbox 2302 2075 3833 2152; baseline 0.002 -25"><span class='ocrx_word' id='word_1_453' title='bbox 2302 2091 2328 2126; x_wconf 80' lang='grc' dir='ltr'><em>α</em></span> <span class='ocrx_word' id='word_1_454' title='bbox 2367 2075 2743 2132; x_wconf 87' lang='lat' dir='ltr'><strong>Tractandum</strong></span> <span class='ocrx_word' id='word_1_455' title='bbox 2760 2083 2845 2134; x_wconf 89' lang='lat' dir='ltr'><strong>est</strong></span> <span class='ocrx_word' id='word_1_456' title='bbox 2860 2079 3010 2132; x_wconf 90' lang='lat' dir='ltr'><strong>enim</strong></span> <span class='ocrx_word' id='word_1_457' title='bbox 3028 2078 3085 2134; x_wconf 91' lang='lat' dir='ltr'><strong>in</strong></span> <span class='ocrx_word' id='word_1_458' title='bbox 3102 2079 3226 2149; x_wconf 87' lang='lat' dir='ltr'><strong>hoc,</strong></span> <span class='ocrx_word' id='word_1_459' title='bbox 3245 2080 3383 2152; x_wconf 89' lang='lat' dir='ltr'><strong>quia</strong></span> <span class='ocrx_word' id='word_1_460' title='bbox 3399 2080 3446 2135; x_wconf 92' lang='lat' dir='ltr'><strong>si</strong></span> <span class='ocrx_word' id='word_1_461' title='bbox 3463 2078 3746 2135; x_wconf 90' lang='lat' dir='ltr'><strong>secundum</strong></span> <span class='ocrx_word' id='word_1_462' title='bbox 3759 2089 3833 2131; x_wconf 90' lang='lat' dir='ltr'><strong>or-</strong></span> 
     </span>
    </p>
   </div>
   <div class='ocr_carea' id='block_1_66' title="bbox 2229 2162 3826 2240">
    <p class='ocr_par' dir='ltr' id='par_1_66' title="bbox 2229 2162 3826 2240">
     <span class='ocr_line' id='line_1_66' title="bbox 2229 2162 3826 2240; baseline 0 -22"><span class='ocrx_word' id='word_1_463' title='bbox 2229 2178 2257 2210; x_wconf 82' lang='lat'>»</span> <span class='ocrx_word' id='word_1_464' title='bbox 2301 2162 2580 2220; x_wconf 81' lang='lat' dir='ltr'><strong>thodoxos</strong></span> <span class='ocrx_word' id='word_1_465' title='bbox 2600 2166 2791 2221; x_wconf 85' lang='lat' dir='ltr'><strong>Patres</strong></span> <span class='ocrx_word' id='word_1_466' title='bbox 2817 2167 2992 2222; x_wconf 91' lang='lat' dir='ltr'><strong>simul</strong></span> <span class='ocrx_word' id='word_1_467' title='bbox 3021 2181 3171 2240; x_wconf 78' lang='lat' dir='ltr'><strong>caro,</strong></span> <span class='ocrx_word' id='word_1_468' title='bbox 3201 2167 3378 2223; x_wconf 87' lang='lat' dir='ltr'><strong>simul</strong></span> <span class='ocrx_word' id='word_1_469' title='bbox 3399 2167 3496 2223; x_wconf 88' lang='lat' dir='ltr'><strong>Dei</strong></span> <span class='ocrx_word' id='word_1_470' title='bbox 3527 2165 3679 2221; x_wconf 87' lang='lat' dir='ltr'><strong>Verbi</strong></span> <span class='ocrx_word' id='word_1_471' title='bbox 3701 2176 3826 2230; x_wconf 89' lang='lat' dir='ltr'><strong>caro,</strong></span> 
     </span>
    </p>
   </div>
   <div class='ocr_carea' id='block_1_67' title="bbox 2230 2255 3829 2327">
    <p class='ocr_par' dir='ltr' id='par_1_67' title="bbox 2230 2255 3829 2327">
     <span class='ocr_line' id='line_1_67' title="bbox 2230 2255 3829 2327; baseline -0.001 -21"><span class='ocrx_word' id='word_1_472' title='bbox 2230 2270 2255 2301; x_wconf 85' lang='lat'>»</span> <span class='ocrx_word' id='word_1_473' title='bbox 2303 2265 2593 2322; x_wconf 91' lang='lat' dir='ltr'><strong>nunquam</strong></span> <span class='ocrx_word' id='word_1_474' title='bbox 2627 2255 2959 2324; x_wconf 89' lang='lat' dir='ltr'><strong>partitionis</strong></span> <span class='ocrx_word' id='word_1_475' title='bbox 2992 2272 3219 2313; x_wconf 88' lang='lat' dir='ltr'><strong>sensum</strong></span> <span class='ocrx_word' id='word_1_476' title='bbox 3244 2258 3581 2327; x_wconf 86' lang='lat' dir='ltr'><strong>suscipiens,</strong></span> <span class='ocrx_word' id='word_1_477' title='bbox 3626 2255 3708 2310; x_wconf 88' lang='lat' dir='ltr'><strong>sed</strong></span> <span class='ocrx_word' id='word_1_478' title='bbox 3737 2258 3829 2307; x_wconf 88' lang='lat' dir='ltr'><strong>tota</strong></span> 
     </span>
    </p>
   </div>
   <div class='ocr_carea' id='block_1_68' title="bbox 2229 2341 3826 2417">
    <p class='ocr_par' dir='ltr' id='par_1_68' title="bbox 2229 2341 3826 2417">
     <span class='ocr_line' id='line_1_68' title="bbox 2229 2341 3826 2417; baseline -0.001 -23"><span class='ocrx_word' id='word_1_479' title='bbox 2229 2363 2256 2394; x_wconf 85' lang='lat'>»</span> <span class='ocrx_word' id='word_1_480' title='bbox 2299 2357 2366 2398; x_wconf 83' lang='lat' dir='ltr'><strong>ex</strong></span> <span class='ocrx_word' id='word_1_481' title='bbox 2385 2348 2502 2398; x_wconf 89' lang='lat' dir='ltr'><strong>toto</strong></span> <span class='ocrx_word' id='word_1_482' title='bbox 2523 2357 2553 2397; x_wconf 91' lang='lat' dir='ltr'><strong>a</strong></span> <span class='ocrx_word' id='word_1_483' title='bbox 2571 2343 2766 2398; x_wconf 90' lang='lat' dir='ltr'><strong>divina</strong></span> <span class='ocrx_word' id='word_1_484' title='bbox 2787 2352 2988 2400; x_wconf 89' lang='lat' dir='ltr'><strong>natura</strong></span> <span class='ocrx_word' id='word_1_485' title='bbox 3011 2353 3276 2416; x_wconf 80' lang='lat' dir='ltr'><strong>suscepta</strong></span> <span class='ocrx_word' id='word_1_486' title='bbox 3300 2353 3354 2402; x_wconf 90' lang='lat' dir='ltr'><strong>et</strong></span> <span class='ocrx_word' id='word_1_487' title='bbox 3379 2348 3587 2417; x_wconf 72' lang='lat' dir='ltr'><strong>integre</strong></span> <span class='ocrx_word' id='word_1_488' title='bbox 3605 2341 3826 2399; x_wconf 85' lang='lat' dir='ltr'><strong>deiﬁcata</strong></span> 
     </span>
    </p>
   </div>
   <div class='ocr_carea' id='block_1_69' title="bbox 2231 2433 3829 2506">
    <p class='ocr_par' dir='ltr' id='par_1_69' title="bbox 2231 2433 3829 2506">
     <span class='ocr_line' id='line_1_69' title="bbox 2231 2433 3829 2506; baseline -0.003 -22"><span class='ocrx_word' id='word_1_489' title='bbox 2231 2453 2256 2484; x_wconf 73' lang='lat' dir='ltr'><strong>n</strong></span> <span class='ocrx_word' id='word_1_490' title='bbox 2299 2438 2403 2500; x_wconf 91' lang='lat' dir='ltr'><strong>est,</strong></span> <span class='ocrx_word' id='word_1_491' title='bbox 2451 2434 2735 2502; x_wconf 90' lang='lat' dir='ltr'><strong>quomodo</strong></span> <span class='ocrx_word' id='word_1_492' title='bbox 2765 2433 3080 2502; x_wconf 90' lang='lat' dir='ltr'><strong>scindetur,</strong></span> <span class='ocrx_word' id='word_1_493' title='bbox 3132 2435 3214 2490; x_wconf 89' lang='lat' dir='ltr'><strong>vel</strong></span> <span class='ocrx_word' id='word_1_494' title='bbox 3261 2441 3557 2506; x_wconf 83' lang='lat' dir='ltr'><strong>separatim</strong></span> <span class='ocrx_word' id='word_1_495' title='bbox 3589 2434 3829 2487; x_wconf 85' lang='lat' dir='ltr'><strong>statuetur</strong></span> 
     </span>
    </p>
   </div>
   <div class='ocr_carea' id='block_1_70' title="bbox 2231 2515 3825 2594">
    <p class='ocr_par' dir='ltr' id='par_1_70' title="bbox 2231 2515 3825 2594">
     <span class='ocr_line' id='line_1_70' title="bbox 2231 2515 3825 2594; baseline -0.005 -19"><span class='ocrx_word' id='word_1_496' title='bbox 2231 2541 2257 2572; x_wconf 84' lang='grc'><strong>››</strong></span> <span class='ocrx_word' id='word_1_497' title='bbox 2299 2521 2494 2576; x_wconf 88' lang='lat' dir='ltr'><strong>abhis</strong></span> <span class='ocrx_word' id='word_1_498' title='bbox 2537 2521 2638 2591; x_wconf 85' lang='lat' dir='ltr'><strong>qui</strong></span> <span class='ocrx_word' id='word_1_499' title='bbox 2684 2521 2857 2592; x_wconf 89' lang='lat' dir='ltr'><strong>impie</strong></span> <span class='ocrx_word' id='word_1_500' title='bbox 2899 2523 3003 2578; x_wconf 90' lang='lat' dir='ltr'><strong>hoc</strong></span> <span class='ocrx_word' id='word_1_501' title='bbox 3031 2536 3195 2594; x_wconf 88' lang='lat' dir='ltr'><strong>agere</strong></span> <span class='ocrx_word' id='word_1_502' title='bbox 3223 2521 3546 2580; x_wconf 79' lang='lat' dir='ltr'><strong>conantur?</strong></span> <span class='ocrx_word' id='word_1_503' title='bbox 3585 2515 3825 2574; x_wconf 85' lang='lat' dir='ltr'><strong>Similiter</strong></span> 
     </span>
    </p>
   </div>
   <div class='ocr_carea' id='block_1_71' title="bbox 2230 2607 3830 2680">
    <p class='ocr_par' dir='ltr' id='par_1_71' title="bbox 2230 2607 3830 2680">
     <span class='ocr_line' id='line_1_71' title="bbox 2230 2607 3830 2680; baseline -0.005 -18"><span class='ocrx_word' id='word_1_504' title='bbox 2230 2628 2256 2660; x_wconf 83' lang='lat'>»</span> <span class='ocrx_word' id='word_1_505' title='bbox 2298 2615 2485 2665; x_wconf 90' lang='lat' dir='ltr'><strong>autem</strong></span> <span class='ocrx_word' id='word_1_506' title='bbox 2527 2615 2582 2664; x_wconf 92' lang='lat' dir='ltr'><strong>et</strong></span> <span class='ocrx_word' id='word_1_507' title='bbox 2624 2625 2796 2679; x_wconf 87' lang='lat' dir='ltr'><strong>super</strong></span> <span class='ocrx_word' id='word_1_508' title='bbox 2835 2611 2961 2680; x_wconf 91' lang='lat' dir='ltr'><strong>ejus</strong></span> <span class='ocrx_word' id='word_1_509' title='bbox 3009 2611 3252 2668; x_wconf 88' lang='lat' dir='ltr'><strong>habetur</strong></span> <span class='ocrx_word' id='word_1_510' title='bbox 3295 2613 3500 2667; x_wconf 88' lang='lat' dir='ltr'><strong>anima.</strong></span> <span class='ocrx_word' id='word_1_511' title='bbox 3542 2607 3830 2664; x_wconf 80' lang='lat' dir='ltr'><strong>Assumente</strong></span> 
     </span>
    </p>
   </div>
   <div class='ocr_carea' id='block_1_72' title="bbox 2230 2693 3832 2771">
    <p class='ocr_par' dir='ltr' id='par_1_72' title="bbox 2230 2693 3832 2771">
     <span class='ocr_line' id='line_1_72' title="bbox 2230 2693 3832 2771; baseline -0.004 -21"><span class='ocrx_word' id='word_1_512' title='bbox 2230 2717 2256 2749; x_wconf 83' lang='lat'><strong>»</strong></span> <span class='ocrx_word' id='word_1_513' title='bbox 2307 2698 2520 2768; x_wconf 90' lang='lat' dir='ltr'><strong>quippe</strong></span> <span class='ocrx_word' id='word_1_514' title='bbox 2544 2698 2678 2752; x_wconf 87' lang='lat' dir='ltr'><strong>Filii</strong></span> <span class='ocrx_word' id='word_1_515' title='bbox 2702 2698 2912 2754; x_wconf 89' lang='lat' dir='ltr'><strong>deitate</strong></span> <span class='ocrx_word' id='word_1_516' title='bbox 2945 2700 3001 2754; x_wconf 94' lang='lat' dir='ltr'><strong>in</strong></span> <span class='ocrx_word' id='word_1_517' title='bbox 3028 2701 3262 2770; x_wconf 88' lang='lat' dir='ltr'><strong>propria</strong></span> <span class='ocrx_word' id='word_1_518' title='bbox 3301 2711 3534 2771; x_wconf 90' lang='lat' dir='ltr'><strong>persona</strong></span> <span class='ocrx_word' id='word_1_519' title='bbox 3553 2693 3726 2751; x_wconf 89' lang='lat' dir='ltr'><strong>carnis</strong></span> <span class='ocrx_word' id='word_1_520' title='bbox 3744 2703 3832 2746; x_wconf 88' lang='lat' dir='ltr'><strong>na—</strong></span> 
     </span>
    </p>
   </div>
   <div class='ocr_carea' id='block_1_73' title="bbox 2233 2781 3826 2855">
    <p class='ocr_par' dir='ltr' id='par_1_73' title="bbox 2233 2781 3826 2855">
     <span class='ocr_line' id='line_1_73' title="bbox 2233 2781 3826 2855; baseline -0.004 -18"><span class='ocrx_word' id='word_1_521' title='bbox 2233 2803 2259 2837; x_wconf 87' lang='lat'>»</span> <span class='ocrx_word' id='word_1_522' title='bbox 2304 2793 2512 2855; x_wconf 90' lang='lat' dir='ltr'><strong>turam,</strong></span> <span class='ocrx_word' id='word_1_523' title='bbox 2541 2785 2732 2842; x_wconf 86' lang='lat' dir='ltr'><strong>anima</strong></span> <span class='ocrx_word' id='word_1_524' title='bbox 2765 2787 3066 2843; x_wconf 86' lang='lat' dir='ltr'><strong>mediatrix</strong></span> <span class='ocrx_word' id='word_1_525' title='bbox 3091 2787 3291 2844; x_wconf 84' lang='lat' dir='ltr'><strong>effecta</strong></span> <span class='ocrx_word' id='word_1_526' title='bbox 3329 2793 3414 2844; x_wconf 91' lang='lat' dir='ltr'><strong>est</strong></span> <span class='ocrx_word' id='word_1_527' title='bbox 3439 2788 3582 2842; x_wconf 90' lang='lat' dir='ltr'><strong>inter</strong></span> <span class='ocrx_word' id='word_1_528' title='bbox 3599 2781 3826 2838; x_wconf 87' lang='lat' dir='ltr'><strong>deitatem</strong></span> 
     </span>
    </p>
   </div>
   <div class='ocr_carea' id='block_1_74' title="bbox 2230 2862 3829 2946">
    <p class='ocr_par' dir='ltr' id='par_1_74' title="bbox 2230 2862 3829 2946">
     <span class='ocr_line' id='line_1_74' title="bbox 2230 2862 3829 2946; baseline -0.006 -17"><span class='ocrx_word' id='word_1_529' title='bbox 2230 2892 2256 2925; x_wconf 81' lang='grc'>»</span> <span class='ocrx_word' id='word_1_530' title='bbox 2297 2881 2353 2930; x_wconf 88' lang='grc' dir='ltr'><strong>ει</strong></span> <span class='ocrx_word' id='word_1_531' title='bbox 2373 2874 2564 2929; x_wconf 89' lang='lat' dir='ltr'><strong>carnis</strong></span> <span class='ocrx_word' id='word_1_532' title='bbox 2589 2875 3060 2946; x_wconf 83' lang='lat' dir='ltr'><strong>crassitudinem;</strong></span> <span class='ocrx_word' id='word_1_533' title='bbox 3082 2883 3138 2933; x_wconf 89' lang='lat' dir='ltr'><strong>et</strong></span> <span class='ocrx_word' id='word_1_534' title='bbox 3162 2877 3320 2934; x_wconf 88' lang='lat' dir='ltr'><strong>sicut</strong></span> <span class='ocrx_word' id='word_1_535' title='bbox 3335 2875 3505 2933; x_wconf 90' lang='lat' dir='ltr'><strong>simul</strong></span> <span class='ocrx_word' id='word_1_536' title='bbox 3527 2886 3666 2941; x_wconf 90' lang='lat' dir='ltr'><strong>caro,</strong></span> <span class='ocrx_word' id='word_1_537' title='bbox 3688 2862 3829 2924; x_wconf 89' lang='lat' dir='ltr'><strong>simul</strong></span> 
     </span>
    </p>
   </div>
   <div class='ocr_carea' id='block_1_75' title="bbox 2231 2952 3824 3032">
    <p class='ocr_par' dir='ltr' id='par_1_75' title="bbox 2231 2952 3824 3032">
     <span class='ocr_line' id='line_1_75' title="bbox 2231 2952 3824 3032; baseline -0.003 -16"><span class='ocrx_word' id='word_1_538' title='bbox 2231 2980 2257 3012; x_wconf 84' lang='grc'><strong>››</strong></span> <span class='ocrx_word' id='word_1_539' title='bbox 2297 2963 2397 3017; x_wconf 90' lang='lat' dir='ltr'><strong>Dei</strong></span> <span class='ocrx_word' id='word_1_540' title='bbox 2445 2962 2598 3017; x_wconf 85' lang='lat' dir='ltr'><strong>verbi</strong></span> <span class='ocrx_word' id='word_1_541' title='bbox 2647 2977 2779 3018; x_wconf 91' lang='lat' dir='ltr'><strong>caro</strong></span> <span class='ocrx_word' id='word_1_542' title='bbox 2816 2969 2928 3020; x_wconf 91' lang='lat' dir='ltr'><strong>est:</strong></span> <span class='ocrx_word' id='word_1_543' title='bbox 2962 2965 3041 3020; x_wconf 87' lang='lat' dir='ltr'><strong>ita</strong></span> <span class='ocrx_word' id='word_1_544' title='bbox 3080 2966 3259 3022; x_wconf 90' lang='lat' dir='ltr'><strong>simul</strong></span> <span class='ocrx_word' id='word_1_545' title='bbox 3305 2966 3513 3032; x_wconf 87' lang='lat' dir='ltr'><strong>anima,</strong></span> <span class='ocrx_word' id='word_1_546' title='bbox 3555 2957 3710 3018; x_wconf 89' lang='lat' dir='ltr'><strong>simul</strong></span> <span class='ocrx_word' id='word_1_547' title='bbox 3744 2952 3824 3008; x_wconf 87' lang='lat' dir='ltr'><strong>Dei</strong></span> 
     </span>
    </p>
   </div>
   <div class='ocr_carea' id='block_1_76' title="bbox 2231 3042 3829 3126">
    <p class='ocr_par' dir='ltr' id='par_1_76' title="bbox 2231 3042 3829 3126">
     <span class='ocr_line' id='line_1_76' title="bbox 2231 3042 3829 3126; baseline -0.004 -23"><span class='ocrx_word' id='word_1_548' title='bbox 2231 3070 2257 3103; x_wconf 72' lang='grc' dir='ltr'><strong>ι)</strong></span> <span class='ocrx_word' id='word_1_549' title='bbox 2299 3053 2466 3108; x_wconf 90' lang='lat' dir='ltr'><strong>Verbi</strong></span> <span class='ocrx_word' id='word_1_550' title='bbox 2494 3052 2682 3108; x_wconf 90' lang='lat' dir='ltr'><strong>anima</strong></span> <span class='ocrx_word' id='word_1_551' title='bbox 2713 3059 2832 3108; x_wconf 90' lang='lat' dir='ltr'><strong>est:</strong></span> <span class='ocrx_word' id='word_1_552' title='bbox 2863 3060 2920 3110; x_wconf 91' lang='lat' dir='ltr'><strong>et</strong></span> <span class='ocrx_word' id='word_1_553' title='bbox 2953 3060 3194 3126; x_wconf 90' lang='lat' dir='ltr'><strong>utraque</strong></span> <span class='ocrx_word' id='word_1_554' title='bbox 3229 3055 3430 3114; x_wconf 86' lang='lat' dir='ltr'><strong>simul.</strong></span> <span class='ocrx_word' id='word_1_555' title='bbox 3471 3052 3709 3109; x_wconf 85' lang='lat' dir='ltr'><strong>deiﬁcata</strong></span> <span class='ocrx_word' id='word_1_556' title='bbox 3731 3042 3829 3100; x_wconf 86' lang='lat' dir='ltr'><strong>sci—</strong></span> 
     </span>
    </p>
   </div>
   <div class='ocr_carea' id='block_1_77' title="bbox 2231 3133 3828 3216">
    <p class='ocr_par' dir='ltr' id='par_1_77' title="bbox 2231 3133 3828 3216">
     <span class='ocr_line' id='line_1_77' title="bbox 2231 3133 3828 3216; baseline -0.006 -22"><span class='ocrx_word' id='word_1_557' title='bbox 2231 3161 2258 3192; x_wconf 81' lang='lat'>»</span> <span class='ocrx_word' id='word_1_558' title='bbox 2301 3143 2434 3197; x_wconf 90' lang='lat' dir='ltr'><strong>licet</strong></span> <span class='ocrx_word' id='word_1_559' title='bbox 2475 3141 2686 3213; x_wconf 91' lang='lat' dir='ltr'><strong>anima,</strong></span> <span class='ocrx_word' id='word_1_560' title='bbox 2720 3143 2872 3199; x_wconf 89' lang='lat' dir='ltr'><strong>sicut</strong></span> <span class='ocrx_word' id='word_1_561' title='bbox 2895 3149 2950 3198; x_wconf 91' lang='lat' dir='ltr'><strong>et</strong></span> <span class='ocrx_word' id='word_1_562' title='bbox 2991 3158 3249 3216; x_wconf 91' lang='lat' dir='ltr'><strong>corpore,</strong></span> <span class='ocrx_word' id='word_1_563' title='bbox 3286 3150 3341 3201; x_wconf 87' lang='lat' dir='ltr'><strong>et</strong></span> <span class='ocrx_word' id='word_1_564' title='bbox 3380 3144 3450 3199; x_wconf 91' lang='lat' dir='ltr'><strong>ab</strong></span> <span class='ocrx_word' id='word_1_565' title='bbox 3497 3141 3584 3197; x_wconf 91' lang='lat' dir='ltr'><strong>his</strong></span> <span class='ocrx_word' id='word_1_566' title='bbox 3620 3133 3828 3194; x_wconf 79' lang='lat' dir='ltr'><strong>indivisa</strong></span> 
     </span>
    </p>
   </div>
   <div class='ocr_carea' id='block_1_78' title="bbox 2232 3224 3828 3304">
    <p class='ocr_par' dir='ltr' id='par_1_78' title="bbox 2232 3224 3828 3304">
     <span class='ocr_line' id='line_1_78' title="bbox 2232 3224 3828 3304; baseline -0.004 -22"><span class='ocrx_word' id='word_1_567' title='bbox 2232 3250 2258 3282; x_wconf 85' lang='grc'><strong>››</strong></span> <span class='ocrx_word' id='word_1_568' title='bbox 2299 3231 2512 3287; x_wconf 91' lang='lat' dir='ltr'><strong>deitate</strong></span> <span class='ocrx_word' id='word_1_569' title='bbox 2538 3237 2796 3287; x_wconf 91' lang='lat' dir='ltr'><strong>manente</strong></span> <span class='ocrx_word' id='word_1_570' title='bbox 2817 3232 2988 3288; x_wconf 90' lang='lat' dir='ltr'><strong>etiam</strong></span> <span class='ocrx_word' id='word_1_571' title='bbox 3020 3233 3080 3288; x_wconf 88' lang='lat' dir='ltr'><strong>in</strong></span> <span class='ocrx_word' id='word_1_572' title='bbox 3105 3233 3232 3304; x_wconf 90' lang='lat' dir='ltr'><strong>ipsa</strong></span> <span class='ocrx_word' id='word_1_573' title='bbox 3257 3231 3638 3304; x_wconf 89' lang='lat' dir='ltr'><strong>disjunctione</strong></span> <span class='ocrx_word' id='word_1_574' title='bbox 3661 3224 3828 3280; x_wconf 71' lang='lat' dir='ltr'><strong>anima:</strong></span> 
     </span>
    </p>
   </div>
   <div class='ocr_carea' id='block_1_79' title="bbox 2232 3311 3826 3391">
    <p class='ocr_par' dir='ltr' id='par_1_79' title="bbox 2232 3311 3826 3391">
     <span class='ocr_line' id='line_1_79' title="bbox 2232 3311 3826 3391; baseline -0.004 -16"><span class='ocrx_word' id='word_1_575' title='bbox 2232 3338 2260 3370; x_wconf 69' lang='lat' dir='ltr'>n</span> <span class='ocrx_word' id='word_1_576' title='bbox 2301 3333 2332 3375; x_wconf 87' lang='lat' dir='ltr'><strong>a</strong></span> <span class='ocrx_word' id='word_1_577' title='bbox 2357 3333 2592 3390; x_wconf 90' lang='lat' dir='ltr'><strong>corpore</strong></span> <span class='ocrx_word' id='word_1_578' title='bbox 2615 3319 2672 3375; x_wconf 91' lang='lat' dir='ltr'><strong>in</strong></span> <span class='ocrx_word' id='word_1_579' title='bbox 2703 3320 3027 3376; x_wconf 89' lang='lat' dir='ltr'><strong>voluntaria</strong></span> <span class='ocrx_word' id='word_1_580' title='bbox 3054 3323 3342 3391; x_wconf 86' lang='lat' dir='ltr'><strong>passione.</strong></span> <span class='ocrx_word' id='word_1_581' title='bbox 3371 3321 3472 3376; x_wconf 91' lang='lat' dir='ltr'><strong>Ubi</strong></span> <span class='ocrx_word' id='word_1_582' title='bbox 3504 3318 3646 3374; x_wconf 90' lang='lat' dir='ltr'><strong>enim</strong></span> <span class='ocrx_word' id='word_1_583' title='bbox 3673 3311 3826 3368; x_wconf 66' lang='lat' dir='ltr'><strong>anima</strong></span> 
     </span>
    </p>
   </div>
   <div class='ocr_carea' id='block_1_80' title="bbox 2232 3394 3828 3482">
    <p class='ocr_par' dir='ltr' id='par_1_80' title="bbox 2232 3394 3828 3482">
     <span class='ocr_line' id='line_1_80' title="bbox 2232 3394 3828 3482; baseline -0.005 -19"><span class='ocrx_word' id='word_1_584' title='bbox 2232 3425 2258 3457; x_wconf 82' lang='lat'>»</span> <span class='ocrx_word' id='word_1_585' title='bbox 2299 3408 2538 3477; x_wconf 91' lang='lat' dir='ltr'><strong>Christi,</strong></span> <span class='ocrx_word' id='word_1_586' title='bbox 2585 3408 2666 3463; x_wconf 89' lang='lat' dir='ltr'><strong>ibi</strong></span> <span class='ocrx_word' id='word_1_587' title='bbox 2689 3413 2744 3464; x_wconf 91' lang='lat' dir='ltr'><strong>et</strong></span> <span class='ocrx_word' id='word_1_588' title='bbox 2775 3409 2996 3465; x_wconf 89' lang='lat' dir='ltr'><strong>deitas:</strong></span> <span class='ocrx_word' id='word_1_589' title='bbox 3031 3415 3086 3466; x_wconf 90' lang='lat' dir='ltr'><strong>et</strong></span> <span class='ocrx_word' id='word_1_590' title='bbox 3117 3410 3215 3466; x_wconf 92' lang='lat' dir='ltr'><strong>ubi</strong></span> <span class='ocrx_word' id='word_1_591' title='bbox 3275 3425 3482 3482; x_wconf 91' lang='lat' dir='ltr'><strong>corpus</strong></span> <span class='ocrx_word' id='word_1_592' title='bbox 3515 3402 3731 3469; x_wconf 89' lang='lat' dir='ltr'><strong>Christi,</strong></span> <span class='ocrx_word' id='word_1_593' title='bbox 3767 3394 3828 3451; x_wconf 89' lang='lat' dir='ltr'><strong>ibi</strong></span> 
     </span>
    </p>
   </div>
   <div class='ocr_carea' id='block_1_81' title="bbox 2231 3496 2632 3552">
    <p class='ocr_par' dir='ltr' id='par_1_81' title="bbox 2231 3496 2632 3552">
     <span class='ocr_line' id='line_1_81' title="bbox 2231 3496 2632 3552; baseline -0.002 -5"><span class='ocrx_word' id='word_1_594' title='bbox 2231 3514 2258 3547; x_wconf 85' lang='grc'><strong>››</strong></span> <span class='ocrx_word' id='word_1_595' title='bbox 2300 3502 2356 3552; x_wconf 89' lang='lat' dir='ltr'><strong>et</strong></span> <span class='ocrx_word' id='word_1_596' title='bbox 2374 3496 2576 3551; x_wconf 83' lang='lat' dir='ltr'><strong>deitas.</strong></span> <span class='ocrx_word' id='word_1_597' title='bbox 2606 3514 2632 3545; x_wconf 83' lang='grc'>»</span> 
     </span>
    </p>
   </div>
   <div class='ocr_carea' id='block_1_82' title="bbox 2620 3603 3442 3673">
    <p class='ocr_par' dir='ltr' id='par_1_82' title="bbox 2620 3603 3442 3673">
     <span class='ocr_line' id='line_1_82' title="bbox 2620 3603 3442 3673; baseline 0.006 -19"><span class='ocrx_word' id='word_1_598' title='bbox 2620 3603 2964 3672; x_wconf 77' lang='lat' dir='ltr'><strong>Epiphanius</strong></span> <span class='ocrx_word' id='word_1_599' title='bbox 2985 3603 3252 3659; x_wconf 81' lang='lat' dir='ltr'><strong>diaconus</strong></span> <span class='ocrx_word' id='word_1_600' title='bbox 3281 3606 3442 3673; x_wconf 82' lang='lat' dir='ltr'><strong>legit:</strong></span> 
     </span>
    </p>
   </div>
   <div class='ocr_carea' id='block_1_83' title="bbox 2299 3706 3830 3780">
    <p class='ocr_par' dir='ltr' id='par_1_83' title="bbox 2299 3706 3830 3780">
     <span class='ocr_line' id='line_1_83' title="bbox 2299 3706 3830 3780; baseline -0.007 -18"><span class='ocrx_word' id='word_1_601' title='bbox 2299 3706 2534 3775; x_wconf 89' lang='lat' dir='ltr'><strong>Quando</strong></span> <span class='ocrx_word' id='word_1_602' title='bbox 2567 3707 2819 3778; x_wconf 90' lang='lat' dir='ltr'><strong>aliquem</strong></span> <span class='ocrx_word' id='word_1_603' title='bbox 2850 3708 3058 3764; x_wconf 89' lang='lat' dir='ltr'><strong>tacturi</strong></span> <span class='ocrx_word' id='word_1_604' title='bbox 3098 3713 3236 3764; x_wconf 90' lang='lat' dir='ltr'><strong>sunt</strong></span> <span class='ocrx_word' id='word_1_605' title='bbox 3270 3719 3618 3780; x_wconf 85' lang='lat' dir='ltr'><strong>nequaquam</strong></span> <span class='ocrx_word' id='word_1_606' title='bbox 3648 3709 3830 3758; x_wconf 90' lang='lat' dir='ltr'><strong>sermo—</strong></span> 
     </span>
    </p>
   </div>
   <div class='ocr_carea' id='block_1_84' title="bbox 2229 3791 3832 3872">
    <p class='ocr_par' dir='ltr' id='par_1_84' title="bbox 2229 3791 3832 3872">
     <span class='ocr_line' id='line_1_84' title="bbox 2229 3791 3832 3872; baseline -0.004 -23"><span class='ocrx_word' id='word_1_607' title='bbox 2229 3807 2355 3849; x_wconf 90' lang='lat' dir='ltr'><strong>nem</strong></span> <span class='ocrx_word' id='word_1_608' title='bbox 2378 3794 2743 3852; x_wconf 89' lang='lat' dir='ltr'><strong>subversores</strong></span> <span class='ocrx_word' id='word_1_609' title='bbox 2779 3796 3078 3852; x_wconf 78' lang='lat' dir='ltr'><strong>catholicae</strong></span> <span class='ocrx_word' id='word_1_610' title='bbox 3115 3799 3387 3856; x_wconf 62' lang='lat' dir='ltr'><strong>Ecclesiae</strong></span> <span class='ocrx_word' id='word_1_611' title='bbox 3410 3804 3428 3872; x_wconf 69' lang='grc' dir='ltr'><strong>ι</strong></span> <span class='ocrx_word' id='word_1_612' title='bbox 3451 3799 3565 3856; x_wconf 79' lang='lat' dir='ltr'><strong>Gr..</strong></span> <span class='ocrx_word' id='word_1_613' title='bbox 3589 3791 3679 3864; x_wconf 91' lang='lat' dir='ltr'><strong>qui</strong></span> <span class='ocrx_word' id='word_1_614' title='bbox 3699 3799 3832 3844; x_wconf 85' lang='lat' dir='ltr'><strong>aver—</strong></span> 
     </span>
    </p>
   </div>
   <div class='ocr_carea' id='block_1_85' title="bbox 2228 3883 3832 3960">
    <p class='ocr_par' dir='ltr' id='par_1_85' title="bbox 2228 3883 3832 3960">
     <span class='ocr_line' id='line_1_85' title="bbox 2228 3883 3832 3960; baseline 0.004 -22"><span class='ocrx_word' id='word_1_615' title='bbox 2228 3888 2359 3938; x_wconf 91' lang='lat' dir='ltr'><strong>tunt</strong></span> <span class='ocrx_word' id='word_1_616' title='bbox 2383 3898 2442 3939; x_wconf 89' lang='lat' dir='ltr'><strong>se</strong></span> <span class='ocrx_word' id='word_1_617' title='bbox 2465 3898 2498 3940; x_wconf 90' lang='lat' dir='ltr'><strong>a</strong></span> <span class='ocrx_word' id='word_1_618' title='bbox 2528 3885 2808 3941; x_wconf 88' lang='lat' dir='ltr'><strong>catholica</strong></span> <span class='ocrx_word' id='word_1_619' title='bbox 2833 3883 3156 3960; x_wconf 86' lang='lat' dir='ltr'><strong>Ecclesia],</strong></span> <span class='ocrx_word' id='word_1_620' title='bbox 3204 3892 3510 3945; x_wconf 90' lang='lat' dir='ltr'><strong>assumunt</strong></span> <span class='ocrx_word' id='word_1_621' title='bbox 3539 3883 3718 3952; x_wconf 88' lang='lat' dir='ltr'><strong>aliqua</strong></span> <span class='ocrx_word' id='word_1_622' title='bbox 3735 3885 3832 3944; x_wconf 68' lang='grc' dir='ltr'>(ιυεε</span> 
     </span>
    </p>
   </div>
   <div class='ocr_carea' id='block_1_86' title="bbox 2229 3959 3832 4044">
    <p class='ocr_par' dir='ltr' id='par_1_86' title="bbox 2229 3959 3832 4044">
     <span class='ocr_line' id='line_1_86' title="bbox 2229 3959 3832 4044; baseline -0.004 -17"><span class='ocrx_word' id='word_1_623' title='bbox 2229 3985 2424 4028; x_wconf 89' lang='lat' dir='ltr'><strong>omnes</strong></span> <span class='ocrx_word' id='word_1_624' title='bbox 2445 3972 2818 4042; x_wconf 90' lang='lat' dir='ltr'><strong>proﬁtentur:</strong></span> <span class='ocrx_word' id='word_1_625' title='bbox 2857 3978 2922 4029; x_wconf 92' lang='lat' dir='ltr'><strong>ut</strong></span> <span class='ocrx_word' id='word_1_626' title='bbox 2948 3989 3047 4044; x_wconf 90' lang='lat' dir='ltr'><strong>per</strong></span> <span class='ocrx_word' id='word_1_627' title='bbox 3067 3959 3301 4033; x_wconf 83' lang='lat' dir='ltr'><strong>sensum</strong></span> <span class='ocrx_word' id='word_1_628' title='bbox 3335 3977 3544 4032; x_wconf 90' lang='lat' dir='ltr'><strong>bonum</strong></span> <span class='ocrx_word' id='word_1_629' title='bbox 3567 3969 3657 4042; x_wconf 91' lang='lat' dir='ltr'><strong>qui</strong></span> <span class='ocrx_word' id='word_1_630' title='bbox 3683 3967 3736 4021; x_wconf 93' lang='lat' dir='ltr'><strong>in</strong></span> <span class='ocrx_word' id='word_1_631' title='bbox 3761 3959 3832 4016; x_wconf 87' lang='lat' dir='ltr'><strong>his</strong></span> 
     </span>
    </p>
   </div>
   <div class='ocr_carea' id='block_1_87' title="bbox 2229 4049 3832 4136">
    <p class='ocr_par' dir='ltr' id='par_1_87' title="bbox 2229 4049 3832 4136">
     <span class='ocr_line' id='line_1_87' title="bbox 2229 4049 3832 4136; baseline -0.007 -18"><span class='ocrx_word' id='word_1_632' title='bbox 2229 4075 2351 4118; x_wconf 88' lang='lat' dir='ltr'><strong>esse</strong></span> <span class='ocrx_word' id='word_1_633' title='bbox 2371 4063 2649 4134; x_wconf 90' lang='lat' dir='ltr'><strong>cernitur,</strong></span> <span class='ocrx_word' id='word_1_634' title='bbox 2673 4077 2773 4118; x_wconf 91' lang='lat' dir='ltr'><strong>nec</strong></span> <span class='ocrx_word' id='word_1_635' title='bbox 2791 4063 2862 4119; x_wconf 91' lang='lat' dir='ltr'><strong>de</strong></span> <span class='ocrx_word' id='word_1_636' title='bbox 2886 4063 3132 4134; x_wconf 90' lang='lat' dir='ltr'><strong>reliquis</strong></span> <span class='ocrx_word' id='word_1_637' title='bbox 3150 4063 3525 4122; x_wconf 87' lang='lat' dir='ltr'><strong>incredibiles</strong></span> <span class='ocrx_word' id='word_1_638' title='bbox 3547 4057 3639 4136; x_wconf 83' lang='lat' dir='ltr'><strong>[id</strong></span> <span class='ocrx_word' id='word_1_639' title='bbox 3659 4060 3726 4112; x_wconf 87' lang='lat' dir='ltr'><strong>est</strong></span> <span class='ocrx_word' id='word_1_640' title='bbox 3748 4049 3832 4106; x_wconf 84' lang='lat' dir='ltr'><strong>ﬁde</strong></span> 
     </span>
    </p>
   </div>
   <div class='ocr_carea' id='block_1_88' title="bbox 2231 4141 3831 4224">
    <p class='ocr_par' dir='ltr' id='par_1_88' title="bbox 2231 4141 3831 4224">
     <span class='ocr_line' id='line_1_88' title="bbox 2231 4141 3831 4224; baseline -0.003 -18"><span class='ocrx_word' id='word_1_641' title='bbox 2231 4151 2425 4206; x_wconf 90' lang='lat' dir='ltr'><strong>minus</strong></span> <span class='ocrx_word' id='word_1_642' title='bbox 2451 4149 2648 4224; x_wconf 85' lang='lat' dir='ltr'><strong>digni]</strong></span> <span class='ocrx_word' id='word_1_643' title='bbox 2677 4151 3031 4220; x_wconf 88' lang='lat' dir='ltr'><strong>judicentur.</strong></span> <span class='ocrx_word' id='word_1_644' title='bbox 3059 4153 3244 4209; x_wconf 84' lang='lat' dir='ltr'><strong>Pauca</strong></span> <span class='ocrx_word' id='word_1_645' title='bbox 3267 4154 3422 4210; x_wconf 93' lang='lat' dir='ltr'><strong>enim</strong></span> <span class='ocrx_word' id='word_1_646' title='bbox 3455 4149 3695 4223; x_wconf 61' lang='lat' dir='ltr'><strong>quaedam</strong></span> <span class='ocrx_word' id='word_1_647' title='bbox 3720 4141 3831 4196; x_wconf 71' lang='lat' dir='ltr'><strong>belle</strong></span> 
     </span>
    </p>
   </div>
   <div class='ocr_carea' id='block_1_89' title="bbox 2230 4229 3831 4315">
    <p class='ocr_par' dir='ltr' id='par_1_89' title="bbox 2230 4229 3831 4315">
     <span class='ocr_line' id='line_1_89' title="bbox 2230 4229 3831 4315; baseline -0.007 -20"><span class='ocrx_word' id='word_1_648' title='bbox 2230 4239 2686 4310; x_wconf 87' lang='lat' dir='ltr'><strong>pronuntiantes,</strong></span> <span class='ocrx_word' id='word_1_649' title='bbox 2733 4244 2790 4294; x_wconf 93' lang='lat' dir='ltr'><strong>et</strong></span> <span class='ocrx_word' id='word_1_650' title='bbox 2831 4240 3248 4309; x_wconf 73' lang='lat' dir='ltr'><strong>quodammodo</strong></span> <span class='ocrx_word' id='word_1_651' title='bbox 3293 4241 3502 4315; x_wconf 85' lang='lat' dir='ltr'><strong>glareis</strong></span> <span class='ocrx_word' id='word_1_652' title='bbox 3545 4229 3831 4304; x_wconf 77' lang='lat' dir='ltr'><strong>margaritas</strong></span> 
     </span>
    </p>
   </div>
   <div class='ocr_carea' id='block_1_90' title="bbox 2231 4326 3832 4400">
    <p class='ocr_par' dir='ltr' id='par_1_90' title="bbox 2231 4326 3832 4400">
     <span class='ocr_line' id='line_1_90' title="bbox 2231 4326 3832 4400; baseline -0.003 -18"><span class='ocrx_word' id='word_1_653' title='bbox 2231 4327 2680 4396; x_wconf 89' lang='lat' dir='ltr'><strong>commiscentes,</strong></span> <span class='ocrx_word' id='word_1_654' title='bbox 2735 4332 2908 4399; x_wconf 90' lang='lat' dir='ltr'><strong>atque</strong></span> <span class='ocrx_word' id='word_1_655' title='bbox 2947 4330 3016 4384; x_wconf 89' lang='lat' dir='ltr'><strong>ad</strong></span> <span class='ocrx_word' id='word_1_656' title='bbox 3064 4331 3344 4386; x_wconf 90' lang='lat' dir='ltr'><strong>vomitum</strong></span> <span class='ocrx_word' id='word_1_657' title='bbox 3385 4326 3669 4400; x_wconf 90' lang='lat' dir='ltr'><strong>proprium</strong></span> <span class='ocrx_word' id='word_1_658' title='bbox 3697 4326 3832 4400; x_wconf 48' lang='lat' dir='ltr'><strong>teper</strong></span> 
     </span>
    </p>
   </div>
   <div class='ocr_carea' id='block_1_91' title="bbox 471 4399 3834 4488">
    <p class='ocr_par' dir='ltr' id='par_1_91' title="bbox 471 4399 3834 4488">
     <span class='ocr_line' id='line_1_91' title="bbox 471 4399 3834 4488; baseline -0.005 -15"><span class='ocrx_word' id='word_1_659' title='bbox 471 4430 562 4474; x_wconf 85' lang='lat' dir='ltr'><strong>res</strong></span> <span class='ocrx_word' id='word_1_660' title='bbox 579 4417 734 4474; x_wconf 92' lang='lat' dir='ltr'><strong>circa</strong></span> <span class='ocrx_word' id='word_1_661' title='bbox 762 4417 1075 4486; x_wconf 89' lang='lat' dir='ltr'><strong>veritatem,</strong></span> <span class='ocrx_word' id='word_1_662' title='bbox 1095 4418 1163 4473; x_wconf 90' lang='lat' dir='ltr'><strong>ad</strong></span> <span class='ocrx_word' id='word_1_663' title='bbox 1194 4417 1580 4488; x_wconf 88' lang='lat' dir='ltr'><strong>impudentem</strong></span> <span class='ocrx_word' id='word_1_664' title='bbox 1605 4417 2115 4474; x_wconf 90' lang='lat' dir='ltr'><strong>contradictionem</strong></span> <span class='ocrx_word' id='word_1_665' title='bbox 2149 4408 2199 4468; x_wconf 91' lang='lat' dir='ltr'><strong>D</strong></span> <span class='ocrx_word' id='word_1_666' title='bbox 2229 4415 2449 4486; x_wconf 89' lang='lat' dir='ltr'><strong>dantes,</strong></span> <span class='ocrx_word' id='word_1_667' title='bbox 2479 4415 2646 4470; x_wconf 90' lang='lat' dir='ltr'><strong>aiunt</strong></span> <span class='ocrx_word' id='word_1_668' title='bbox 2667 4415 2851 4471; x_wconf 90' lang='lat' dir='ltr'><strong>scindi</strong></span> <span class='ocrx_word' id='word_1_669' title='bbox 2889 4423 2944 4472; x_wconf 89' lang='lat' dir='ltr'><strong>et</strong></span> <span class='ocrx_word' id='word_1_670' title='bbox 2967 4419 3274 4488; x_wconf 83' lang='lat' dir='ltr'><strong>separatim</strong></span> <span class='ocrx_word' id='word_1_671' title='bbox 3309 4399 3483 4475; x_wconf 80' lang='lat' dir='ltr'><strong>statui</strong></span> <span class='ocrx_word' id='word_1_672' title='bbox 3514 4424 3678 4471; x_wconf 91' lang='lat' dir='ltr'><strong>unum</strong></span> <span class='ocrx_word' id='word_1_673' title='bbox 3705 4399 3834 4488; x_wconf 86' lang='lat' dir='ltr'><strong>Chri-</strong></span> 
     </span>
    </p>
   </div>
   <div class='ocr_carea' id='block_1_92' title="bbox 469 4504 2117 4576">
    <p class='ocr_par' dir='ltr' id='par_1_92' title="bbox 469 4504 2117 4576">
     <span class='ocr_line' id='line_1_92' title="bbox 469 4504 2117 4576; baseline -0.001 -14"><span class='ocrx_word' id='word_1_674' title='bbox 469 4505 748 4562; x_wconf 90' lang='lat' dir='ltr'><strong>conversi.</strong></span> <span class='ocrx_word' id='word_1_675' title='bbox 781 4506 985 4562; x_wconf 86' lang='lat' dir='ltr'><strong>Verum</strong></span> <span class='ocrx_word' id='word_1_676' title='bbox 1003 4504 1397 4560; x_wconf 89' lang='lat' dir='ltr'><strong>convenientia</strong></span> <span class='ocrx_word' id='word_1_677' title='bbox 1418 4504 1532 4560; x_wconf 92' lang='lat' dir='ltr'><strong>sibi</strong></span> <span class='ocrx_word' id='word_1_678' title='bbox 1551 4505 1823 4576; x_wconf 90' lang='lat' dir='ltr'><strong>dicentes,</strong></span> <span class='ocrx_word' id='word_1_679' title='bbox 1851 4505 2117 4561; x_wconf 89' lang='lat' dir='ltr'><strong>incidunt</strong></span> 
     </span>
    </p>
   </div>
   <div class='ocr_carea' id='block_1_93' title="bbox 471 4591 2117 4664">
    <p class='ocr_par' dir='ltr' id='par_1_93' title="bbox 471 4591 2117 4664">
     <span class='ocr_line' id='line_1_93' title="bbox 471 4591 2117 4664; baseline 0 -16"><span class='ocrx_word' id='word_1_680' title='bbox 471 4593 531 4648; x_wconf 92' lang='lat' dir='ltr'><strong>in</strong></span> <span class='ocrx_word' id='word_1_681' title='bbox 581 4593 848 4664; x_wconf 89' lang='lat' dir='ltr'><strong>laqueum</strong></span> <span class='ocrx_word' id='word_1_682' title='bbox 891 4591 1296 4663; x_wconf 60' lang='lat' dir='ltr'><strong>blasphemia;</strong></span> <span class='ocrx_word' id='word_1_683' title='bbox 1325 4597 1381 4647; x_wconf 94' lang='lat' dir='ltr'><strong>et</strong></span> <span class='ocrx_word' id='word_1_684' title='bbox 1423 4593 1686 4649; x_wconf 78' lang='lat' dir='ltr'><strong>amentiae</strong></span> <span class='ocrx_word' id='word_1_685' title='bbox 1713 4593 2117 4649; x_wconf 90' lang='lat' dir='ltr'><strong>continuantes</strong></span> 
     </span>
    </p>
   </div>
   <div class='ocr_carea' id='block_1_94' title="bbox 468 4679 2116 4751">
    <p class='ocr_par' dir='ltr' id='par_1_94' title="bbox 468 4679 2116 4751">
     <span class='ocr_line' id='line_1_94' title="bbox 468 4679 2116 4751; baseline 0.001 -16"><span class='ocrx_word' id='word_1_686' title='bbox 468 4679 657 4751; x_wconf 90' lang='lat' dir='ltr'><strong>verba,</strong></span> <span class='ocrx_word' id='word_1_687' title='bbox 708 4680 766 4737; x_wconf 91' lang='lat' dir='ltr'><strong>id</strong></span> <span class='ocrx_word' id='word_1_688' title='bbox 797 4684 883 4736; x_wconf 91' lang='lat' dir='ltr'><strong>est</strong></span> <span class='ocrx_word' id='word_1_689' title='bbox 922 4679 1557 4750; x_wconf 89' lang='lat' dir='ltr'><strong>incomprehensibilem</strong></span> <span class='ocrx_word' id='word_1_690' title='bbox 1589 4685 1645 4737; x_wconf 95' lang='lat' dir='ltr'><strong>et</strong></span> <span class='ocrx_word' id='word_1_691' title='bbox 1673 4681 2116 4737; x_wconf 89' lang='lat' dir='ltr'><strong>incircumscri—</strong></span> 
     </span>
    </p>
   </div>
   <div class='ocr_carea' id='block_1_95' title="bbox 469 4767 2112 4841">
    <p class='ocr_par' dir='ltr' id='par_1_95' title="bbox 469 4767 2112 4841">
     <span class='ocr_line' id='line_1_95' title="bbox 469 4767 2112 4841; baseline 0.001 -18"><span class='ocrx_word' id='word_1_692' title='bbox 469 4767 1111 4837; x_wconf 83' lang='lat' dir='ltr'><strong>ptamdivinamChristi</strong></span> <span class='ocrx_word' id='word_1_693' title='bbox 1128 4771 1409 4838; x_wconf 90' lang='lat' dir='ltr'><strong>naturam,</strong></span> <span class='ocrx_word' id='word_1_694' title='bbox 1437 4775 1708 4827; x_wconf 91' lang='lat' dir='ltr'><strong>accusant</strong></span> <span class='ocrx_word' id='word_1_695' title='bbox 1730 4769 2112 4841; x_wconf 90' lang='lat' dir='ltr'><strong>Christianos,</strong></span> 
     </span>
    </p>
   </div>
   <div class='ocr_carea' id='block_1_96' title="bbox 467 4855 2116 4916">
    <p class='ocr_par' dir='ltr' id='par_1_96' title="bbox 467 4855 2116 4916">
     <span class='ocr_line' id='line_1_96' title="bbox 467 4855 2116 4916; baseline 0.002 -4"><span class='ocrx_word' id='word_1_696' title='bbox 467 4855 722 4912; x_wconf 90' lang='lat' dir='ltr'><strong>dicentes</strong></span> <span class='ocrx_word' id='word_1_697' title='bbox 743 4855 888 4912; x_wconf 88' lang='lat' dir='ltr'><strong>hanc</strong></span> <span class='ocrx_word' id='word_1_698' title='bbox 913 4869 1010 4913; x_wconf 89' lang='lat' dir='ltr'><strong>eos</strong></span> <span class='ocrx_word' id='word_1_699' title='bbox 1036 4855 1526 4914; x_wconf 90' lang='lat' dir='ltr'><strong>circumscribere.</strong></span> <span class='ocrx_word' id='word_1_700' title='bbox 1559 4859 1773 4916; x_wconf 88' lang='lat' dir='ltr'><strong>Deinde</strong></span> <span class='ocrx_word' id='word_1_701' title='bbox 1802 4859 2116 4916; x_wconf 86' lang='lat' dir='ltr'><strong>artiﬁciose</strong></span> 
     </span>
    </p>
   </div>
   <div class='ocr_carea' id='block_1_97' title="bbox 468 4943 2118 5018">
    <p class='ocr_par' dir='ltr' id='par_1_97' title="bbox 468 4943 2118 5018">
     <span class='ocr_line' id='line_1_97' title="bbox 468 4943 2118 5018; baseline 0.003 -20"><span class='ocrx_word' id='word_1_702' title='bbox 468 4943 784 5016; x_wconf 89' lang='lat' dir='ltr'><strong>loquentes,</strong></span> <span class='ocrx_word' id='word_1_703' title='bbox 828 4957 1024 5002; x_wconf 90' lang='lat' dir='ltr'><strong>eorum</strong></span> <span class='ocrx_word' id='word_1_704' title='bbox 1066 4945 1408 5002; x_wconf 91' lang='lat' dir='ltr'><strong>assumendo</strong></span> <span class='ocrx_word' id='word_1_705' title='bbox 1440 4960 1758 5018; x_wconf 73' lang='lat' dir='ltr'><strong>personam,</strong></span> <span class='ocrx_word' id='word_1_706' title='bbox 1792 4945 1935 5003; x_wconf 85' lang='lat' dir='ltr'><strong>falso</strong></span> <span class='ocrx_word' id='word_1_707' title='bbox 1977 4961 2118 5018; x_wconf 86' lang='lat' dir='ltr'><strong>pro-</strong></span> 
     </span>
    </p>
   </div>
   <div class='ocr_carea' id='block_1_98' title="bbox 468 5033 2120 5106">
    <p class='ocr_par' dir='ltr' id='par_1_98' title="bbox 468 5033 2120 5106">
     <span class='ocr_line' id='line_1_98' title="bbox 468 5033 2120 5106; baseline 0.001 -16"><span class='ocrx_word' id='word_1_708' title='bbox 468 5033 758 5104; x_wconf 91' lang='lat' dir='ltr'><strong>nuntiant,</strong></span> <span class='ocrx_word' id='word_1_709' title='bbox 785 5033 921 5104; x_wconf 91' lang='lat' dir='ltr'><strong>quia</strong></span> <span class='ocrx_word' id='word_1_710' title='bbox 947 5034 1130 5091; x_wconf 92' lang='lat' dir='ltr'><strong>solius</strong></span> <span class='ocrx_word' id='word_1_711' title='bbox 1157 5035 1351 5091; x_wconf 92' lang='lat' dir='ltr'><strong>carnis</strong></span> <span class='ocrx_word' id='word_1_712' title='bbox 1379 5035 1546 5092; x_wconf 90' lang='lat' dir='ltr'><strong>illius</strong></span> <span class='ocrx_word' id='word_1_713' title='bbox 1573 5050 1743 5106; x_wconf 91' lang='lat' dir='ltr'><strong>quam</strong></span> <span class='ocrx_word' id='word_1_714' title='bbox 1782 5036 2036 5092; x_wconf 89' lang='lat' dir='ltr'><strong>vidimus</strong></span> <span class='ocrx_word' id='word_1_715' title='bbox 2061 5040 2120 5091; x_wconf 90' lang='lat' dir='ltr'><strong>et</strong></span> 
     </span>
    </p>
   </div>
   <div class='ocr_carea' id='block_1_99' title="bbox 467 5121 2117 5195">
    <p class='ocr_par' dir='ltr' id='par_1_99' title="bbox 467 5121 2117 5195">
     <span class='ocr_line' id='line_1_99' title="bbox 467 5121 2117 5195; baseline 0.001 -17"><span class='ocrx_word' id='word_1_716' title='bbox 467 5121 842 5195; x_wconf 89' lang='lat' dir='ltr'><strong>palpavimus,</strong></span> <span class='ocrx_word' id='word_1_717' title='bbox 887 5127 1096 5180; x_wconf 91' lang='lat' dir='ltr'><strong>etcum</strong></span> <span class='ocrx_word' id='word_1_718' title='bbox 1128 5137 1239 5194; x_wconf 92' lang='lat' dir='ltr'><strong>qua</strong></span> <span class='ocrx_word' id='word_1_719' title='bbox 1267 5123 1586 5178; x_wconf 90' lang='lat' dir='ltr'><strong>conversati</strong></span> <span class='ocrx_word' id='word_1_720' title='bbox 1621 5138 1843 5193; x_wconf 90' lang='lat' dir='ltr'><strong>sumus,</strong></span> <span class='ocrx_word' id='word_1_721' title='bbox 1895 5125 2117 5180; x_wconf 90' lang='lat' dir='ltr'><strong>iconam</strong></span> 
     </span>
    </p>
   </div>
   <div class='ocr_carea' id='block_1_100' title="bbox 464 5209 2114 5282">
    <p class='ocr_par' dir='ltr' id='par_1_100' title="bbox 464 5209 2114 5282">
     <span class='ocr_line' id='line_1_100' title="bbox 464 5209 2114 5282; baseline 0 -16"><span class='ocrx_word' id='word_1_722' title='bbox 464 5209 862 5282; x_wconf 83' lang='lat' dir='ltr'><strong>depingimus:</strong></span> <span class='ocrx_word' id='word_1_723' title='bbox 915 5217 979 5266; x_wconf 92' lang='lat' dir='ltr'><strong>ut</strong></span> <span class='ocrx_word' id='word_1_724' title='bbox 1034 5210 1197 5282; x_wconf 89' lang='lat' dir='ltr'><strong>quasi</strong></span> <span class='ocrx_word' id='word_1_725' title='bbox 1248 5225 1316 5266; x_wconf 83' lang='lat' dir='ltr'><strong>ex</strong></span> <span class='ocrx_word' id='word_1_726' title='bbox 1356 5211 1462 5266; x_wconf 91' lang='lat' dir='ltr'><strong>hoc</strong></span> <span class='ocrx_word' id='word_1_727' title='bbox 1495 5211 1705 5266; x_wconf 91' lang='lat' dir='ltr'><strong>iterum</strong></span> <span class='ocrx_word' id='word_1_728' title='bbox 1757 5211 1816 5266; x_wconf 90' lang='lat' dir='ltr'><strong>in</strong></span> <span class='ocrx_word' id='word_1_729' title='bbox 1862 5211 2114 5268; x_wconf 91' lang='lat' dir='ltr'><strong>Nestorii</strong></span> 
     </span>
    </p>
   </div>
   <div class='ocr_carea' id='block_1_101' title="bbox 465 5297 2110 5370">
    <p class='ocr_par' dir='ltr' id='par_1_101' title="bbox 465 5297 2110 5370">
     <span class='ocr_line' id='line_1_101' title="bbox 465 5297 2110 5370; baseline 0.002 -16"><span class='ocrx_word' id='word_1_730' title='bbox 465 5298 876 5370; x_wconf 89' lang='lat' dir='ltr'><strong>blasphemiam</strong></span> <span class='ocrx_word' id='word_1_731' title='bbox 902 5297 1208 5354; x_wconf 89' lang='lat' dir='ltr'><strong>Ecclesiam</strong></span> <span class='ocrx_word' id='word_1_732' title='bbox 1237 5299 1531 5354; x_wconf 92' lang='lat' dir='ltr'><strong>inducant.</strong></span> <span class='ocrx_word' id='word_1_733' title='bbox 1560 5298 1717 5355; x_wconf 90' lang='lat' dir='ltr'><strong>Unde</strong></span> <span class='ocrx_word' id='word_1_734' title='bbox 1735 5304 1792 5354; x_wconf 91' lang='lat' dir='ltr'><strong>et</strong></span> <span class='ocrx_word' id='word_1_735' title='bbox 1816 5299 2110 5358; x_wconf 86' lang='lat' dir='ltr'><strong>inferunt:</strong></span> 
     </span>
    </p>
   </div>
   <div class='ocr_carea' id='block_1_102' title="bbox 464 5385 2117 5458">
    <p class='ocr_par' dir='ltr' id='par_1_102' title="bbox 464 5385 2117 5458">
     <span class='ocr_line' id='line_1_102' title="bbox 464 5385 2117 5458; baseline 0.002 -15"><span class='ocrx_word' id='word_1_736' title='bbox 464 5385 624 5456; x_wconf 90' lang='lat' dir='ltr'><strong>Quod</strong></span> <span class='ocrx_word' id='word_1_737' title='bbox 645 5392 730 5444; x_wconf 92' lang='lat' dir='ltr'><strong>est</strong></span> <span class='ocrx_word' id='word_1_738' title='bbox 749 5387 1011 5458; x_wconf 91' lang='lat' dir='ltr'><strong>impium,</strong></span> <span class='ocrx_word' id='word_1_739' title='bbox 1025 5389 1083 5442; x_wconf 91' lang='lat' dir='ltr'><strong>et</strong></span> <span class='ocrx_word' id='word_1_740' title='bbox 1101 5386 1428 5442; x_wconf 89' lang='lat' dir='ltr'><strong>Nestoriani</strong></span> <span class='ocrx_word' id='word_1_741' title='bbox 1453 5387 1686 5455; x_wconf 86' lang='lat' dir='ltr'><strong>pessimi</strong></span> <span class='ocrx_word' id='word_1_742' title='bbox 1705 5401 1906 5445; x_wconf 87' lang='lat' dir='ltr'><strong>sensus</strong></span> <span class='ocrx_word' id='word_1_743' title='bbox 1925 5389 2117 5446; x_wconf 91' lang='lat' dir='ltr'><strong>inven-</strong></span> 
     </span>
    </p>
   </div>
   <div class='ocr_carea' id='block_1_103' title="bbox 466 5474 2117 5549">
    <p class='ocr_par' dir='ltr' id='par_1_103' title="bbox 466 5474 2117 5549">
     <span class='ocr_line' id='line_1_103' title="bbox 466 5474 2117 5549; baseline 0.001 -16"><span class='ocrx_word' id='word_1_744' title='bbox 466 5476 569 5533; x_wconf 88' lang='lat' dir='ltr'><strong>tio.</strong></span> <span class='ocrx_word' id='word_1_745' title='bbox 598 5478 742 5549; x_wconf 87' lang='lat' dir='ltr'><strong>Ergo</strong></span> <span class='ocrx_word' id='word_1_746' title='bbox 763 5475 1055 5532; x_wconf 89' lang='lat' dir='ltr'><strong>veritatem</strong></span> <span class='ocrx_word' id='word_1_747' title='bbox 1075 5475 1333 5530; x_wconf 90' lang='lat' dir='ltr'><strong>audiant.</strong></span> <span class='ocrx_word' id='word_1_748' title='bbox 1361 5474 1677 5531; x_wconf 90' lang='lat' dir='ltr'><strong>Christiani</strong></span> <span class='ocrx_word' id='word_1_749' title='bbox 1699 5491 1875 5533; x_wconf 93' lang='lat' dir='ltr'><strong>unum</strong></span> <span class='ocrx_word' id='word_1_750' title='bbox 1899 5481 2117 5535; x_wconf 90' lang='lat' dir='ltr'><strong>Emma-</strong></span> 
     </span>
    </p>
   </div>
   <div class='ocr_carea' id='block_1_104' title="bbox 465 5561 2114 5640">
    <p class='ocr_par' dir='ltr' id='par_1_104' title="bbox 465 5561 2114 5640">
     <span class='ocr_line' id='line_1_104' title="bbox 465 5561 2114 5640; baseline 0.002 -20"><span class='ocrx_word' id='word_1_751' title='bbox 465 5563 598 5622; x_wconf 87' lang='lat' dir='ltr'><strong>nuel</strong></span> <span class='ocrx_word' id='word_1_752' title='bbox 621 5564 866 5622; x_wconf 90' lang='lat' dir='ltr'><strong>scientes</strong></span> <span class='ocrx_word' id='word_1_753' title='bbox 891 5563 1183 5620; x_wconf 92' lang='lat' dir='ltr'><strong>Christum</strong></span> <span class='ocrx_word' id='word_1_754' title='bbox 1221 5561 1548 5634; x_wconf 90' lang='lat' dir='ltr'><strong>Dominum,</strong></span> <span class='ocrx_word' id='word_1_755' title='bbox 1581 5563 1770 5634; x_wconf 90' lang='lat' dir='ltr'><strong>ipsum</strong></span> <span class='ocrx_word' id='word_1_756' title='bbox 1794 5565 2114 5640; x_wconf 85' lang='lat' dir='ltr'><strong>depingunt</strong></span> 
     </span>
    </p>
   </div>
   <div class='ocr_carea' id='block_1_105' title="bbox 2227 4487 3830 4574">
    <p class='ocr_par' dir='ltr' id='par_1_105' title="bbox 2227 4487 3830 4574">
     <span class='ocr_line' id='line_1_105' title="bbox 2227 4487 3830 4574; baseline 0.001 -16"><span class='ocrx_word' id='word_1_757' title='bbox 2227 4509 2378 4558; x_wconf 92' lang='lat' dir='ltr'><strong>stum</strong></span> <span class='ocrx_word' id='word_1_758' title='bbox 2413 4503 2484 4558; x_wconf 90' lang='lat' dir='ltr'><strong>ab</strong></span> <span class='ocrx_word' id='word_1_759' title='bbox 2513 4504 2606 4559; x_wconf 93' lang='lat' dir='ltr'><strong>his</strong></span> <span class='ocrx_word' id='word_1_760' title='bbox 2627 4503 2726 4573; x_wconf 91' lang='lat' dir='ltr'><strong>qui</strong></span> <span class='ocrx_word' id='word_1_761' title='bbox 2761 4487 3048 4574; x_wconf 89' lang='lat' dir='ltr'><strong>recipiunt</strong></span> <span class='ocrx_word' id='word_1_762' title='bbox 3075 4507 3428 4563; x_wconf 88' lang='lat' dir='ltr'><strong>venerabiles</strong></span> <span class='ocrx_word' id='word_1_763' title='bbox 3459 4501 3744 4573; x_wconf 81' lang='lat' dir='ltr'><strong>imagineas</strong></span> <span class='ocrx_word' id='word_1_764' title='bbox 3771 4487 3830 4559; x_wconf 73' lang='lat' dir='ltr'><strong>Pi&#39;</strong></span> 
     </span>
    </p>
   </div>
   <div class='ocr_carea' id='block_1_106' title="bbox 2225 4576 3828 4668">
    <p class='ocr_par' dir='ltr' id='par_1_106' title="bbox 2225 4576 3828 4668">
     <span class='ocr_line' id='line_1_106' title="bbox 2225 4576 3828 4668; baseline -0.01 -21"><span class='ocrx_word' id='word_1_765' title='bbox 2225 4599 2437 4648; x_wconf 91' lang='lat' dir='ltr'><strong>cturas.</strong></span> <span class='ocrx_word' id='word_1_766' title='bbox 2471 4595 2537 4647; x_wconf 88' lang='lat' dir='ltr'><strong>Et</strong></span> <span class='ocrx_word' id='word_1_767' title='bbox 2562 4593 3022 4662; x_wconf 88' lang='lat' dir='ltr'><strong>vituperabiliter</strong></span> <span class='ocrx_word' id='word_1_768' title='bbox 3059 4595 3323 4668; x_wconf 74' lang='lat' dir='ltr'><strong>eiiantur,</strong></span> <span class='ocrx_word' id='word_1_769' title='bbox 3366 4602 3649 4664; x_wconf 87' lang='lat' dir='ltr'><strong>nunquam</strong></span> <span class='ocrx_word' id='word_1_770' title='bbox 3687 4576 3828 4668; x_wconf 48' lang='lat' dir='ltr'><strong>parti:</strong></span> 
     </span>
    </p>
   </div>
   <div class='ocr_carea' id='block_1_107' title="bbox 2226 4661 3827 4754">
    <p class='ocr_par' dir='ltr' id='par_1_107' title="bbox 2226 4661 3827 4754">
     <span class='ocr_line' id='line_1_107' title="bbox 2226 4661 3827 4754; baseline 0.002 -18"><span class='ocrx_word' id='word_1_771' title='bbox 2226 4681 2407 4737; x_wconf 91' lang='lat' dir='ltr'><strong>tionis</strong></span> <span class='ocrx_word' id='word_1_772' title='bbox 2451 4661 2702 4736; x_wconf 13' lang='lat' dir='ltr'><strong>sensum,</strong></span> <span class='ocrx_word' id='word_1_773' title='bbox 2729 4680 2912 4738; x_wconf 83' lang='lat' dir='ltr'><strong>fuisse</strong></span> <span class='ocrx_word' id='word_1_774' title='bbox 2961 4691 3267 4754; x_wconf 88' lang='lat' dir='ltr'><strong>receptum.</strong></span> <span class='ocrx_word' id='word_1_775' title='bbox 3313 4661 3532 4754; x_wconf 37' lang='lat' dir='ltr'><strong>&#39;Lique—t</strong></span> <span class='ocrx_word' id='word_1_776' title='bbox 3560 4689 3681 4747; x_wconf 80' lang='lat' dir='ltr'><strong>ergo</strong></span> <span class='ocrx_word' id='word_1_777' title='bbox 3708 4661 3827 4740; x_wconf 78' lang='grc' dir='ltr'><strong>(ῐυθί¹</strong></span> 
     </span>
    </p>
   </div>
   <div class='ocr_carea' id='block_1_108' title="bbox 2228 4762 3830 4840">
    <p class='ocr_par' dir='ltr' id='par_1_108' title="bbox 2228 4762 3830 4840">
     <span class='ocr_line' id='line_1_108' title="bbox 2228 4762 3830 4840; baseline -0.009 -17"><span class='ocrx_word' id='word_1_778' title='bbox 2228 4768 2564 4840; x_wconf 88' lang='lat' dir='ltr'><strong>ignorentur</strong></span> <span class='ocrx_word' id='word_1_779' title='bbox 2589 4769 2659 4824; x_wconf 90' lang='lat' dir='ltr'><strong>ab</strong></span> <span class='ocrx_word' id='word_1_780' title='bbox 2688 4769 2774 4824; x_wconf 91' lang='lat' dir='ltr'><strong>eis</strong></span> <span class='ocrx_word' id='word_1_781' title='bbox 2805 4771 3036 4826; x_wconf 87' lang='lat' dir='ltr'><strong>Patrum</strong></span> <span class='ocrx_word' id='word_1_782' title='bbox 3067 4786 3247 4829; x_wconf 90' lang='lat' dir='ltr'><strong>voces.</strong></span> <span class='ocrx_word' id='word_1_783' title='bbox 3291 4762 3594 4840; x_wconf 89' lang='lat' dir='ltr'><strong>Studiose[</strong></span> <span class='ocrx_word' id='word_1_784' title='bbox 3615 4765 3720 4823; x_wconf 86' lang='lat' dir='ltr'><strong>Gr.,</strong></span> <span class='ocrx_word' id='word_1_785' title='bbox 3749 4766 3830 4810; x_wconf 84' lang='lat' dir='ltr'><strong>co—</strong></span> 
     </span>
    </p>
   </div>
   <div class='ocr_carea' id='block_1_109' title="bbox 2225 4850 3830 4932">
    <p class='ocr_par' dir='ltr' id='par_1_109' title="bbox 2225 4850 3830 4932">
     <span class='ocr_line' id='line_1_109' title="bbox 2225 4850 3830 4932; baseline -0.01 -20"><span class='ocrx_word' id='word_1_786' title='bbox 2225 4854 2538 4932; x_wconf 81' lang='lat' dir='ltr'><strong>gitatione]</strong></span> <span class='ocrx_word' id='word_1_787' title='bbox 2565 4857 2777 4928; x_wconf 89' lang='lat' dir='ltr'><strong>quippe</strong></span> <span class='ocrx_word' id='word_1_788' title='bbox 2793 4872 2988 4915; x_wconf 89' lang='lat' dir='ltr'><strong>omnes</strong></span> <span class='ocrx_word' id='word_1_789' title='bbox 3008 4861 3423 4931; x_wconf 89' lang='lat' dir='ltr'><strong>separationem</strong></span> <span class='ocrx_word' id='word_1_790' title='bbox 3444 4859 3676 4914; x_wconf 88' lang='lat' dir='ltr'><strong>duarum</strong></span> <span class='ocrx_word' id='word_1_791' title='bbox 3698 4850 3830 4902; x_wconf 85' lang='lat' dir='ltr'><strong>natu-</strong></span> 
     </span>
    </p>
   </div>
   <div class='ocr_carea' id='block_1_110' title="bbox 2227 4943 3829 5021">
    <p class='ocr_par' dir='ltr' id='par_1_110' title="bbox 2227 4943 3829 5021">
     <span class='ocr_line' id='line_1_110' title="bbox 2227 4943 3829 5021; baseline -0.006 -21"><span class='ocrx_word' id='word_1_792' title='bbox 2227 4959 2420 5001; x_wconf 88' lang='lat' dir='ltr'><strong>rarum</strong></span> <span class='ocrx_word' id='word_1_793' title='bbox 2447 4947 2778 5016; x_wconf 82' lang='lat' dir='ltr'><strong>expressius</strong></span> <span class='ocrx_word' id='word_1_794' title='bbox 2815 4948 3146 5021; x_wconf 66' lang='lat' dir='ltr'><strong>przedicant,</strong></span> <span class='ocrx_word' id='word_1_795' title='bbox 3180 4950 3275 5006; x_wconf 91' lang='lat' dir='ltr'><strong>sed</strong></span> <span class='ocrx_word' id='word_1_796' title='bbox 3309 4963 3420 5005; x_wconf 94' lang='lat' dir='ltr'><strong>non</strong></span> <span class='ocrx_word' id='word_1_797' title='bbox 3453 4945 3636 5012; x_wconf 89' lang='lat' dir='ltr'><strong>rebus,</strong></span> <span class='ocrx_word' id='word_1_798' title='bbox 3667 4943 3721 4994; x_wconf 91' lang='lat' dir='ltr'><strong>ut</strong></span> <span class='ocrx_word' id='word_1_799' title='bbox 3743 4945 3829 4988; x_wconf 82' lang='lat' dir='ltr'><strong>su-</strong></span> 
     </span>
    </p>
   </div>
   <div class='ocr_carea' id='block_1_111' title="bbox 2226 5025 3827 5108">
    <p class='ocr_par' dir='ltr' id='par_1_111' title="bbox 2226 5025 3827 5108">
     <span class='ocr_line' id='line_1_111' title="bbox 2226 5025 3827 5108; baseline -0.007 -19"><span class='ocrx_word' id='word_1_800' title='bbox 2226 5035 2424 5105; x_wconf 91' lang='lat' dir='ltr'><strong>perius</strong></span> <span class='ocrx_word' id='word_1_801' title='bbox 2451 5035 2670 5091; x_wconf 93' lang='lat' dir='ltr'><strong>dictum</strong></span> <span class='ocrx_word' id='word_1_802' title='bbox 2693 5043 2797 5104; x_wconf 90' lang='lat' dir='ltr'><strong>est,</strong></span> <span class='ocrx_word' id='word_1_803' title='bbox 2822 5037 2997 5093; x_wconf 87' lang='lat' dir='ltr'><strong>sicuti</strong></span> <span class='ocrx_word' id='word_1_804' title='bbox 3023 5037 3351 5108; x_wconf 91' lang='lat' dir='ltr'><strong>blaspheme</strong></span> <span class='ocrx_word' id='word_1_805' title='bbox 3366 5033 3654 5092; x_wconf 88' lang='lat' dir='ltr'><strong>Nestorius</strong></span> <span class='ocrx_word' id='word_1_806' title='bbox 3671 5025 3827 5082; x_wconf 80' lang='lat' dir='ltr'><strong>dicere</strong></span> 
     </span>
    </p>
   </div>
   <div class='ocr_carea' id='block_1_112' title="bbox 2225 5117 3831 5198">
    <p class='ocr_par' dir='ltr' id='par_1_112' title="bbox 2225 5117 3831 5198">
     <span class='ocr_line' id='line_1_112' title="bbox 2225 5117 3831 5198; baseline -0.009 -21"><span class='ocrx_word' id='word_1_807' title='bbox 2225 5137 2402 5179; x_wconf 88' lang='lat' dir='ltr'><strong>ausus</strong></span> <span class='ocrx_word' id='word_1_808' title='bbox 2422 5131 2523 5180; x_wconf 90' lang='lat' dir='ltr'><strong>est.</strong></span> <span class='ocrx_word' id='word_1_809' title='bbox 2553 5125 2722 5181; x_wconf 86' lang='lat' dir='ltr'><strong>Nulla</strong></span> <span class='ocrx_word' id='word_1_810' title='bbox 2748 5131 2937 5181; x_wconf 90' lang='lat' dir='ltr'><strong>autem</strong></span> <span class='ocrx_word' id='word_1_811' title='bbox 2960 5135 3046 5183; x_wconf 89' lang='lat' dir='ltr'><strong>est</strong></span> <span class='ocrx_word' id='word_1_812' title='bbox 3072 5128 3268 5198; x_wconf 88' lang='lat' dir='ltr'><strong>procul</strong></span> <span class='ocrx_word' id='word_1_813' title='bbox 3293 5127 3473 5184; x_wconf 89' lang='lat' dir='ltr'><strong>dubio</strong></span> <span class='ocrx_word' id='word_1_814' title='bbox 3493 5122 3633 5180; x_wconf 88' lang='lat' dir='ltr'><strong>ratio</strong></span> <span class='ocrx_word' id='word_1_815' title='bbox 3651 5117 3831 5198; x_wconf 78' lang='lat' dir='ltr'><strong>dissen-</strong></span> 
     </span>
    </p>
   </div>
   <div class='ocr_carea' id='block_1_113' title="bbox 2227 5195 3826 5286">
    <p class='ocr_par' dir='ltr' id='par_1_113' title="bbox 2227 5195 3826 5286">
     <span class='ocr_line' id='line_1_113' title="bbox 2227 5195 3826 5286; baseline -0.006 -18"><span class='ocrx_word' id='word_1_816' title='bbox 2227 5212 2411 5268; x_wconf 90' lang='lat' dir='ltr'><strong>sionis</strong></span> <span class='ocrx_word' id='word_1_817' title='bbox 2437 5213 2521 5268; x_wconf 86' lang='lat' dir='ltr'><strong>vel</strong></span> <span class='ocrx_word' id='word_1_818' title='bbox 2571 5213 2968 5286; x_wconf 88' lang='lat' dir='ltr'><strong>separationis,</strong></span> <span class='ocrx_word' id='word_1_819' title='bbox 3011 5195 3114 5272; x_wconf 80' lang='lat' dir='ltr'><strong>aut</strong></span> <span class='ocrx_word' id='word_1_820' title='bbox 3141 5217 3393 5284; x_wconf 88' lang='lat' dir='ltr'><strong>alicujus</strong></span> <span class='ocrx_word' id='word_1_821' title='bbox 3425 5206 3732 5272; x_wconf 87' lang='lat' dir='ltr'><strong>divisionis,</strong></span> <span class='ocrx_word' id='word_1_822' title='bbox 3761 5195 3826 5252; x_wconf 60' lang='lat' dir='ltr'><strong>vel</strong></span> 
     </span>
    </p>
   </div>
   <div class='ocr_carea' id='block_1_114' title="bbox 2229 5289 3824 5376">
    <p class='ocr_par' dir='ltr' id='par_1_114' title="bbox 2229 5289 3824 5376">
     <span class='ocr_line' id='line_1_114' title="bbox 2229 5289 3824 5376; baseline -0.006 -21"><span class='ocrx_word' id='word_1_823' title='bbox 2229 5316 2432 5357; x_wconf 90' lang='lat' dir='ltr'><strong>rursus</strong></span> <span class='ocrx_word' id='word_1_824' title='bbox 2466 5303 2728 5358; x_wconf 65' lang='lat' dir='ltr'><strong>essentiaa</strong></span> <span class='ocrx_word' id='word_1_825' title='bbox 2756 5302 3136 5376; x_wconf 90' lang='lat' dir='ltr'><strong>confusionis,</strong></span> <span class='ocrx_word' id='word_1_826' title='bbox 3171 5301 3635 5376; x_wconf 88' lang='lat' dir='ltr'><strong>quemadmodum</strong></span> <span class='ocrx_word' id='word_1_827' title='bbox 3663 5289 3824 5350; x_wconf 84' lang='lat' dir='ltr'><strong>crebro</strong></span> 
     </span>
    </p>
   </div>
   <div class='ocr_carea' id='block_1_115' title="bbox 2225 5382 3826 5466">
    <p class='ocr_par' dir='ltr' id='par_1_115' title="bbox 2225 5382 3826 5466">
     <span class='ocr_line' id='line_1_115' title="bbox 2225 5382 3826 5466; baseline -0.004 -23"><span class='ocrx_word' id='word_1_828' title='bbox 2225 5388 2368 5446; x_wconf 84' lang='lat' dir='ltr'><strong>falso</strong></span> <span class='ocrx_word' id='word_1_829' title='bbox 2389 5391 2713 5446; x_wconf 85' lang='lat' dir='ltr'><strong>concionati</strong></span> <span class='ocrx_word' id='word_1_830' title='bbox 2738 5398 2892 5458; x_wconf 83' lang='lat' dir='ltr'><strong>sunt,</strong></span> <span class='ocrx_word' id='word_1_831' title='bbox 2919 5409 3021 5463; x_wconf 90' lang='lat' dir='ltr'><strong>pro</strong></span> <span class='ocrx_word' id='word_1_832' title='bbox 3043 5407 3108 5450; x_wconf 92' lang='lat' dir='ltr'><strong>eo</strong></span> <span class='ocrx_word' id='word_1_833' title='bbox 3135 5393 3284 5466; x_wconf 91' lang='lat' dir='ltr'><strong>quod</strong></span> <span class='ocrx_word' id='word_1_834' title='bbox 3314 5392 3574 5464; x_wconf 86' lang='lat' dir='ltr'><strong>pingitur</strong></span> <span class='ocrx_word' id='word_1_835' title='bbox 3593 5382 3826 5442; x_wconf 78' lang='lat' dir='ltr'><strong>Dominus</strong></span> 
     </span>
    </p>
   </div>
   <div class='ocr_carea' id='block_1_116' title="bbox 2224 5467 3824 5552">
    <p class='ocr_par' dir='ltr' id='par_1_116' title="bbox 2224 5467 3824 5552">
     <span class='ocr_line' id='line_1_116' title="bbox 2224 5467 3824 5552; baseline -0.004 -19"><span class='ocrx_word' id='word_1_836' title='bbox 2224 5479 2540 5534; x_wconf 88' lang='lat' dir='ltr'><strong>secundum</strong></span> <span class='ocrx_word' id='word_1_837' title='bbox 2575 5479 2631 5535; x_wconf 91' lang='lat' dir='ltr'><strong>id</strong></span> <span class='ocrx_word' id='word_1_838' title='bbox 2677 5481 2828 5551; x_wconf 90' lang='lat' dir='ltr'><strong>quod</strong></span> <span class='ocrx_word' id='word_1_839' title='bbox 2863 5481 3032 5538; x_wconf 94' lang='lat' dir='ltr'><strong>homo</strong></span> <span class='ocrx_word' id='word_1_840' title='bbox 3062 5482 3176 5538; x_wconf 84' lang='lat' dir='ltr'><strong>fuit</strong></span> <span class='ocrx_word' id='word_1_841' title='bbox 3223 5480 3524 5552; x_wconf 86' lang='lat' dir='ltr'><strong>perfectus.</strong></span> <span class='ocrx_word' id='word_1_842' title='bbox 3567 5470 3720 5532; x_wconf 78' lang='lat' dir='ltr'><strong>Aliud</strong></span> <span class='ocrx_word' id='word_1_843' title='bbox 3757 5467 3824 5521; x_wconf 65' lang='lat' dir='ltr'><strong>es!</strong></span> 
     </span>
    </p>
   </div>
   <div class='ocr_carea' id='block_1_117' title="bbox 2221 5559 3825 5643">
    <p class='ocr_par' dir='ltr' id='par_1_117' title="bbox 2221 5559 3825 5643">
     <span class='ocr_line' id='line_1_117' title="bbox 2221 5559 3825 5643; baseline -0.002 -21"><span class='ocrx_word' id='word_1_844' title='bbox 2221 5567 2374 5623; x_wconf 91' lang='lat' dir='ltr'><strong>enim</strong></span> <span class='ocrx_word' id='word_1_845' title='bbox 2410 5569 2615 5641; x_wconf 88' lang='lat' dir='ltr'><strong>imago,</strong></span> <span class='ocrx_word' id='word_1_846' title='bbox 2671 5576 2727 5625; x_wconf 87' lang='lat' dir='ltr'><strong>et</strong></span> <span class='ocrx_word' id='word_1_847' title='bbox 2767 5570 2932 5628; x_wconf 84' lang='lat' dir='ltr'><strong>aliud</strong></span> <span class='ocrx_word' id='word_1_848' title='bbox 2981 5570 3335 5643; x_wconf 88' lang='lat' dir='ltr'><strong>principale:</strong></span> <span class='ocrx_word' id='word_1_849' title='bbox 3384 5576 3440 5625; x_wconf 91' lang='lat' dir='ltr'><strong>et</strong></span> <span class='ocrx_word' id='word_1_850' title='bbox 3495 5559 3825 5639; x_wconf 58' lang='lat' dir='ltr'><strong>proprietati?s</strong></span> 
     </span>
    </p>
   </div>
  </div>
