4010 6160
203 235 295 292 404

978 238 1520 294 INTERPRETATIO
1556 238 1804 295 SYNODI
1841 241 1842 244 “

1968 238 2371 296 GENERALIS.
2401 271 2475 281 —
2509 242 2710 297 ACTIO
2747 243 2833 297 VI.

3510 240 3620 302 ‘02

122 335 132 346 θ
206 364 1248 437 principalisnullatenusquiseorum
1266 367 1851 437 quisanumsapiunt,
1882 367 1939 426 A
1960 365 2119 435 juria
2166 371 2221 420 et
2264 366 2607 436 maledictio,
2637 366 2777 437 quin
2819 366 3013 435 potius
3061 372 3117 421 et
3164 367 3445 437 impietas.
3477 368 3615 438 Qua

205 456 259 509 in
292 454 547 525 imagine
578 455 809 524 quarit.
846 457 904 509 In
930 455 1180 525 imagine
1199 455 1411 525 quippe
1434 456 1515 510 nil
1542 456 1701 511 aliud
1726 469 1858 526 vera

204 543 343 597 ratio
372 543 555 612 novit,
580 557 750 613 quam
770 544 1084 599 secundum
1108 557 1307 599 nomen
1323 545 1743 599 communicare
1764 544 1850 600 illi

201 633 364 699 cujus
412 638 502 687 est
557 631 767 701 imago,
819 638 875 687 et
918 645 1027 686 non
1081 633 1394 687 secundum
1449 633 1851 703 substantiam,

196 723 353 790 juxta
381 720 535 790 quod
557 721 761 775 crebro
777 721 891 788 jam
913 721 1173 776 diximus
1192 722 1374 775 coacti
1406 735 1474 775 ex
1500 721 1647 791 ipsis
1675 718 1856 793 [ipso-

204 805 353 883 rum]
384 808 910 877 disputationibus.
953 810 1206 878 Inopiam
1250 810 1402 864 enim
1437 810 1588 879 passi
1628 810 1852 880 aliquid

200 897 430 951 dicendi
486 904 690 952 contra
747 897 1091 952 catholicam
1152 897 1487 967 Ecclesium,
1547 898 1738 953 eadem
1787 900 1858 955 de

199 985 412 1041 eisdem
434 983 705 1053 eii‘antur,
735 998 876 1039 vana
903 983 1063 1040 fauce
1091 985 1405 1055 loquentes,
1430 994 1486 1041 et
1515 987 1855 1043 exercitium

202 1070 338 1146 [Gr.,
362 1070 881 1147 vaniloquentiam]
906 1073 1279 1129 audientibus
1308 1072 1595 1131 facientes.
1623 1077 1857 1145 Propter

202 1162 346 1232 quod
370 1167 429 1216 et
449 1161 679 1216 ridendi
703 1161 852 1231 apud
880 1176 1075 1217 omnes
1098 1168 1508 1234 monstrantur,
1531 1163 1850 1234 aliquando

204 1250 592 1320 partitionem,
642 1249 958 1320 aliquando
1011 1264 1141 1306 vero
1198 1249 1589 1307 confusionem
1658 1252 1854 1307 dicent

205 1344 300 1409 tes,
378 1338 805 1408 paratissimam
874 1338 1128 1411 linguam
1196 1339 1466 1397 habentes
1529 1341 1596 1395 ad
1645 1340 1855 1395 subse-

211 1426 494 1496 quendum
541 1422 696 1499 [Gr.,
728 1426 796 1481 ad
829 1427 1019 1483 verbis
1044 1426 1418 1503 peccandum]
1453 1429 1604 1485 unde
1650 1434 1707 1484 et
1746 1429 1847 1484 di-

210 1522 337 1570 cunt
357 1533 371 1568 Ζ

627 1605 918 1673 Gregorius
970 1608 1248 1676 episcopus
1302 1608 1429 1675 legit
1449 1626 1466 1661 :

279 1752 303 1781 α
340 1730 397 1786 Si
427 1730 613 1803 igitur
640 1731 697 1785 in
722 1732 986 1800 passione
1010 1732 1413 1801 inseparabilis
1435 1734 1646 1789 mansit
1670 1733 1739 1789 ab
1758 1734 1850 1789 his

219 1839 240 1867 ι
275 1820 572 1885 divinitas,
602 1821 887 1897 quomodo
916 1821 1191 1876 insensati
1223 1826 1278 1876 et
1314 1828 1519 1877 cuncta
1549 1823 1851 1878 irrationa-

220 1928 241 1955 ιδ
276 1908 499 1964 bilitate
521 1909 745 1979 repleti,
775 1908 1045 1964 dividunt
1069 1923 1294 1964 carnem
1327 1925 1453 1980 qua
1479 1924 1608 1966 cum
1639 1910 1851 1966 divini-

217 2017 240 2044 »
280 2002 385 2052 tate
412 2011 669 2053 connexa
686 2002 742 2052 et
760 1997 1022 2053 deificata
1040 2002 1143 2067 est,
1171 2004 1228 2052 et
1245 1999 1410 2069 quasi
1438 2000 1566 2067 puri
1594 1998 1847 2054 hominis

219 2105 239 2132 ι
279 2086 578 2157 imaginem
603 2085 836 2157 pingere
854 2090 1073 2141 tentant
1093 2086 1120 2139 ἱ)
1148 2088 1286 2141 Nam
1308 2092 1363 2142 et
1391 2087 1449 2142 in
1478 2088 1590 2142 isto
1610 2088 1670 2141 in
1686 2087 1845 2142 aliud

218 2192 239 2220 ιδ
278 2173 607 2244 iniquitatis
624 2174 955 2230 barathrum
981 2174 1265 2247 incidunt,
1281 2182 1606 2245 separantes
1622 2189 1848 2231 carnem

219 2280 241 2308 θ
277 2278 306 2316 a
333 2262 658 2331 divinitate,
692 2267 748 2317 et
770 2263 1002 2332 privata
1024 2262 1413 2320 subsistentia
1441 2264 1598 2319 illam
1636 2277 1851 2320 asseve-

216 2369 238 2396 n
283 2356 484 2422 rantes,
508 2356 564 2405 et
588 2350 762 2405 aliam
787 2365 1085 2420 personam
1111 2353 1269 2408 carni
1299 2352 1637 2423 tribuentes,
1678 2365 1845 2423 quam

216 2456 238 2487 ι
278 2445 331 2493 et
355 2440 669 2511 imaginare
694 2435 874 2512 [idest
907 2440 1258 2511 imaginibus
1285 2438 1631 2514 exprimere]
1657 2439 1848 2495 faten-

215 2546 239 2575 ι»
279 2532 400 2583 tur:
431 2542 500 2583 ex
532 2528 641 2582 hoc
675 2516 1036 2584 ostendentes
1075 2535 1291 2599 quarta
1332 2543 1583 2599 persona
1612 2529 1848 2585 addita—
1882 2576 1893 2591 .

212 2635 236 2665 ι
276 2623 514 2672 mentum
542 2617 602 2671 in
628 2617 944 2672 Trinitate:
975 2632 1146 2687 super
1167 2618 1285 2673 hac
1300 2624 1354 2672 et
1374 2618 1842 2689 assumptionem,

214 2724 235 2753 δ
273 2720 393 2776 qua
418 2706 711 2761 divinitus
734 2709 821 2761 est
868 2711 1151 2777 suscepta,
1179 2707 1444 2763 atheoton
1475 2708 1847 2778 depingentes

218 2813 239 2841 υ
284 2790 423 2867 [Gr.,
458 2801 516 2850 et
570 2794 721 2864 quod
784 2808 852 2849 ex
904 2796 1297 2864 assumptione
1354 2796 1681 2852 deiﬁcatum
1738 2801 1843 2866 est,

214 2903 237 2930 λ
276 2882 559 2953 atheoton,
594 2882 651 2938 id
677 2888 763 2937 est
786 2896 895 2938 non
916 2882 1245 2939 deificatum
1271 2882 1683 2959 depingentes].
1709 2884 1849 2940 Col-

210 2990 233 3017 »
276 2970 476 3042 ligitur
505 2985 642 3042 ergo
667 2970 738 3025 ab
766 2970 859 3026 his
888 2972 988 3041 qui
1028 2972 1244 3027 Christi
1280 2971 1582 3044 imaginem
1616 2974 1849 3043 pingen-

211 3077 233 3106 ι
270 3039 390 3115 dam
422 3039 805 3134 [Gr.,_pingi]
830 3039 1186 3131 existimant,
1217 3067 1317 3117 aut
1345 3039 1846 3117 divinitatem'cir-
1876 3054 1925 3117 C
1957 3039 2132 3134 sui“

209 3167 230 3195 θ
268 3149 668 3219 cumscriptam
686 3154 742 3203 et
756 3162 925 3204 carne
946 3147 1263 3211 confusam,
1278 3155 1378 3205 aut
1394 3164 1601 3220 corpus
1625 3150 1843 3205 Christi

208 3254 228 3284 δ
266 3237 525 3293 atheoton
558 3243 615 3292 et
643 3237 915 3307 divisum,
950 3251 1015 3292 ac
1062 3251 1357 3307 personam
1385 3238 1618 3308 privata
1644 3237 1846 3293 subsi-

208 3344 230 3373 ιε
269 3326 485 3381 stentia
517 3339 692 3394 super
720 3338 944 3380 carnem
978 3325 1060 3394 [in
1109 3325 1298 3395 carne]
1321 3326 1480 3381 dari:
1531 3326 1755 3381 similes
1782 3325 1839 3379 in

208 3432 229 3459 ι
274 3412 370 3469 hoc
395 3412 582 3468 effecti
622 3412 1089 3469 Nestorianorum
1138 3414 1558 3486 impugnationi
1606 3427 1731 3483 qua
1780 3413 1839 3467 in

208 3521 228 3548 η
266 3503 432 3557 Deum
461 3506 569 3557 est.
616 3504 680 3557 In
712 3502 879 3558 talem
912 3501 1325 3572 blasphemiam
1366 3509 1535 3574 atque
1567 3502 1844 3572 impieta-

206 3608 227 3635 ε
264 3594 364 3645 tem
397 3590 761 3646 incurrentes
806 3588 1235 3646 confundantur
1271 3596 1328 3645 et
1360 3598 1741 3646 revereantur.
1785 3597 1842 3647 et

205 3696 228 3723 δ
264 3685 476 3734 cessent
502 3679 602 3749 qui
636 3682 883 3748 patrant,
918 3683 972 3733 et
997 3679 1344 3749 desiderant,
1372 3683 1429 3734 et
1450 3680 1649 3735 colunt
1688 3680 1841 3734 ima—

208 3786 228 3811 »
267 3767 465 3838 ginem,
512 3782 640 3837 qua
692 3765 976 3822 fallaciter
1012 3767 1084 3822 ab
1126 3768 1212 3823 eis
1260 3767 1405 3823 facta
1448 3776 1503 3824 et
1547 3768 1700 3823 dicta
1753 3775 1838 3824 est

206 3873 228 3899 ι
263 3853 490 3910 Christi.
518 3855 713 3910 Cesset
741 3854 914 3909 etiam
944 3868 973 3908 a
1002 3854 1169 3909 nobis
1197 3868 1265 3910 ex
1303 3869 1465 3925 aquo
1488 3861 1543 3911 et
1586 3857 1833 3912 Nestorii

210 3962 229 3987 ιι
270 3946 513 4014 partitio,
564 3950 737 4014 atque
782 3945 932 4016 Arii,
975 3944 1236 3999 Dioscori
1286 3950 1341 3999 et
1384 3945 1736 4015 Eutychetis,
1780 3951 1836 4001 et

210 4048 231 4077 ιο
266 4031 440 4088 Severi
476 4032 763 4101 confusio,
809 4048 933 4102 qua
976 4039 1112 4088 sunt
1152 4034 1426 4090 immensa
1460 4034 1603 4089 mala
1636 4034 1775 4105 [Gr.,
1805 4047 1836 4089 e

210 4136 231 4163 ι
267 4119 538 4178 diametro
592 4122 909 4193 pugnantia
942 4122 1141 4193 mala],
1177 4128 1237 4179 et
1270 4123 1562 4193 impietate
1599 4136 1836 4192 compa-

210 4224 231 4251 ἢ
269 4222 363 4263 l‘la.
406 4229 431 4259 υ

582 4335 929 4405 Epiphanius
973 4336 1235 4390 diaconus
1276 4336 1404 4402 legit
1424 4354 1441 4388 :

266 4455 623 4528 Nequaquam
640 4472 739 4528 per
762 4473 929 4514 unam
942 4460 1089 4515 viam
1107 4460 1456 4531 gradiuntur
1472 4458 1834 4514 Christianos

209 4542 596 4601 calumniantis
634 4547 913 4603 hareseos
953 4554 1422 4619 propugnatores,
1458 4548 1834 4617 quemadmo—

209 4628 325 4685 dum
347 4635 517 4690 moris
534 4641 621 4689 est
637 4635 996 4707 orthodoxis,
1013 4636 1113 4706 qui
1136 4637 1205 4690 de
1226 4636 1447 4691 divinis
1463 4636 1832 4706 dogmatibus

211 4717 564 4793 disputantes,
590 4724 801 4795 regiam
824 4724 970 4778 viam
999 4729 1219 4778 tantum
1249 4724 1512 4794 retinent,
1543 4730 1599 4780 et
1621 4725 1723 4779 hac
1744 4725 1829 4780 vel

213 4804 326 4862 illac
354 4812 510 4866 nullo
546 4817 710 4881 pacto
740 4812 1050 4867 declinant.
1086 4812 1190 4867 Sed
1231 4818 1545 4867 evertentes
1574 4813 1697 4868 vias
1730 4813 1832 4869 Do-

215 4895 354 4967 mini,
380 4900 698 4955 contrarias
724 4900 1027 4969 opiniones
1057 4901 1206 4969 apud
1250 4915 1308 4955 se
1333 4901 1651 4973 colligunt:
1687 4907 1743 4957 et
1768 4902 1827 4957 in

215 4995 300 5037 suo
325 5000 483 5043 sensu
514 4988 893 5059 abundantes,
928 4989 1215 5059 sapientes
1240 5004 1338 5059 per
1366 4991 1557 5045 omnia
1582 5004 1705 5046 esse
1733 5006 1831 5061 pu-

216 5075 394 5130 tantur.
417 5078 518 5133 Sed
546 5078 789 5133 audiant
812 5077 883 5132 ab
912 5078 1079 5149 lsaia,
1114 5079 1215 5148 qui
1264 5079 1614 5135 ﬁducialiter
1637 5080 1777 5137 dicit
1806 5100 1819 5135 :

221 5158 292 5213 Va
318 5167 406 5232 qui
436 5168 704 5236 sapientes
738 5169 866 5221 estis
901 5169 959 5220 in
985 5168 1154 5221 oculis
1182 5170 1397 5231 vestris,
1430 5174 1479 5222 et
1516 5186 1694 5223 coram
1722 5186 1825 5223 vo-

218 5246 499 5322 bismetipsis
520 5254 980 5324 prudentes(lsa.
1016 5269 1047 5309 v
1064 5267 1095 5321 ).
1129 5256 1350 5311 Etenim
1381 5272 1505 5327 qua
1532 5271 1822 5328 nunquam

215 5335 269 5390 ab
284 5341 604 5398 orthodoxis
622 5344 972 5399 Christianis
989 5345 1144 5400 dicta
1163 5352 1318 5407 sunt,
1342 5347 1504 5415 quasi
1522 5347 1667 5416 prad
1681 5347 1825 5401 icata

214 5437 292 5492 per
313 5429 436 5485 illos
459 5438 800 5503 assumunt;
832 5439 889 5487 et
918 5432 1277 5488 seductorios
1318 5433 1679 5505 syllogismos
1699 5447 1828 5488 con-

212 5517 430 5573 texentes
461 5519 777 5591 sophistice
801 5527 1086 5593 arguunt:
1125 5528 1180 5578 et
1203 5521 1502 5593 colligitur
1525 5523 1593 5577 ad
1632 5524 1717 5579 eis
1746 5523 1829 5577 in-

1965 454 2116 509 enim
2144 455 2429 511 Diodorus
2462 459 2632 525 atque
2661 454 2992 509 Theodorus
3015 455 3393 525 Mopsuestia,
3424 470 3489 513 ac
3512 458 3615 512 Ne-

1967 543 2184 599 storius
2208 549 2264 599 et
2294 543 2575 613 Eutyches
2606 548 2662 598 et
2696 542 3005 599 Dioscorus
3037 547 3093 597 et
3120 543 3358 599 Severus
3381 556 3615 600 assum-

1968 645 2129 701 psere
2158 639 2353 687 contra
2397 632 2691 687 veritatem
2738 630 2953 686 rabiem
2984 636 3325 703 eructantes,
3372 631 3484 701 ipsi
3512 645 3615 689 ca-

1966 720 2197 775 tholica
2226 720 2492 776 Ecclesia
2531 720 2799 776 tribuunt
2825 738 2838 773 :
2869 725 2925 776 et
2945 719 3093 775 malo
3124 720 3332 776 malum
3365 720 3617 777 commi-

1966 815 2187 864 scentes
2218 809 2512 879 applicant
2543 808 2828 879 [addunt],
2877 808 3021 864 hanc
3053 808 3252 878 impiis
3282 808 3414 864 istis
3444 808 3615 865 hare-

1966 895 2103 952 ticis
2132 898 2430 969 conspergi
2468 896 2838 969 perhibentes
2879 893 3029 970 [cum
3059 896 3197 967 imp.
3230 896 3269 952 i.
3313 896 3369 952 h.
3397 897 3614 953 sentire

1969 985 2111 1055 per.]
2138 992 2193 1041 et
2222 986 2539 1041 stoliditate
2566 990 2623 1041 et
2654 985 2974 1041 inutilitate
2994 984 3162 1041 verba
3189 984 3395 1042 referta
3417 986 3615 1057 possi-

1965 1074 2181 1145 dentes,
2209 1080 2265 1131 et
2294 1076 2448 1130 sicut
2481 1088 2768 1145 caupones
2813 1074 3055 1130 miscent
3096 1074 3295 1131 vinum
3339 1087 3507 1147 aqua,
3552 1075 3609 1132 id

1965 1170 2049 1218 est
2080 1177 2271 1218 verum
2300 1177 2615 1219 sermonem
2645 1177 2775 1219 cum
2799 1176 3082 1233 perverso,
3108 1169 3166 1219 et
3195 1168 3510 1233 temperant
3535 1162 3609 1220 fel

1963 1252 2393 1307 amaritudinis.
2415 1252 2657 1308 Haresis
2695 1251 2847 1307 enim
2886 1251 3145 1307 Dioscori
3182 1256 3239 1307 et
3276 1251 3611 1323 Eutychetis

1961 1341 2248 1397 contraria
2269 1346 2354 1396 est
2378 1340 2661 1411 Nestorio,
2681 1340 3156 1410 quemadmodum
3177 1341 3295 1410 jam
3315 1340 3604 1398 diximus:
3626 1362 3629 1367 ν

1961 1436 2133 1501 atque
2163 1430 2484 1486 contrarias
2507 1431 2748 1486 hareses
2780 1430 2837 1485 in
2858 1443 2969 1485 una
2995 1430 3269 1500 opinione
3292 1435 3462 1501 atque
3486 1444 3612 1502 pro-

1961 1520 2209 1575 fessione
2238 1534 2360 1576 esse
2393 1519 2667 1590 possibile
2707 1533 2817 1575 non
2848 1525 2963 1575 est:
3000 1520 3475 1590 quemadmodum
3518 1520 3613 1576 al-

1960 1610 2096 1665 bum
2128 1616 2185 1665 et
2208 1610 2460 1682 nigrum,
2483 1609 2567 1665 vel
2600 1609 2853 1666 calidum
2870 1614 2927 1664 et
2948 1608 3226 1682 frigidum
3252 1609 3613 1681 impossibile

1876 1684 1928 1743 Β
1959 1707 2045 1757 est
2072 1701 2252 1756 videri
2284 1701 2342 1755 in
2370 1714 2484 1756 uno
2514 1699 2790 1769 subjecto,
2833 1698 2893 1755 in
2926 1713 3041 1756 uno
3064 1700 3374 1771 eodemque
3403 1705 3611 1770 tempo-

1960 1803 2038 1844 re.
2072 1791 2265 1859 Neque
2291 1789 2445 1844 enim
2470 1788 2528 1843 in
2561 1788 2689 1844 nive
2721 1788 3014 1844 inventum
3033 1794 3120 1844 est
3137 1787 3451 1859 aliquando
3474 1788 3613 1845 cali-

1956 1878 2115 1946 dum,
2149 1890 2332 1947 neque
2361 1877 2419 1932 in
2448 1877 2577 1948 igne
2618 1875 2918 1949 frigidum.
2949 1878 3124 1933 Porro
3155 1878 3419 1934 amentia
3446 1878 3611 1948 ipso—

1960 1981 2084 2022 rum
2116 1966 2491 2021 inutilitatem
2512 1964 2960 2021 manifestiorem
2986 1965 3262 2022 dicemus.
3298 1966 3609 2038 Imaginem

1957 2055 2110 2111 enim
2167 2060 2223 2110 et
2272 2054 2591 2123 principale
2646 2054 2899 2123 idipsum
2955 2053 3160 2110 dicunt
3204 2055 3423 2110 veloces
3474 2069 3607 2128 erga

1957 2143 2337 2199 calumniam:
2372 2148 2428 2198 et
2455 2142 2671 2199 idcirco
2704 2143 2762 2198 in
2794 2140 3163 2198 confusiones
3182 2147 3239 2198 et
3264 2142 3608 2213 partitiones

1961 2232 2243 2287 inducunt
2265 2246 2363 2288 eos
2390 2231 2490 2302 qui
2507 2230 2827 2304 depingunt
2845 2231 3227 2303 evangelicum
3247 2231 3601 2288 relationem.

1955 2320 2444 2391 Eutychianorum
2482 2321 2657 2392 enim,
2699 2320 2755 2376 id
2788 2325 2874 2377 est
2910 2332 3106 2377 eorum
3141 2320 3241 2392 qui
3293 2321 3608 2391 pradicant

1956 2423 2125 2465 unam
2160 2416 2422 2467 naturam
2450 2412 2763 2468 secundum
2790 2409 3225 2467 subsistentiam
3254 2410 3313 2467 in
3341 2411 3607 2468 unitione

1953 2499 2191 2571 Christi,
2223 2513 2288 2556 ac
2320 2515 2419 2570 per
2457 2501 2563 2557 hoc
2592 2501 2976 2572 dogmatizant
3017 2497 3433 2571 confusionem,
3465 2500 3608 2556 veri-

1957 2588 2095 2643 tatis
2124 2589 2528 2645 transmutatio
2552 2588 2703 2644 nihil
2733 2588 2893 2644 aliud
2928 2587 2987 2643 in
3019 2587 3142 2643 illis
3165 2592 3273 2660 est,
3309 2587 3424 2643 nisi
3453 2590 3604 2661 quod

1957 2676 2391 2733 subsistentiam
2420 2682 2475 2732 et
2508 2682 2770 2733 naturam
2817 2676 3070 2746 idipsum
3099 2676 3415 2734 definiunt:
3451 2678 3603 2749 quod

1956 2766 2116 2821 aliud
2144 2780 2267 2822 esse
2292 2771 2463 2837 atque
2493 2765 2651 2822 aliud
2682 2764 2903 2821 alumni
2930 2765 3226 2821 catholica
3251 2769 3464 2823 norunt
3494 2766 3610 2822 Ec-

1956 2855 2163 2911 clesia.
2213 2854 2655 2911 Subsistentiam
2714 2854 2867 2910 enim
2921 2854 3176 2910 dicimus
3226 2853 3605 2911 substantiam

1957 2944 2260 3014 quamdam
2284 2958 2413 2999 cum
2435 2942 2906 3014 proprietatibus,
2933 2943 3005 2998 ab
3024 2956 3091 2999 eo
3116 2944 3264 3014 quod
3291 2947 3377 3001 est
3399 2943 3608 3016 hyphe-

2178 3028 2328 3105 [Gr.,
2372 3032 2755 3103 hyphestana,
2791 3032 2847 3088 id
2887 3037 2975 3088 est
3012 3029 3376 3107 subsistere].
3428 3033 3604 3089 Porro

1954 3125 2145 3176 autem
2166 3126 2427 3176 naturam
2442 3119 2688 3176 fatemur
2711 3134 2822 3176 rem
2844 3134 2941 3190 per
2956 3133 3017 3175 se
3033 3119 3436 3176 subsistentem
3458 3116 3599 3194 [Gr.,

1953 3206 2343 3282 existentem],
2395 3222 2506 3264 non
2545 3209 2894 3280 indigentem
2932 3208 3050 3264 alio
3084 3208 3153 3263 ad
3190 3208 3280 3264 sui
3321 3207 3605 3265 stabilita-

1953 3302 2063 3351 tem
2119 3293 2663 3370 [constitutionem],
2714 3296 2785 3351 ab
2827 3310 2895 3353 eo
2925 3296 3074 3367 quod
3110 3300 3199 3351 est
3240 3295 3593 3367 pephycena.

1951 3385 2064 3439 Hoc
2089 3389 2358 3453 praterea
2381 3383 2545 3439 modo
2566 3389 2622 3438 et
2644 3383 2742 3439 isti
2767 3383 3073 3455 imaginem
3094 3382 3309 3438 Christi
3328 3387 3385 3437 et
3406 3380 3597 3451 ipsum

1947 3472 2240 3527 Christum
2268 3471 2416 3527 nihil
2434 3471 2649 3528 distare
2680 3485 2780 3542 per
2802 3470 3181 3526 substantiam
3202 3469 3424 3526 dicunt.
3454 3470 3595 3524 Nam

1950 3561 2000 3616 si
2030 3559 2410 3616 differentiam
2457 3566 2707 3631 nossent,
2741 3571 3098 3630 nequaquam
3132 3557 3234 3613 bas
3262 3570 3462 3613 vocum
3502 3569 3598 3613 no-

1948 3651 2153 3706 vitates
2184 3656 2504 3721 portentose
2533 3636 2963 3720 pratenderent.
3004 3647 3285 3703 Omnibus
3307 3646 3458 3703 enim
3484 3645 3597 3703 evi-

1945 3740 2088 3796 dens
2117 3743 2222 3809 est,
2255 3740 2391 3810 quia
2412 3738 2570 3794 aliud
2597 3742 2687 3794 est
2711 3738 2917 3809 imago,
2945 3740 3003 3792 et
3020 3736 3180 3793 aliud
3197 3736 3589 3806 primitivum:

1948 3828 2054 3885 hoc
2080 3828 2310 3900 quidem
2337 3827 2675 3897 animatum,
2695 3826 2845 3883 iliud
2872 3832 3060 3883 autem
3085 3825 3463 3881 inanimatum
3484 3829 3590 3882 est.

1945 3920 2015 3973 Et
2039 3917 2310 3987 quoniam
2333 3916 2615 3973 verbosati
2649 3921 2805 3987 sunt,
2843 3916 2902 3972 in
2927 3915 3175 3987 imagine
3193 3913 3593 3972 circumscribi

1948 4008 2162 4078 pariter
2211 4007 2465 4062 divinam
2514 4012 2799 4077 naturam,
2846 4006 3174 4061 excidentes
3214 4019 3247 4061 a
3296 4010 3447 4061 recta
3494 4018 3598 4060 ra-

1945 4097 2120 4168 tione,
2150 4095 2348 4151 traditi
2376 4096 2588 4151 suntin
2612 4095 2914 4165 reprobum
2933 4108 3182 4151 sensum.
3212 4095 3413 4151 Petrus
3439 4093 3593 4150 enim

1944 4192 2001 4242 et
2027 4185 2240 4241 Paulus
2264 4184 2476 4254 depicti
2496 4184 2784 4255 videntur,
2798 4184 2894 4240 sed
2922 4198 3119 4240 eorum
3139 4184 3345 4240 anima
3370 4183 3429 4239 in
3458 4183 3599 4239 ima-

1946 4273 2182 4346 ginibus
2223 4288 2334 4329 non
2375 4274 2620 4329 adsunt:
2671 4273 3136 4344 quandoquidem
3168 4287 3269 4329 nec
3300 4274 3429 4345 ipso
3458 4287 3595 4330 cor-

1859 4369 1915 4429 D
1948 4377 2080 4434 pore
2105 4363 2254 4418 Petri
2287 4367 2579 4433 prasente,
2598 4361 2847 4417 animam
2864 4362 2990 4431 ejus
3005 4361 3225 4433 aliquis
3249 4362 3421 4418 videt.
3449 4362 3591 4418 Cum

1942 4468 2076 4525 ergo
2106 4454 2227 4522 ipsa
2268 4466 2378 4507 non
2410 4452 2745 4523 aspiciatur,
2778 4451 2911 4521 quis
2942 4464 3138 4507 eorum
3165 4452 3266 4524 qui
3298 4452 3609 4509 veritatem-

1941 4547 2252 4611 sectantur,
2303 4541 2468 4612 dicit,
2513 4541 2652 4611 quia
2708 4536 2989 4611 separata‘
3014 4545 3102 4596 est
3143 4553 3274 4598 caro
3330 4540 3479 4597 Petri
3520 4542 3592 4598 ab

1940 4631 2133 4685 anima
2181 4630 2326 4699 ejus,
2362 4629 2473 4683 nisi
2518 4628 2662 4685 forte
2693 4641 2791 4698 per
2832 4628 3271 4700 intelligentiam
3314 4633 3537 4686 tantum
3562 4630 3593 4686 ἵ

1940 4721 2162 4788 Quanto
2208 4719 2389 4790 magis
2427 4718 2929 4788 incircumscripta
2974 4723 3180 4775 natura
3218 4719 3319 4775 Dei
3360 4719 3525 4777 Verbi
3558 4735 3593 4779 a

1941 4808 2377 4877 circumscripta
2389 4822 2557 4863 carne
2578 4821 2704 4879 qua
2715 4808 2787 4863 ab
2802 4821 2866 4863 eo
2886 4807 3219 4880 assumpta?
3234 4810 3425 4882 Neque
3436 4812 3591 4869 enim

1943 4898 2169 4969 quando
2209 4896 2484 4969 fatigatus
2511 4902 2599 4953 est
2634 4911 2702 4953 ex
2734 4896 2961 4970 itinere,
2989 4902 3046 4954 et
3074 4911 3107 4954 a
3137 4898 3380 4957 muliere
3406 4900 3594 4959 Sama-

1943 4989 2127 5044 ritana
2182 4987 2377 5042 bibere
2422 4986 2730 5056 quarebat,
2777 4992 2833 5042 et
2877 4999 2909 5042 a
2946 4986 3158 5044 Judais
3202 4989 3587 5064 lapidabatur,

1936 5077 2172 5134 deitatis
2191 5084 2392 5132 natura
2411 5075 2780 5149 fatigabatur,
2800 5074 2885 5130 vel
2909 5074 3204 5145 lapidibus
3221 5082 3591 5140 submitteba-

1936 5174 2064 5224 tur:
2094 5166 2246 5223 absit
2270 5165 2644 5237 blasphemia.
2672 5170 2782 5225 Has
2797 5183 2900 5243 ego
2920 5172 3270 5244 multiplices
3293 5173 3592 5246 congloba'

1935 5258 2141 5326 tiones,
2175 5256 2369 5311 volens
2394 5257 2730 5329 imaginales
2748 5261 3005 5330 picturas
3036 5277 3319 5334 respuere,
3342 5262 3587 5318 multum

1935 5359 2247 5401 susurrans
2276 5346 2499 5402 vanitas
2513 5346 2875 5406 Christianos
2900 5350 3376 5407 calumniantium
3397 5350 3590 5405 incon-

1934 5433 2141 5489 tinenti
2178 5434 2374 5505 lingua
2400 5435 2665 5492 induxit:
2696 5444 2751 5493 et
2774 5438 2890 5493 alia
2917 5439 3172 5508 quadam
3200 5436 3583 5507 subinferens,

1933 5529 2104 5593 atque
2120 5522 2481 5594 iniquitatem
2496 5524 3018 5596 superiniquitates
3029 5539 3356 5597 congerens,
3370 5525 3588 5592 quarta
