4016 6168
395 221 502 278 403

1631 231 1988 288 ANASTASII
2024 231 2567 292 BIBLIOTHECARII
3677 249 3766 310 404

295 403 305 414 ,
395 359 648 415 persona:
688 347 1142 426 additamentum
1179 351 1237 407 in
1279 357 1473 410 sancta
1513 354 1794 412 Trinitate
1831 358 2040 414 stolide
2066 351 2126 411 A
2156 375 2182 406 »
2215 358 2508 416 vinitatem
2541 357 2756 434 [mente
2779 363 3036 434 prtedita,
3071 367 3240 420 uncta
3274 367 3376 420 est
3407 381 3496 436 per
3517 369 3766 439 Spiritum

396 433 584 489 locuta
627 440 729 492 est.
763 436 836 492 At
863 451 966 494 nos
996 438 1098 510 qui
1136 439 1195 495 in
1231 441 1514 497 catholica
1550 443 1802 500 Ecclesia
1847 451 2042 516 utpote

395 521 612 590 proprii
633 523 739 579 ﬁlii
761 526 878 581 nati
899 541 1120 598 sumus,
1149 543 1276 599 quae
1301 531 1494 586 omnia
1513 537 1648 587 sunt
1667 533 2047 603 dispensatio-

395 609 488 666 nis
513 612 740 667 Domini
787 615 967 670 nostri
997 617 1128 672 Jesu
1163 618 1379 674 Christi
1425 620 1828 694 suscipientes,
1875 630 2048 695 atque

395 698 592 754 Arium
625 705 681 755 et
703 701 1058 776 Nestorium,
1083 705 1510 776 Apollinarium
1541 723 1768 781 quoque
1794 718 1850 768 et
1875 713 2050 783 hujus

395 787 716 857 discipulos
741 791 1105 862 Eutychetem
1153 799 1209 850 et
1245 795 1582 853 Dioscorum
1635 798 2048 869 abominantes,

395 876 746 934 venerabiles
791 879 1072 952 imagines
1097 883 1474 956 suscipimus,
1521 886 1802 958 imagines
1832 895 2054 947 tantum

405 969 462 1020 et
492 964 643 1024 nihil
671 965 831 1023 aliud
858 981 954 1024 eas
985 969 1219 1041 cientes,
1250 974 1560 1031 secundum
1593 977 1742 1046 quod
1774 979 2060 1050 principa-

399 1051 474 1108 lis
508 1056 900 1112 tantummodo
941 1071 1143 1115 nomen
1177 1059 1385 1118 habent
1427 1065 1484 1118 et
1513 1077 1626 1120 non
1655 1066 2051 1123 substantiam.

396 1141 598 1198 Cancri
652 1149 842 1201 autem
895 1161 1051 1204 more
1099 1147 1333 1221 oblique
1375 1152 1718 1224 gradientes,
1769 1155 1836 1211 ad
1881 1157 2053 1214 aliam

403 1229 773 1302 blasphemia:
803 1233 1098 1292 ducuntur
1123 1237 1294 1309 viam,
1339 1239 1624 1297 dicentes:

825 1377 1124 1448 Gregorius
1153 1383 1432 1452 epise0pus
1462 1383 1590 1452 legit
1609 1402 1622 1439 :

473 1518 500 1551 ιο
541 1503 826 1559 Laetentur
852 1507 909 1559 et
935 1505 1246 1572 exsultent.
1289 1512 1346 1564 et
1389 1509 1739 1568 ﬁducialiter
1773 1519 1946 1586 agant
1987 1517 2048 1572 hi

405 1609 430 1640 »
473 1590 572 1662 qui
605 1604 792 1647 veram
821 1592 1040 1648 Christi
1085 1594 1396 1668 imaginem
1427 1599 1820 1658 sincerissima
1857 1605 2050 1662 anima

405 1696 430 1728 ››
474 1677 695 1735 faciunt
733 1683 790 1736 et
832 1679 1180 1755 desiderant,
1229 1689 1286 1740 et
1330 1687 1548 1759 colunt,
1595 1693 1651 1744 et
1701 1690 1758 1745 in
1808 1693 2050 1750 salutem
2083 1677 2134 1736 Β

405 1785 432 1817 ››
474 1768 679 1824 animae
710 1771 767 1824 et
794 1770 1052 1840 corporis
1089 1771 1367 1829 oﬁ‘erunt:
1419 1789 1588 1846 quam
1621 1777 1742 1848 ipse
1777 1783 2056 1839 sacratis-

406 1873 432 1905 »
474 1857 658 1914 simus
686 1857 1012 1916 immolator
1043 1863 1100 1916 et
1127 1862 1278 1918 Deus
1310 1867 1520 1934 noster,
1549 1880 1616 1922 ex
1649 1868 1817 1925 nobis
1839 1883 1907 1926 ex
1933 1875 2052 1929 toto

407 1963 433 1995 »
477 1957 719 2002 massam
771 1961 1087 2019 assumens,
1151 1953 1464 2009 secundum
1522 1959 1746 2027 tempus
1809 1961 2054 2031 preprite

407 2052 434 2084 »
480 2034 762 2104 passionis
787 2034 846 2090 in
877 2041 1074 2107 typum
1113 2043 1170 2094 et
1196 2045 1722 2102 rememorationem
1753 2048 2056 2106 evidentis-

407 2141 434 2174 »
479 2124 680 2180 simam
699 2123 940 2180 tradidit
963 2125 1250 2184 ministris
1278 2129 1420 2187 suis.
1449 2133 1579 2189 Sese
1596 2149 1840 2207 namque
1859 2141 2056 2196 volun-

409 2230 434 2262 »
478 2213 623 2268 tarie
653 2213 975 2270 traditurus
1001 2218 1359 2275 memorabili
1382 2226 1438 2276 et
1461 2223 1704 2299 viviﬁcm
1727 2227 1896 2282 morti
1916 2243 2052 2298 suae,

409 2318 436 2351 »
477 2305 770 2372 acceptum
811 2316 1012 2372 panem
1053 2304 1365 2380 benedixit,
1401 2315 1457 2366 et
1482 2313 1697 2384 gratias
1734 2329 1908 2386 agens
1939 2315 2060 2373 fre—

411 2407 438 2438 »
479 2390 584 2461 git,
629 2395 686 2446 et
711 2391 855 2447 dans
892 2393 1080 2449 dixit:
1115 2395 1360 2466 Accipite
1403 2403 1454 2452 et
1481 2403 1734 2457 comedite
1776 2406 1834 2458 in
1881 2408 2064 2460 remis-

411 2496 438 2530 »
471 2480 674 2534 sionem
714 2486 1090 2548 peccatorum,-
1118 2485 1232 2538 Hoe
1283 2491 1362 2541 est
1408 2503 1602 2558 corpus
1643 2507 1817 2546 meum
1869 2491 2056 2563 (Math.

411 2584 440 2617 ι)
481 2566 675 2640 xxvr).
717 2567 1000 2625 Similiter
1045 2575 1103 2627 et
1157 2573 1388 2630 calicem
1447 2579 1677 2635 tradens
1725 2581 1910 2636 dixit:
1961 2585 2065 2637 Hic

413 2672 441 2706 ιο
482 2659 560 2710 est
577 2657 802 2724 sanguis
823 2673 973 2714 meus
997 2677 1010 2714 :
1045 2660 1142 2715 hoc
1169 2665 1335 2730 facite
1353 2667 1414 2718 in
1429 2682 1600 2721 meam
1622 2673 2067 2726 commemoratio-

415 2761 442 2794 »
481 2741 822 2816 nem(Marc.
857 2759 979 2818 xxv,
1006 2749 1118 2802 Luc
1138 2750 1318 2824 χχιι).
1357 2771 1382 2804 α
1416 2753 1602 2810 Veluti
1631 2756 1788 2813 nulla
1821 2759 1936 2815 alia
1969 2774 2066 2831 spe

414 2849 442 2883 ιο
482 2832 571 2889 cie
594 2831 666 2888 ab
686 2846 752 2890 eo
777 2833 956 2891 electa
978 2835 1086 2892 sub
1121 2837 1284 2903 caelo,
1315 2837 1400 2896 vel
1443 2839 1622 2900 forma
1656 2840 1895 2921 [ﬁgura]
1931 2848 2068 2905 ima.

415 2939 442 2972 ιο
485 2921 674 2993 ginari
700 2923 825 2992 ejus
856 2923 1306 2983 incarnationem
1328 2929 1566 2987 valente.
1592 2934 1732 2990 Vide
1755 2949 1890 3009 ergo
1913 2941 2060 3010 quod

411 3027 439 3061 ››
483 3009 670 3082 imago
693 3011 906 3068 viviﬁci
929 3014 1189 3084 corporis
1213 3017 1338 3086 ejus
1368 3019 1613 3088 pretiose
1629 3037 1694 3078 ac
1716 3024 2066 3084 honorabili-

377 3091 440 3149 ‘n
481 3102 570 3154 ter
611 3097 760 3156 facta
797 3101 878 3156 sit
909 3097 1040 3175 [Gr.
1071 3104 1152 3158 En
1182 3117 1316 3176 ergo
1350 3107 1534 3181 imago
1571 3110 1730 3167 vivif.
1777 3128 1894 3170 cor.
1937 3131 2062 3187 qua:

414 3204 442 3238 ι)
485 3190 628 3257 pret.
679 3201 747 3244 ac
791 3189 922 3247 hon.
967 3187 1082 3264 ﬁt].
1117 3191 1264 3262 Quid
1309 3196 1462 3252 enim
1503 3207 1935 3271 argumentatus
1977 3211 2064 3262 est

414 3294 442 3327 »
485 3275 547 3332 in
579 3276 686 3333 hoc
714 3277 1180 3347 sapientissimus
1211 3284 1409 3340 Deus?
1427 3288 1720 3346 Nonne“ut
1743 3293 2063 3351 ostenderet

340 3413 345 3427 ,
415 3382 443 3415 ι)
483 3368 541 3420 et
565 3365 913 3435 exprimeret
949 3369 1242 3428 evidenter
1289 3373 1454 3431 nobis
1485 3376 1818 3436 hominibus
1848 3387 2065 3452 myste-

417 3472 444 3504 »
477 3453 629 3510 rium
661 3455 812 3524 quod
844 3461 1112 3527 operatus
1135 3464 1223 3516 est
1239 3475 1338 3531 per
1359 3463 1842 3534 dispensationem
1863 3471 2064 3526 suam?

417 3560 444 3594 ι)
479 3543 616 3614 quia
635 3543 790 3601 sicut
816 3544 872 3601 id
899 3547 1046 3616 quod
1080 3561 1149 3603 ex
1179 3549 1346 3606 nobis
1375 3555 1650 3623 suscepit,
1680 3557 1915 3613 materia
1943 3558 2063 3614 sola

418 3649 445 3682 υ
477 3637 563 3689 est
603 3632 866 3689 humana:
895 3633 1230 3691 substantia:
1270 3652 1368 3708 per
1407 3642 1597 3697 omnia
1624 3642 1902 3714 perfectae,
1950 3660 2060 3704 non

418 3738 444 3770 »
480 3716 798 3792 ﬁgurantis.
817 3723 1045 3791 preprie
1075 3723 1475 3785 subsistentem
1508 3744 1826 3803 personam,
1856 3740 1920 3790 ut
1949 3749 2060 3793 non

420 3826 446 3858 »
479 3808 930 3864 additamentum
981 3824 1233 3880 personae
1274 3815 1571 3873 divinitati
1605 3819 1946 3878 intercidat:
1984 3825 2064 3882 ita

419 3914 446 3946 ι)
474 3899 531 3952 et
570 3896 874 3967 imaginem
915 3901 1208 3956 materiam
1254 3905 1618 3978 praecipuam,
1666 3909 1723 3965 id
1761 3915 1864 3982 est,
1900 3914 2064 3982 panis

421 4001 448 4032 ι)
481 3982 862 4040 substantiam
890 3989 1157 4059 praecepit
1183 3989 1398 4061 oﬁ‘erri,
1442 4008 1551 4051 non
1584 3997 1921 4069 ﬁgurantem
1955 4001 2068 4058 ho—

421 4088 448 4120 υ
483 4071 661 4128 minis
717 4070 975 4146 formam,
1032 4089 1101 4134 ne
1142 4079 1470 4140 idololatria
1527 4085 2061 4147 subintroducatur.

422 4180 449 4212 »
480 4159 644 4217 Sicut
657 4174 790 4233 ergo
814 4177 1024 4233 corpus
1037 4165 1252 4224 Christi
1277 4171 1424 4241 quod
1445 4177 1758 4232 secundum
1781 4183 2062 4244 naturam,

423 4269 450 4302 ››
485 4255 741 4306 sanctum
781 4258 884 4321 est,
921 4257 1116 4342 utpote
1143 4257 1429 4316 divinitus
1459 4263 1875 4322 sanctiﬁcatum
1913 4265 2064 4342 [Gr.,

2156 463 2182 495 ››
2217 453 2474 504 sanctum
2500 448 2852 525 divinitate].
2879 452 3162 508 Similiter
3188 456 3244 508 et
3273 453 3550 512 divinitus
3581 461 3758 518 tradita

2157 552 2183 582 ››
2219 535 2404 607 imago
2425 537 2616 593 carnis
2645 539 2788 608 ejus,
2808 540 3044 610 divinus
3066 541 3332 596 videlicet
3354 545 3510 611 panis
3535 546 3755 615 repletus

2161 639 2186 672 »
2217 627 2305 678 est
2337 625 2558 694 Spiritu
2589 631 2784 684 sancto
2816 642 2945 684 cum
2975 629 3154 684 calice
3181 629 3359 684 vitam
3390 629 3612 688 ferentis
3640 648 3762 691 san-

2165 727 2190 760 »
2225 712 2422 781 guinis
2447 715 2642 772 lateris
2662 717 2805 786 ejus.
2839 717 2964 772 Haec
2987 731 3120 789 ergo
3149 717 3524 776 demonstrata
3546 728 3625 777 est
3645 737 3761 780 vera

2166 817 2192 848 »
2227 801 2412 873 imago
2441 803 2892 874 dispensationis
2917 820 3041 876 qua:
3069 805 3126 861 in
3153 821 3321 862 carne
3341 806 3481 863 facta
3508 814 3605 880 est,
3633 812 3772 866 scili-

2167 905 2192 940 ››
2226 894 2314 944 cet
2349 890 2562 948 Christi
2603 893 2702 948 Dei
2737 895 2940 963 nostri,
2983 895 3452 965 quemadmodum
3493 912 3653 968 supra
3685 900 3772 955 di-

2169 993 2194 1025 »
2227 981 2380 1033 ctum
2400 984 2518 1050 est;
2552 995 2718 1052 quam
2748 983 2870 1054 ipse
2905 984 3072 1040 nobis
3105 998 3274 1041 verus
3299 991 3513 1042 natura:
3539 987 3779 1044 viviﬁca—

2168 1081 2194 1114 ››
2229 1070 2318 1122 tor
2340 1072 2396 1123 et
2426 1067 2590 1125 ﬁctor
2607 1085 2740 1128 voce
2767 1073 2996 1142 propria
3026 1073 3285 1130 tradidit.
3316 1093 3342 1124 »

2571 1215 2914 1284 Epiphanius
2939 1215 3201 1271 diaconus
3223 1217 3349 1284 legit
3373 1235 3390 1271 :

2233 1338 2408 1409 Patet,
2453 1337 2704 1409 qualiter
2727 1340 2916 1396 omnis
2961 1355 3147 1397 sermo
3182 1342 3534 1412 propositus,
3574 1343 3785 1414 quando

2162 1426 2331 1482 semel
2353 1439 2384 1480 a
2403 1428 2638 1484 veritate
2653 1442 2886 1486 aversus
2911 1435 3015 1496 est,
3042 1431 3100 1486 in
3121 1430 3348 1502 multas,
3369 1435 3426 1487 et
3456 1430 3788 1502 periculosas

2162 1515 2468 1586 pravitates
2513 1529 2546 1572 a
2597 1519 3004 1588 consequentia
3061 1519 3386 1576 seductoria
3434 1518 3784 1590 proferatur:

2161 1604 2374 1674 quippe
2416 1604 2565 1675 quod
2603 1610 2658 1662 et
2698 1606 2795 1676 isti
2832 1613 3206 1678 przeceptores
3241 1609 3518 1665 novitatis
3556 1608 3788 1679 perpessi

2161 1697 2312 1748 sunt.
2341 1693 2536 1749 Aversi
2572 1695 2724 1750 enim
2754 1709 2787 1750 a
2819 1696 3058 1752 veritate
3090 1703 3320 1767 propter
3365 1697 3678 1770 imaginum
3707 1696 3792 1752 fa-

2161 1781 2428 1852 ctionem,
2459 1783 2629 1838 etiam
2667 1783 2725 1839 in
2751 1784 2985 1841 alteram
3021 1791 3330 1841 extremam
3368 1785 3678 1856 apoplexia:
3710 1785 3800 1840 in-

2162 1870 2380 1926 saniam
2409 1871 2628 1942 delapsi
2661 1877 2813 1929 sunt.
2857 1875 3076 1930 Etenim
3109 1875 3273 1946 quasi
3309 1889 3379 1930 ex
3408 1875 3681 1944 Delphico
3712 1873 3802 1928 tri-

2165 1960 2306 2028 pode
2353 1959 2586 2032 obliqua
2629 1961 2746 2017 haec
2797 1966 2853 2018 et
2898 1963 3220 2032 perniciosa
3259 1965 3534 2036 dOgmata
3579 1961 3797 2019 oraculo

2163 2050 2451 2105 consecuti
2480 2055 2616 2106 sunt
2649 2047 2974 2124 [vaticinati
2999 2053 3187 2123 sunt].
3213 2053 3320 2108 Sed
3353 2053 3600 2110 audiant
3620 2065 3651 2106 a
3672 2064 3800 2121 pro—

2163 2137 2402 2192 verbiali
2431 2137 2630 2194 verbo:
2664 2141 2913 2210 Laqueus
2934 2144 3093 2209 fortis
3117 2145 3234 2196 uiro
3266 2143 3422 2196 labia
3443 2158 3566 2211 sua,
3595 2145 3643 2194 et
3661 2140 3812 2210 capi—

2166 2230 2258 2279 tur
2297 2229 2515 2296 proprii
2559 2229 2735 2282 verbis
2781 2232 2891 2284 oris
2941 2228 3147 2300 (Ριτου.¹
3182 2229 3294 2304 v1).
3333 2231 3516 2302 Ligna
3567 2229 3715 2285 enim
3760 2230 3810 2282 et

2168 2313 2358 2370 fenum
2377 2320 2428 2370 et
2458 2317 2726 2386 stipulam
2743 2325 3150 2389 apposuerunt,
3176 2335 3430 2392 quorum
3448 2319 3586 2376 ﬁnis
3605 2319 3662 2373 in
3675 2329 3812 2373 com-

2168 2403 2512 2460 bustionem.
2533 2405 2740 2462 Nullus
2759 2409 2910 2463 enim
2927 2409 3238 2480 aliquando
3261 2409 3542 2466 tubarum
3553 2405 3810 2488 Spiritus,

2173 2498 2498 2550 sanctorum
2553 2495 2822 2552 videlicet
2875 2498 3285 2567 apostolorum,
3349 2503 3455 2554 aut
3509 2497 3815 2552 illustrium

2175 2583 2401 2638 Patrum
2430 2587 2776 2654 nostrorum,
2802 2585 3162 2642 incruentum
3187 2587 3550 2643 sacriﬁcium
3574 2589 3816 2640 nostrum

2175 2669 2322 2740 quod
2380 2669 2438 2724 in
2485 2675 3075 2730 commemorationem
3122 2675 3344 2731 Christi
3387 2675 3492 2730 Dei
3535 2672 3712 2730 nostri
3761 2683 3820 2726 ac

2175 2757 2363 2816 omnis
2396 2759 2846 2830 dispensationis
2875 2763 3000 2832 ejus
3023 2761 3290 2832 efﬁcitur,
3321 2764 3485 2819 dixit
3530 2761 3819 2833 imaginem

2174 2854 2434 2924 corporis
2461 2853 2604 2922 ejus.
2637 2853 2830 2921 Neque
2853 2851 3004 2906 enim
3035 2857 3393 2921 acceperunt
3414 2865 3448 2907 a
3474 2850 3717 2906 Domino
3743 2847 3820 2904 sic

2173 2943 2362 3000 dicere
2378 2943 2461 2998 vel
2489 2940 2770 3011 conﬁteri,
2798 2940 2890 2996 sed
2907 2939 3154 2996 audiunt
3179 2941 3518 3013 evangelice
3548 2941 3819 2996 dicentem

2173 3046 2339 3088 eum:
2389 3033 2512 3088 Nisi
2555 3030 3018 3084 manducaveritis
3051 3045 3270 3082 carnem
3312 3030 3453 3084 Filii
3500 3029 3747 3087 hominis,
3781 3028 3825 3078 et

2176 3122 2416 3175 biberitis
2459 3120 2576 3187 ejus
2618 3119 2958 3185 sanguinem,
3009 3133 3120 3171 non
3170 3119 3470 3174 intrabitis
3514 3120 3578 3172 in
3614 3129 3828 3183 regnum

2173 3211 2421 3264 calorum
2446 3207 2616 3280 (Joan.
2664 3206 2766 3280 Iv).
2797 3207 2899 3261 Et:
2947 3205 3052 3272 Qui
3087 3207 3398 3262 manducat
3421 3223 3602 3261 meam
3627 3217 3828 3258 carnem

2171 3303 2222 3354 et
2262 3299 2395 3352 bibit
2443 3299 2758 3364 sanguinem
2806 3311 2999 3357 meum,
3027 3297 3087 3349 in
3131 3311 3214 3350 me
3242 3300 3463 3358 manet,
3498 3300 3552 3350 et
3577 3310 3672 3363 ego
3696 3295 3754 3347 in
3781 3305 3831 3344 eo

2172 3386 2331 3460 (ibid.
2348 3388 2364 3460 )
2383 3389 2451 3442 Et
2474 3403 2486 3439 :
2512 3387 2743 3455 Accepto
2757 3400 2923 3455 pane,
2941 3386 3152 3452 gratias
3176 3400 3374 3452 agens,
3399 3386 3598 3453 fregit,
3625 3387 3676 3438 et
3695 3381 3833 3436 dedit

2173 3476 2458 3544 discipulis
2474 3475 2609 3535 suis,
2633 3478 2684 3526 et
2701 3475 2781 3526 ait
2799 3492 2816 3526 :
2833 3473 3078 3541 Accipite
3107 3477 3157 3526 et
3177 3473 3490 3539 comedite;
3523 3473 3624 3526 hoc
3649 3475 3725 3526 est
3741 3484 3838 3524 cor-

2167 3578 2274 3633 pus
2303 3578 2494 3616 meum.
2519 3563 2606 3622 Et,
2638 3561 2906 3630 accipiens
2933 3560 3169 3622 calicem,
3207 3563 3437 3644 gratias
3461 3563 3596 3628 egit,
3632 3563 3680 3614 et
3702 3555 3838 3655 dedit

2171 3652 2283 3705 illis
2313 3651 2525 3704 dicens:
2559 3649 2734 3703 Bibite
2757 3663 2824 3702 ex
2849 3649 2944 3702 hoc
2963 3663 3141 3702 omnes
3165 3667 3178 3702 :
3211 3649 3305 3702 hic
3338 3654 3426 3704 est
3456 3651 3609 3704 enim
3628 3649 3840 3714 sanguis

2170 3753 2320 3793 meus
2333 3740 2458 3792 novi
2473 3739 2792 3798 testamenti,
2807 3739 2904 3806 qui
2909 3752 3014 3806 pro
3034 3737 3220 3790 multis
3235 3738 3580 3806 effundetur
3592 3739 3653 3790 in
3674 3734 3847 3789 remis-

2173 3829 2374 3881 sionem
2382 3830 2723 3896 peccatorum
2741 3823 3314 3896 (Matth.xxv1,Marc.
3336 3840 3510 3890 XXIV,
3534 3827 3662 3881 Luc.
3689 3819 3842 3892 XXII].

2173 3916 2242 3970 Et
2267 3928 2376 3970 non
2407 3914 2577 3977 dixit,
2591 3915 2836 3984 accipite
2859 3919 2914 3969 et
2934 3913 3214 3969 comedite
3237 3913 3577 3988 imaginem
3591 3911 3846 3982 corporis

2175 4004 2306 4059 mei.
2339 4003 2442 4058 Sed
2470 4007 2527 4058 et
2549 4003 2760 4058 Paulus
2783 4001 3018 4058 divinus
3048 4001 3359 4071 apostolus
3385 4017 3460 4059 ex
3493 4003 3723 4059 divinis
3755 4001 3850 4054 Do-

2175 4093 2318 4148 mini
2372 4091 2609 4148 vocibus
2657 4092 2950 4160 hauriens,
2999 4091 3111 4146 ait:
3149 4091 3263 4157 Ego
3317 4096 3521 4162 accepi
3561 4109 3598 4147 a
3635 4091 3852 4146 Domino

2177 4183 2324 4253 quod
2346 4186 2396 4236 et
2424 4181 2636 4236 tradidi
2651 4181 2821 4243 vobis,
2849 4181 3105 4248 quoniam
3125 4181 3184 4232 in
3229 4197 3353 4248 qua
3388 4188 3558 4237 nocte
3588 4179 3851 4236 tradeba-

2177 4276 2288 4333 tur,
2320 4272 2523 4339 accepit
2551 4285 2772 4338 panem,
2814 4273 2865 4322 et
2891 4271 3100 4336 gratias
3137 4284 3335 4336 agens,
3371 4273 3562 4339 fregit
3593 4276 3646 4326 et
3685 4268 3858 4322 dixit:

422 4357 448 4390 ››
485 4343 680 4408 utpote
705 4340 1100 4418 deiﬁcatum];
1133 4345 1215 4402 ita
1257 4346 1622 4406 manifestum
1653 4356 1757 4422 est,
1787 4337 1938 4426 quod
1971 4358 2068 4414 ad-
2095 4337 2152 4398 D
2178 4360 2420 4429 Accipite
2436 4337 2494 4413 et
2522 4337 2776 4413 comedite
2802 4376 2820 4422 ;
2845 4359 2958 4411 Hoc
2987 4361 3067 4411 est
3093 4373 3294 4426 corpus
3336 4337 3532 4414 meum
3565 4359 3720 4429 quod
3762 4368 3858 4425 pro

423 4445 450 4476 »
483 4427 734 4497 optione,
769 4427 824 4485 id
856 4433 962 4500 est,
998 4430 1121 4501 ipsa
1149 4433 1335 4506 imago
1359 4436 1484 4506 ejus
1515 4443 1714 4496 sancta
1735 4446 1840 4505 est,
1875 4447 2070 4514 utpote

425 4534 450 4566 »
487 4529 590 4586 per
613 4519 916 4589 quamdam
947 4521 1456 4581 sanctiﬁcationem
1484 4528 1682 4598 gratia:
1712 4533 2068 4590 sanctiﬁcata

426 4621 453 4654 »
489 4600 642 4678 [Gr.,
669 4605 985 4694 deiﬁcata].
1017 4611 1131 4666 Hoc
1150 4610 1303 4667 enim
1329 4618 1386 4668 et
1416 4621 1698 4674 mercatus
1711 4625 1818 4690 est,
1851 4616 1871 4694 [
1889 4621 2074 4679 indu-

427 4711 454 4742 »
486 4693 628 4750 strie
648 4693 878 4770 gessit],
906 4700 971 4752 ut
989 4697 1266 4772 diximus,
1293 4701 1574 4760 Dominus
1594 4707 1777 4779 Iesus,
1852 4693 1881 4766 t
1923 4711 2076 4770 sicut

427 4798 455 4830 ιο
487 4795 713 4838 carnem
758 4798 926 4854 quam
975 4788 1248 4859 suscepit,
1283 4792 1516 4862 propria
1553 4796 1867 4854 secundum
1897 4804 2076 4857 natu-

428 4887 455 4919 »
489 4882 606 4924 ram
656 4872 1108 4932 sanctiﬁcatione
1151 4890 1221 4934 ex
1278 4879 1403 4950 ipsa
1445 4883 1708 4940 unitione
1746 4887 2072 4962 deiﬁcavit;

430 4976 456 5010 ››
489 4957 764 5052 similiter
790 4965 845 5016 et
865 4963 1229 5023 eucharistiae
1264 4981 1484 5040 panem,
1513 4985 1624 5029 non
1654 4978 1718 5030 ut
1745 4973 1945 5033 falsam
1977 4957 2077 5052 [ut

430 5067 456 5098 ››
489 5061 601 5103 non
628 5045 700 5122 f.]
735 5048 1037 5120 imaginem
1072 5057 1354 5114 naturalis
1383 5061 1597 5131 carnis,
1623 5077 1722 5132 per
1742 5066 1924 5121 sancti
1951 5045 2076 5138 Spi-

431 5155 458 5186 »
491 5136 642 5192 ritus
677 5138 977 5196 adventum
1023 5145 1514 5219 sanctiﬁcandum,
1561 5151 1825 5210 divinum
1863 5136 2074 5227 corpus

433 5243 460 5274 »
494 5223 616 5280 ﬁeri
642 5226 827 5283 voluit
848 5229 1128 5286 mediante
1158 5235 1466 5308 sacerdote,
1501 5239 1601 5310 qui
1625 5223 2073 5304 oblationem—de

432 5333 460 5363 ››
492 5315 778 5372 communi
801 5331 1090 5387 separans,
1117 5321 1186 5377 ad
1215 5325 1722 5385 sanctiﬁcationem
1753 5333 2072 5406 pertingere

435 5423 462 5454 »
497 5401 652 5458 facit.
686 5406 880 5476 Itaque
901 5406 1114 5463 Christi
1147 5423 1278 5468 caro
1311 5415 1622 5472 secundum
1651 5423 1910 5476 naturam
1936 5401 2075 5479 ani-

438 5511 464 5544 »
498 5496 647 5550 mata
661 5497 719 5550 et
739 5493 1151 5568 intelligibilis,
1177 5506 1434 5558 unctaest
1451 5503 1673 5574 Spiritu
1691 5514 1886 5566 sancto
1911 5511 1971 5567 in
1989 5513 2074 5568 di-

2178 4449 2326 4504 uobis
2349 4449 2656 4516 frangitur:
2709 4447 2806 4500 hoc
2847 4448 3014 4514 facite
3037 4448 3096 4500 in
3143 4461 3326 4500 meam
3375 4447 3864 4504 commemoratio-

2181 4553 2320 4591 nem.
2361 4535 2622 4590 Similiter
2659 4539 2709 4588 et
2733 4535 2950 4588 calicem
2985 4539 3282 4604 postquam
3315 4541 3594 4602 coenavit,
3635 4538 3859 4591 dicens:

2181 4627 2284 4680 Hic
2321 4625 2467 4680 calta:
2506 4639 2702 4678 novum
2746 4628 3120 4678 testamentum
3158 4629 3236 4680 est
3288 4628 3533 4684 incmeo
3561 4627 3862 4694 sanguine:

2183 4715 2278 4768 hoc
2314 4715 2497 4782 facite,
2537 4714 2955 4782 quotiescunque
2987 4713 3249 4777 biberitis,
3296 4716 3367 4770 in
3411 4732 3604 4771 meam
3641 4726 3867 4770 comme—

2180 4805 2548 4858 morationem.
2580 4801 3006 4870 Quotiescunque
3032 4804 3174 4856 enim
3195 4805 3644 4861 manducabitis
3673 4817 3868 4876 panem

2183 4893 2346 4956 hunc,
2365 4897 2414 4946 et
2429 4892 2647 4946 calicem
2672 4891 2816 4945 hunc
2860 4891 3070 4953 bibetis,
3101 4896 3334 4946 mortem
3360 4897 3613 4950 Domini
3643 4908 3869 4950 annun-

2185 4982 2414 5043 tiabitis,
2459 4981 2626 5035 donec
2653 4983 2854 5036 veniat.
2883 4977 2952 5053 (Ι
2971 4981 3090 5036 Cor.
3120 4979 3239 5054 x1.)
3269 4981 3440 5055 Ergo
3485 4985 3732 5056 liquido
3770 4983 3870 5040 de—

2187 5074 2560 5126 monstratum
2608 5073 2713 5138 est,
2741 5070 2892 5139 quod
2924 5083 3206 5140 nusquam
3234 5071 3556 5131 Dominus
3603 5074 3696 5130 vel
3735 5085 3871 5142 apo-

2185 5158 2340 5229 stoli,
2369 5163 2469 5213 aut
2489 5159 2680 5213 Patres
2711 5157 3015 5229 imaginem
3037 5158 3322 5214 dixerunt
3339 5163 3732 5220 sacriﬁcium
3755 5161 3874 5217 sine

2183 5247 2480 5316 sanguine,
2523 5247 2671 5317 quod
2701 5260 2799 5316 per
2832 5247 3180 5303 sacerdotem
3205 5247 3495 5322 oﬁertur,
3533 5255 3640 5309 sed
3691 5253 3872 5322 ipsum

2181 5350 2393 5405 corpus
2407 5341 2464 5390 et
2496 5336 2682 5406 ipsum
2713 5336 3068 5407 sanguinem.
3097 5338 3324 5392 Etante
3357 5338 3874 5398 sanctiﬁcationis

2182 5425 2412 5496 quidem
2439 5425 2896 5482 celebrationem.
2927 5430 3090 5496 typos
3120 5423 3501 5496 quibusdam
3553 5432 3698 5503 [Gr,
3728 5432 3877 5486 Con—

2181 5514 2639 5586 summationem,
2669 5515 2927 5584 antitypa
2970 5513 3329 5584 quibusdam
3383 5526 3748 5577 sanctorum
3773 5520 3880 5574 Pa—
