4010 6160
217 229 310 287 405

973 237 1524 295 INTERPRETATIO
1559 236 1807 295 SYNOD]
1847 238 1937 292 VII
1978 238 2460 298 GENERALIS.—
2494 245 2694 299 ACTIO
2731 247 2813 298 Vl.

3502 242 3608 300 406

202 367 333 416 trum
401 361 522 418 hac
571 363 665 431 pie
717 363 901 419 visum
943 370 1030 418 est
1083 367 1410 422 nominare:
1467 382 1708 438 quorum
1752 372 1837 422 est
1863 369 1920 427 A
1947 384 1972 414 ι)
2006 367 2280 424 stolorum
2341 375 2442 426 aut
2488 373 2717 427 Patrum
2757 386 2880 427 esse
2911 371 3098 442 habet,
3155 385 3336 442 neque
3381 373 3607 429 oratio-

198 450 524 506 Eustathius
557 459 945 524 propugnator
987 455 1315 511 orthodoxa
1360 456 1488 512 fidei
1539 466 1593 512 et
1621 457 1832 511 ariana

197 539 506 595 destructor
531 542 793 612 vesania,
818 549 872 597 et
903 543 1150 599 Basilius
1174 545 1424 614 ejusdem
1463 545 1712 601 infelicis
1743 562 1833 602 su-

196 629 546 695 perstitionis
575 630 889 701 depositor,
931 632 1202 701 quiomne
1240 633 1387 704 quod
1423 634 1528 690 sub
1567 635 1684 690 sole
1721 641 1826 704 est,

194 715 403 787 planam
435 722 725 774 rectorum
755 719 1083 792 dogmatum
1115 721 1296 777 basim
1328 723 1573 778 edocuit.
1607 725 1687 778 Ex
1719 737 1828 779 uno

189 806 320 860 enim
344 807 662 877 eodemque
683 807 895 878 spiritu
915 809 1293 882 disputantes,
1314 825 1465 867 unus
1491 812 1717 882 quidem
1741 826 1830 867 eo-

190 908 296 950 rum
349 895 742 965 interpretans
779 897 1235 954 Salomoniacum
1270 900 1509 972 dictum,
1561 901 1710 972 quod
1763 901 1822 957 in

189 982 499 1038 Proverbiis
523 984 766 1056 legitur:
821 985 1085 1041 Comedite
1106 1005 1307 1057 panem
1333 1006 1528 1051 meum,
1573 996 1623 1044 et
1663 991 1823 1043 bibite

186 1075 353 1126 vinum
385 1074 534 1142 quod
556 1077 750 1129 miscui
783 1075 933 1130 vobis
972 1073 1160 1146 (Prov.
1199 1091 1257 1132 Ix
1278 1077 1334 1151 );
1368 1079 1485 1134 hac
1508 1079 1688 1134 dicit:
1719 1080 1823 1134 Per

186 1175 366 1231 panem
390 1167 446 1216 et
471 1164 691 1231 vinum,
727 1169 888 1234 typos
903 1166 1287 1235 corporalium
1315 1167 1529 1223 Christi
1553 1168 1821 1238 pradicat

187 1250 574 1306 membrorum.
609 1251 766 1307 Alter
808 1267 938 1308 vero
977 1268 1044 1309 ex
1086 1256 1280 1311 eodem
1322 1255 1478 1312 fonte
1524 1257 1814 1324 hauriens,

185 1345 237 1393 ut
262 1345 544 1395 noverunt
591 1355 785 1397 omnes
816 1344 1120 1399 sacerdotii
1166 1345 1392 1415 mystici
1434 1345 1703 1416 cultores,
1757 1347 1813 1400 in

182 1428 422 1484 oratione
465 1429 680 1485 divina
735 1431 1045 1487 oblationis
1091 1433 1169 1488 ita
1231 1434 1410 1489 dicit:
1462 1435 1816 1489 Confldentes

181 1517 696 1587 appropinquamus
722 1525 914 1574 sancto
944 1521 1136 1591 altari,
1164 1527 1220 1576 et
1249 1527 1624 1592 proponentes
1653 1528 1814 1593 typos

181 1606 341 1661 sancti
373 1607 639 1675 corporis
668 1612 723 1662 et
751 1609 1052 1680 sanguinis
1075 1609 1289 1666 Christi
1314 1611 1421 1680 tui,
1461 1617 1512 1665 te
1540 1612 1816 1680 depreca—

1948 473 1973 504 ι)
2010 469 2134 510 nem
2177 471 2392 512 sacram
2440 460 2894 515 sanctificantem
2940 460 3107 530 illud,
3161 467 3224 516 ut
3265 475 3332 516 ex
3381 462 3484 518 hoc
3530 463 3599 519 ad

1946 559 1972 590 »
2007 545 2362 601 sanctitatem
2390 561 2457 602 ex
2475 561 2540 602 eo
2571 549 2720 618 quod
2754 562 3052 605 commune
3077 553 3161 603 est
3187 548 3594 606 transferatur:

1945 649 1970 680 »
2005 632 2099 687 sed
2148 639 2336 688 manet
2371 649 2669 691 commune
2712 641 2767 692 et
2799 637 3223 706 inhonoratum,
3268 636 3442 693 sicuti
3494 651 3602 706 pa-

1941 735 1966 767 »
2003 721 2175 775 travit
2201 721 2305 777 hoc
2337 724 2538 792 pictor.
2575 743 2601 773 ››

2328 848 2674 917 Epiphanius
2706 849 2969 902 diaconus
3000 850 3127 916 legit
3152 867 3168 902 :

2003 965 2278 1038 Linguam
2344 969 2613 1026 habentes
2664 970 3110 1043 magniloquam,
3173 969 3596 1040 adiectionibus

1933 1053 2143 1110 malum
2170 1055 2385 1127 absque
2416 1059 2621 1114 timore
2649 1061 2748 1114 Dei
2777 1059 3165 1130 amplificant;
3210 1067 3268 1115 et
3292 1059 3593 1115 temerario

1930 1143 2099 1197 corde
2119 1157 2185 1199 ac
2214 1151 2507 1213 potentatu
2549 1147 2766 1219 inania,
2801 1148 3142 1204 meditantes
3167 1148 3455 1204 mendacis
3488 1162 3594 1204 co—

1929 1232 2222 1301 gnominis
2253 1240 2309 1289 et
2331 1236 2465 1291 mali
2488 1237 2741 1292 nominis
2772 1237 3052 1309 imagines
3073 1251 3198 1308 qua
3227 1237 3334 1293 sub
3359 1238 3590 1294 nomine

1926 1318 2140 1376 Christi
2193 1320 2353 1378 facta
2385 1329 2539 1395 sunt,
2592 1327 3126 1395 pronuntiaverunt.
3171 1327 3240 1380 Et
3287 1327 3336 1381 si
3384 1327 3490 1382 hoc
3517 1327 3588 1383 de

1929 1422 2121 1479 regum
2156 1411 2508 1483 imaginibus
2539 1415 2729 1469 dicere
2753 1416 3050 1484 auderent,
3075 1421 3252 1472 morte
3272 1415 3584 1471 vindictam

1929 1495 2168 1553 forsitan
2209 1501 2597 1569 pertulissent.
2630 1505 2924 1559 Patientur
2951 1510 3138 1559 autem
3187 1504 3330 1559 hanc
3359 1509 3416 1559 et
3451 1517 3587 1574 per-

1924 1585 2142 1654 cipient
2163 1589 2383 1658 utique,
2408 1592 2635 1661 quando
2661 1597 2717 1646 et
2753 1592 3050 1648 verborum
3077 1598 3133 1647 et
3156 1598 3387 1649 actuum
3421 1593 3584 1649 retri-

183 1707 308 1759 mur,
341 1699 397 1748 et
429 1673 494 1749 te
517 1709 815 1766 rogamus:
847 1673 904 1752 et
934 1699 1082 1767 quod
1111 1699 1378 1768 deinceps
1411 1673 1676 1770 infertur,
1701 1713 1815 1754 cer—
1851 1688 1895 1745 Β
1923 1673 2086 1770 δαί,ίο
2141 1676 2585 1770 ﬁet-“Praua”
2633 1695 2760 1770 cum
2807 1681 3008 1736 multis
3071 1696 3196 1770 qui”
3245 1682 3410 1737 "Obis
3459 1682 3584 1738 δίηθ

182 1782 363 1836 tiorem
407 1784 597 1838 Patris
646 1784 817 1853 hujus
857 1784 1092 1856 perfecit
1147 1787 1518 1857 intellectum,
1564 1788 1813 1859 qualiter

182 1876 459 1941 antequam
508 1874 861 1930 sanctificata
921 1873 1157 1947 fuerint,
1189 1889 1210 1916 ι
1253 1882 1447 1932 vocata
1497 1878 1615 1932 sint
1647 1878 1803 1948 typi:

184 1966 289 2028 post
315 1960 825 2017 sanctificationem
858 1969 1045 2020 autem
1090 1979 1298 2035 corpus
1325 1966 1551 2036 proprie
1575 1979 1640 2020 ac
1670 1979 1811 2021 san—

183 2047 294 2117 guis
318 2048 532 2104 Christi
559 2050 855 2118 dicuntur,
889 2058 1042 2121 sunt,
1075 2060 1131 2108 et
1163 2055 1493 2109 creduntur.
1530 2054 1642 2124 Ipsi
1677 2069 1805 2111 vero

184 2135 273 2189 viri
302 2134 473 2192 fortes
489 2139 742 2195 volentes
763 2141 1172 2197 venerabilium
1196 2143 1510 2214 imaginum
1535 2143 1801 2200 demoliri

184 2223 451 2296 visionem,
479 2226 653 2282 aliam
699 2229 1002 2299 imaginem
1036 2231 1499 2303 introduxerunt,
1533 2246 1658 2302 qua
1690 2245 1800 2288 non

183 2318 254 2366 est
280 2314 476 2386 imago,
511 2315 605 2370 sed
656 2330 866 2386 corpus
903 2323 958 2372 et
983 2319 1254 2390 sanguis:
1307 2332 1442 2390 poro
1465 2319 1800 2392 fatigatione

184 2401 313 2471 [Gr.,
359 2405 764 2475 improbitate]
807 2412 864 2462 et
905 2409 1117 2464 astutia
1143 2409 1417 2480 depressi,
1450 2410 1801 2480 sophismate

181 2504 326 2560 pravo
350 2499 525 2548 semet
554 2493 920 2566 offendentes,
951 2497 1106 2567 [(θνη
1136 2498 1521 2568 deeipientes]
1547 2499 1802 2570 adoptio-

179 2593 236 2634 ne
277 2582 708 2639 nominaverunt
752 2583 900 2640 fieri.
934 2587 1078 2642 hanc
1118 2587 1370 2643 divinam
1413 2588 1794 2644 oblationem:

181 2668 306 2737 [Gr.,
323 2672 452 2725 add.
474 2677 529 2727 et
543 2673 783 2743 quemad
794 2674 916 2730 mod
929 2689 1019 2730 um
1035 2675 1140 2731 hoc
1155 2675 1346 2731 dicere
1367 2683 1558 2746 aperta
1575 2677 1801 2734 insania

175 2764 262 2820 est,
288 2760 367 2814 sic
389 2766 444 2815 et
477 2761 782 2832 imaginem
813 2776 1064 2819 asserere
1093 2779 1322 2834 corpus,
1355 2765 1486 2835 etc.]
1513 2770 1569 2820 et
1591 2779 1802 2835 corpus

174 2852 220 2900 et
239 2849 563 2920 sanguinem
608 2852 859 2920 Domini,
905 2853 1112 2923 aquali
1142 2855 1558 2924 quodammodo
1587 2868 1803 2924 appro-

173 2935 390 3005 piuquat
434 2939 718 3007 amentia,
763 2945 818 2994 et
864 2941 1199 3010 ampliorem
1243 2941 1799 3011 indisciplinationis

172 3022 301 3091 idin,
336 3025 907 3098 indisciplinatione]
957 3029 1124 3084 habet
1167 3031 1531 3100 impietatem.
1586 3032 1873 3110 Deindec

168 3111 386 3168 dimisso
407 3116 708 3171 mendacio
729 3119 1304 3188 tanguntpauxillum
1323 3121 1461 3190 quid
1481 3121 1794 3191 veritatem,

167 3200 403 3257 divinum
429 3219 640 3274 corpus
664 3206 919 3261 dicentes
948 3207 1104 3262 fieri:
1139 3214 1213 3278 et,
1242 3209 1291 3263 si
1327 3209 1511 3280 imago
1538 3211 1798 3279 corporis

165 3295 255 3360 est,
297 3306 404 3347 non
460 3299 646 3362 potest
669 3308 791 3349 esse
817 3295 923 3350 hoc
949 3296 1208 3352 divinum
1235 3310 1461 3367 corpus.
1488 3300 1632 3369 Ergo
1662 3299 1794 3354 hinc

163 3377 281 3434 inde
297 3381 730 3452 circumductis,
767 3383 1016 3454 invalida
1047 3385 1280 3441 omnino
1324 3393 1550 3441 manent
1580 3399 1641 3441 ea
1669 3402 1794 3457 qua

160 3465 360 3525 abillis
385 3476 684 3527 susurrata
716 3477 866 3527 sunt.
909 3473 1071 3529 Sicut
1103 3474 1255 3528 enim
1302 3474 1504 3530 oculus
1529 3475 1795 3531 turbatus

158 3568 254 3611 non
287 3565 434 3614 recte
459 3559 634 3627 videt,
669 3561 748 3616 ita
775 3567 832 3618 et
857 3563 964 3633 ipsi
1002 3577 1240 3633 nequam
1267 3563 1604 3620 confusione
1628 3565 1796 3636 cogi-

155 3645 416 3703 tationum
451 3662 682 3704 sensum
731 3665 897 3706 suum
941 3651 1238 3708 turbantes
1298 3658 1356 3708 et
1395 3653 1790 3710 turbulentum

156 3734 456 3808 reddentes,
491 3738 744 3807 idipsum
778 3740 1080 3809 patiuntur
1100 3741 1247 3810 quod
1274 3743 1644 3815 insanientes,
1675 3743 1791 3798 alia

152 3822 360 3878 scilicet
391 3839 493 3895 pro
512 3826 650 3882 aliis
671 3827 1028 3897 phantastice
1060 3829 1211 3898 passi
1246 3830 1260 3899 [
1287 3827 1400 3892 Gr.,
1437 3831 1790 3899 phantastice

149 3910 536 3985 judicantes[:
572 3916 884 3986 aliquando
916 3919 1144 3988 quidem
1193 3919 1496 3990 imaginem
1536 3920 1790 3976 dicentes

153 4003 318 4056 sancti
356 4004 618 4073 corporis
644 4004 861 4060 Christi
911 4005 1282 4077 intelligibile
1328 4008 1481 4076 [Gr.,
1527 4007 1786 4077 sacrum]

154 4090 482 4146 sacriﬁcium
514 4099 796 4162 nostrum,
841 4094 1154 4164 aliquando
1183 4109 1314 4150 vero
1342 4097 1626 4165 positione
1654 4110 1791 4154 cor-

159 4189 270 4241 pus.
308 4181 477 4236 Porro
524 4182 641 4237 hac
687 4183 839 4252 passi
883 4188 1040 4255 sunt,
1093 4183 1566 4253 quemadmodum
1612 4200 1785 4254 supra

156 4261 411 4338 diximus,
445 4269 842 4342 imaginalium
884 4271 1290 4327 formationum
1329 4273 1551 4328 vultum
1582 4270 1788 4347 ]aspe—

1923 1763 2138 1832 scripto
2160 1767 2370 1822 tradita
2396 1775 2550 1838 sunt,
2578 1769 2749 1824 etiam
2785 1771 3099 1841 imaginum
3127 1769 3302 1826 factio
3334 1772 3392 1826 in
3413 1771 3586 1827 eccle-

1921 1851 2005 1905 sia
2032 1851 2102 1906 ab
2120 1855 2506 1922 apostolorum
2533 1857 2935 1926 praedicatione
2962 1859 3201 1914 dilatata
3227 1865 3331 1914 est.
3366 1860 3585 1916 [ndicat

1918 1944 2105 1994 autem
2140 1942 2244 1998 hoc
2274 1950 2329 1998 et
2360 1945 2604 2001 historia
2629 1947 2699 2001 de
2743 1947 3203 2017 hainorrhoissa,
3250 1963 3373 2018 qua
3393 1962 3461 2003 ex
3481 1949 3585 2004 di—

1916 2028 2096 2082 versis
2113 2029 2376 2087 historiis
2398 2034 2791 2090 testimonium
2816 2035 3002 2105 habet,
3021 2041 3075 2090 et
3096 2037 3404 2090 secundum
3427 2038 3578 2107 quod

1914 2123 2170 2172 sanctum
2222 2121 2586 2192 Evangelium
2632 2121 2820 2193 refert,
2871 2124 3171 2179 sanitatem
3212 2124 3412 2194 adepta
3451 2131 3574 2192 est;

1913 2205 2049 2273 quia
2092 2207 2207 2261 hac
2237 2213 2480 2264 statuam
2543 2211 2725 2266 erexit
2765 2211 3015 2280 Domini,
3053 2216 3109 2266 et
3151 2225 3210 2267 se
3256 2216 3577 2283 tangentem

1911 2291 2191 2350 fimbriam
2211 2302 2411 2353 statua
2432 2299 2626 2368 posuit
2643 2298 2856 2370 (Matth.
2886 2313 2966 2362 1x,
2993 2301 3164 2355 Marc.
3198 2314 3253 2363 v,
3275 2302 3403 2355 Luc.
3429 2301 3574 2374 vm).

1913 2382 2061 2438 Inter
2085 2384 2241 2440 illam
2270 2393 2458 2441 autem
2477 2391 2533 2442 et
2550 2388 2767 2443 Christi
2792 2389 3099 2460 imaginem
3124 2390 3295 2446 herba
3317 2391 3575 2462 quadam

1910 2473 2221 2546 oriebatur,
2273 2476 2742 2548 appropinquans
2782 2478 2910 2548 pedi
2945 2484 3170 2551 statua,
3209 2480 3399 2535 omnis
3446 2481 3580 2536 lan—

1910 2562 2109 2631 guoris
2163 2565 2498 2620 remedium.
2549 2567 2724 2622 Porro
2793 2568 2895 2623 has
2937 2568 3107 2624 etiam
3160 2569 3218 2624 in
3270 2569 3578 2639 scripturis

1911 2651 2271 2708 Christianos
2301 2655 2514 2709 versari
2562 2656 2925 2728 [operatas],
2978 2662 3301 2714 sanctorum
3347 2659 3575 2714 Patrum

1912 2747 2237 2797 nostrorum
2272 2742 2512 2812 plurimi
2553 2744 2935 2802 tradiderunt.
2971 2743 2998 2786 δ
3029 2746 3278 2802 Basilius
3315 2747 3573 2819 Magnus,

1911 2830 2078 2898 cnjus
2112 2832 2374 2887 doctrina
2406 2846 2505 2903 per
2537 2844 2732 2889 omnes
2770 2834 3046 2890 terminos
3095 2842 3339 2907 resonat,
3386 2836 3445 2890 in
3475 2835 3578 2891 di—

1910 2919 2092 2974 versis
2131 2921 2494 2977 sermonibus
2524 2923 2650 2977 suis
2693 2923 3036 2979 mentionem
3081 2937 3274 2980 earum
3303 2924 3470 2981 facit:
3518 2930 3576 2981 et

1908 3007 2223 3080 Gregorius
2256 3010 2445 3079 ipsius
2473 3018 2528 3067 et
2554 3026 2723 3068 carne
2748 3020 2802 3068 et
2843 3014 3056 3083 spiritu
3084 3013 3276 3086 frater,
3310 3017 3575 3085 Nyssao—

1909 3112 2035 3151 rum
2069 3099 2299 3169 prasul,
2335 3101 2392 3154 in
2427 3114 2684 3156 sermone
2711 3103 2780 3157 de
2810 3102 3128 3158 Abraham:
3177 3111 3232 3160 et
3259 3105 3570 3176 Gregorius

1906 3193 2276 3251 cognomento
2310 3188 2619 3259 deiloquus
2646 3190 2705 3243 in
2737 3190 2971 3259 scriptis
3009 3205 3040 3246 a
3084 3206 3144 3247 se
3173 3192 3568 3264 carminibus;

1907 3272 1965 3327 in
1994 3274 2207 3344 quibus
2229 3289 2412 3331 sermo
2441 3276 2703 3342 refertur,
2739 3278 2836 3347 qui
2871 3285 2958 3334 est
2997 3280 3309 3349 inscriptus
3333 3281 3404 3336 de
3446 3281 3565 3335 Vir-

1904 3367 2058 3416 tute:
2091 3363 2332 3418 Joannes
2363 3364 2533 3419 etiam
2559 3365 2658 3434 qui
2687 3380 2750 3420 os
2776 3379 2916 3420 auro
2949 3367 3258 3436 pretiosius
3291 3369 3563 3438 possidet,

1905 3450 1962 3504 in
1993 3451 2285 3520 epitaphio
2309 3465 2565 3507 sermone
2606 3467 2732 3524 suo,
2767 3467 2934 3524 quem
2960 3455 3016 3508 in
3044 3455 3332 3510 Meletium
3363 3456 3565 3512 habuit

1901 3539 2230 3610 episcopum
2261 3539 2619 3610 Antiochia;
2653 3547 2708 3596 et
2750 3542 2808 3596 in
2842 3555 3101 3598 sermone
3131 3557 3236 3598 suo
3262 3544 3360 3612 qui
3387 3544 3559 3599 etiam

1901 3643 2073 3698 supra
2118 3629 2420 3695 scribitur,
2485 3630 2620 3700 quia
2670 3631 2888 3686 Veteris
2935 3636 2991 3686 et
3035 3632 3174 3687 Novi
3219 3632 3561 3688 Testamenti

1901 3731 2052 3772 unus
2081 3722 2168 3773 est
2190 3718 2522 3790 legislator:
2556 3719 2809 3788 Cyrillus
2833 3720 3124 3788 depositor
3151 3720 3400 3776 Nestorii
3431 3721 3564 3790 epi-

1899 3806 2046 3862 stola
2067 3821 2171 3863 sua
2194 3808 2210 3878 [
2235 3810 2346 3870 Gr.,
2365 3822 2453 3877 ep.
2479 3822 2582 3863 sua
2607 3808 2828 3878 prima]
2853 3809 2920 3864 ad
2945 3808 3213 3864 Acacium
3231 3810 3558 3880 episcopum

1897 3897 2322 3968 Scythopoleos,
2345 3897 2706 3967 Sophronius
2748 3897 3135 3968 [Anastasius,
3173 3898 3561 3955 Antiochenus

1899 3993 2043 4055 patr.
2065 3983 2084 4058 ]
2109 3986 2410 4042 Maximus.
2438 3987 2541 4041 Sed
2577 3987 2714 4057 quid
2746 3987 3084 4042 nominatim
3114 3987 3316 4043 horum
3345 4001 3564 4043 memo-

1898 4074 2041 4128 riam
2065 4073 2328 4144 facimus,
2351 4088 2482 4129 cum
2513 4088 2708 4130 omnes
2731 4075 2910 4130 sancti
2939 4076 3131 4131 Patres
3154 4075 3334 4132 nostri
3365 4076 3563 4148 imagi-

1898 4176 2032 4216 num
2054 4161 2330 4217 facturam
2349 4163 2748 4233 susceperint?
2762 4162 2834 4218 At
2848 4163 2904 4217 hi
2932 4165 3279 4220 mendaciter
3296 4173 3562 4221 asserunt

1897 4252 2260 4321 perhibentes
2281 4253 2430 4323 quod
2455 4255 2682 4308 Patrum
2697 4267 2805 4309 non
2826 4253 2904 4309 sit
2925 4254 3180 4320 traditio,
3205 4255 3396 4324 etiam,
3417 4255 3560 4311 satis

156 4356 326 4425 ctum]
349 4358 418 4413 ab
457 4341 708 4414 Ecclesia
744 4359 996 4415 volentes
1033 4361 1435 4428 exterminare,
1475 4341 1785 4432 gaudentes
1809 4368 1865 4430 D
1895 4355 2176 4412 congrue:
2223 4341 2273 4396 εί
2301 4341 2668 4432 Εῗδηῧίῖίίυηῖ
2703 4341 3004 4432 1938M“,
3034 4343 3268 4397 minime
3299 4343 3561 4432 tradide‘

157 4452 308 4510 super
325 4449 612 4504 eversione
631 4448 1147 4505 ecclesiasticarum
1170 4449 1565 4505 traditionum.

692 4573 921 4629 TOMUS
949 4573 1281 4643 QUARTUS.

553 4699 896 4768 Epiphanius
918 4699 1177 4754 diaconus
1197 4701 1320 4767 legit
1337 4719 1353 4755 :

214 4799 404 4858 lterum
438 4804 770 4860 insistentes
802 4805 1004 4861 iisdem
1039 4806 1527 4871 oblocutionibus,
1559 4817 1782 4866 movent

156 4882 358 4958 linguas
381 4908 532 4959 suas,
567 4895 670 4950 has
698 4896 765 4950 ad
820 4894 1092 4963 injuriam
1135 4901 1403 4952 acuentes
1444 4903 1658 4953 sancta
1678 4899 1778 4954 Dei

162 4973 428 5051 Ecclesia;
457 4984 669 5038 etenim
690 4984 886 5039 aiunt:

618 5108 906 5175 Gregorius
926 5111 1204 5178 episcopus
1226 5110 1384 5178 legit:

217 5245 237 5272 α
265 5229 541 5287 Mendacis
581 5239 768 5288 autem
813 5234 1334 5305 c0gnominationis
1379 5235 1586 5292 malum
1629 5237 1779 5294 ima-

161 5329 178 5355 ε
206 5316 378 5384 ginnm
420 5335 622 5377 nomen
656 5337 837 5394 neque
866 5337 934 5378 ex
955 5325 1266 5380 traditione
1285 5324 1498 5381 Christi
1532 5327 1616 5382 vel
1647 5342 1777 5398 apo-

208 5445 408 5503 aGraeci
463 5449 659 5502 Patres
693 5447 817 5514 jam
857 5450 1196 5517 sanctiﬁcata
1242 5461 1350 5505 non
1399 5464 1528 5506 raro
1569 5457 1771 5507 vocant

153 5517 386 5587 antitypa,
415 5525 480 5574 ut
507 5517 771 5574 Nazianz.
808 5519 958 5574 Orat.
990 5522 1113 5587 fun.
1151 5523 1211 5574 in
1239 5536 1492 5584 sororem,
1523 5528 1579 5577 et
1605 5523 1768 5592 Apo-

1897 4436 2050 4500 runt,
2077 4445 2177 4487 nec
2202 4431 2481 4502 imagines
2500 4430 2854 4502 figurandas;
2884 4437 2941 4485 at
2961 4431 3010 4486 si
3043 4432 3164 4500 hoc,
3197 4436 3252 4486 et
3277 4431 3442 4487 illud.
3467 4433 3559 4488 Sc.

1893 4521 2095 4591 quitur
2117 4519 2269 4574 enim
2302 4518 2654 4574 titulationis
2684 4518 2770 4573 vel
2811 4518 3050 4588 pictura
3083 4517 3353 4575 formatio
3375 4533 3555 4576 evan—

1892 4608 2130 4680 gelicam
2158 4607 2509 4678 relationem,
2541 4612 2598 4661 et
2628 4605 3102 4676 hac’picturalem
3132 4607 3550 4664 narrationem:

1890 4703 1945 4752 et
1981 4701 2236 4765 utraque
2279 4694 2439 4749 bona
2469 4701 2523 4750 et
2555 4695 2936 4751 honorabiles.
2980 4695 3114 4763 Qua
3138 4697 3290 4752 enim
3326 4698 3558 4756 indica-

1891 4785 2005 4840 tiva
2054 4789 2189 4839 sunt
2221 4783 2484 4853 invicem,
2519 4783 2914 4840 indubitanter
2942 4785 3113 4840 etiam
3135 4785 3380 4843 alterum
3405 4787 3560 4845 alte-

1890 4874 2014 4930 rius
2059 4871 2227 4928 habet
2269 4871 2698 4942 intelligentias.
2759 4873 2818 4927 Si
2863 4873 3016 4928 enim
3073 4874 3414 4946 dixerimus,
3468 4892 3556 4948 sol

1890 4977 2062 5032 super
2086 4969 2292 5018 terram
2341 4965 2446 5027 est,
2493 4961 2694 5031 utique
2717 4961 2844 5017 dies
2867 4967 2988 5018 est:
3039 4969 3095 5019 et
3127 4965 3177 5020 si
3209 4965 3552 5038 dixerimus,

1891 5053 2027 5123 quia
2055 5052 2182 5108 dies
2210 5057 2314 5120 est,
2362 5049 2562 5120 utique
2600 5050 2684 5105 sol
2715 5065 2889 5120 super
2932 5058 3138 5108 terram
3169 5062 3274 5111 est.
3303 5058 3384 5113 Ita
3418 5064 3474 5112 et
3501 5058 3554 5115 si

1887 5142 2203 5198 viderimus
2231 5141 2287 5195 in
2331 5140 2580 5211 imagine
2616 5140 3093 5212 evangelizantem
3123 5145 3389 5216 angelum
3418 5147 3556 5201 Vir-

1888 5231 2030 5303 gini,
2075 5231 2274 5300 utique
2306 5229 2363 5284 in
2407 5229 2997 5285 commemorationem
3046 5231 3316 5288 habemus
3359 5233 3556 5291 venire

1885 5320 2222 5391 evangelica
2288 5318 2667 5373 narrationis:
2726 5319 2866 5383 Quia
2930 5321 3126 5374 missus
3193 5326 3271 5375 est
3323 5322 3552 5386 angelus

1882 5447 1983 5514 log.
2020 5459 2060 5507 ι,
2091 5443 2362 5514 Cyrillus,
2390 5442 2541 5498 Hier.
2575 5443 2775 5506 catech,
2817 5456 2872 5506 v,
2904 5449 3062 5510 myst.
3091 5447 3148 5498 et
3174 5443 3297 5498 alii.

1949 5517 1976 5559 ι)
1997 5518 2206 5573 Grac.:
2241 5515 2344 5570 Kai
