4016 6168
447 279 547 336 407

1675 282 2028 341 ΑΝΔΒΤΑΞῙῘ
2067 282 2129 336 BI

2249 281 2561 338 OTHECAR
2569 285 2617 339 ΙΙ
3583 287 3588 291 ’
3715 293 3800 353 408

450 403 665 458 Gabriel
705 419 741 457 a
788 406 897 458 Deo
924 406 1001 459 ad
1069 408 1381 474 Virginem:
1434 414 1485 463 et
1526 411 1800 478 ingressus
1856 409 1932 463 ad
1987 422 2105 461 eam
2131 406 2186 465 A
2216 406 2555 477 sacerdotes,
2597 412 2653 463 et
2695 409 3016 464 sacerdotes
3041 411 3155 464 tam
3193 407 3442 467 Orientis
3487 416 3539 467 et
3576 412 3809 473 Occiden-

448 491 632 546 dixit:
665 492 802 555 Ave,
846 496 1029 561 gratia
1043 496 1233 566 plena,
1266 500 1526 553 Dominus
1566 502 1771 565 tecum;
1828 497 2108 552 benedicta

451 583 511 634 tu
537 582 682 635 inter
718 582 968 636 mulieres
1016 581 1162 653 (Luc.
1200 583 1256 657 ι).
1310 588 1456 658 Ergo
1486 601 1553 642 ex
1583 587 1888 659 Evangelio
1929 584 2110 641 audi—

449 669 639 724 vimus
664 675 880 741 gestum
910 672 1241 741 mysterium
1272 687 1371 743 per
1400 675 1663 745 angelum
1694 676 1762 730 ad
1795 675 2107 745 Virginem,

449 763 506 813 et
533 771 993 815 commonemur:
1025 766 1082 815 et
1113 761 1169 815 in
1201 762 1504 834 imaginem
1529 764 1816 821 intuentes
1836 763 2111 819 similiter

452 846 603 917 quod
628 852 847 918 gestum
872 854 976 919 est,
1019 848 1383 906 manifestius
1410 851 1811 924 intelligimus.
1853 853 2028 907 Porro
2052 856 2110 909 et

454 933 515 991 in
570 933 743 990 aliam
793 949 996 992 rursus
1044 936 1603 1008 indisciplinationis
1645 941 1794 996 viam
1849 939 2108 996 conversi

450 1029 606 1094 sunt,
644 1022 809 1079 dicen
818 1029 900 1079 tes
921 1041 934 1078 :

882 1129 1168 1197 Gregorius
1207 1133 1488 1203 episcopus
1525 1134 1653 1200 legit
1672 1152 1684 1188 :

528 1254 556 1288 α
588 1237 782 1306 Neque
831 1236 1146 1292 orationem
1188 1250 1405 1294 sacram
1450 1239 1896 1295 sanctiﬁcantem
1943 1238 2112 1307 illud,

456 1340 484 1371 ι
517 1327 583 1378 ut
609 1335 679 1378 ex
722 1322 829 1378 hoc
858 1323 925 1378 ad
985 1324 1493 1382 sanctiﬁcationem
1537 1326 1609 1382 ab
1659 1340 1724 1383 eo
1764 1326 1914 1396 quod
1952 1340 2120 1382 com—

455 1439 483 1471 »
519 1424 689 1466 mune
721 1416 826 1481 est,
867 1410 1286 1469 transferatur:
1337 1413 1431 1468 sed
1481 1418 1668 1469 manet
1705 1427 2004 1469 commune
2054 1426 2119 1468 ac

455 1510 483 1542 ιο
536 1498 1018 1572 inhonorandum,
1078 1502 1553 1573 quemadmodum
1602 1503 1709 1559 hoc
1752 1503 1938 1573 pictor
1978 1501 2121 1558 eﬁ‘e—

458 1603 484 1636 10
517 1587 617 1645 cit.
651 1606 679 1639 ι

881 1696 1226 1767 Epiphanius
1256 1696 1517 1752 diaconus
1548 1698 1675 1765 legit
1695 1716 1712 1752 :

525 1801 596 1858 Et
624 1802 775 1873 quod
810 1816 1005 1858 verum
1036 1807 1124 1858 est
1164 1803 1417 1859 audiant.
1471 1803 1651 1860 Multa
1680 1818 1807 1875 quae
1852 1804 1911 1859 in
1952 1802 2120 1861 nobis

457 1896 677 1946 sacrata
708 1896 861 1963 sunt,
909 1890 1224 1947 orationem
1257 1905 1472 1947 sacram
1506 1906 1616 1947 non
1647 1892 1955 1962 recipiunt,
1988 1905 2118 1947 cum

463 1980 597 2036 inde
621 1984 676 2035 et
695 1993 763 2036 ex
785 1980 910 2051 ipso
933 1980 1162 2036 nomine
1187 1980 1352 2051 plena
1384 1981 1504 2036 sint
1524 1981 1913 2038 sanctitudine
1942 1980 2119 2037 simul

456 2074 515 2125 et
568 2068 771 2140 gratia.
813 2070 883 2124 Et
928 2074 1225 2140 pr0pterea
1269 2069 1386 2125 haec
1445 2074 1510 2127 ut
1567 2083 1757 2126 revera
1803 2069 2123 2126 veneranda

461 2156 809 2214 honoramus
841 2164 898 2213 et
935 2158 1272 2229 salutamus,
1320 2158 1443 2228 ipse
1489 2159 1641 2214 enim
1685 2164 1854 2229 typus
1884 2158 2123 2215 viviﬁca:

460 2246 653 2303 crucis
676 2246 892 2318 absque
911 2247 1169 2304 oratione
1198 2260 1359 2303 sacra
1382 2247 1639 2319 effectus,
1673 2260 1842 2317 penes
1874 2261 1977 2303 nos
2019 2259 2125 2301 co-

461 2336 626 2405 litur,
652 2341 709 2392 et
732 2336 986 2392 contenti
1014 2350 1215 2391 sumus
1245 2335 1426 2407 ﬁgura
1446 2336 1572 2405 ejus
1595 2336 1664 2391 ad
1697 2335 2122 2405 suscipiendam

462 2424 991 2480 sanctiﬁcationem.
1043 2426 1112 2479 Et
1142 2437 1240 2494 per
1277 2424 1667 2479 adorationem
1711 2438 1836 2495 quae
1862 2421 2009 2478 facta
2038 2426 2125 2478 est

462 2528 497 2569 a
525 2513 692 2570 nobis
720 2514 780 2569 in
811 2526 960 2583 eum,
993 2520 1050 2568 et
1091 2527 1190 2582 per
1220 2518 1408 2567 notam
1450 2513 1510 2567 in
1561 2510 1748 2567 fronte
1777 2524 2124 2583 expressam,

463 2606 636 2672 atque
675 2615 774 2671 per
801 2601 1162 2672 signaculum
1199 2601 1348 2672 quod
1391 2601 1451 2655 in
1478 2614 1606 2655 aere
1631 2614 1733 2670 per
1761 2601 2010 2673 digitum
2038 2601 2121 2672 ﬁt,

464 2690 694 2763 abigere
739 2686 1050 2764 [insequi]
1092 2689 1375 2744 daemones
1395 2702 1707 2758 speramus.
1760 2689 2045 2744 Similiter
2073 2695 2129 2745 et

466 2781 529 2837 in
572 2779 820 2852 imagine
851 2792 949 2849 per
983 2776 1236 2833 nominis
1264 2777 1688 2833 annotationem
1720 2778 1788 2833 ad
1840 2777 2122 2847 primitivi

468 2871 737 2926 honorem
767 2867 1131 2923 redueimur:
1182 2871 1238 2922 et
1268 2865 1584 2921 salutantes
1613 2880 1679 2921 ac
1711 2866 2129 2922 honorabiliter

2217 493 2314 564 tis,
2348 509 2518 565 quam
2548 494 2705 551 Arcti
2738 502 2793 552 et
2812 496 3181 568 Mesembria},
3216 498 3549 554 anathemati
3578 500 3808 559 destina-

2218 590 2421 638 verunt
2445 597 2542 640 eos
2572 586 2671 655 qui
2702 586 2779 640 ita
2810 590 3129 642 senserunt.
3167 587 3369 641 Verum
3410 588 3669 644 modicam
3698 605 3815 660 par-

2222 676 2332 727 tem
2365 672 2564 729 harum
2601 675 2920 731 dioeceseon
2951 674 3320 741 seduxerunt,
3368 680 3422 730 et
3448 690 3478 730 a
3507 680 3617 733 toto
3643 679 3815 735 Eccle-

2222 761 2323 816 siae
2364 775 2600 832 corpore
2648 763 2994 835 reciderunt,
3025 767 3127 820 aut
3176 769 3586 821 contemnentes
3618 768 3816 824 Domini

2220 864 2409 906 vocem
2450 851 2769 908 dicentem:
2817 852 2923 918 Qui
2964 855 3105 907 enim
3148 868 3318 906 unum
3354 868 3420 907 ea:
3460 855 3816 911 minimismeis

2218 940 2339 994 istis
2380 940 2850 1012 scandalizaverit,
2889 940 3108 1012 eapedit
3135 942 3186 995 ei
3227 945 3288 995 ut
3329 941 3677 1010 suSpendatur
3699 944 3821 997 mola

2219 1030 2468 1082 asinaria
2513 1031 2657 1083 circa
2703 1030 2899 1084 collum
2940 1030 3079 1098 ejus,
3123 1033 3175 1084 et
3216 1029 3551 1097 demergatur
3595 1032 3651 1083 in
3698 1047 3825 1086 mare

2220 1113 2431 1187 (Matth.
2477 1117 2660 1190 xvui).
2692 1119 2762 1174 Et
2801 1118 2991 1188 ipsum
3024 1132 3136 1174 non
3167 1122 3500 1186 reverentes,
3529 1122 3710 1188 utpote
3732 1119 3826 1174 ad-

2225 1218 2424 1261 versus
2450 1205 2751 1277 imaginem
2797 1208 2923 1277 ejus
2969 1206 3182 1261 rabiem
3214 1210 3552 1276 exercentes,
3588 1220 3682 1262 nec
3710 1218 3834 1262 san-

2228 1298 2351 1349 ctos
2375 1294 2500 1363 ejus
2527 1293 2906 1351 erubescunt:
2937 1294 3032 1351 sed
3064 1299 3120 1351 et
3142 1294 3414 1351 adversus
3444 1294 3594 1365 ipsos
3619 1307 3822 1351 comma

2226 1387 2431 1438 verunt
2457 1381 2707 1454 linguas,
2741 1382 2821 1439 ita
2845 1383 3135 1440 dicentes:

2655 1510 2940 1576 Gregorius
2980 1510 3259 1579 episcopus
3291 1509 3418 1576 legit
3438 1526 3455 1562 :

2302 1652 2329 1683 α
2360 1631 2607 1688 Deﬁcere
2637 1646 2741 1689 nos
2762 1647 2796 1688 a
2825 1633 3065 1703 ratione,
3111 1647 3181 1690 eo
3203 1632 3353 1704 quod
3394 1645 3565 1703 super
3588 1632 3840 1686 immacu-

2144 1721 2199 1782 B
2232 1738 2259 1770 ››
2294 1719 2422 1775 latae
2445 1726 2501 1776 et
2532 1735 2751 1791 semper
2776 1720 3060 1793 gloriosae,
3087 1736 3214 1792 quae
3246 1721 3476 1792 proprie
3497 1720 3595 1776 Dei
3622 1717 3841 1792 genitrix

2232 1826 2260 1858 ››
2293 1812 2398 1875 est,
2431 1813 2487 1865 et
2508 1809 2932 1882 prophetarum,
2964 1809 3356 1879 apostolorum
3381 1822 3604 1880 quoque
3626 1821 3687 1863 ac
3709 1819 3844 1862 mar—

2234 1914 2261 1947 2o
2296 1903 2506 1968 tyrum,
2539 1912 2667 1953 cum
2705 1898 2824 1953 sint
2854 1898 2985 1968 puri
3018 1898 3300 1970 homines,
3333 1903 3391 1954 et
3418 1910 3529 1953 non
3558 1910 3624 1952 ex
3649 1893 3846 1952 duabus

2235 2002 2261 2036 n
2297 1986 2541 2057 naturis,
2565 1986 2873 2042 divinitate
2901 1987 3125 2042 scilicet
3152 1991 3209 2042 et
3234 1986 3625 2042 humanitate:
3655 1988 3708 2039 et
3732 1981 3848 2052 quia

2237 2091 2264 2123 ››
2296 2078 2518 2145 oportet
2568 2075 2637 2131 ad
2690 2075 2835 2131 istos
2884 2076 3094 2145 dicere,
3136 2075 3287 2146 quod
3340 2075 3525 2146 primo
3569 2074 3849 2135 destructo,

2236 2180 2262 2213 ιο
2295 2176 2397 2219 nec
2418 2163 2511 2219 his
2538 2163 2617 2219 sit
2647 2178 2808 2234 opus.
2841 2181 2867 2214 πα

2658 2288 3002 2359 Epiphanius
3030 2288 3295 2343 diaconus
3336 2289 3495 2357 legit:

2308 2414 2501 2482 Neque
2523 2412 2772 2482 primum
2790 2412 3113 2483 evangelice
3141 2416 3243 2468 aut
3261 2383 3598 2483 ap'ostolice,
3630 2411 3724 2464 aut
3741 2403 3857 2462 scri-

2238 2502 2563 2572 pturaliter,
2596 2504 2697 2556 aut
2727 2505 2977 2572 paterne,
3008 2505 3109 2557 aut
3139 2505 3566 2571 argumentose,
3588 2502 3661 2567 et,
3684 2502 3747 2552 ut
3768 2492 3863 2550 ab-

2238 2590 2425 2646 solute
2449 2589 2731 2658 dicamus,
2763 2593 2866 2645 aut
2893 2589 2985 2658 pie
3005 2589 3465 2645 destructionem
3496 2586 3757 2653 fecerunt,
3781 2579 3859 2637 sed

2238 2691 2306 2734 ex
2335 2677 2565 2747 proprio
2588 2681 2783 2732 ventre
2814 2677 3273 2749 pronuntiantes,
3298 2676 3599 2732 catholica:
3628 2669 3862 2729 Ecclesiae

2238 2767 2340 2821 Dei
2372 2766 2746 2835 restiterunt;
2775 2778 2957 2835 neque
2980 2766 3051 2821 de
3083 2766 3404 2835 propositis
3431 2766 3763 2820 intemeratae
3787 2757 3868 2814 do-

2242 2855 2410 2910 minm
2442 2859 2649 2910 nostra;
2678 2854 2981 2925 genitricis
3008 2854 3108 2909 Dei
3147 2854 3511 2925 imaginibus
3538 2856 3638 2908 aut
3663 2849 3835 2905 sancto
3852 2870 3868 2882 -

466 2957 789 3027 adorantes,
824 2954 1174 3027 percipimus
1214 2953 1745 3009 sanctiﬁcationem.
1778 2956 1917 3011 Nam
1953 2959 2009 3009 et
2030 2967 2132 3009 sa-
2241 2957 2368 2999 rum
2399 2948 2485 2998 est
2511 2942 2634 2998 illis
2657 2956 2828 2998 verax
2852 2943 2937 2998 vel
2965 2942 3098 3013 pius
3126 2956 3319 2999 sermo
3346 2940 3648 2999 resistendi
3673 2957 3685 2993 :
3709 2947 3872 3027 quem-

467 3059 563 3102 cra
606 3026 837 3102 diversa
877 3058 1009 3100 vasa
1073 3042 1361 3107 habentes,
1409 3043 1526 3098 haec
1586 3038 1906 3099 salutamus
1960 3049 2129 3113 atque

2249 3031 2547 3087 admodum
2564 3032 2702 3101 jam,
2733 3031 2906 3087 dante
2934 3033 3047 3088 Deo
3070 3031 3336 3101 verbum,
3359 3026 3867 3087 demonstravimus.

468 3133 889 3204 amplectimur,
922 3136 978 3188 et
1006 3132 1363 3187 sanctitatem
1402 3131 1705 3202 quamdam
1747 3131 2036 3200 percipere
2060 3130 2131 3186 ab
2161 3116 2211 3149 υ
2244 3122 2414 3177 Prius
2440 3121 2593 3177 enim
2623 3120 2899 3190 diximus,
2922 3134 2991 3176 ex
3016 3120 3233 3176 sanctis
3254 3120 3534 3177 Patribus
3555 3116 3870 3209 haurientes,

470 3223 557 3280 eis
585 3236 898 3294 speramus.
934 3224 1130 3291 Itaque
1159 3226 1257 3276 aut
1277 3233 1501 3276 crucem
1523 3225 1579 3275 et
1599 3232 1761 3275 sacra
1798 3234 1929 3274 vasa
1959 3219 2135 3275 stulte
2247 3209 2386 3281 Quia
2408 3209 2682 3281 imaginis
2711 3209 2895 3264 honor
2920 3208 2990 3264 ad
3025 3208 3352 3278 principale
3382 3207 3632 3276 transit;
3676 3208 3730 3260 ei
3759 3207 3870 3271 quia

471 3310 687 3368 dicturi
719 3314 856 3367 sunt
883 3308 1208 3365 communia
1232 3312 1288 3364 et
1332 3308 1749 3379 inhonoranda,
1780 3306 1957 3363 sicuti
1999 3305 2136 3363 fecit
2247 3298 2349 3370 Qui
2375 3298 2634 3353 intuetur
2659 3297 2964 3369 imaginem
2998 3296 3171 3369 regis,
3200 3297 3477 3355 intuetur
3507 3296 3569 3352 in
3596 3308 3660 3350 ea
3687 3299 3869 3363 regem'

472 3412 538 3457 ea
585 3397 742 3456 faber
786 3402 843 3455 et
887 3398 1072 3470 pictor
1101 3403 1157 3453 et
1206 3401 1411 3468 textor,
1442 3409 1508 3452 eo
1551 3396 1702 3466 quod
1749 3409 1863 3451 non
1894 3394 2140 3451 habeant
2246 3387 2357 3456 Qui
2405 3400 2540 3457 ergo
2586 3385 2787 3441 adorat
2832 3386 3157 3457 imaginem,
3214 3386 3277 3441 in
3331 3400 3399 3442 ea
3447 3385 3648 3470 adorat
3687 3387 3873 3470 regem:

475 3489 790 3546 orationem
834 3500 1051 3543 sacram
1092 3485 1540 3541 sanctiﬁcantem
1581 3484 1715 3539 illa:
1745 3488 1846 3539 aut
1892 3488 2042 3539 certe
2085 3490 2143 3541 et

478 3576 831 3635 venerabiles
874 3575 1155 3646 imagines
1186 3579 1457 3643 tanquam
1501 3586 1692 3627 sacras
1733 3577 1790 3626 et
1818 3575 2044 3626 sanctas
2082 3576 2142 3626 et

478 3664 841 3723 honorandas
869 3662 1189 3718 admittant.
1216 3661 1491 3714 Caeterum
1530 3658 1782 3714 volentes
1824 3662 1880 3712 et
1926 3657 2042 3713 alia
2067 3657 2143 3712 zi-

476 3754 664 3810 zaniis
710 3751 963 3807 immista
1014 3749 1270 3818 plantare
1307 3747 1545 3817 semina,
1596 3745 1760 3817 quasi
1812 3760 1883 3801 ex
1929 3746 2144 3816 spiritu

483 3839 788 3912 pythonico
813 3837 987 3893 etiam
1030 3836 1218 3891 adhuc
1246 3833 1510 3890 eﬁ'antur.

913 3960 1198 4027 Gregorius
1242 3960 1524 4027 episcopus
1554 3958 1713 4026 legit:

560 4107 587 4139 α
617 4086 676 4142 Si
717 4097 849 4141 vero
890 4082 1120 4154 quidam
1149 4095 1344 4138 eorum
1389 4081 1490 4152 qui
1525 4081 1582 4135 in
1629 4079 1732 4136 tali
1777 4094 1968 4136 errore
1990 4081 2149 4137 deti—

487 4194 512 4228 »
549 4177 776 4245 nentur,
803 4171 1078 4242 dixerint,
1121 4174 1272 4225 recte
1316 4169 1552 4241 quidem
1577 4168 1807 4224 anobis
1835 4173 1891 4224 et
1911 4169 2002 4238 pie
2025 4169 2145 4225 dici

486 4284 514 4316 »
545 4278 610 4320 ea
640 4276 766 4334 quae
792 4261 853 4316 in
877 4259 1302 4315 subversionem
1340 4257 1612 4329 imaginis
1655 4271 1780 4328 qua:
1808 4257 2024 4312 Christi
2065 4257 2151 4312 di-

2253 3474 2420 3528 illius
2437 3473 2589 3528 enim
2620 3471 2801 3528 forma
2824 3478 2881 3529 et
2909 3473 3129 3543 species
3151 3478 3239 3529 est
3267 3473 3470 3546 imago
3493 3468 3648 3546 [Gr.,
3676 3470 3735 3525 in
3754 3466 3881 3522 ima-

2254 3558 2417 3635 gine]
2449 3578 2463 3614 :
2491 3565 2548 3616 et
2590 3560 2744 3617 sicut
2767 3561 2868 3632 qui
2898 3560 3170 3631 injuriam
3214 3560 3403 3618 infert
3445 3560 3601 3633 regis
3652 3548 3879 3625 imagini,

2256 3662 2475 3719 Damam
2502 3649 2632 3718 iure
2680 3649 3016 3718 Perpetitur,
3066 3653 3347 3719 tanquam
3399 3649 3506 3720 qui
3550 3646 3663 3719 ipsi
3706 3649 3883 3716 causas,

2254 3738 2522 3793 videlicet
2572 3737 2712 3808 regi,
2769 3737 3233 3794 inhonorantiam
3299 3738 3532 3807 intulit,
3598 3736 3886 3806 quanquam

2258 3827 2445 3897 imago
2475 3825 2623 3880 nihil
2650 3825 2809 3881 aliud
2833 3825 2913 3881 sit
2958 3838 3129 3895 quam
3157 3825 3392 3897 lignum
3423 3830 3483 3882 et
3534 3823 3745 3881 colores
3769 3823 3888 3872 cere

2260 3914 2501 3971 immisti
2531 3920 2589 3969 et
2616 3913 2946 3983 temperati:
2985 3914 3065 3969 ita
3094 3918 3152 3968 et
3180 3913 3294 3969 hoc
3342 3915 3519 3971 modo
3549 3913 3650 3984 qui
3681 3909 3887 3980 ﬁguram

2256 4002 2571 4072 cujuslibet
2604 4002 2932 4073 inhonorat,
2979 4002 3039 4056 in
3069 4002 3331 4072 idipsum
3374 4004 3552 4073 cujus
3578 4001 3757 4070 imago
3795 3992 3888 4053 erit

2258 4090 2453 4181 referti
2480 4091 2772 4181 injuriam.
2973 4096 3030 4145 et
3082 4091 3205 4160 ipsa
3236 4095 3459 4148 natura
3504 4101 3694 4181 rerum

2258 4168 2394 4251 quia
2425 4180 2560 4235 dum
2589 4179 2776 4250 imago
2809 4179 3211 4249 inhonoratur,
3247 4181 3466 4251 utique
3499 4171 3806 4250 principale
3828 4168 3894 4223 in-

2259 4269 2591 4324 honoratur.
2620 4269 2735 4323 Hoc
2765 4281 2963 4324 omnes
2992 4267 3255 4324 homines
3287 4270 3518 4337 sciunt,
3554 4269 3813 4338 ipsosque
3826 4269 3902 4314 w-

491 4372 517 4404 n
552 4352 725 4421 citur,
757 4355 1116 4417 asseruntur,
1150 4353 1380 4418 propter
1405 4345 1820 4416 inseparabiles
1848 4351 1907 4401 et
1940 4346 2129 4403 incon--

2263 4361 2545 4429 gnoscunt
2590 4357 2865 4412 adversus
2912 4358 3105 4412 Patres
3136 4356 3473 4429 insurgere,
3528 4362 3588 4412 et
3633 4346 3899 4410 catholicae

490 4460 517 4492 »
552 4440 711 4497 fusas
751 4438 896 4495 duas
926 4443 1179 4506 naturas,
1214 4448 1340 4505 qua?
1371 4435 1431 4489 ίη
1460 4448 1572 4489 una
1598 4433 1975 4490 subSiSientia
2002 4449 2150 4491 6011-
2175 4433 2229 4513 ἦ
2263 4445 2529 4501 Ecclesiae
2555 4444 2857 4500 traditioni
2889 4444 3176 4515 resistere,
3221 4449 3408 4516 atque
3439 4450 3707 4502 naturam
3736 4443 3901 4495 rerum

490 4549 517 4581 ››
550 4534 865 4586 venerunt:
922 4525 1016 4581 sed
1076 4523 1315 4579 deﬁcere
1351 4536 1455 4578 nos
1514 4535 1547 4577 a
1595 4522 1834 4590 ratione,
1881 4536 1947 4579 eo
1996 4523 2146 4594 quod

491 4637 518 4669 ››
554 4616 711 4692 [Gr.,
742 4615 1008 4673 dubitare
1028 4626 1092 4668 eo
1123 4610 1211 4681 q.]
1240 4624 1412 4680 super
1435 4610 1811 4666 immaculata;
1835 4624 1900 4666 ac
1922 4624 2145 4682 semper

494 4723 521 4756 »
556 4706 839 4778 gloriosae,
874 4714 1000 4772 quae
1030 4698 1260 4770 proprie
1287 4698 1387 4753 Dei
1420 4697 1673 4769 genitrix
1697 4703 1802 4769 est,
1835 4705 1891 4755 et
1916 4698 2153 4769 pr0phe-

491 4812 518 4845 ››
552 4798 761 4863 tarum,
807 4789 1195 4860 apostolorum
1241 4800 1468 4857 quoque
1514 4792 1570 4841 et
1628 4790 1963 4858 martyrum,
2020 4801 2149 4842 eum

491 4902 518 4933 »
547 4882 667 4938 sint
696 4880 827 4951 puri
860 4877 1139 4948 homines,
1167 4882 1223 4933 et
1252 4890 1363 4933 non
1395 4890 1464 4931 ex
1490 4875 1718 4932 duabus
1770 4876 2021 4945 naturis,
2052 4876 2155 4931 di—

492 4990 518 5022 »
549 4970 790 5026 vinitate
832 4967 1057 5023 scilicet
1084 4970 1139 5021 et
1171 4964 1547 5034 humanitate,
1587 4964 1647 5019 in
1680 4977 1793 5020 una
1823 4964 2155 5020 subsisten-

491 5078 518 5111 »
550 5059 654 5128 tia,
685 5059 867 5114 instar
898 5055 1073 5112 unius
1099 5054 1337 5125 Christi,
1371 5054 1439 5109 ad
1475 5053 1723 5109 ﬂendum
1746 5053 2027 5125 imagines
2054 5052 2154 5108 in—

491 5167 518 5200 »
550 5146 949 5204 terdictionem
975 5142 1238 5199 facimus.
1266 5161 1293 5192 »

882 5267 1225 5336 Epiphanius
1264 5266 1526 5319 diaconus
1553 5264 1681 5332 legit
1705 5280 1723 5318 :

557 5377 767 5435 Nullus
817 5387 1015 5431 eorum
1049 5373 1149 5443 qui
1195 5373 1255 5427 in
1299 5370 1582 5427 catholica
1624 5367 1876 5423 Ecclesia
1905 5367 2150 5457 enutriti

483 5472 640 5540 sunt,
691 5462 1040 5522 intellexerit
1077 5461 1162 5517 vel
1210 5459 1510 5529 direxerit,
1552 5457 1689 5527 quia
1743 5460 1892 5512 recte
1946 5470 2012 5512 ac
2060 5457 2155 5527 pie

482 5557 889 5628 judicaverunt
917 5564 1088 5621 super
1122 5549 1225 5605 hac
1252 5548 1534 5603 novitate:
1579 5545 1676 5601 sed
1717 5557 1913 5601 omnes
1943 5546 2152 5601 summi

2263 4547 2376 4589 non
2406 4532 2591 4602 sequi.
2625 4534 2834 4588 Iterum
2864 4537 3052 4588 autem
3076 4532 3348 4590 refertam
3379 4532 3685 4590 mendacio
3710 4525 3903 4582 haben~~

2261 4628 2347 4678 tes
2373 4622 2649 4692 linguam,
2682 4621 2995 4691 opinantur
3023 4620 3309 4678 offendere
3341 4612 3904 4697 [fraudarelﬁerita-

2262 4715 2393 4781 tem,
2420 4710 2705 4765 dicentes:

2691 4817 2976 4884 Gregorius
3000 4818 3285 4886 episcOpus
3321 4818 3495 4889 legit:

2334 4944 2362 4976 α
2402 4925 2798 4979 Verumtamen
2831 4923 3095 4979 dicamus
3136 4937 3199 4979 ea
3240 4939 3376 4994 quae
3419 4930 3566 4983 sunt
3604 4933 3795 4980 eorum
3818 4914 3911 4970 de:

2263 5030 2289 5063 ››
2332 5012 2691 5068 structionis.
2755 5012 3034 5080 Quoniam
3090 5012 3328 5082 quidem
3378 5021 3589 5071 nostra
3655 5004 3912 5069 catholica

2262 5120 2289 5152 υ
2329 5100 2789 5155 Christianorum
2809 5099 3063 5155 Ecclesia
3083 5099 3267 5156 media
3297 5099 3464 5158 inter
3497 5099 3848 5159 Judaismum
3867 5092 3913 5144 ct

2261 5208 2288 5239 »
2332 5187 2724 5259 paganismum
2749 5186 3021 5259 existens,
3046 5192 3393 5244 neutrorum
3432 5190 3728 5246 solemnes
3761 5192 3915 5241 θωπε-

2263 5298 2289 5327 ››
2334 5277 2554 5333 monias
2585 5275 2771 5345 habet,
2805 5276 2899 5331 sed
2933 5290 3074 5332 nova
3098 5275 3333 5347 pietatis
3365 5289 3427 5334 et
3456 5278 3695 5349 mystici
3729 5266 3917 5329 sacriﬁ-

2264 5386 2290 5417 »
2331 5364 2409 5420 cii
2435 5363 2722 5420 divinitus
2745 5363 2943 5419 traditi
2975 5365 3176 5420 semita
3208 5364 3462 5438 incedit,
3490 5362 3778 5423 Judaismi
3799 5355 3918 5430 qui-

2267 5474 2292 5506 »
2340 5454 2466 5509 dem
2484 5451 2771 5508 sacriﬁcia
2793 5453 3229 5524 sanguinolenta
3253 5457 3313 5507 et
3345 5453 3701 5511 holocausta
3717 5464 3821 5507 non
3841 5443 3920 5500 ad-

2267 5563 2293 5595 »
2338 5543 2589 5613 mittens,
2621 5541 2939 5613 paganismi
2965 5544 3374 5611 autempraeter
3396 5543 3703 5600 sacriﬁcia
3723 5542 3919 5597 omnem
