4010 6160
239 251 332 309 409

1014 255 1560 313 INTERPRETATIO
1597 257 1845 314 SYNODI
1882 259 1974 314 VII
2012 259 2492 316 GENERALIS.—
2518 257 2718 313 ACTIO
2756 258 2840 313 VI.

3517 244 3621 302 ΗΟ

241 401 261 430 ιο
296 381 561 436 idolorum
604 379 934 451 factionem,
975 387 1033 437 et
1074 382 1358 439 idolorum
1396 384 1612 439 cultum
1656 383 1869 439 abomi-
1895 388 1949 446 A
1975 403 2082 440 non
2119 390 2240 447 Deo,
2291 386 2373 440 ait
2419 384 2712 453 Scriptura
2749 378 2922 450 (Deut.
2972 374 3171 447 χχχιι).
3206 375 3250 429 Α
3290 373 3456 429 nobis
3484 383 3617 443 ergo

238 489 260 517 ι)
298 483 444 538 nans,
473 470 571 539 qui
608 475 813 526 auctor
859 476 914 526 et
959 471 1219 527 inventor
1261 471 1668 527 abominabilis
1696 473 1867 542 hujus

238 579 258 607 υ
294 558 426 612 artis
451 556 635 613 factus
659 564 746 612 est
770 576 782 611 :
811 573 964 628 spem
991 559 1146 615 enim
1166 560 1605 616 resurrectionis
1631 574 1740 615 non
1775 561 1869 615 ha-

235 666 256 694 »
295 646 440 716 bens,
459 646 701 716 dignum
718 647 1038 702 ludibrium
1055 647 1167 703 sibi
1182 649 1496 719 adinvenit,
1524 654 1586 704 ut
1601 663 1707 704 non
1736 663 1870 718 prae-

236 755 256 783 a
293 740 495 790 sentem
525 735 692 804 quasi
723 742 1052 805 pmsentem
1084 750 1182 805 per
1205 737 1548 792 derisionem
1581 737 1864 792 exhibeat.

234 845 255 871 n
290 823 342 878 Si
368 836 499 894 ergo
525 823 611 878 nil
642 830 1042 879 extraneorum
1080 830 1166 880 est
1202 825 1258 880 in
1288 838 1371 894 ea,
1399 825 1600 880 merito
1631 830 1695 881 ut
1718 825 1869 880 alie-

235 933 255 960 ε
292 923 419 965 num
452 911 627 965 etiam
669 911 796 983 hoc,
837 917 894 968 et
912 913 1212 969 daemonici
1242 927 1444 970 sensus
1489 913 1744 969 virorum
1775 913 1870 968 ad-

234 1021 254 1048 ι
293 999 562 1071 inventio,
589 1006 881 1057 avertatur
919 1015 950 1056 a
992 1001 1211 1057 Christi
1237 1002 1509 1058 Ecclesia.
1555 1020 1581 1052 ››

356 1142 702 1211 Epiphanius
737 1143 998 1197 diaconus
1041 1143 1122 1214 [et
1146 1143 1510 1214 cubuclesius]
1554 1145 1722 1211 legit:

292 1265 781 1321 lmmensurabilis
809 1278 874 1320 ac
899 1263 1116 1321 frivolae
1139 1266 1417 1322 dictionis
1443 1281 1636 1322 eorum
1678 1266 1869 1321 littera

233 1353 952 1424 plenissimedeliramentis
965 1361 1282 1425 procurata,
1301 1356 1688 1425 importunum
1711 1354 1874 1425 quid-

230 1443 342 1514 dam
365 1449 422 1496 et
456 1442 638 1496 nimis
672 1442 794 1497 risu
818 1443 1056 1514 dignum
1091 1444 1308 1499 existit.
1353 1447 1411 1498 In
1459 1443 1873 1514 posterioribus

232 1509 365 1593 [612,
408 1509 913 1601 antecedentibqu
957 1532 1108 1587 enim
1151 1533 1210 1588 in
1244 1509 1561 1602 praecipitia
1603 1538 1658 1587 et
1683 1531 1875 1587 fauces

232 1616 547 1693 [barathra]
579 1633 678 1688 per
715 1620 1070 1676 ratiunculas
1095 1634 1230 1676 suas
1274 1621 1495 1676 inducti
1523 1626 1682 1676 sunt:
1724 1635 1876 1678 nunc

231 1714 402 1764 autem
432 1707 494 1762 in
531 1706 878 1777 profundum
920 1707 1131 1764 inferni
1160 1723 1219 1765 se
1247 1709 1586 1777 intulerunt,
1628 1710 1868 1764 mediam
1904 1714 1955 1774 Β

231 1799 367 1852 inter
387 1795 748 1852 Judaismum
777 1802 832 1851 et
858 1797 1249 1866 paganismum
1283 1798 1718 1868 pronuntiantes
1750 1811 1873 1854 esse

227 1885 674 1940 Christianorum
722 1885 1050 1940 Ecclesiam.
1106 1887 1315 1942 Eeinde
1368 1886 1574 1941 iterum
1621 1887 1771 1941 intra
1814 1899 1873 1941 se

229 1975 484 2029 cadentes
507 1975 712 2029 dicunt
742 1970 886 2047 [sibi
911 1989 1022 2030 non
1039 1981 1363 2032 constantes
1378 1975 1632 2046 dicunt],
1649 1981 1873 2031 neutro-

229 2078 347 2118 rum
395 2063 680 2117 solemnes
733 2064 1099 2119 caaremonias
1138 2064 1360 2119 habere.
1409 2065 1593 2135 Igitur
1640 2069 1740 2119 aut
1788 2063 1869 2119 ibi

229 2151 602 2220 mentiuntur,
645 2155 744 2206 aut
787 2151 882 2207 hic
926 2153 1217 2208 veritatem
1251 2166 1362 2207 non
1401 2153 1620 2208 dicunt.
1663 2153 1767 2208 Sed
1807 2157 1874 2207 ut

225 2241 410 2296 verius
423 2241 677 2311 dicatur,
701 2241 932 2296 sibimet
946 2242 1320 2298 mentiuntur.
1346 2243 1702 2298 Mandacium
1720 2242 1871 2296 enim

226 2343 331 2385 non
359 2330 528 2386 modo
552 2329 780 2384 veritati
827 2330 1193 2400 contradicit,
1222 2331 1316 2385 sed
1353 2334 1407 2386 et
1429 2329 1564 2398 sibi,
1613 2335 1678 2385 ut
1715 2343 1874 2385 sacer

227 2418 522 2488 psalmista
550 2418 742 2488 inquit
769 2419 967 2473 David.
1022 2420 1250 2473 Mem-ita
1284 2425 1360 2473 est
1398 2418 1571 2488 enim,
1612 2419 1715 2487 ait,
1754 2420 1874 2472 ini—

226 2510 401 2577 quitas
440 2507 550 2561 sibi
571 2506 733 2576 (Psal.
769 2506 944 2575 xxvr).
983 2507 1232 2563 Basilius
1274 2521 1406 2580 ergo
1435 2507 1870 2563 Czesariensium

228 2595 453 2667 praesul,
497 2596 665 2664 cujus
707 2595 764 2650 in
813 2609 1032 2650 omnem
1083 2601 1288 2650 terram
1334 2596 1514 2650 exivit
1564 2609 1758 2664 sonus,
1813 2596 1871 2650 in

228 2687 346 2756 ipso
374 2683 655 2754 prooemio
686 2684 967 2739 sermonis
1005 2685 1095 2739 sui
1125 2690 1322 2739 contra
1360 2684 1715 2740 Sabellianos
1739 2684 1879 2739 scri-

228 2775 302 2844 pti
327 2775 416 2829 sic
441 2772 557 2827 ait:
591 2774 890 2842 lmpugnat
913 2772 1245 2827 Judaismus
1288 2773 1703 2843 paganismum,
1732 2777 1881 2828 uter.

227 2876 329 2932 que
355 2875 492 2915 vero
525 2859 1051 2915 Christianismum.
1095 2860 1204 2930 [psi
1230 2865 1418 2915 autem
1455 2861 1554 2930 qui
1604 2866 1879 2930 putantur

229 2945 367 3022 [sibi
400 2945 700 3022 videntur]
729 2962 902 3018 super
932 2949 1124 3003 Patres
1144 2962 1265 3003 esse
1299 2948 1602 3020 sapientes,
1635 2950 1874 3005 mediam

1975 480 2030 529 et
2062 489 2158 544 per
2181 489 2281 530 nos
2309 479 2394 528 est
2425 472 2633 527 malum
2663 475 2833 539 atque
2872 466 3042 534 hujus
3079 464 3397 531 adversum,
3419 466 3475 515 et
3505 472 3614 515 non

1975 577 2042 618 ex
2073 563 2346 631 subjectis
2366 560 2639 616 materiis.
2665 557 2880 613 Idolum
2908 554 3081 622 enim,
3115 551 3276 607 utait
3291 549 3613 622 Apostolus,

1977 651 2113 720 quid
2138 657 2223 706 est
2242 651 2270 703 ‘?
2290 655 2345 705 et
2365 648 2743 718 idolothytum
2767 644 2905 714 quid
2928 646 3033 708 est,
3063 640 3176 695 nisi
3199 638 3348 708 quod
3373 650 3497 706 qua:
3518 637 3618 691 im-

1978 738 2191 793 molant
2234 744 2445 809 gentes,
2499 734 2800 790 daemoniis
2849 729 3164 799 immolant,
3214 731 3271 781 et
3309 739 3419 780 non
3463 722 3618 779 Deo?

1975 825 2022 896 (Ι
2053 827 2170 881 Cor.
2215 826 2293 898 χ.)
2327 828 2494 881 Porro
2543 823 2853 894 plurimum
2886 823 3158 886 errantes,
3201 820 3256 870 et
3288 813 3534 883 injurias
3562 818 3618 868 et

1976 915 2268 971 mendacia
2299 915 2590 986 ﬁngentes,
2623 911 2961 978 deliberant,
2995 912 3050 962 et
3081 903 3336 960 inferunt
3361 902 3620 971 hujusce-

1976 1003 2148 1058 modi.

2375 1108 2665 1176 Gregorius
2713 1107 2991 1176 episcopus
3049 1103 3213 1168 legit:

2051 1236 2078 1268 α
2118 1215 2380 1283 Quiescat
2403 1229 2536 1287 ergo
2565 1227 2730 1270 omne
2749 1227 2813 1268 os
2831 1211 3144 1279 obloquens
3166 1206 3366 1276 iniqua
3395 1209 3452 1260 et
3475 1216 3620 1259 con-

1981 1323 2008 1355 »
2050 1304 2351 1359 tumeliosa
2369 1308 2562 1359 contra
2587 1307 2838 1357 nostrum
2867 1301 2978 1354 Deo
2997 1301 3286 1366 acceptum
3308 1291 3613 1348 consilium

1983 1411 2008 1443 ι)
2051 1398 2221 1463 atque
2249 1393 2606 1448 sententiam.
2631 1389 2818 1446 Sancti
2837 1389 2988 1444 enim
3010 1386 3110 1456 qui
3127 1386 3238 1439 Deo
3261 1382 3617 1453 placuerunt,

1985 1499 2011 1530 »
2044 1487 2101 1536 et
2129 1480 2198 1536 ab
2229 1481 2353 1551 ipso
2397 1479 2831 1551 suntdignitate
2859 1473 3184 1532 sanctitatis
3214 1469 3497 1538 honorati,
3525 1467 3622 1523 vi-

1985 1587 2011 1618 »
2054 1575 2194 1625 vunt
2237 1583 2455 1640 semper
2498 1570 2629 1638 Deo,
2677 1568 2811 1622 licet
2863 1565 2997 1620 hinc
3041 1559 3429 1634 migraverint.
3469 1555 3621 1624 Quos

1987 1676 2014 1707 »
2057 1657 2236 1728 quijn
2266 1664 2486 1713 mortua
2515 1653 3360 1726 arteatqueodibili,nunquam
3376 1646 3618 1714 vivente,

1987 1768 2012 1799 ι›
2046 1747 2140 1803 sed
2177 1747 2246 1802 ab
2287 1746 2634 1802 adversariis
2676 1744 2930 1817 paganis,
2974 1755 3114 1798 vane
3154 1744 3393 1810 reperta,
3428 1740 3624 1808 pensat

1982 1857 2008 1888 ››
2049 1836 2285 1907 erigere,
2323 1835 2688 1904 blasphemus
2724 1832 3064 1889 ostenditur.
3100 1848 3126 1880 υ

2386 1959 2729 2028 Epiphanius
2759 1957 3018 2010 diaconus
3044 1955 3206 2022 legit:

2053 2088 2113 2141 In
2160 2084 2252 2140 his
2301 2097 2424 2154 qum
2467 2081 2537 2136 ab
2559 2082 2643 2136 eis
2671 2094 2821 2136 nunc
2859 2079 3012 2134 dicta
3061 2082 3195 2133 sunt
3223 2079 3520 2131 extraneos
3569 2077 3625 2128 et

1981 2175 2199 2231 alienos
2231 2186 2289 2228 se
2325 2185 2356 2226 a
2393 2170 2492 2225 Dei
2526 2182 2658 2239 pace
2696 2169 3122 2234 demonstrant;
3153 2177 3319 2234 quam
3357 2161 3625 2217 videlicet

1981 2263 2259 2319 Dominus
2305 2265 2496 2316 noster
2537 2259 2626 2313 his
2667 2256 2766 2327 qui
2809 2267 3070 2327 germane
3101 2263 3167 2308 ac
3217 2253 3343 2307 sine
3383 2250 3516 2306 dolo
3564 2249 3626 2304 in

1983 2352 2147 2407 illum
2179 2349 2437 2409 credunt.
2456 2346 2681 2402 dimisit
2708 2344 2941 2400 dicens:
2965 2344 3154 2396 Pacem
3175 2355 3349 2394 meam
3373 2339 3439 2392 do
3454 2338 3622 2408 vobis,

1975 2456 2165 2511 pacem
2218 2453 2391 2491 meam
2440 2436 2684 2504 relinquo
2730 2434 2877 2487 vobis
2921 2431 3094 2502 (Joan.
3147 2428 3280 2502 xw).
3335 2426 3626 2495 Quomodo

1982 2529 2134 2584 enim
2175 2541 2300 2596 pax,
2335 2525 2384 2579 si
2412 2529 2608 2579 contra
2637 2535 2831 2577 eorum
2871 2519 3178 2576 consilium
3205 2522 3261 2571 et
3288 2513 3625 2571 sententiam

1986 2615 2266 2672 catholica
2306 2612 2554 2667 Ecclesia
2584 2611 2849 2682 erigitur,
2895 2606 3212 2663 confortata
3237 2608 3292 2659 et
3323 2601 3635 2658 certiﬁcata

1987 2701 2401 2760 traditionibus
2427 2699 2550 2755 suis
2574 2698 2602 2752 ?
2628 2698 2735 2766 Qui
2763 2698 2915 2752 enim
2946 2695 3143 2751 divino
3173 2692 3291 2748 zelo
3321 2695 3633 2757 moventur,

1989 2806 2207 2860 semper
2225 2792 2290 2844 Pa
2301 2788 2488 2843 tribus
2508 2793 2564 2842 et
2584 2785 2884 2842 traditioni
2913 2781 3424 2839 ecclesiasticarum
3451 2777 3636 2848 legum

1988 2879 2365 2936 concordant:
2414 2890 2541 2932 eum
2585 2888 2715 2930 vero
2761 2873 2859 2944 qui
2905 2871 3190 2928 contrarie
3237 2882 3296 2924 se
3342 2866 3527 2934 habet,
3575 2869 3639 2920 ut

1992 2967 2292 3023 inimicum
2332 2963 2632 3035 effugiunt.
2668 2964 2777 3017 llos
2818 2974 2952 3031 ergo
2998 2964 3265 3028 tanquam
3313 2969 3408 3010 eos
3439 2953 3538 3024 qui
3570 2966 3639 3007 ex

231 3038 650 3109 Perhibuer‘mt
685 3050 807 3092 esse
848 3037 1308 3123 (δὴνῖεῐίδηονυῐη
1366 3036 1529 3092 ﬁdem
1581 3038 1729 3092 ίηῑθν
1777 3038 1878 3094 hos
1909 3016 1956 3077 C‘
1991 3061 2108 3110 toto
2151 3066 2386 3123 corpore
2433 3016 2696 3106 Ecclesiae
2735 3063 2854 3103 sese
2884 3016 3231 3114 reciderunt,
3275 3057 3384 3098 non
3417 3045 3641 3097 cessant

227 3127 370 3183 duos
399 3125 779 3180 adversarios.
812 3121 1142 3180 Judaismus
1169 3125 1399 3195 quidem
1442 3124 1693 3194 inopiam
1720 3125 1881 3180 divi—

231 3214 453 3282 nitatis,
501 3219 559 3267 at
599 3227 728 3268 vero
771 3212 1137 3284 paganismus
1174 3212 1603 3268 multitudinem
1643 3213 1876 3268 deorum

232 3303 486 3359 induxit.
515 3303 828 3373 Gregorius
852 3302 1004 3357 enim
1024 3301 1122 3372 qui
1150 3316 1180 3356 a
1210 3301 1494 3373 theologia
1521 3302 1880 3372 cognomina-

253 3407 340 3460 ur,
399 3391 703 3460 utriusque
727 3389 1100 3459 abjectionem
1144 3388 1377 3459 faciens,
1430 3390 1510 3444 ita
1535 3389 1681 3444 dicit
1708 3387 1876 3458 (Orat.

231 3482 281 3533 in
311 3480 523 3534 Christi
552 3477 720 3549 nat.):
764 3478 862 3532 Dei
899 3483 1086 3533 autem
1120 3492 1248 3533 curn
1293 3478 1511 3546 dixero,
1559 3478 1746 3533 Patris
1792 3477 1885 3533 aio

231 3573 280 3622 et
307 3567 453 3622 Filii
502 3571 559 3621 et
582 3566 834 3635 Spiritus
866 3566 1082 3620 sancti:
1116 3579 1300 3636 neque
1325 3579 1500 3635 supra
1532 3565 1648 3620 haec
1673 3565 1885 3621 deitate

230 3655 555 3725 excedente,
585 3659 648 3708 ut
679 3667 789 3708 non
815 3653 1022 3724 vulgus
1050 3654 1286 3709 deorum
1316 3652 1768 3719 introducamus,
1799 3667 1888 3708 ne-

233 3758 337 3814 que
362 3743 516 3797 intra
545 3742 660 3797 haec
689 3741 954 3796 deﬁnita:
994 3755 1062 3796 ne
1086 3741 1416 3796 divinitatis
1449 3742 1643 3811 inopia
1670 3741 1890 3811 judice-

234 3845 360 3887 mur
390 3827 807 3903 [damnemur],
827 3834 927 3884 aut
949 3833 1177 3899 propter
1197 3829 1579 3884 monarchiam
1595 3830 1890 3898 judaizan-

233 3925 328 3987 tes,
366 3919 449 3973 vel
487 3923 716 3987 propter
743 3918 976 3973 deorum
1025 3917 1244 3986 copiam
1275 3917 1714 3988 paganizantes;
1761 3930 1888 3972 ma-

234 4007 348 4062 lum
380 4006 534 4061 enim
564 4006 622 4060 in
647 4011 888 4075 utroque
913 4005 1123 4073 simile,
1157 4005 1291 4060 licet
1317 4005 1376 4059 in
1405 4005 1714 4060 contrariis
1740 4005 1890 4060 inve-
1930 3993 1933 3997 ’

234 4096 448 4150 niatur.
504 4096 574 4149 Et
615 4108 740 4163 quae
793 4094 1009 4148 Veteris
1052 4093 1280 4163 quidem
1343 4099 1480 4148 sunt
1519 4093 1883 4164 Testamenti,

234 4183 382 4253 quod
421 4182 610 4237 tenuit
637 4181 990 4237 Israeliticus
1032 4181 1297 4252 populus,
1329 4181 1429 4235 Dei
1458 4181 1695 4236 traditio
1725 4187 1881 4236 erat:

237 4283 584 4342 paganorum
639 4274 848 4337 autem,
913 4269 1252 4325 daemonum.
1299 4270 1445 4340 Ergo
1495 4273 1551 4323 et
1605 4269 1699 4324 hic
1755 4283 1884 4325 cum

235 4359 521 4414 divinitus
545 4357 778 4412 traditis
822 4358 1119 4427 praeceptis
1159 4357 1473 4413 daemonica
1502 4371 1884 4413 connumera—
1914 4361 1970 4422 D

237 4454 439 4501 verunt
463 4452 519 4500 et
539 4446 1043 4517 commiscuerunt,
1072 4446 1376 4516 imaginem
1404 4445 1631 4500 Domini
1671 4445 1886 4500 idolum

240 4536 698 4604 pronuntiantes,
747 4534 1066 4590 daemonum
1103 4533 1456 4605 imaginibus
1505 4533 1881 4589 consimilem.

238 4623 678 4678 Calumniantur
705 4637 838 4694 ergo
877 4628 934 4678 et
968 4622 1105 4678 Abel
1144 4630 1200 4677 et
1225 4625 1340 4678 Noe
1378 4630 1434 4677 et
1474 4623 1759 4677 Abraham
1805 4635 1891 4676 sa-

241 4712 593 4767 criﬁciorum
641 4724 833 4782 causa,
865 4726 988 4782 quae
1020 4711 1090 4766 ab
1124 4711 1267 4781 ipsis
1299 4726 1397 4781 per
1438 4711 1712 4767 animalia
1753 4716 1890 4766 sunt

240 4800 446 4871 oblata,
488 4806 546 4855 et
571 4801 838 4870 Moyscm,
873 4807 930 4855 et
963 4800 1208 4872 Samuel,
1237 4806 1293 4855 et
1320 4801 1516 4870 David,
1553 4805 1610 4854 et
1636 4799 1890 4870 reliquos

244 4890 634 4959 patriarchas;
668 4890 802 4960 quia
833 4895 887 4944 et
912 4889 1022 4959 ipsi
1049 4896 1314 4944 extranea
1339 4895 1396 4945 et
1436 4902 1652 4960 pagana
1679 4889 1891 4944 sacriﬁ-

242 4977 327 5032 cia
353 4979 464 5033 Deo
491 4977 928 5033 sacriﬁcabant:
963 4991 1290 5049 quanquam
1316 4979 1612 5047 Scriptura
1640 4977 1894 5032 testimo-

245 5066 401 5121 nium
443 5080 643 5121 eorum
685 5067 979 5136 perhibeat
1004 5068 1308 5133 sacriﬁcio,
1355 5068 1585 5123 dicens:
1621 5067 1891 5122 Oderatus

244 5161 317 5207 est
344 5159 606 5209 Dominus
629 5157 690 5209 in
721 5157 935 5209 odorem
962 5159 1250 5211 suavitatis
1292 5154 1443 5226 (Gen.
1483 5156 1623 5229 vm).
1665 5156 1892 5211 Utinam

245 5245 643 5313 cognovissent
672 5244 983 5315 veritatem,
1014 5245 1152 5315 quia
1184 5260 1310 5315 quae
1340 5247 1454 5300 Deo
1482 5245 1772 5315 dicantur,
1805 5258 1900 5299 ac-

247 5337 400 5400 cepta
427 5339 565 5387 sunt
588 5334 737 5401 apud
780 5336 976 5389 Deum.
1005 5335 1447 5390 Immolaverunt
1470 5336 1622 5390 enim
1653 5334 1893 5390 Domino

249 5418 376 5486 Deo,
406 5421 684 5490 scriptum
716 5428 820 5476 est.
860 5422 994 5490 Quze
1023 5438 1154 5478 vero
1193 5423 1569 5492 daemonibus,
1608 5423 1678 5477 ab
1721 5423 1896 5477 mina-

252 5505 392 5563 bilia
419 5515 472 5565 et
505 5512 840 5581 respuenda.
889 5512 1280 5583 Sacriﬁcarunt
1327 5513 1479 5568 enim
1521 5513 1816 5575 daemoniis,
1847 5519 1898 5567 et

1987 3144 2106 3200 veri
2151 3144 2497 3208 adoratores,
2531 3140 2630 3209 qui
2682 3139 2738 3193 in
2781 3136 2992 3206 spiritu
3035 3142 3089 3190 et
3119 3133 3356 3189 veritate
3385 3133 3496 3186 Deo
3530 3143 3643 3184 ser-

1990 3233 2155 3287 viu’nt
2177 3228 2351 3300 (Joan.
2381 3228 2474 3301 1v),
2503 3234 2558 3283 et
2580 3226 2915 3297 imaginales
2939 3225 3192 3294 picturas
3213 3221 3273 3276 in
3305 3219 3638 3275 relationem

1991 3325 2047 3375 et
2076 3316 2665 3373 commemorationem
2717 3319 2935 3368 tantum
2966 3311 3190 3380 habent,
3219 3313 3275 3363 et
3296 3308 3398 3362 has
3417 3305 3641 3375 ample-

1991 3410 2228 3462 ctuntur
2265 3411 2435 3474 atque
2475 3403 2747 3472 salutant,
2780 3405 2977 3454 contra
3015 3396 3315 3467 reprobum
3352 3392 3639 3448 divinitus

1993 3494 2302 3550 consilium
2323 3504 2518 3546 eorum
2549 3496 2719 3559 atque
2739 3486 3098 3553 sententiam,
3129 3483 3358 3538 thorace
3377 3479 3638 3535 veritatis

1998 3581 2208 3653 induti,
2230 3580 2475 3651 pugione
2496 3577 2739 3648 spiritus
2765 3587 3032 3645 pungere.
3052 3570 3242 3627 Sancti
3273 3568 3425 3624 enim
3446 3569 3639 3621 Patres

1997 3671 2154 3742 quia
2203 3668 2411 3724 szeculo
2449 3669 2560 3722 Deo
2601 3665 2954 3736 placuerunt,
2999 3661 3065 3716 ad
3109 3664 3358 3715 nostram
3397 3655 3638 3711 salutem

1995 3766 2165 3830 atque
2197 3757 2505 3814 utilitatem
2533 3756 2679 3810 vitas
2708 3766 2841 3808 suas
2869 3750 3224 3818 conscriptas
3254 3745 3420 3801 nobis
3448 3743 3641 3799 dimit-

1997 3853 2196 3917 tentes,
2221 3848 2390 3902 etiam
2419 3859 2482 3900 ea
2507 3858 2632 3914 quae
2655 3857 2687 3898 a
2717 3855 2776 3897 se
2794 3845 2919 3895 acta
2940 3843 3094 3904 sunt,
3129 3850 3227 3906 per
3251 3835 3489 3905 pictura:
3519 3846 3642 3887 nar-

1997 3937 2273 3992 rationem
2309 3936 2366 3990 in
2397 3933 2677 3989 catholica
2703 3929 2955 3986 Ecclesia
2987 3926 3365 3993 tradiderunt,
3397 3923 3456 3977 in
3481 3933 3644 3976 com-

1997 4025 2457 4080 memorationem
2488 4020 2667 4076 animi
2701 4018 2901 4088 nostri,
2936 4022 2990 4071 et
3027 4016 3096 4071 ad
3128 4013 3469 4070 erectionem
3498 4023 3644 4065 con-

1995 4113 2337 4170 versationis
2367 4125 2500 4167 suae.
2532 4109 2752 4164 Etenim
2775 4111 3007 4162 sanctus
3031 4103 3281 4159 Basilius
3304 4101 3364 4156 in
3386 4111 3643 4155 sermone

1996 4218 2101 4260 suo
2131 4217 2301 4273 super
2351 4199 2516 4256 laude
2557 4202 2882 4254 sanctorum
2919 4192 3298 4265 quadraginta
3332 4193 3640 4258 martyrum

1996 4295 2081 4349 sic
2111 4293 2232 4347 ait:
2271 4291 2384 4362 Age
2411 4289 2622 4359 itaque,
2664 4287 2723 4340 in
2763 4285 3009 4340 medium
3045 4296 3140 4337 eos
3171 4294 3270 4350 per
3298 4289 3645 4334 commemo-

2000 4382 2276 4437 rationem
2295 4379 2658 4445 adducentes,
2683 4385 3036 4429 communem
3061 4370 3368 4424 utilitatem
3390 4367 3642 4435 ipsorum

2001 4471 2092 4525 his
2119 4469 2217 4540 qui
2248 4471 2549 4537 praesentes
2574 4467 2727 4532 sunt,
2749 4461 3186 4528 constituamus,
3216 4458 3645 4526 praemonstran-

1999 4567 2082 4615 tes
2129 4556 2396 4613 omnibus
2425 4554 2579 4608 velut
2609 4552 2668 4606 in
2719 4550 2942 4620 pictura
2980 4547 3232 4603 virorum
3274 4542 3443 4600 fortia
3476 4541 3641 4596 facta.

1999 4651 2136 4703 Nam
2179 4653 2233 4701 et
2263 4644 2541 4700 bellorum
2591 4641 2873 4712 praeconia
2902 4645 2957 4694 et
2995 4636 3292 4692 verborum
3339 4631 3647 4702 scriptores

2000 4736 2292 4795 multoties
2321 4741 2376 4790 et
2393 4734 2638 4804 pictores
2660 4732 2984 4804 designant,
3015 4731 3116 4786 alii
3137 4729 3366 4800 quidem
3389 4741 3647 4784 sermone

1998 4829 2358 4895 adornantes,
2399 4822 2502 4878 alii
2551 4835 2682 4877 vero
2733 4821 2947 4877 tabulis
2990 4820 3140 4891 [Gr.,
3174 4819 3262 4875 illi
3319 4819 3547 4891 quidem
3595 4833 3644 4872 s-

1999 4917 2068 4970 ad
2094 4915 2152 4969 hi
2176 4926 2305 4968 vero
2355 4908 2428 4985 t.]
2457 4917 2786 4979 exarantes;
2843 4909 3167 4980 multosque
3211 4910 3279 4965 ad
3314 4908 3644 4963 virilitatem

2001 5006 2304 5061 erexerunt
2335 5001 2585 5071 utrique.
2627 4999 2762 5068 Quae
2794 5012 3036 5069 namque
3062 5013 3245 5054 sermo
3273 4997 3531 5053 historia:
3553 5008 3651 5065 per

2002 5093 2353 5149 auditionem
2372 5089 2622 5160 exhibet,
2648 5088 2763 5142 haec
2797 5088 3018 5158 pictura
3043 5095 3234 5144 tacens
3263 5101 3359 5157 per
3383 5085 3652 5142 imitatio-

2006 5196 2130 5238 nem
2188 5181 2458 5238 ostendit.
2509 5179 2950 5234 Commiscentes
2987 5183 3175 5233 autem
3227 5177 3509 5248 praeconia
3547 5185 3648 5228 sua

2005 5272 2254 5327 versutia
2289 5268 2637 5345 [versutim],
2671 5268 2808 5323 talia
2841 5266 3068 5323 fantur:

2428 5395 2715 5460 Gregorius
2745 5395 3021 5462 episcoPus
3067 5393 3220 5456 legit:

2080 5519 2427 5588 «Quomodo
2483 5522 2668 5574 autem
2737 5521 2792 5572 et
2847 5509 3363 5584 superlaudabilem
3418 5510 3649 5562 Matrem
