4016 6168
419 249 516 306 Hi

1640 244 2000 303 ANASTASII
2061 241 2601 304 BlBLIOTHECARIl
3695 244 3779 304 412

418 389 442 418 ››
475 369 728 440 Domini,
764 369 822 425 in
853 383 962 441 qua
993 369 1355 427 obumbravit
1386 371 1682 442 plenitudo
1715 370 2062 439 divinitatis,
2096 370 2151 428 A
2181 367 2332 421 enim
2357 365 2617 420 homines
2653 363 2848 434 procul
2888 362 3066 420 dubio
3096 362 3278 418 simus
3308 363 3616 436 sensibiles,
3639 368 3782 425 rebus

419 477 444 507 »
481 473 578 527 per
599 473 766 528 quam
793 459 959 514 nobis
984 459 1180 515 illuxit
1206 460 1304 516 lux
1333 461 1770 529 inaccessibilis,
1799 460 2073 516 excelsio-

420 565 443 595 »
480 561 595 602 rem
617 547 798 617 caelis,
823 553 878 601 et
901 549 1241 604 sanctiorem
1269 549 1588 610 cherubim.
1620 549 1674 604 in
1705 549 1808 604 vili
1840 549 2072 621 gentilis

419 654 444 685 »
483 640 604 690 arte
636 636 868 706 pingere
908 637 1162 692 audent?
1207 637 1322 693 Aut
1369 639 1574 694 iterum
1606 651 1702 693 eos
1732 638 1833 707 qui
1864 651 2073 692 conre-

424 745 448 775 ι)
486 725 712 796 gnaturi
761 730 896 779 sunt
923 725 1170 792 Christo,
1200 740 1670 796 consessoresque
1702 727 1823 782 ﬁeri
1854 724 2064 796 [futuri

419 834 443 864 υ
477 827 542 868 ac
580 813 955 883 judicaturi],
985 828 1047 869 ac
1086 815 1349 884 judicare
1391 815 1583 871 orbem
1629 820 1931 885 terrarum,
1973 818 2070 870 at—

421 922 446 950 »
480 915 590 971 que
610 899 927 957 conformes
958 900 1078 957 fore
1103 901 1348 974 [futuri]
1371 903 1568 974 gloriae
1596 904 1804 974 ipsius,
1829 903 2064 973 quibus,

420 1011 446 1040 »
483 998 545 1047 ut
575 1004 734 1046 sacra
763 991 968 1046 dicunt
1000 992 1249 1062 eloquia,
1277 992 1490 1064 dignus
1525 1005 1636 1048 non
1666 998 1790 1048 erat
1820 992 2069 1048 mundus

419 1099 445 1130 υ
479 1078 662 1149 (Hebr.
699 1079 798 1149 x1),
837 1093 947 1135 non
987 1080 1332 1136 erubescunt
1368 1080 1569 1152 gentili
1621 1087 1742 1136 arte
1792 1079 2070 1151 pingere?

420 1187 445 1218 »
479 1168 647 1224 Nefas
675 1170 826 1224 enim
857 1173 944 1224 est
966 1167 1335 1238 Christianis,
1369 1169 1468 1240 qui
1501 1179 1656 1238 spem
1687 1168 2070 1226 resurrectio-

419 1278 444 1308 »
481 1259 573 1313 nis
605 1257 833 1322 habent,
856 1259 1176 1313 daemonum
1199 1257 1507 1313 cultricum
1527 1257 1783 1328 gentium
1811 1256 2068 1312 moribus

419 1367 444 1397 »
481 1347 589 1417 uti,
622 1352 678 1402 et
719 1351 964 1414 sanctos,
994 1346 1092 1416 qui
1124 1346 1224 1400 tali
1260 1351 1315 1400 et
1346 1350 1499 1401 tanta
1528 1346 1709 1415 gloria
1737 1345 2072 1414 resplende-

418 1454 442 1485 ››
477 1435 639 1504 bunt,
671 1435 728 1488 in
751 1434 996 1505 ingloria
1022 1440 1078 1489 et
1103 1440 1327 1489 mortua
1357 1435 1591 1489 materia
1615 1434 1853 1502 injuriis
1873 1447 2074 1488 cumu-

419 1542 442 1574 υ
478 1525 612 1580 lare.
643 1526 757 1579 Nos
784 1525 936 1578 enim
963 1523 1032 1578 ab
1077 1523 1285 1578 alienis
1313 1536 1420 1578 non
1454 1523 1806 1592 suscipimus
1856 1522 2069 1592 proba-

417 1632 442 1663 »
477 1615 664 1669 tiones
689 1613 819 1668 ﬁdei
863 1619 1088 1668 nostrae.
1120 1613 1342 1666 Etenim
1369 1613 1672 1668 daemoniis
1709 1614 1884 1667 Deum
1914 1625 2066 1680 pree—

417 1722 442 1750 »
475 1701 806 1757 dicantibus
842 1703 1052 1764 Jesum,
1099 1700 1429 1770 increpabat
1474 1715 1589 1771 eos,
1643 1701 1986 1772 dedignatus
2029 1712 2062 1753 a
2090 1713 2142 1773 Β

416 1810 442 1841 ››
475 1790 830 1846 daemonibus
887 1791 1279 1846 testimonium
1325 1789 1529 1845 habere
1587 1788 1774 1860 (Marc.
1835 1805 1874 1853 ι,
1928 1791 2059 1847 Luc.

416 1898 442 1928 »
477 1879 569 1952 iV).
608 1899 634 1929 υ
1175 1938 1183 1945 ,

802 1969 1143 2038 Epiphanius
1189 1969 1451 2024 diaconus
1500 1970 1669 2037 legit:

481 2056 528 2113 A
554 2055 825 2113 laudibus
857 2057 1208 2129 inchoantes,
1243 2058 1442 2114 volunt
1466 2058 1851 2128 simpliciores
1880 2057 2067 2112 subri-

413 2160 544 2217 pere
569 2147 635 2202 ad
665 2161 871 2202 vanum
922 2161 1151 2203 sensum
1200 2159 1387 2203 suum.
1427 2148 1529 2203 Sed
1565 2148 1663 2217 qui
1701 2147 2062 2216 prudentiam

412 2239 695 2304 serpentis
720 2234 930 2290 habent
952 2240 1007 2290 et
1030 2247 1139 2292 non
1171 2236 1501 2306 versutiam,
1522 2235 2065 2305 simplicitatemque

412 2323 709 2395 columbae,
740 2330 952 2381 norunt
972 2330 1028 2380 et
1047 2325 1408 2380 sermonibus
1433 2330 1489 2380 et
1518 2324 1790 2380 laudibus
1821 2324 2068 2378 inteme—

415 2418 592 2468 ratam
625 2417 680 2468 et
712 2413 1133 2468 immaculatum
1172 2427 1298 2468 vere
1327 2427 1392 2468 ac
1421 2414 1648 2483 proprie
1685 2412 1785 2467 Dei
1818 2412 2071 2484 genitri-

412 2515 531 2557 cem
562 2507 618 2555 et
647 2506 874 2556 sanctos
907 2501 1204 2568 honorare,
1241 2508 1297 2556 et
1324 2501 1527 2557 horum
1572 2501 1817 2556 virtutes
1845 2515 1942 2570 per
1967 2500 2070 2554 hi—

414 2589 656 2644 storicos
683 2589 862 2644 libros
895 2589 963 2645 ad
995 2590 1319 2646 memoriam
1349 2590 1636 2658 reducere,
1664 2595 1721 2645 et
1746 2603 1948 2644 rursus
1969 2601 2068 2657 per

415 2677 1133 2748 imaginalestitulationes
1159 2685 1291 2734 nota
1313 2677 1496 2734 facere
1533 2679 1845 2734 certamina
1880 2683 1932 2733 et
1959 2676 2066 2734 for-

416 2766 697 2822 titudines
748 2779 966 2836 eorum,
1017 2771 1188 2837 atque
1218 2767 1323 2822 hos
1372 2767 1734 2838 magniﬁcare
1781 2767 2067 2838 supremis

416 2854 751 2923 honoribus,
788 2859 844 2908 et
881 2855 1029 2910 scire
1070 2855 1202 2911 illos
1235 2855 1548 2911 secundum
1579 2869 1801 2910 sacrum
1836 2855 2069 2925 Aposto-

417 2942 534 2998 lum
577 2943 894 2999 dissolutos
924 2958 1052 2999 cum
1095 2943 1324 2999 Christo
1353 2959 1475 2999 esse
1517 2943 1774 3014 (Philipp.
1805 2944 1863 3017 ι),
1894 2949 1950 3000 et
1985 2945 2068 2999 in-

2185 453 2563 509 sensibilibns
2595 455 2814 508 utimur
2849 453 2916 507 ad
2945 451 3327 523 cognitionem
3363 458 3416 508 et
3437 467 3779 514 commemora-

2188 542 2398 597 tionem
2430 541 2618 598 omnis
2654 541 2864 596 divinae
2901 555 2965 596 ac
3005 540 3112 610 piae
3145 539 3484 596 traditionis.
3510 543 3699 599 Deinde
3723 555 3777 602 ut

2187 630 2600 686 adulteratores
2646 629 2926 700 veritatis,
2967 628 3353 685 subvertentes
3393 629 3508 685 vias
3547 631 3701 687 simul
3734 642 3780 690 et

2188 718 2600 790 intelligentias
2628 719 2880 786 Domini,
2911 718 3150 773 dicunt:

2604 824 2892 893 Gregorius
2935 826 3212 894 episcopus
3244 823 3397 890 legit:

2252 952 2278 981 α
2310 931 2490 1001 Super
2543 931 2650 988 hoc
2686 945 2819 1002 ergo
2862 931 3185 986 examinato
3210 934 3266 984 et
3314 934 3636 998 pertractato
3662 933 3787 989 edi-

2182 1038 2207 1070 »
2239 1024 2330 1076 cto
2361 1020 2517 1090 [G-r.,
2543 1019 2831 1092 dogmate]
2865 1024 3081 1087 nostro,
3119 1017 3464 1089 praebeamus
3485 1025 3540 1074 et
3565 1033 3628 1076 ex
3651 1021 3789 1077 divi-

2181 1126 2206 1156 n
2241 1108 2399 1164 nitus
2439 1108 2718 1178 inspirata
2746 1110 3064 1178 Scriptura,
3106 1113 3164 1162 et
3191 1120 3259 1162 ex
3290 1106 3670 1176 probabilibus
3694 1112 3790 1166 Pa-

2181 1214 2206 1244 »
2241 1195 2429 1254 tribus
2477 1198 2692 1253 nostris
2729 1197 3028 1253 manifesta
3072 1195 3398 1252 testimonia
3440 1197 3793 1266 conspirantis

2181 1303 2206 1334 ι)
2241 1285 2838 1357 nobis,etroborantia
2856 1285 3251 1356 hujuscemodi
3274 1284 3421 1354 piam
3448 1285 3792 1342 intentionem

2182 1392 2208 1423 ››
2242 1379 2492 1431 nostram
2518 1395 2534 1446 ς
2561 1375 2775 1446 quibus
2796 1387 2909 1430 non
2930 1374 3286 1429 contradicat
3305 1374 3404 1443 qui
3437 1374 3630 1428 horum
3651 1374 3797 1431 habet

2181 1480 2207 1512 ι)
2241 1464 2723 1532 experimentum:
2760 1464 2859 1534 qui
2886 1468 3074 1518 autem
3107 1463 3351 1534 ignorat,
3392 1461 3573 1517 discat
3590 1468 3642 1517 et
3669 1464 3798 1517 reti-

2179 1567 2205 1600 »
2239 1558 2368 1606 neat
2408 1552 2506 1607 illa
2556 1559 2619 1608 ut
2672 1552 2808 1621 Dei;
2852 1558 2906 1607 et
2949 1551 3261 1606 secundum
3313 1550 3551 1620 primam
3594 1551 3798 1620 quidem

2175 1656 2200 1688 ››
2236 1640 2508 1694 rationem
2557 1653 2624 1695 ex
2653 1642 2778 1710 ejus
2826 1653 2957 1695 voce
2998 1639 3286 1696 divinitus
3320 1639 3494 1711 dicta,
3540 1653 3659 1709 quae
3689 1639 3795 1694 ait:

2175 1747 2200 1777 η
2234 1728 2472 1797 Spiritus
2511 1735 2588 1783 est
2611 1733 2774 1791 Deus,
2825 1734 2874 1782 et
2903 1731 3000 1798 qui
3026 1729 3262 1782 adorant
3287 1744 3428 1790 eum,
3460 1731 3519 1782 in
3552 1730 3740 1797 spiritu
3761 1732 3803 1782 et

2173 1835 2200 1866 »
2232 1820 2458 1872 veritate
2507 1822 2712 1887 oportet
2781 1817 3013 1872 adorare
3059 1816 3234 1887 (Joan.
3295 1817 3412 1890 tv):
3471 1821 3528 1872 et
3582 1817 3798 1872 iterum:

2175 1924 2201 1957 n
2233 1908 2396 1961 Nemo
2425 1910 2593 1962 Deum
2615 1906 2754 1961 vidit
2778 1923 3020 1976 unquam
3049 1904 3220 1977 (Joan.
3257 1907 3296 1978 1)
3325 1924 3341 1976 ;
3393 1911 3484 1962 et:
3517 1907 3691 1974 Neque
3716 1920 3806 1959 vo—

2175 2013 2202 2044 »
2234 2010 2343 2048 cem
2371 1995 2627 2058 audistis,
2657 2011 2830 2064 neque
2870 1997 3098 2065 speciem
3135 1995 3253 2064 ejus
3281 1995 3502 2049 vidistis
3528 1992 3693 2064 (Joan.
3723 1993 3802 2063 v):

2175 2101 2202 2132 υ
2233 2089 2290 2138 et
2319 2083 2676 2139 beatiﬁcante
2713 2097 2809 2140 eos
2838 2084 2936 2154 qui
2963 2097 3074 2140 non
3117 2085 3392 2140 viderunt
3428 2097 3576 2154 eum,
3606 2088 3659 2139 et
3691 2095 3807 2138 cre-

2177 2188 2204 2220 »
2235 2172 2524 2229 diderunt.
2561 2191 2587 2222 υ

2353 2280 2697 2348 Epiphanius
2741 2280 3002 2334 diaconus
3039 2285 3090 2334 et
3117 2280 3464 2334 cubuclesius
3486 2280 3646 2346 legit:

2246 2383 2384 2440 Cum
2429 2386 2610 2458 aliqui
2664 2391 2834 2456 recta,
2883 2387 3194 2444 secundum
3244 2387 3399 2458 quod
3437 2387 3550 2443 sibi
3583 2384 3805 2453 videtur,

2175 2473 2438 2545 dogmata
2503 2481 2785 2531 conantur
2852 2483 3186 2546 pervertere,
3239 2490 3408 2532 nemo
3468 2476 3720 2542 miretur,
3764 2471 3808 2526 si

2175 2563 2482 2632 Scriptura;
2502 2564 2692 2620 verbis
2727 2570 2990 2621 utuntur.
3033 2567 3172 2620 Nam
3203 2572 3259 2621 et
3294 2579 3495 2622 omnes
3527 2563 3815 2619 haeresiar-

2175 2652 2294 2706 cha:
2324 2653 2394 2708 de
2417 2653 2703 2710 divinitus
2726 2655 3006 2724 inspirata
3030 2656 3332 2725 Scriptura
3363 2655 3579 2711 erroris
3606 2653 3692 2709 sui
3718 2651 3814 2707 col-

2177 2740 2367 2811 ligunt
2404 2743 2751 2816 occasiones,
2797 2758 2922 2815 quae
2953 2759 3050 2814 per
3079 2745 3365 2814 Spiritum
3402 2750 3656 2800 sanctum
3683 2745 3814 2796 recte

2175 2829 2328 2884 dicta
2364 2837 2499 2886 sunt
2541 2832 2813 2904 malignis
2850 2833 3116 2890 sensibus
3155 2833 3279 2889 suis
3311 2833 3714 2890 adulterantes.
3755 2830 3814 2883 Et

2178 2917 2284 2973 hoc
2313 2933 2531 2974 summa
2576 2922 2982 2990 praenuntiavit
3010 2923 3404 2992 apostolorum
3453 2921 3606 2992 tuba,
3636 2923 3815 2975 Petrus

414 3032 698 3087 tercedere
738 3045 839 3102 pro
881 3031 1065 3101 nobis,
1107 3037 1164 3088 et
1192 3033 1472 3088 sinceram
1501 3007 1564 3088 ac
1591 3007 1869 3089 sum-mam
1898 3032 2064 3088 tidem
2094 3033 2140 3093 Ο
2175 3007 2442 3102 Videlicet
2469 3009 2697 3102 dicens:
2730 3010 2864 3102 Qui”
2905 3011 3222 3102 Ῐηάίῗθίῖθί
3251 3011 3564 3102 ίηδίθδυθῗ
3601 3021 3814 3102 ΡθΓῨθΓ“

413 3125 470 3175 et
499 3120 830 3176 servitutem
881 3121 939 3176 in
971 3121 1184 3191 spiritu
1215 3127 1272 3177 et
1299 3122 1536 3177 veritate
1567 3122 1676 3178 soli
1703 3124 1817 3178 Deo
1842 3123 2062 3192 offerre,

413 3214 469 3264 et
509 3223 618 3265 non
647 3209 1088 3280 quibuscunque
1126 3211 1408 3266 creaturis
1433 3225 1559 3281 qua:
1585 3211 1691 3268 sub
1734 3211 1878 3267 coelo
1908 3216 2062 3266 sunt.

412 3297 560 3367 Quid
605 3301 792 3353 autem
834 3300 1127 3355 materiam
1169 3306 1457 3356 sumentes
1493 3304 1556 3355 ut
1594 3305 1838 3370 turpem,
1871 3305 2068 3356 contu-

416 3385 606 3440 meliis
664 3386 864 3442 volunt
911 3387 1112 3443 atlcere
1177 3388 1520 3443 veritatem?
1570 3403 1716 3459 quos
1772 3388 2068 3458 oportebat

416 3474 608 3543 potius
637 3476 786 3544 quod
812 3477 974 3545 pejus
997 3480 1083 3532 est
1113 3475 1328 3549 fugere,
1359 3482 1414 3532 et
1444 3479 1593 3548 quod
1639 3477 1846 3533 melius
1874 3481 1961 3532 est
1989 3490 2070 3531 se-

311 3604 319 3610 .
413 3564 578 3634 ctari,
613 3569 668 3618 et
713 3564 1031 3634 priscorum
1067 3566 1352 3620 recordari
1401 3571 1726 3620 sanctorum
1762 3564 2070 3619 sacriﬁcio-

415 3666 561 3720 rum,
583 3666 708 3720 que:
723 3666 756 3708 a
777 3653 1071 3721 Scriptura
1097 3653 1433 3721 laudantur;
1455 3653 1738 3723 quomodo
1752 3655 1882 3719 Deo,
1901 3651 2066 3707 modo

412 3753 543 3794 vero
595 3740 952 3796 daemonibus
1015 3739 1391 3795 offerrentur:
1439 3753 1764 3810 quanquam
1815 3740 2068 3796 existens

416 3827 650 3882 materia
673 3828 826 3882 omni
855 3824 1003 3900 [Gr.,
1028 3829 1255 3897 quando
1276 3830 1389 3883 Deo
1407 3827 1806 3898 offerebantur,
1835 3830 2063 3898 quando

413 3927 543 3970 vero
571 3913 966 3985 daemonibus;
1008 3927 1332 3986 quanquam
1361 3915 1552 3971 eadem
1587 3917 1852 3984 existens
1897 3921 2067 3972 mate-

415 4002 520 4069 ria,
554 3999 739 4076 omni]
763 4008 884 4057 erat
903 4005 1167 4074 contagio
1203 4004 1386 4074 plena,
1413 4011 1470 4060 et
1498 4005 1816 4074 subjectum
1840 4010 2061 4060 tantum

411 4089 774 4162 aspicientes,
824 4091 1254 4148 calumniantur
1281 4093 1588 4149 Ecclesiam
1621 4094 1925 4165 gentilium
1970 4094 2064 4166 tig-

417 4187 731 4237 mentorum
753 4181 956 4237 habere
971 4182 1206 4238 indicia.
1230 4183 1332 4239 Sed
1351 4195 1462 4238 non
1486 4184 1621 4253 quia
1644 4183 1878 4238 materia
1899 4184 1957 4238 in
1979 4183 2064 4238 di-

413 4271 594 4326 versis
623 4271 1129 4328 contrarietatibus
1159 4286 1347 4328 rerum
1377 4273 1542 4328 utilis
1566 4272 1945 4342 exprobratur
1973 4273 2056 4328 vel

2175 3099 2306 3151 tunt
2327 3099 2636 3153 secundum
2664 3113 2767 3154 sua
2795 3100 3081 3155 desideria
3108 3100 3187 3170 (II
3206 3101 3359 3154 Petr.
3395 3099 3502 3172 Ill).
3537 3096 3813 3167 Proprium

2175 3191 2260 3238 est
2289 3185 2441 3240 enim
2470 3186 2775 3258 haereticis,
2803 3189 3114 3243 secundum
3147 3202 3250 3244 sua
3274 3187 3574 3244 desideria
3606 3197 3818 3256 perver-

2176 3278 2292 3328 tere
2334 3274 2661 3332 divinorum
2698 3280 2754 3332 et
2798 3291 3062 3332 verorum
3121 3277 3429 3333 scientiam
3482 3277 3813 3347 dogmatum.

2176 3361 2531 3418 Generaliter
2575 3364 2728 3419 enim
2777 3365 2992 3421 sanctis
3041 3365 3308 3421 Patribus
3362 3364 3600 3431 nostris,
3647 3362 3820 3416 Domi—

2176 3465 2280 3503 nus
2316 3453 2517 3506 creavit
2546 3468 2628 3506 me
2657 3455 2876 3507 initium
2904 3456 3117 3508 viarum
3159 3469 3394 3509 suarum
3433 3457 3495 3509 in
3541 3468 3700 3523 opera
3734 3464 3822 3504 sua

2175 3539 2328 3592 Prov.
2378 3539 2520 3611 Vill),
2573 3540 2632 3595 in
2678 3541 3159 3612 dispensationem
3211 3543 3437 3600 Christi
3489 3542 3823 3600 secundum—

2176 3638 2400 3681 carnem
2428 3626 2631 3683 factam
2656 3631 3105 3699 assumentibus,
3131 3631 3310 3688 Arius
3334 3639 3393 3689 et
3417 3631 3752 3697 Eunomius,
3775 3631 3824 3682 et

2177 3715 2275 3784 qui
2303 3715 2465 3783 juxta
2494 3715 2649 3786 ipsos
2687 3724 2843 3790 sunt,
2873 3719 2931 3774 in
2964 3735 3266 3790 supernam
3299 3726 3360 3777 et
3389 3722 3650 3778 divinam
3681 3729 3824 3789 gene-

2175 3803 2453 3858 rationem
2511 3812 2869 3878 acceperunt,
2910 3821 2975 3864 ac
3021 3823 3119 3878 per
3164 3809 3269 3864 hoc
3321 3824 3354 3865 a
3398 3815 3552 3865 recta
3600 3802 3822 3863 scientia

2175 3895 2325 3946 retro
2359 3893 2670 3949 redierunt.
2707 3895 2926 3952 Rursus
2946 3903 3134 3952 autem
3161 3898 3573 3968 Apollinarius
3597 3906 3826 3964 evange-

2174 3983 2342 4038 licam
2365 3995 2554 4038 vocem
2587 3983 2730 4040 male
2763 3985 3125 4056 intelligens:
3163 3989 3337 4043 Nemo
3368 3987 3622 4042 ascendit
3644 3987 3699 4038 in
3727 3996 3826 4036 ca:—

2174 4077 2304 4142 Ium,
2350 4081 2460 4135 nisi
2494 4086 2590 4152 qui
2619 4082 2684 4135 de
2712 4081 2836 4134 caelo
2865 4080 3140 4136 descendit
3157 4079 3336 4132 Filius
3363 4079 3605 4132 hominis
3644 4072 3826 4145 (Joan:

2173 4170 2289 4242 ill):
2323 4171 2392 4226 ad
2421 4172 2753 4241 pravitatem
2783 4184 3091 4226 conversus
3110 4175 3213 4235 est,
3237 4167 3470 4238 dicens,
3509 4179 3639 4222 cum
3671 4171 3828 4218 carne

2175 4259 2275 4315 illa
2321 4261 2682 4316 descendisse
2732 4261 2908 4314 Deum
2955 4257 3218 4324 Verbum,
3271 4270 3452 4326 quam
3510 4253 3723 4310 habens
3776 4249 3828 4303 in

415 4360 603 4430 turpis
636 4361 976 4430 ostenditur,
1009 4361 1377 4431 despicienda
1405 4367 1491 4416 est
1537 4339 1662 4430 ejus
1706 4361 1951 4416 utilitas.
1998 4361 2056 4416 Si
2087 4377 2138 4437 ι)
2171 4349 2333 4404 caelis
2371 4354 2511 4418 erat,
2549 4355 2812 4404 ωῐθνῐιὶιιῐι
2853 4347 3156 4437 quamdam
3194 4349 3250 4401 et
3279 4339 3829 4437 consubstantialem

409 4449 560 4504 enim
592 4451 923 4506 studuerint
957 4451 1151 4505 taliter
1184 4451 1503 4521 intelligere
1531 4456 1587 4504 et
1609 4451 1885 4520 accipere,
1930 4451 2061 4520 pol—

414 4537 644 4595 luentur
674 4539 822 4609 [Gr.,
857 4539 1128 4608 abibunt]
1160 4539 1352 4594 omnia
1391 4539 1700 4594 secundum
1746 4540 1901 4609 ipsos
1935 4553 2060 4609 quae

414 4629 522 4683 Deo
565 4634 701 4684 sunt
742 4628 951 4697 dicata,
993 4641 1151 4683 sacra
1185 4628 1406 4683 scilicet
1459 4629 1812 4697 vestimenta,
1858 4633 1913 4684 et
1956 4641 2062 4683 va-

412 4716 570 4772 scula
596 4729 776 4770 sacra.
823 4717 1044 4771 Etenim
1069 4716 1167 4785 qui
1198 4731 1320 4786 qua:
1349 4729 1694 4787 paganorum
1721 4723 1858 4772 sunt
1882 4716 2062 4786 sapie-

412 4803 565 4865 bant,
621 4818 688 4860 ex
744 4819 884 4860 auro
927 4809 982 4860 et
1031 4810 1264 4875 argento
1309 4804 1460 4860 idola
1518 4806 1940 4873 construebant,
1995 4819 2059 4862 ac

411 4893 687 4948 libamina
703 4908 770 4948 ex
792 4893 923 4948 vino
947 4893 1219 4964 libabant,
1239 4900 1376 4949 etex
1398 4893 1584 4950 farina
1607 4895 1806 4967 lagana
1833 4895 2058 4950 militiae

411 4981 538 5038 cceli
571 4980 876 5037 oil‘erebant
900 4981 956 5036 hi
987 4983 1083 5053 qui
1111 4997 1179 5038 ex
1210 4982 1459 5038 llebraais
1492 4983 1806 5040 idololatraa
1827 4984 2053 5039 ﬁebant.

410 5071 605 5126 Restat
631 5084 764 5141 ergo
789 5071 873 5126 eis
900 5071 1163 5126 incusare
1192 5072 1531 5127 catholicam
1554 5073 1886 5140 Ecclesiam,
1920 5072 2056 5142 quia

413 5160 615 5231 pagani
667 5174 764 5230 per
813 5160 1120 5216 historicos
1173 5160 1352 5216 libros
1403 5161 1540 5216 deos
1589 5176 1724 5216 suos
1774 5161 2058 5216 daemones

411 5249 848 5319 collaudabant;
883 5254 939 5304 et
967 5264 1069 5305 nos
1092 5264 1202 5305 non
1229 5250 1620 5306 collaudemus
1651 5251 1805 5306 sicut
1851 5248 2055 5320 pagani

413 5353 593 5410 neque
645 5341 818 5393 Deum
874 5339 970 5407 qui
1023 5353 1194 5408 super
1220 5340 1412 5394 omnia
1455 5346 1559 5407 est,
1609 5354 1788 5410 neque
1831 5348 2057 5398 sanctos

410 5429 554 5498 ejus,
580 5442 678 5498 per
700 5427 1008 5484 historicos
1031 5427 1228 5498 libros,
1254 5429 1386 5498 quia
1419 5442 1485 5483 ex
1511 5429 1719 5484 alienis
1747 5430 2058 5500 recipimus

410 5516 866 5588 approbationes.
899 5516 946 5572 Ο
984 5517 1407 5574 subversionem
1439 5523 1494 5573 et
1535 5519 1874 5574 amentiam!
1919 5519 2056 5576 Cum

2170 4438 2312 4494 sibi:
2335 4445 2390 4492 et
2410 4437 2786 4508 apostolicum
2805 4436 3088 4506 quoddam
3103 4435 3325 4489 dictum
3350 4434 3666 4504 objiciens,
3691 4425 3830 4501 quod

2172 4527 2432 4597 perhibet
2451 4546 2462 4581 :
2485 4527 2763 4582 Secundus
2784 4527 2934 4579 homo
2950 4525 3211 4578 Dominus
3225 4525 3291 4577 de
3304 4525 3440 4578 caelo
3461 4523 3513 4592 (I
3531 4523 3654 4578 Cor.
3676 4516 3816 4587 xm):

2169 4616 2390 4673 etdicat
2403 4617 2418 4686 [
2433 4615 2550 4678 Gr.,
2564 4610 3325 4688 decipiebatur],secundum
3341 4614 3504 4684 quod
3521 4611 3639 4669 sibi
3653 4609 3831 4664 visum

2169 4704 2372 4761 fuerat.
2398 4703 2670 4774 Nullique
2693 4703 3039 4773 mirandum,
3059 4702 3108 4757 si
3132 4707 3188 4756 et
3210 4715 3371 4756 novae
3400 4702 3584 4771 hujus
3603 4697 3836 4770 pravita-

2168 4795 2245 4851 tis
2266 4800 2570 4850 sectatores
2590 4807 2658 4848 ex
2678 4793 2873 4848 divina
2895 4791 3188 4860 Scriptura
3203 4789 3378 4846 nobis
3403 4789 3712 4861 proferunt
3725 4783 3835 4855 opi-

2168 4885 2368 4942 niones
2387 4902 2398 4938 ς
2416 4898 2482 4940 ex
2503 4883 2795 4955 magistris
2810 4882 2962 4937 enim
2977 4881 3101 4936 suis
3114 4887 3468 4950 acceperunt
3486 4878 3829 4936 occasiones.

2167 4979 2341 5032 Voces
2361 4975 2512 5030 enim
2533 4988 2659 5044 qua:
2675 4969 3145 5042 superinvisibili
3169 4975 3225 5023 et
3250 4961 3834 5039 incomprehensibili

2167 5067 2470 5122 divinitate
2495 5063 2830 5131 dictaasunt,
2869 5061 2928 5114 in
2955 5059 3146 5115 carnis
3187 5057 3698 5126 dispensationem
3727 5055 3836 5109 Do—

2171 5156 2311 5212 mini
2334 5153 2513 5210 nostri
2529 5127 2659 5206 Jesu
2680 5127 2918 5219 Christi,
2939 5149 3039 5219 qui
3057 5153 3142 5203 est
3156 5161 3307 5202 unus
3328 5160 3404 5201 ex
3428 5152 3635 5201 sancta
3662 5140 3840 5199 Trini-

2165 5255 2301 5316 tate,
2327 5244 2835 5300 commutaverunt.
2853 5236 2996 5305 Quis
3016 5239 3168 5292 enim
3190 5250 3394 5290 eorum
3423 5237 3532 5305 qui
3559 5235 3703 5290 bene
3728 5244 3842 5286 sen-

2167 5335 2340 5403 tiunt,
2377 5331 2574 5398 nescit,
2609 5329 2757 5398 quod
2809 5327 2948 5382 illud
2985 5326 3134 5397 quod
3166 5325 3415 5394 dicitur,
3465 5327 3644 5378 Deum
3694 5331 3837 5374 nemo

2166 5425 2304 5479 vidit
2329 5437 2590 5492 unquam,
2629 5431 2801 5488 super
2833 5416 3029 5472 divina
3071 5419 3272 5470 natura
3302 5413 3390 5468 sit
3423 5409 3764 5482 scriptum?
3790 5411 3842 5462 et

2171 5514 2338 5583 illud,
2380 5525 2550 5581 neque
2577 5523 2755 5564 vocem
2791 5506 2908 5575 ejus
2933 5505 3189 5565 audistis,
3229 5516 3411 5569 neque
3433 5503 3677 5572 speciem
3707 5498 3842 5566 ejus-
