4010 6160
216 221 311 279 H3
992 221 1536 281 INTERPRETATIO
1571 221 1820 279 SYNODI
1856 221 1950 278 VII
1984 221 2386 278 GENERALIS.
2411 252 2484 264 —
2514 224 2717 281 ACTIO
2754 227 2840 281 VI.

3515 223 3621 283 ML

215 349 437 411 vidistis,
460 349 510 403 si
540 348 892 405 intellexerit
916 350 1049 420 quis
1075 366 1247 421 super
1267 352 1641 423 humanitate,
1669 356 1850 408 totum
1884 350 1937 409 A
1969 350 2324 421 meditantes,
2371 352 2429 406 in
2470 352 2978 422 praelocutionibus
3026 353 3151 409 suis
3196 352 3264 409 ad
3300 353 3613 412 dictionem

214 437 570 508 Evangelium
590 437 878 493 subvertet
898 437 926 491 ‘l
944 438 1046 493 Ubi
1070 440 1223 495 enim
1242 454 1516 510 ponemus
1540 440 1683 496 illud
1700 441 1851 511 quod

216 522 467 595 fatemur,
500 527 655 579 Dicit
674 528 936 581 Dominus
966 527 1251 597 discipulis
1283 530 1396 582 suis
1425 527 1636 599 (Matth.
1666 529 1852 601 XXIII).

215 614 305 668 Et:
336 616 493 668 Dixit
529 616 792 670 Dominus
817 616 893 670 ad
920 617 1135 671 Iudaeos
1162 619 1259 685 qui
1282 618 1357 672 ad
1375 635 1429 672 se
1457 622 1716 673 vene-rant
1737 637 1754 672 :
1786 620 1857 672 Et

213 704 461 755 Dominus
472 702 648 757 dixit:
668 705 762 757 Va:
776 705 927 779 vobis
940 704 1141 759 Scriba:
1155 711 1205 759 et
1216 707 1509 762 Pharisaei?
1523 705 1735 779 (Matth.
1753 707 1851 774 v.).

214 790 297 845 Vel
324 806 530 846 rursus
549 777 1264 865 quomodo'intelligemus,
1294 777 1562 864 Aperiens
1587 812 1644 850 os
1673 811 1853 857 suum,

213 879 425 947 docebat
452 884 589 934 eos?
615 879 790 949 (Joan.
816 881 894 953 v.)
937 882 1330 953 signiﬁcanter
1361 884 1478 940 haec
1519 899 1691 955 super
1740 885 1857 941 hu-

214 970 495 1025 manitate.
543 970 689 1026 Illud
732 975 956 1026 autem:
995 973 1180 1041 Neque
1220 989 1395 1028 vocem
1433 975 1551 1044 ejus
1597 976 1853 1038 audistis,

214 1073 374 1127 neque
398 1061 627 1129 speciem
658 1060 776 1128 ejus
807 1061 1045 1124 vidistis,
1077 1075 1249 1131 super
1268 1062 1465 1119 divina
1509 1063 1850 1121 substantia.

215 1147 525 1202 Secundum
568 1147 623 1203 id
647 1148 800 1203 enim
833 1150 983 1219 quod
1015 1150 1181 1206 homo
1221 1148 1406 1208 factus
1448 1158 1535 1208 est
1572 1151 1858 1223 perfectus

218 1237 356 1290 Deus
380 1235 649 1307 Verbum,
683 1243 746 1293 ut
768 1238 1162 1310 praediximus,
1186 1244 1241 1294 et
1270 1253 1459 1296 vocem
1502 1241 1854 1313 audivimus,

222 1330 272 1379 et
297 1324 532 1394 speciem
562 1326 689 1394 ejus
712 1326 966 1382 vidimus
1000 1327 1173 1382 etiam
1201 1334 1328 1398 post
1359 1330 1852 1387 resurrectionem.

230 1412 473 1482 Palpatus
493 1419 577 1469 est
605 1414 781 1484 enim,
804 1422 859 1470 et
877 1428 1157 1485 apparens
1176 1416 1507 1489 discipulis,
1539 1418 1860 1476 disserebat

231 1502 307 1557 eis
325 1502 388 1556 de
410 1516 593 1575 regno.
635 1504 848 1559 Deinde
877 1511 933 1559 et
951 1504 1205 1560 divinam
1228 1505 1558 1562 servitutem
1580 1514 1636 1563 et
1662 1510 1859 1565 adora-

237 1590 457 1646 tionem:
496 1605 664 1661 quam
700 1592 1015 1648 Christiani
1052 1606 1239 1649 veram
1270 1598 1326 1649 et
1368 1594 1648 1652 sinceram
1690 1597 1854 1654 ﬁdem

1967 451 2079 508 qua
2102 439 2453 509 praecipitur,
2484 442 2606 495 Non
2632 442 2800 507 facies
2830 456 3037 495 omnem
3067 442 3499 506 similitudinem,
3530 443 3614 500 fu-

1966 525 2163 597 giunt:
2193 533 2249 583 et
2268 527 2559 583 veritatem
2583 528 2641 583 in
2664 527 2953 597 injustitia
2976 528 3349 600 possidentes,
3372 537 3427 585 et
3447 544 3609 587 suam

1960 614 2249 683 justitiam
2280 617 2530 673 volentes
2567 623 2834 689 statuere,
2862 622 3123 673 exercent
3144 632 3203 673 se
3223 619 3291 674 ad
3336 618 3610 689 impieta—

1966 706 2112 757 tem:
2138 704 2273 760 etin
2306 705 2742 761 insubsistentia
2782 706 3063 762 mendacii
3097 706 3427 777 gloriantes,
3450 719 3481 761 a
3508 720 3611 761 ve-

1965 790 2134 846 ritate
2153 793 2495 850 alienantur.
2522 794 2697 849 Voces
2725 794 2876 850 enim
2901 809 3026 865 quae
3063 794 3202 851 olim
3228 795 3287 849 in
3320 794 3438 866 lege
3459 795 3605 849 datae

1965 887 2099 936 sunt
2126 882 2335 953 p0pulo
2376 883 2547 939 Israel
2580 887 2679 954 qui
2715 883 2896 941 vitulo
2927 884 3126 939 serviit
3150 880 3165 954 (
3186 882 3360 937 Brod.
3386 882 3604 954 xxxu),

1965 973 2021 1025 et
2060 970 2449 1043 Egyptiarum
2491 972 2980 1030 abominationum
3019 972 3465 1043 experimentum
3502 971 3607 1027 ha-

1966 1056 2114 1128 buit,
2144 1059 2601 1123 Christianorum
2633 1068 2864 1118 sacrata:
2894 1069 3127 1117 caterva:
3163 1062 3510 1131 coaptantes,
3549 1072 3610 1115 se

1967 1146 2264 1216 publicant
2286 1155 2342 1204 et
2366 1154 2729 1219 portentuose
2761 1149 3078 1221 loquuntur
3127 1144 3263 1222 [Gr.,
3287 1154 3344 1204 et
3358 1148 3609 1218 capiun—

1967 1232 2116 1309 tur],
2131 1236 2320 1293 adusti
2338 1236 2510 1294 labiis
2520 1239 2638 1293 oris
2650 1239 2761 1295 sui.
2777 1239 3002 1294 Utinam
3018 1238 3453 1305 intellexissent,
3469 1238 3607 1309 quia

1966 1324 2244 1380 Dominus
2263 1325 2606 1382 inducturus
2617 1341 2713 1383 eos
2732 1327 2789 1382 in
2814 1334 3018 1383 terram
3036 1326 3521 1396 repromissionis.
3540 1340 3606 1383 eo

1969 1414 2117 1482 quod
2154 1412 2476 1469 habitarent
2502 1414 2561 1469 in
2586 1428 2648 1470 ea
2670 1420 2862 1486 gentes
2897 1414 3147 1471 colentes
3181 1415 3355 1485 idola,
3387 1421 3442 1471 et
3462 1416 3610 1472 ador

1968 1507 2157 1557 rantes
2190 1502 2489 1573 daemonia,
2532 1502 2705 1559 solem
2745 1516 2971 1574 quoque
2998 1517 3063 1559 ac
3086 1503 3278 1560 lunam
3298 1503 3609 1575 stellasque

1966 1595 2021 1646 et
2040 1589 2187 1646 alias
2210 1597 2522 1663 creaturas,
2560 1592 2655 1648 sed
2686 1597 2742 1647 et
2768 1592 3047 1664 volucres,
3089 1597 3145 1647 et
3193 1593 3607 1664 quadrupedia,

241 1679 290 1733 in
309 1693 360 1734 se
378 1680 643 1736 habentes
671 1681 823 1752 [fol-t.
849 1695 978 1737 vera
997 1682 1284 1738 etsincera
1304 1682 1412 1738 ﬁde
1434 1683 1493 1739 in
1511 1699 1571 1739 se
1593 1684 1855 1757 habent],
1883 1668 1938 1730 Β
1966 1684 2137 1749 amne
2190 1681 2465 1753 tepentia,
2509 1685 2565 1736 et
2624 1695 2733 1737 non
2798 1683 2975 1738 Deum
3035 1682 3226 1738 vivum
3280 1688 3337 1738 et
3390 1695 3608 1753 verum,

234 1766 523 1825 affectuose:
549 1783 617 1825 ac
638 1770 941 1826 honoranti
970 1771 1294 1827 adorationi
1316 1773 1676 1829 consimilem
1708 1789 1861 1844 prai-

231 1857 421 1913 dicant.
465 1861 525 1913 In
565 1858 660 1915 bis
698 1860 911 1930 quippe
952 1860 1179 1917 duabus
1204 1860 1373 1917 rebus
1403 1862 1663 1918 est-illud
1705 1864 1855 1934 quod

231 1948 363 2017 apud
408 1962 502 2003 eos
542 1962 867 2019 perversum
908 1955 1023 2005 est:
1078 1964 1255 2021 quare
1299 1957 1355 2007 et
1395 1951 1857 2009 Christianorum

230 2035 648 2094 calumniatores
680 2039 1273 2109 suntetappellantur.
1300 2040 1510 2096 Dicunt
1525 2041 1700 2113 enim,
1721 2041 1857 2112 quia

226 2127 491 2182 decentem
516 2128 693 2182 Deum
724 2127 1113 2184 adorationem
1135 2135 1191 2184 et
1220 2130 1548 2185 servitutem
1578 2131 1859 2202 imagini—

223 2214 333 2270 bus
356 2214 588 2271 oﬁerunt
614 2216 954 2288 ChriStiani,
986 2222 1042 2273 et
1060 2218 1197 2288 quia
1222 2217 1856 2289 incomprehensibilem

219 2304 460 2359 divinam
500 2312 761 2361 naturam
797 2306 1301 2363 circumscribunt.
1334 2307 1380 2362 Ο
1423 2308 1856 2379 abnegationem

215 2399 274 2447 et
316 2393 698 2463 stoliditatem,
740 2399 795 2450 et
820 2394 1103 2465 quidquid
1148 2395 1241 2451 his
1278 2396 1436 2452 aliud
1469 2397 1855 2454 attinethon

214 2482 364 2536 enim
403 2482 585 2538 locum
619 2482 789 2538 habet
826 2498 1029 2553 sermo,
1071 2485 1166 2540 sed
1212 2485 1511 2541 maledicto
1546 2486 1749 2555 plenus
1772 2493 1859 2543 est

209 2577 267 2625 et
289 2572 609 2627 calumniis.
637 2572 955 2628 Christiani
988 2573 1200 2643 quippe
1225 2574 1612 2631 adorationem
1638 2589 1763 2645 quae
1796 2576 1854 2631 in

208 2661 421 2730 spiritu
464 2667 519 2716 et
547 2661 783 2717 veritate
803 2665 889 2716 est
908 2659 1083 2730 (Joan.
1132 2662 1228 2735 ιν),
1262 2676 1443 2732 neque
1481 2663 1855 2735 imaginibus,

207 2764 392 2820 neque
403 2751 612 2805 divinae
633 2750 829 2821 ﬁgurae
849 2751 1040 2806 crucis
1060 2750 1344 2821 impartiti
1367 2758 1502 2807 sunt
1521 2771 1535 2819 ;
1554 2752 1648 2808 sed
1674 2766 1858 2823 neque

206 2840 529 2895 invisibilis
560 2847 618 2895 et
656 2840 1259 2909 incomprehensibilis
1292 2847 1509 2896 natura:
1550 2841 1855 2913 imaginem

202 2942 460 2999 unquam
486 2928 764 2999 fecerunt,
800 2929 892 2984 sed
934 2930 1246 2985 secundum
1274 2930 1423 3001 quod
1457 2930 1698 2986 Verbum
1725 2943 1856 2986 caro

1968 1767 2145 1839 legem
2187 1768 2394 1824 dabat:
2439 1772 2561 1826 Non
2598 1773 2767 1838 facies
2792 1772 2893 1825 tibi
2927 1772 3153 1835 idolum,
3198 1787 3369 1841 neque
3406 1787 3612 1826 omnem

1912 1933 1917 1938 _
1966 1858 2397 1922 similitudinem,
2422 1875 2752 1930 quaecunque
2771 1863 2829 1914 in
2851 1862 2976 1915 caelo
3008 1876 3247 1924 sursum,
3278 1866 3329 1916 et
3358 1878 3613 1931 quaecun-

1967 1964 2069 2017 que
2110 1949 2170 2001 in
2217 1952 2363 2001 terra
2411 1948 2659 2002 deorsum
2695 1948 2908 2019 (Exod.
2956 1950 3089 2021 xx).
3140 1948 3613 2021 Quandoquidem

1967 2034 2272 2107 subinfert,
2304 2036 2640 2093 abstrahens
2660 2051 2757 2094 eos
2777 2038 2848 2094 ab
2872 2038 3231 2095 idololatria:
3259 2042 3381 2095 Non
3401 2040 3617 2094 adora-

1969 2126 2049 2180 bis
2071 2142 2153 2187 ea,
2198 2142 2370 2195 neque
2393 2128 2589 2181 servies
2619 2127 2749 2181 illis.
2781 2125 2990 2200 (Ibid.)
3017 2128 3156 2183 Cum
3193 2133 3382 2184 autem
3426 2127 3606 2184 taber-

1968 2215 2235 2271 naculum
2254 2215 2568 2271 testimonii
2589 2216 2902 2272 secundum
2919 2216 3144 2271 Domini
3166 2216 3605 2287 dispositionem

1968 2304 2175 2360 faceret
2210 2305 2396 2361 ﬁdelis
2434 2302 2684 2361 famulus
2711 2306 2837 2375 ejus
2878 2308 3096 2377 Moyses
3134 2306 3400 2362 universa
3428 2311 3616 2362 osten-

1965 2396 2105 2450 dens
2134 2395 2346 2450 servire
2365 2395 2476 2465 illi,
2499 2394 2804 2450 sensibiles
2818 2395 3115 2451 cherubim
3139 2395 3399 2452 humana:
3421 2393 3615 2451 forma:

1968 2484 2151 2539 instar
2172 2483 2618 2554 intelligentiam
2642 2479 2661 2557 [
2682 2490 2844 2554 typos
2866 2479 3357 2557 intelligibilium]
3381 2496 3450 2538 ex
3472 2495 3614 2539 auro

1968 2573 2231 2643 patravit,
2247 2572 2649 2628 obumbrantes
2662 2572 3150 2643 propitiatorium,
3173 2573 3462 2629 Christum
3480 2584 3617 2642 prab-

1968 2661 2237 2733 ﬁgurans.
2272 2663 2394 2731 Ipse
2422 2667 2509 2717 est
2548 2662 2701 2717 enim
2752 2662 3087 2732 propitiatio
3136 2666 3493 2733 peccatorum
3522 2676 3617 2718 no-

1967 2755 2237 2814 strornm,
2259 2756 2323 2806 ut
2341 2750 2425 2805 ait
2444 2750 2678 2806 divinus
2692 2750 2987 2820 apostolus
3005 2748 3062 2820 (I
3079 2752 3237 2804 Joan.
3257 2751 3336 2823 ιι).
3355 2751 3499 2822 Ergo
3514 2763 3613 2820 per

1964 2838 2110 2893 duas
2152 2853 2239 2895 res
2280 2852 2378 2894 eos
2416 2838 2739 2895 introduxit
2770 2839 2838 2894 ad
2878 2839 2976 2894 Dei
3016 2839 3421 2911 cognitionem,
3464 2838 3609 2895 illud

1966 2927 2197 2997 quidem
2227 2927 2470 2983 dicendo
2498 2924 2657 3001 [tum
2686 2924 2838 3002 dic.]
2876 2946 2889 2981 :
2927 2930 3213 2982 Dominum
3254 2930 3423 2982 Deum
3461 2932 3617 2981 tuum

202 3014 420 3072 factum
457 3023 562 3083 est,
606 3024 659 3073 et
693 3016 969 3073 habitavit
1000 3018 1059 3073 in
1100 3017 1266 3073 nobis
1292 2999 1492 3087 *(Joan.
1532 3018 1590 3091 ι),
1626 3032 1691 3074 ea
1729 3032 1857 3088 quas
1885 2999 1935 3066 Ο
1965 3016 2241 3079 adorabis,
2270 3021 2319 3070 et
2351 3018 2458 3086 ipsi
2476 2999 2579 3070 soli
2606 3018 2803 3070 servies
2819 2999 3056 3086 (Matth.
3085 3030 3139 3070 ιν
3163 3015 3212 3088 ):
3258 3016 3363 3072 hoc
3388 3029 3519 3072 vero
3541 3013 3617 3071 fa-

200 3104 469 3161 bumanae
498 3106 951 3176 dispensationis
970 3106 1096 3175 ejus
1130 3111 1283 3177 sunt,
1317 3106 1564 3178 pingunt
1584 3112 1639 3162 et
1661 3106 1860 3179 imagi-

115 3240 123 3246 .
198 3200 420 3250 nantur
459 3190 845 3269 [imaginibus
880 3192 1262 3270 exprimunt].
1312 3196 1680 3267 Scientesque
1719 3197 1857 3267 quia

194 3283 449 3352 spiritus
468 3288 556 3339 est
584 3285 753 3353 Deus,
777 3289 831 3338 et
851 3296 948 3339 eos
973 3284 1074 3354 qui
1112 3284 1354 3340 adorant
1382 3298 1533 3354 eum,
1560 3285 1619 3339 in
1641 3284 1856 3354 spiritu

193 3377 255 3426 et
273 3380 514 3427 veritate
533 3377 757 3442 oportet
792 3372 1048 3442 adorare,
1097 3372 1488 3428 adorationem
1526 3378 1582 3427 et
1602 3373 1859 3429 servitu-

193 3466 311 3516 tem
361 3476 489 3532 qua:
528 3476 629 3532 per
672 3461 837 3517 ﬁdem
893 3466 998 3530 est,
1051 3461 1164 3532 ipsi
1202 3462 1322 3517 soli
1361 3464 1496 3533 Deo,
1543 3462 1643 3531 qui
1685 3475 1859 3532 super

197 3563 399 3607 omnes
425 3551 483 3606 in
509 3551 792 3606 Trinitate
824 3550 1110 3622 laudatur,
1135 3549 1400 3606 oﬁ‘erunt.
1428 3553 1567 3606 Nam
1588 3550 1856 3606 divinum

199 3644 401 3708 typum
442 3640 638 3696 crucis
674 3644 728 3695 et
777 3639 1128 3695 venerabiles
1168 3639 1446 3712 imagines
1474 3639 1763 3695 desiderio
1802 3644 1859 3694 et

206 3728 411 3784 aﬁectu
425 3729 751 3800 ﬂagrantes,
771 3728 1082 3783 secundum
1098 3726 1509 3798 principalium
1525 3727 1858 3784 relationem

208 3817 542 3885 salutamus,
573 3822 629 3871 et
668 3815 1084 3871 honorabiliter
1122 3816 1447 3871 adoramus.
1482 3815 1634 3871 Vana
1668 3816 1861 3886 itaque

212 3911 265 3960 et
286 3906 501 3975 inania,
524 3919 627 3961 seu
655 3904 1010 3961 clandestina
1037 3901 1191 3977 [Gr.,
1226 3901 1488 3978 inﬁrma]
1514 3904 1862 3961 omnimodis

216 4002 377 4065 atque
416 3995 565 4051 levia
608 4007 805 4050 eorum
845 3993 1077 4064 eloquia
1100 4007 1223 4049 esse
1267 3997 1660 4050 monstrantur
1696 4007 1729 4049 a
1760 4007 1863 4049 ve—

223 4084 397 4152 ritate,
419 4083 898 4154 quemadmodum
923 4087 979 4138 et
997 4086 1198 4138 ctetera
1235 4081 1422 4138 aliena
1446 4096 1479 4138 a
1506 4083 1712 4153 pietate
1762 4083 1865 4138 in-

224 4171 549 4245 telligentes,
582 4172 752 4228 aiunt
775 4190 788 4227 :

635 4281 919 4347 Gregorius
954 4281 1233 4349 episcopus
1273 4279 1432 4348 legit:
1532 4336 1539 4341 _
1656 4348 1677 4357 β

293 4407 317 4438 (ι
354 4389 420 4443 Et
450 4388 508 4444 in
547 4387 736 4443 Veteri
776 4388 1132 4443 Testamento
1159 4389 1386 4444 dicente
1425 4389 1494 4445 ad
1526 4391 1770 4460 Moysem
1809 4397 1867 4448 et

236 4494 257 4523 ι
291 4476 352 4533 ad
401 4476 717 4547 populum:
778 4478 898 4534 Non
939 4479 1108 4545 facies
1147 4478 1353 4532 tibimet
1410 4479 1638 4541 idolum,
1691 4495 1865 4549 neque

239 4584 258 4613 υ
292 4582 487 4620 munem
533 4566 967 4629 similitudinem,
1007 4582 1340 4636 quaecunque
1377 4569 1437 4621 in
1471 4569 1596 4623 caelo
1624 4584 1861 4636 sursum,

237 4671 261 4702 ι
294 4661 338 4709 et
356 4672 687 4725 quacunque
730 4657 788 4709 in
818 4660 964 4709 terra
993 4656 1243 4710 deorsum
1266 4653 1439 4727 (Deut.
1474 4657 1560 4730 v):
1597 4672 1664 4715 eo
1708 4662 1859 4731 quod

238 4760 262 4791 ι
303 4745 354 4799 in
377 4751 561 4802 monte
580 4746 652 4801 de
674 4745 861 4801 medio
884 4745 1038 4817 ignis
1059 4759 1248 4802 vocem
1262 4746 1562 4803 verborum
1580 4763 1680 4805 vos
1703 4752 1865 4807 audi-

237 4851 260 4882 ι
292 4835 471 4905 vistis,
497 4841 554 4891 et
573 4834 1020 4891 similitudinem
1044 4850 1157 4893 non
1177 4837 1431 4907 vidistis,
1456 4839 1551 4894 sed
1578 4852 1786 4896 vocem.
1832 4860 1859 4893 n

636 4962 985 5032 Epiphanius
1001 4963 1263 5019 diaconus
1281 4965 1434 5033 legit:

290 5071 428 5127 Hinc
443 5070 798 5126 occasionem
814 5067 1129 5141 impietatis
1145 5071 1463 5144 attrahunt,
1478 5075 1643 5144 quasi
1659 5091 1867 5146 pueros

228 5161 572 5219 Christianos
592 5160 1048 5229 sophismatibus
1072 5161 1197 5217 suis
1214 5168 1580 5232 portentuosa
1603 5166 1869 5223 rabievin-

230 5251 382 5306 ﬁcere
395 5250 659 5304 nitentes.
680 5248 827 5317 Quia
842 5249 1023 5321 igitur
1037 5249 1087 5306 si
1104 5263 1203 5319 per
1218 5246 1237 5323 [
1252 5249 1338 5306 Gr.
1352 5294 1366 5321 ,
1384 5252 1557 5309 veluti
1578 5253 1732 5310 larva
1746 5262 1869 5312 ter-

230 5341 477 5406 ritantes,
493 5336 645 5408 quod
665 5338 715 5392 si
742 5334 865 5412 per]
889 5338 1205 5409 imaginum
1225 5340 1594 5409 scriptionem
1616 5342 1788 5400 habes
1806 5346 1864 5401 in

228 5426 810 5483 commemorationem
820 5426 1134 5496 Christum,
1149 5428 1233 5484 vel
1259 5436 1486 5486 sanctos
1505 5431 1649 5503 ejus,
1668 5432 1723 5487 in
1750 5433 1868 5490 ido-

229 5516 505 5573 lolatriam
525 5515 825 5572 dilaberis.
857 5516 1205 5589 Omnemque
1229 5518 1289 5575 bi
1313 5517 1489 5577 fortes
1516 5521 1864 5590 injustitiam

1966 3104 2169 3161 ciendo
2216 3101 2374 3178 [tum
2430 3102 2577 3179 fac.]
2619 3118 2825 3160 aureos
2864 3108 2921 3159 et
2950 3105 3269 3161 conﬁatiles
3315 3104 3612 3160 cherubim

1965 3192 2370 3249 obumbrantes
2409 3193 2874 3263 propitiatorium
2906 3190 3098 3264 (Deut.
3132 3193 3240 3265 vr),
3267 3192 3321 3248 id
3353 3198 3459 3253 est.
3487 3194 3616 3250 ado-

1968 3288 2156 3338 rantes
2188 3282 2331 3337 illud
2355 3300 2367 3335 :
2389 3289 2443 3337 et
2466 3296 2564 3351 per
2597 3281 2875 3337 visionem
2904 3287 2961 3337 et
2980 3282 3243 3337 auditum
3282 3280 3615 3337 sublevabat

1967 3384 2063 3426 eos
2088 3370 2155 3425 ad
2196 3370 2500 3425 Dominum
2532 3371 2710 3425 Deum
2744 3369 3118 3440 adorandum,
3153 3374 3210 3424 et
3241 3370 3349 3425 soli
3380 3369 3469 3425 illi
3501 3384 3614 3425 ser-

1966 3459 2254 3514 viendum.
2282 3458 2385 3514 Sed
2420 3458 2514 3514 isti
2549 3457 2915 3528 perversitate
2940 3456 3169 3526 plenum
3206 3456 3474 3513 habentes
3493 3471 3616 3513 sen-

1968 3562 2115 3617 sum,
2156 3548 2326 3603 etiam
2369 3546 2746 3617 apostolicum
2793 3545 3011 3601 dictum
3052 3550 3376 3617 proponunt
3420 3546 3617 3615 hujus-

1969 3638 2162 3693 modi:

2396 3726 2685 3793 Gregorius
2727 3726 3005 3795 episcOpus
3039 3724 3193 3793 legit:

2044 3871 2070 3902 α
2102 3852 2171 3905 Et
2198 3854 2657 3905 commutaverunt
2696 3850 2926 3917 gloriam
2970 3848 3401 3917 incorruptibilis
3430 3849 3528 3903 Dei
3554 3849 3615 3902 in

1973 3959 2000 3990 ››
2033 3940 2443 3995 similitudinem
2470 3941 2725 4007 imaginis
2756 3938 3121 4007 corruptibilis
3151 3938 3416 3991 hominis:
3447 3942 3499 3991 et
3521 3952 3618 3991 co-

1974 4049 2000 4081 »
2035 4031 2273 4097 luerunt,
2306 4034 2357 4084 et
2375 4031 2677 4083 servierunt
2706 4033 2969 4083 creatum
2991 4030 3175 4097 potius
3191 4043 3354 4097 quam
3375 4026 3618 4082 Creatori

1974 4137 2000 4169 ››
2032 4116 2211 4189 (Rom.
2258 4117 2332 4190 ι).
2376 4119 2445 4171 Et
2489 4131 2723 4173 rursus:
2771 4118 2839 4170 Et
2876 4118 2926 4170 si
2956 4129 3275 4169 noveramus
3322 4116 3618 4170 secundum

1975 4227 2001 4259 ››
2034 4224 2249 4263 carnem
2278 4207 2569 4278 Christum,
2604 4206 2699 4260 sed
2726 4221 2872 4259 nunc
2895 4205 3019 4273 jam
3054 4220 3164 4259 non
3192 4206 3437 4257 novimus
3458 4220 3617 4263 eum:

1889 4330 1946 4391 D
1977 4317 2002 4348 ››
2038 4313 2140 4367 per
2205 4296 2365 4366 ﬁdem
2421 4298 2563 4350 enim
2626 4294 2991 4391 ambulamus,
3056 4308 3166 4347 non
3210 4308 3321 4391 per
3390 4295 3618 4391 speciem

1976 4407 2003 4438 υ
2038 4389 2126 4457 {II
2148 4388 2267 4443 Cor.
2291 4400 2324 4439 v
2339 4386 2387 4456 ).
2420 4387 2488 4441 Et
2533 4384 2726 4441 eodem
2774 4383 3152 4454 approbanter
3193 4382 3447 4437 dicente:
3474 4384 3617 4449 Ergo

1975 4497 2001 4529 n
2034 4478 2167 4548 ﬁdes
2208 4493 2276 4531 ea:
2321 4475 2538 4538 auditu,
2588 4473 2812 4528 auditus
2854 4476 3035 4526 autem
3080 4487 3184 4542 per
3235 4470 3469 4525 Verbum
3518 4472 3619 4525 Dei

1976 4587 2002 4618 ι)
2035 4566 2200 4639 (Rom.
2226 4565 2319 4640 χ).
2344 4584 2369 4616 »

2347 4690 2692 4761 Epiphanius
2743 4688 3003 4743 diaconus
3058 4686 3185 4753 legit
3210 4703 3223 4740 :

2044 4800 2233 4858 Palam
2262 4797 2568 4856 dicendum
2587 4801 2691 4865 est,
2715 4796 2853 4866 quia
2871 4794 2984 4864 ipsi
3004 4791 3318 4865 comparati
3340 4797 3479 4851 sunt
3493 4807 3623 4867 gen-

1974 4893 2152 4964 tibus,
2176 4903 2302 4963 quae
2320 4890 2740 4944 commutaveru
2750 4890 2810 4940 nt
2822 4885 3062 4956 gloriam
3083 4884 3206 4947 Dei,
3225 4888 3281 4940 et
3296 4885 3620 4941 servierunt

1975 4987 2249 5040 creatura:
2278 4977 2473 5049 potius
2499 4988 2667 5045 quam
2687 4973 2966 5042 Creatori,
2989 4977 3405 5030 commutantes
3424 4979 3480 5029 et
3501 4987 3622 5043 per-

1974 5075 2254 5129 vertentes
2273 5080 2475 5123 sensus
2489 5062 2834 5133 apostolicos
2854 5061 3167 5118 secundum
3186 5075 3289 5119 sua
3308 5060 3615 5119 desideria.

1975 5164 2114 5217 Nam
2136 5156 2404 5215 omnibus
2418 5159 2635 5209 certum
2655 5155 2759 5221 est,
2784 5151 2923 5222 quia
2940 5164 3188 5224 paganos
3211 5150 3454 5208 irridere
3472 5148 3628 5205 vide-

1978 5259 2074 5309 tur
2096 5247 2422 5319 Apostolus,
2444 5242 2727 5299 dicendo:
2760 5240 3235 5297 Commutaverunt
3261 5241 3493 5308 gloriam
3524 5240 3623 5293 in-

1976 5336 2343 5407 corruptibilis
2360 5335 2456 5389 Dei
2468 5335 2528 5386 in
2548 5331 2961 5386 similitudinem
2975 5332 3231 5399 imaginis
3252 5327 3621 5397 corruptibilis

1975 5430 2223 5484 hominis.
2251 5424 2426 5481 Infert
2447 5423 2634 5479 enim:
2664 5425 2715 5476 et
2735 5422 3033 5483 volucrum,
3052 5425 3101 5474 et
3127 5416 3545 5487 quadrupedum
3572 5416 3623 5467 et

1974 5519 2303 5587 serpentium
2320 5512 2485 5585 (Rom.
2511 5527 2528 5568 ι
2556 5512 2608 5585 ):
2636 5511 2773 5568 licet
2792 5511 2905 5581 ipsi
2932 5507 3324 5565 fraudulenter
3346 5507 3618 5572 integram
