4010 6160
463 257 572 320 445

1712 259 2066 318 ANASTASII
2103 256 2640 316 BIBLIOTHECARII

3730 258 3815 332 illi

465 385 776 460 reciderint
798 387 1269 459 disputationem,
1297 394 1362 446 ut
1385 389 1552 460 quasi
1582 403 1653 444 ex
1673 389 1779 444 hoc
1799 383 2113 456 simplicio-
2136 381 2188 440 A
2219 386 2498 451 gnovimus
2527 385 2822 439 secundum
2858 398 3074 437 carnem
3116 381 3415 444 Christum,
3451 384 3543 438 sed
3569 399 3698 438 nunc
3712 385 3812 452 jam

465 455 558 530 res
575 475 884 546 decipiant,
897 455 1066 546 quasi
1096 477 1166 532 de
1190 455 1442 533 ecclesia
1468 475 1879 548 imaginalibus
1902 455 2112 528 descri-

468 563 766 633 ptionibus
805 564 1100 634 apostolus
1124 565 1230 622 hoc
1261 565 1606 636 praetendat;
1640 561 1954 636 prasertim
1981 573 2112 617 cum

467 651 569 708 illa
597 665 722 722 qua
755 651 1214 726 subinferuntur,
1252 652 1609 709 manifestam
1637 652 1880 708 habeant
1910 650 2114 720 expla—

470 739 778 796 nationem.
831 740 1134 798 Volucrum
1164 741 1317 797 enim
1357 746 1414 797 et
1445 741 1880 813 quadrupedum
1913 745 1968 794 et
1993 751 2110 794 ser-

471 827 728 898 pentium
760 828 1103 885 mentionem
1131 827 1286 900 fecit,
1327 834 1384 886 et
1417 830 1554 900 quia
1587 829 1911 886 servierunt
1947 839 2116 883 crea—

471 923 616 972 tura
662 917 856 986 potius
881 929 1051 987 quam
1089 917 1364 973 Creatori.
1387 919 1676 974 Noverunt
1704 915 2115 972 historicorum

471 1002 754 1060 librorum
781 1004 1146 1077 peritissimi,
1179 1005 1315 1076 quia
1338 1005 1586 1077 Egyptii
1617 1005 1756 1060 olim
1783 1004 1954 1060 boves
1975 1003 2119 1059 cole-

470 1090 628 1162 bant,
672 1095 730 1147 et
773 1091 890 1148 alia
933 1092 1348 1164 quadrupedia,
1396 1098 1454 1148 et
1480 1092 1740 1148 volatilia
1768 1091 2014 1162 diversa,
2063 1095 2120 1146 et

473 1193 718 1251 muscas,
767 1183 823 1236 et
859 1179 1199 1236 crabronum
1254 1180 1600 1252 habitacula,
1651 1185 1707 1236 et
1729 1173 1936 1234 viliora
1989 1178 2122 1234 istis

471 1267 824 1324 animantia:
876 1268 1060 1324 Persa
1095 1282 1226 1324 vero
1257 1268 1432 1324 solem
1469 1273 1524 1324 et
1563 1268 1771 1340 ignem.
1797 1265 1980 1323 Graci
2010 1280 2125 1322 au—

472 1359 586 1411 tem
628 1369 801 1425 super
842 1355 950 1412 hoc
996 1356 1152 1412 omni
1200 1361 1476 1412 creatura
1534 1355 1894 1424 servierunt;
1939 1355 2035 1411 sed
2067 1357 2123 1410 et

471 1441 833 1499 Hebraorum
864 1443 1121 1516 quidam,
1173 1448 1238 1500 ut
1267 1443 1415 1500 liber
1461 1444 1784 1516 Regnorum
1835 1447 2031 1498 narrat
2069 1445 2128 1498 et

476 1531 880 1602 prophetarum
919 1532 1242 1589 relationes.
1279 1534 1419 1588 Nam
1439 1531 1657 1603 dicant,
1686 1530 1914 1602 quando
1935 1529 2127 1587 stulta

475 1618 640 1676 facta
681 1628 818 1677 sunt
858 1626 1072 1694 gentes,
1103 1625 1162 1677 et
1189 1620 1558 1677 obscuratum
1606 1624 1692 1675 est
1720 1619 2003 1689 insipiens
2027 1631 2127 1674 cor

2221 487 2330 525 non
2357 475 2603 527 novimus
2628 469 2722 544 (II
2742 471 2860 527 Cor.
2899 471 2998 544 v):
3055 471 3136 526 ita
3173 469 3323 525 dicit
3360 467 3378 541 (
3389 471 3516 524 hom.
3539 468 3595 526 Μ
3623 473 3738 525 inII
3749 471 3810 525 ad

2222 559 2375 633 Cor.)
2399 580 2416 615 :
2457 561 2747 617 Neminem
2799 561 3062 617 novimus
3109 560 3414 615 secundum
3451 573 3656 616 carnem
3692 561 3812 616 ﬁde-

2224 648 2386 704 lium.
2411 649 2558 718 Quid
2585 649 2736 706 enim
2758 653 2815 704 et
2834 649 2884 704 si
2911 649 2968 704 in
2994 661 3163 704 carne
3179 645 3354 704 sunt?
3373 646 3464 702 sed
3482 647 3590 702 vita
3611 647 3699 702 illa
3718 661 3812 704 car-

2224 737 2374 793 nalis
2397 737 2588 809 periit,
2607 741 2662 793 et
2680 737 2982 794 desursum
3007 736 3124 792 nati
3148 750 3348 792 sumus
3363 736 3586 805 spiritu,
3609 741 3660 790 et
3673 735 3812 792 aliam

2225 825 2487 882 novimus
2527 825 2866 881 civilitatem
2909 829 2964 880 et
2993 824 3491 892 conversationem,
3531 828 3584 878 et
3605 823 3754 878 vitam
3773 830 3817 878 et

2225 913 2696 970 constitutionem
2741 927 2868 984 qua
2913 913 2973 969 in
3003 912 3168 970 calis
3197 918 3300 968 est.
3343 914 3544 968 Iterum
3571 911 3814 980 ejusdem:

2226 1002 2527 1058 Auctorem
2571 1016 2694 1059 esse
2728 1003 3022 1058 Christum
3059 1001 3442 1057 demonstrat:
3479 999 3618 1056 unde
3634 1004 3700 1086 .et
3741 999 3821 1054 in-

2237 1089 2411 1146 tulit:
2435 1091 2506 1144 Et
2542 1092 2592 1144 si
2629 1106 2949 1145 noveramus
2991 1089 3265 1144 Christum
3302 1087 3584 1142 secundum
3623 1101 3819 1149 canam,

2235 1179 2333 1232 sed
2354 1194 2500 1233 nunc
2513 1178 2638 1247 jam
2657 1194 2766 1232 non
2811 1179 3080 1233 novimus.
3109 1177 3214 1232 Dic
3258 1175 3424 1244 mihi,
3456 1173 3696 1245 nunquid
3715 1186 3824 1228 car-

2234 1279 2360 1324 nem
2390 1267 2680 1338 deposuit,
2705 1270 2764 1323 et
2792 1280 2945 1322 nunc
2976 1279 3087 1322 non
3116 1269 3204 1320 est
3231 1278 3357 1320 cum
3381 1261 3646 1334 corpore?
3669 1261 3820 1317 absit:

2233 1356 2445 1412 etenim
2478 1361 2535 1412 et
2566 1369 2716 1412 nunc
2747 1355 2807 1410 in
2834 1367 3003 1410 carne
3033 1358 3138 1410 est.
3161 1353 3264 1408 Hic
3283 1353 3433 1408 enim
3465 1352 3636 1419 Jesus,
3657 1349 3744 1420 qui
3761 1362 3827 1405 as-

2235 1449 2502 1514 sumptus
2529 1448 2614 1500 est
2650 1457 2684 1500 a
2714 1443 2881 1500 nobis
2920 1444 2980 1498 in
3024 1441 3252 1509 calum,
3281 1441 3367 1497 sic
3401 1432 3580 1496 veniet
3603 1435 3738 1508 (Act.
3766 1437 3824 1509 ι).

2234 1532 2349 1602 Sic,
2367 1533 2651 1604 quomodo
2667 1532 2697 1582 ‘I
2721 1532 2781 1588 in
2803 1545 2972 1588 carne
3002 1544 3134 1588 cum
3154 1541 3408 1600 corpore.
3437 1525 3707 1596 Quomodo
3721 1539 3828 1596 ergo

2236 1621 2356 1676 ait:
2381 1623 2453 1676 Et
2479 1623 2529 1676 si
2556 1636 2875 1676 noveramus
2897 1619 3195 1676 secundum
3219 1632 3434 1673 carnem
3467 1616 3734 1680 Christum,
3756 1612 3830 1667 sed

474 1721 672 1765 eorum
693 1708 1038 1780 ‘lantequam
1055 1709 1437 1766 credidissent
1454 1708 1516 1764 in
1531 1707 1844 1776 Christum,
1867 1721 1941 1763 an
1963 1709 2128 1776 post—
2159 1715 2211 1776 Β
2237 1725 2384 1764 nunc
2397 1709 2521 1778 jam
2543 1725 2653 1764 non
2689 1711 2937 1763 novimus
2959 1711 2987 1762 ?
3015 1708 3152 1778 quia
3177 1711 3234 1762 et
3257 1707 3311 1762 si
3339 1703 3653 1776 passibilem
3689 1714 3832 1756 nove—

476 1811 646 1868 quam
686 1797 1102 1855 crediderunt?
1145 1799 1346 1870 utique
1373 1802 1676 1868 antequam
1707 1795 2120 1852 credidissent:

479 1884 843 1943 manifestum
867 1887 1018 1942 enim
1055 1887 1180 1943 hoc.
1201 1887 1260 1943 Si
1282 1887 1435 1943 enim
1455 1885 1730 1956 dixerint,
1763 1889 2128 1956 posteaquam

476 1975 846 2030 crediderunt
888 1975 949 2030 in
984 1975 1276 2032 Christum
1317 1978 1532 2046 gentes,
1559 1979 1834 2030 creatura
1861 1987 1928 2028 ac
1955 1971 2130 2028 idolis

477 2062 812 2134 deservisse,
838 2063 1292 2134 dispensationis
1308 2063 1527 2119 Christi
1557 2062 1657 2118 Dei
1690 2061 1871 2118 nostri
1898 2060 2135 2132 prophe-

479 2151 576 2208 tia
622 2152 933 2209 secundum
975 2153 1132 2223 ipsos
1163 2152 1458 2209 mendaces
1485 2155 1673 2223 erunt,
1720 2164 1846 2222 qua
1871 2163 2134 2220 pronun-

483 2241 641 2297 tiata
681 2247 818 2298 sunt
857 2241 929 2298 de
974 2241 1246 2297 Ecclesia.
1301 2241 1429 2297 Erit
1467 2239 1778 2297 Jerusalem
1821 2243 2038 2308 sancta,
2079 2242 2136 2294 et

478 2328 816 2400 alienigena
846 2341 958 2384 non
989 2328 1322 2386 transibunt
1348 2341 1447 2400 per
1473 2340 1596 2384 eam
1623 2328 1796 2384 ultra.
1830 2329 1929 2384 Et:
1961 2327 2136 2381 Mise—

479 2416 775 2472 ricordiam
800 2431 972 2472 meam
1013 2433 1122 2471 non
1155 2416 1466 2487 dispergam
1493 2417 1563 2471 ab
1595 2418 1692 2488 eis,
1747 2430 1918 2484 neque
1928 2416 2138 2485 profa-

481 2504 622 2558 nabo
655 2508 1030 2560 testamentum
1065 2520 1276 2570 meum;
1302 2509 1354 2559 et
1391 2519 1509 2574 qua
1531 2503 1838 2574 procedunt
1871 2503 1937 2558 de
1975 2503 2136 2556 labiis

481 2595 615 2648 meis
646 2608 756 2648 non
797 2595 1001 2662 faciam
1029 2596 1193 2649 irrita
1233 2593 1418 2666 (Psal.
1451 2591 1768 2665 Lxxxvm).
1807 2593 1866 2648 Si
1897 2605 2029 2648 vero
2065 2590 2137 2646 ab

485 2681 780 2754 agnitione
808 2681 909 2738 Dei
934 2683 1162 2738 exsules
1204 2681 1497 2754 facientes,
1538 2687 1594 2738 et
1616 2685 1746 2738 ante
1775 2680 1992 2737 Christi
2029 2679 2142 2735 ad—

489 2775 718 2827 ventum
749 2770 948 2827 traditi
981 2776 1118 2828 sunt
1159 2771 1217 2827 in
1262 2771 1566 2842 reprobum
1599 2783 1850 2840 sensum,
1906 2767 2136 2826 diabolo

486 2859 818 2922 servientes,
851 2872 992 2914 vana
1023 2864 1110 2915 est
1147 2861 1422 2916 adversus
1448 2858 1810 2916 Christianos
1846 2857 2138 2914 accusatio

488 2961 614 3018 qua
642 2960 794 3003 nunc
817 2947 890 3002 ab
909 2947 995 3004 eis
1015 2947 1278 3018 eﬁicitur,
1310 2953 1366 3004 et
1395 2947 1745 3004 ﬁducialiter
1769 2947 1924 3003 dicet
1943 2945 2014 3002 ad
2040 2959 2138 3002 eos

487 3035 666 3090 Isaias
699 3035 982 3093 clamans:
1023 3038 1116 3093 Va
1143 3039 1242 3106 qui
1267 3036 1516 3092 scribunt
1552 3036 1862 3100 malitiam;
1889 3033 2141 3089 scriben—

487 3128 566 3178 tes
594 3126 757 3187 enim,
793 3126 1064 3180 malitiam
1087 3123 1492 3196 scribunt(Isa.
1527 3139 1587 3189 x,
1614 3139 1714 3179 sec.
1741 3122 1924 3196 LXX).
1957 3121 2142 3194 Igitur

489 3211 738 3284 maligne
763 3227 830 3269 ac
855 3213 1315 3286 tergiversatorie
1339 3213 1688 3284 apostolicas
1709 3215 1768 3268 et
1796 3217 2028 3267 cateras
2056 3223 2142 3266 sa-

488 3314 600 3356 cra
621 3301 932 3372 Scriptura
968 3315 1131 3360 voces
1167 3302 1532 3373 accipientes,
1563 3300 1836 3357 festinant
1874 3312 2138 3372 magnum

489 3389 700 3447 salutis
729 3395 935 3447 nostra
961 3391 1293 3463 mysterium
1313 3389 1770 3462 dispensationis
1791 3388 2008 3444 Christi
2038 3387 2137 3442 Dei

491 3479 698 3551 nostri,
740 3493 841 3550 per
869 3493 1035 3552 quem
1068 3481 1342 3550 redempti
1385 3493 1588 3536 sumus
1615 3478 1686 3534 ab
1731 3490 1922 3534 errore
1949 3475 2144 3532 idolo-

491 3583 640 3639 rum,
691 3574 1026 3638 pervertere,
1074 3573 1131 3624 et
1169 3568 1228 3622 in
1258 3581 1318 3623 se
1360 3567 1601 3639 gloriam
1649 3563 1995 3620 transferre:
2045 3563 2139 3619 sed

492 3657 692 3712 nullus
733 3656 820 3712 eis
865 3655 1052 3711 credit
1085 3655 1567 3711 Christianorum.
1613 3653 1961 3708 Conﬁtemur
1987 3650 2141 3706 enim

493 3742 772 3813 universi,
823 3741 894 3797 ab
923 3754 1116 3797 errore
1156 3741 1443 3798 idolorum
1490 3746 1548 3798 et
1566 3741 1636 3796 ab
1678 3740 1834 3797 omni
1863 3738 2143 3810 religione

495 3830 698 3902 gentili
717 3829 1009 3885 Christum
1025 3841 1219 3885 verum
1237 3829 1415 3885 Deum
1435 3835 1694 3886 nostrum
1714 3827 1771 3884 in
1793 3825 2143 3898 profectione

495 3929 620 3984 sua,
653 3929 764 3987 qua
793 3917 1107 3972 secundum
1128 3930 1355 3972 carnem
1379 3917 1448 3972 ad
1473 3931 1579 3973 nos
1601 3916 1755 3972 venit
1776 3930 1888 3972 non
1912 3914 2142 3985 penitus

493 4003 861 4060 abstraxisse.
913 4007 1084 4061 Porro
1121 4005 1170 4062 si
1223 4005 1336 4076 ipsi
1378 4006 1484 4063 hoc
1525 4005 1761 4060 minime
1798 4003 2146 4060 conﬁtentur

495 4091 678 4148 fuisse
728 4090 961 4164 factum,
1009 4106 1111 4149 nec
1163 4092 1597 4162 confessionem,
1641 4107 1743 4149 nec
1792 4093 2144 4150 vocationem

494 4181 622 4250 ejus
647 4180 875 4236 habent.
918 4181 1074 4238 Unde
1102 4182 1376 4238 adversus
1402 4197 1500 4239 eos
1523 4181 1830 4254 Apostolus
1859 4181 1978 4236 ait:
2004 4179 2148 4246 Quid

498 4270 642 4324 enim
670 4269 854 4328 habes.
878 4270 1024 4339 quod
1045 4287 1154 4326 non
1179 4269 1538 4343 accepisti?(1
1559 4270 1678 4326 Cor.
1699 4269 1800 4342 iV.)
1826 4269 1899 4325 At
1918 4268 1967 4324 si
1999 4281 2150 4324 acce-

505 4364 730 4430 perunt,
762 4358 918 4414 illam
940 4359 1387 4431 redemptionem
1413 4359 1673 4416 conﬁteri
1711 4357 2047 4430 debuerant,
2093 4361 2150 4413 et

499 4447 794 4519 suscipere
815 4448 1112 4520 imagines,
1139 4464 1263 4521 qua
1282 4454 1419 4506 sunt
1434 4447 1811 4505 ecclesiastici
1835 4447 2064 4503 decoris
2087 4446 2146 4502 in

497 4539 797 4596 oculorum
827 4545 1120 4610 aspectum
1174 4539 1340 4596 nobis
1386 4537 1614 4611 elfecta,
1650 4543 1706 4595 et
1751 4537 2149 4594 enarrationes

497 4627 838 4700 evangelica
867 4641 966 4698 per
1016 4641 1112 4684 eas
1151 4627 1210 4682 in
1243 4632 1458 4684 mentes
1493 4633 1720 4684 nostras
1748 4631 2056 4696 assumpta
2088 4625 2148 4682 in

496 4717 1091 4774 commemorationem
1127 4719 1184 4772 et
1208 4715 1540 4773 relationem
1588 4716 1926 4790 evangelica
1957 4715 2151 4770 histo—

499 4803 621 4878 ria,
666 4805 840 4862 sicuti
871 4805 1134 4862 crebrius
1173 4805 1394 4862 dictum
1435 4812 1542 4862 est.
1589 4807 1659 4862 Et
1684 4805 1954 4878 quoniam
2003 4803 2158 4882 alias

498 4906 727 4964 quoque
746 4893 1090 4964 apostolicas
1114 4909 1276 4952 voces
1311 4901 1655 4966 pr0ponunt,
1687 4897 1976 4952 dicentes:
2004 4895 2074 4948 Et
2101 4897 2151 4949 si

497 4997 818 5038 noveramus
854 4983 1126 5038 Christum
1167 4985 1463 5040 secundum
1491 5001 1728 5049 carnem,
1759 4986 1856 5040 sed
1873 5001 2019 5040 nunc
2027 4987 2152 5056 jam

441 5125 446 5129 .
497 5087 608 5127 non
659 5075 938 5129 novimus:
968 5089 1072 5144 per
1115 5075 1274 5144 ﬁdem
1325 5077 1468 5130 enim
1510 5075 1874 5138 ambulamus,
1919 5091 2029 5130 non
2049 5091 2154 5146 per

500 5163 728 5233 speciem
757 5159 846 5233 (II
863 5162 983 5217 Cor.
1013 5162 1209 5236 v):in
1249 5163 1498 5220 medium
1554 5162 1908 5234 proferamus
1948 5163 2151 5220 harum

500 5251 841 5322 interpretes
862 5255 919 5307 et
939 5253 1244 5324 magistros
1276 5253 1654 5326 magnivocos.
1687 5253 1932 5308 Joannes
1957 5253 2152 5324 itaque

502 5341 602 5410 qui
635 5339 956 5412 fulgentius
977 5355 1120 5398 auro
1149 5347 1205 5398 et
1225 5341 1414 5412 lapide
1445 5341 1700 5412 possidet
1726 5340 2139 5417 magisterium,

505 5431 886 5501 interpretans
914 5431 1174 5501 Apostoli
1199 5431 1420 5486 dictum
1439 5431 1588 5502 quod
1615 5431 1734 5486 ait:
1767 5433 1961 5502 Itaque
1977 5448 2044 5486 ea:
2058 5433 2154 5487 hoc

499 5538 598 5580 nos
639 5527 907 5582 neminem
951 5524 1198 5578 novimus
1235 5521 1534 5577 secundum
1579 5537 1813 5579 carnem.
1859 5526 1932 5582 Et
1965 5527 2016 5581 si
2055 5541 2153 5581 co—

2239 1811 2432 1852 ramus
2454 1797 2766 1869 Christum,
2810 1797 2905 1852 sed
2942 1796 3059 1866 jam
3103 1807 3256 1851 nunc
3303 1807 3430 1849 non.
3464 1794 3595 1847 Nam
3618 1793 3833 1844 nostrum

2239 1886 2555 1942 secundum
2575 1898 2800 1942 carnem
2821 1899 2964 1948 esse,
2986 1891 3073 1940 est
3120 1884 3180 1940 in
3217 1881 3466 1953 peccatis
3507 1892 3645 1935 esse:
3675 1881 3725 1932 et
3745 1889 3834 1932 non

2241 1974 2551 2033 secundum
2577 1987 2800 2030 carnem
2847 1987 2990 2047 esse,
3039 1973 3099 2028 in
3129 1971 3382 2043 peccatis
3410 1983 3516 2025 non
3545 1980 3674 2024 esse.
3696 1963 3838 2020 Chri-

2241 2065 2316 2122 sti
2341 2079 2473 2121 vero
2511 2077 2634 2120 esse
2676 2063 2988 2119 secundum
3021 2075 3267 2132 carnem,
3303 2065 3390 2116 est
3419 2059 3478 2114 in
3521 2054 3838 2128 passionibus

2241 2167 2366 2210 esse
2386 2156 2642 2223 natura;
2667 2156 2732 2208 ut
2757 2156 2892 2222 puta
2924 2150 3192 2219 sitiendo,
3227 2147 3554 2218 esuriendo,
3571 2141 3836 2214 fatigando,

2242 2241 2598 2298 dormiendo.
2628 2241 2922 2296 Peccatum
2952 2239 3104 2294 enim
3140 2251 3254 2294 non
3288 2235 3443 2299 fecit,
3474 2247 3572 2290 nec
3592 2231 3742 2288 dolus
3763 2229 3840 2284 in—

2242 2335 2448 2387 ventus
2471 2335 2558 2387 est
2589 2329 2646 2385 in
2695 2343 2794 2386 ore
2830 2330 2955 2400 ejus
2997 2326 3123 2400 (Isa.
3172 2341 3272 2382 Lm
3295 2325 3330 2399 ).
3363 2325 3517 2381 Unde
3551 2327 3604 2378 et
3628 2319 3837 2376 dicebat:

2245 2421 2376 2486 Quis
2406 2437 2474 2475 ea
2516 2420 2666 2475 vobis
2694 2423 2887 2488 arguet
2911 2434 2994 2473 me
3040 2419 3106 2472 de
3135 2417 3406 2488 peccato?
3431 2411 3613 2486 (Joan.
3641 2410 3769 2482 vm.)
3791 2409 3844 2462 Et

2247 2509 2494 2566 iterum:
2538 2509 2698 2564 Venit
2732 2509 2988 2578 princeps
3027 2505 3223 2560 mundi
3259 2504 3450 2574 hujus,
3489 2508 3537 2557 et
3574 2501 3630 2554 in
3666 2514 3737 2553 me
3759 2512 3843 2551 non

2245 2599 2455 2652 invenit
2497 2593 3392 2668 quidquam(.loan.x1v).lgitur
3433 2604 3538 2647 non
3580 2587 3842 2644 secundum

2248 2699 2471 2742 carnem
2491 2685 2784 2740 Christum
2805 2697 2948 2754 esse,
2981 2689 3067 2739 est
3082 2683 3198 2753 jam
3223 2681 3302 2738 ab
3335 2681 3425 2736 his
3449 2677 3692 2736 tristitiis
3720 2673 3842 2730 libe-

2251 2775 2389 2844 rari,
2413 2779 2470 2830 et
2498 2787 2610 2830 non
2631 2773 2846 2844 absque
2873 2786 3044 2828 carne
3064 2785 3206 2828 esse.
3239 2771 3467 2827 Etenim
3486 2781 3608 2824 cum
3633 2767 3740 2836 ipsa
3765 2774 3844 2816 ve-

2251 2864 2370 2920 niet
2388 2863 2756 2933 judicaturus
2784 2861 2977 2918 orbem
3004 2859 3426 2931 impassibilem
3456 2871 3571 2914 eam
3597 2854 3780 2912 habens
3803 2856 3845 2904 et

2250 2949 2779 3022 incorruptibilem:
2817 2949 2878 3004 in
2900 2950 3049 3020 quod
3081 2953 3138 3004 et
3167 2961 3274 3004 nos
3319 2945 3694 3013 transibimus,
3713 2935 3845 2994 conﬁ-

2169 3051 2220 3116 ί]
2249 3044 2452 3112 gurato
2476 3052 2712 3110 corpore
2743 3037 2911 3095 nobis
2939 3036 3135 3094 effecto
3155 3037 3389 3108 corpori
3433 3031 3698 3090 claritatis
3730 3028 3840 3096 ejus.

2249 3129 2523 3185 Praterea
2541 3127 2792 3198 Cyrillus
2812 3126 3237 3182 Alexandrinus
3254 3126 3638 3196 propugnator
3652 3118 3846 3174 sincera

2251 3216 2382 3273 ﬁdei
2416 3220 2644 3288 nostra,
2681 3215 2992 3286 explanans
3031 3213 3198 3270 nobis
3229 3201 3401 3270 ’idem
3443 3211 3668 3277 dictum,
3693 3202 3846 3261 taliter

2251 3307 2694 3376 interpretatur:
2731 3317 2858 3361 nam
2887 3304 3023 3375 quia
3053 3303 3240 3360 factus
3273 3303 3444 3359 homo
3463 3308 3545 3359 est
3566 3292 3846 3368 unigenitus

2249 3394 2351 3450 Dei
2371 3394 2638 3464 Verbum,
2661 3395 2718 3448 et
2739 3392 2903 3448 radix
2941 3391 3166 3463 generis
3186 3390 3462 3461 apparuit
3489 3384 3734 3450 secunda,
3761 3389 3845 3434 non

2247 3483 2410 3552 juxta
2455 3482 2693 3552 primam
2728 3495 2853 3551 qua
2898 3485 2985 3536 est
3011 3493 3080 3536 ex
3107 3479 3312 3550 Adam,
3347 3479 3444 3536 sed
3476 3477 3535 3532 in
3563 3466 3847 3530 melioribus

2253 3567 2782 3639 incomparabiliter
2811 3567 3238 3640 intelligendam
3275 3573 3336 3623 et
3359 3567 3679 3623 existentem
3706 3563 3849 3612 trans-

2251 3654 2568 3712 formamur
2611 3655 2681 3711 ad
2711 3657 2907 3711 vitam.
2957 3657 3078 3711 Non
3121 3655 3276 3712 enim
3312 3669 3510 3711 sumus
3545 3649 3645 3706 sub
3689 3647 3846 3704 morte,

2253 3743 2348 3800 sed
2376 3743 2484 3800 sub
2507 3745 2631 3814 ipso
2670 3743 2850 3800 Verbo
2891 3743 3039 3814 quod
3085 3748 3292 3800 cuncta
3325 3741 3600 3800 viviﬁcat:
3627 3741 3678 3793 et
3721 3741 3848 3788 nemo

2252 3837 2340 3889 est
2365 3833 2425 3888 in
2449 3846 2636 3905 carne,
2672 3833 2729 3888 id
2756 3837 2862 3903 est,
2891 3833 2951 3888 in
2980 3832 3319 3888 inﬁrmitate
3357 3830 3590 3900 carnali,
3617 3821 3748 3896 quod
3785 3819 3851 3872 est

2255 3922 2567 3992 corruptio.
2601 3924 2722 3976 Non
2769 3927 2958 3977 autem
2987 3921 3094 3976 hoc
3138 3921 3288 3976 dicit
3337 3919 3566 3984 Paulus,
3599 3911 3733 3987 qubd
3759 3915 3848 3963 non

2255 4011 2334 4066 sit
2359 4010 2419 4065 in
2437 4023 2607 4066 carne
2629 4010 2912 4066 Christus.
2947 4011 3085 4066 Nam
3106 4015 3164 4065 et
3182 4010 3232 4066 si
3267 4010 3439 4080 dicit,
3461 4007 3717 4064 Neminem
3737 3993 3852 4051 novi-

2253 4115 2374 4154 mus
2402 4099 2698 4154 secundum
2720 4114 2956 4162 carnem,
2980 4113 3092 4154 non
3125 4105 3313 4155 tamen
3343 4099 3450 4155 hoc
3477 4091 3772 4168 signiﬁcat;
3797 4080 3852 4136 δί’

2257 4187 2489 4260 quidem
2515 4187 2798 4259 quomodo
2829 4193 3090 4245 mortuus
3109 4188 3238 4244 est?
3267 4188 3377 4244 hoc
3406 4187 3556 4242 enim
3583 4177 3755 4238 carnis
3777 4173 3853 4228 inc

2259 4275 2502 4333 ﬁrmitas
2547 4283 2650 4332 est.
2685 4277 2832 4349 Ergo
2871 4276 3022 4348 quod
3063 4277 3228 4346 dicit,
3279 4277 3389 4333 hoc
3417 4273 3769 4331 est:Factum
3787 4262 3852 4315 est

2177 4387 2231 4448 D
2257 4378 2388 4422 caro
2409 4364 2674 4436 Verbum,
2707 4370 2762 4422 et
2784 4379 2885 4435 pro
2913 4365 3182 4421 omnibus
3205 4369 3432 4421 mortua
3467 4367 3588 4418 est:
3619 4363 3672 4413 et
3692 4353 3766 4411 sic
3788 4361 3854 4448 ca

2258 4453 2560 4525 gnovimus
2595 4467 2724 4510 eum
2768 4454 3082 4511 secundum
3129 4465 3380 4524 carnem,
3421 4452 3779 4507 verumtamen
3802 4447 3854 4490 el

2261 4543 2366 4598 hoc
2384 4543 2500 4611 Jam
2534 4557 2644 4598 non
2684 4543 2964 4600 novimus.
2991 4546 3130 4600 Nam
3168 4548 3226 4600 et
3267 4544 3318 4600 si
3352 4549 3439 4600 est
3475 4552 3623 4598 nunc
3647 4536 3702 4591 in
3722 4535 3856 4587 carne

2257 4631 2603 4704 (resurrexit
2625 4633 2779 4689 enim
2810 4635 2978 4690 tertio
2998 4633 3114 4706 die,
3135 4641 3192 4690 et
3213 4633 3476 4690 ascendit
3491 4631 3551 4686 in
3569 4621 3758 4693 caios)
3779 4613 3853 4672 Sed

2258 4733 2433 4792 supra
2460 4734 2685 4776 carnem
2717 4721 3084 4794 intelligitur.
3127 4723 3249 4776 Non
3287 4722 3442 4776 enim
3469 4721 3582 4789 jam
3631 4709 3853 4770 moritur,

2261 4825 2444 4882 neque
2470 4811 2644 4868 aliam
2673 4811 2926 4883 aliquam
2952 4811 3146 4866 carnis
3193 4809 3586 4865 inﬁrmitatem
3630 4795 3853 4890 sustintfa

2261 4902 2359 4958 sed
2392 4901 2486 4958 his
2509 4901 2778 4958 omnibus
2806 4906 2894 4957 est
2924 4901 3113 4972 potior
3149 4905 3422 4969 tanquam
3469 4897 3634 4951 Deus.
3677 4883 3856 4943 Videtis

2261 5002 2416 5062 ergo,
2447 4989 2782 5060 adversarii,
2827 4989 2964 5060 quia
3009 5001 3119 5044 non
3151 4987 3336 5043 solum
3375 4981 3706 5055 apostolicas
3729 4977 3860 5062 voce?

2263 5059 2608 5151 pervertitis,
2646 5079 2741 5134 sed
2771 5059 2998 5134 sanctis
3039 5077 3306 5134 Patribus
3352 5063 3740 5132 adversamini.
3767 5059 3859 5151 ipsi

2261 5148 2413 5225 enim
2445 5181 2546 5237 per
2573 5148 2820 5222 antelata
2857 5167 3011 5222 dicta
3034 5166 3327 5222 Christum
3357 5158 3714 5234 passionibus
3739 5148 3862 5237 nue—

2263 5235 2459 5311 ratum'
2501 5260 2628 5324 post
2668 5255 3140 5311 resurrectionem
3188 5253 3516 5322 ostendunt,
3561 5253 3616 5304 et
3645 5255 3742 5332 nos
3773 5235 3863 5332 dif

2261 5353 2390 5402 cent
2419 5353 2688 5416 tanquam
2731 5343 3050 5402 conformes
3083 5344 3309 5400 effectos
3359 5339 3586 5411 corpori
3621 5330 3862 5392 claritatis

2261 5439 2406 5508 ejus,
2466 5449 2578 5491 non
2644 5435 2956 5490 secundum
3013 5447 3237 5489 carnem
3295 5430 3608 5498 ambulare,
3677 5421 3726 5478 id
3776 5417 3860 5516 erit.

2265 5538 2378 5584 non
2409 5523 2615 5582 sectari
2667 5523 2926 5580 carnales
2966 5524 3302 5597 voluptates.
3357 5521 3534 5576 Porro
3580 5530 3673 5573 vos
3713 5513 3866 5568 vesti—
