4010 6160
225 271 313 331 447
911 277 929 289 ”
980 278 1525 336 INTERPRETATIO
1563 279 1809 337 SYNODI
1846 283 1940 338 VII
1975 281 2473 343 GENERALIS.—
2506 289 2710 348 ACTIO
2745 294 2834 348 VI.

3504 292 3611 353 M8

222 391 303 461 gia
366 390 575 446 horum
644 394 905 464 persequi
948 482 953 483 γ
1002 394 1238 450 minime
1313 396 1608 466 patientes,
1684 394 1855 450 aliter
1878 390 1937 450 A
1965 410 1991 442 »
2024 394 2093 451 Et
2122 398 2180 453 in
2214 399 2320 455 hoc
2345 405 2674 460 memoriam
2703 405 2922 478 habete,
2951 409 3058 466 lilii
3102 411 3323 483 dilecti,
3358 428 3427 471 ne
3455 416 3622 472 indu-

223 493 371 548 qnam
456 480 655 535 Patres
728 482 1022 551 sapiendo,
1092 497 1290 538 vanam
1354 485 1655 554 quamdam
1723 483 1852 554 glo—

220 567 347 622 riam
396 563 803 640 [opinionem]
850 569 1241 642 introducitis,
1309 577 1365 626 et
1392 572 1541 626 viam
1586 586 1695 627 non
1737 571 1856 626 tri-

216 663 317 711 tam
375 656 759 727 ambulantes,
808 665 1024 715 vosmet
1069 664 1126 715 et
1182 664 1489 717 sectatores
1526 666 1744 716 vestros
1790 659 1849 714 in

212 745 524 815 praecipitia
605 751 662 801 et
725 745 919 803 fauces
992 748 1333 820 inducendo,
1382 749 1440 804 in
1503 748 1850 819 profundum

212 821 415 889 inferni
501 835 859 908 demergitis.
936 838 1142 892 Verum
1213 838 1377 893 vobis
1434 852 1596 894 nemo
1669 838 1853 894 credit

209 936 312 979 non
339 923 718 993 sequentibus
757 929 1082 981 sanctorum
1120 927 1350 983 Patrum
1386 933 1711 983 nostrorum
1740 927 1854 983 do—

204 1012 468 1067 ctrinam.
517 1013 661 1068 Sane
693 1013 838 1069 illud
893 1015 1042 1085 quod
1089 1015 1326 1087 dicitur,
1372 1018 1474 1069 Per
1507 1017 1666 1086 ﬁdem
1711 1017 1853 1069 enim

203 1101 567 1164 ambulamus,
595 1118 703 1156 non
723 1120 827 1173 per
847 1105 1092 1173 speciem,
1127 1104 1275 1160 idem
1304 1106 1548 1161 Joannes
1578 1105 1853 1174 interpre-

201 1196 349 1259 tans,
399 1191 487 1246 sic
540 1191 626 1246 ait
673 1190 827 1261 (hom.
889 1189 954 1248 40
1000 1195 1060 1247 in
1106 1196 1165 1249 Π
1213 1194 1288 1248 ad
1324 1193 1518 1265 Cor.):
1588 1196 1667 1249 Ne
1718 1193 1854 1265 quis

196 1279 356 1334 dicat
382 1296 395 1332 :
434 1281 575 1350 quid
604 1293 738 1352 ergo
757 1280 786 1335 ‘l
827 1281 1069 1338 dicendo
1093 1300 1106 1335 :
1143 1282 1401 1348 Quandiu
1425 1298 1611 1337 sumus
1640 1285 1699 1336 in
1729 1298 1856 1336 cor—

190 1384 348 1436 pore,
389 1370 812 1438 peregrinamur
852 1386 887 1423 a
924 1372 1169 1432 Domino,
1231 1377 1295 1425 ut
1325 1371 1462 1441 quid
1510 1370 1627 1426 hmc
1655 1370 1857 1436 dicis?

192 1456 390 1512 Alieni
416 1470 553 1527 ergo
577 1457 856 1515 etiicimur
880 1458 951 1514 ab
970 1473 1036 1515 eo
1069 1460 1162 1514 hic
1186 1460 1497 1516 existentes
1517 1464 1544 1515 ?
1572 1463 1718 1515 Ante
1744 1474 1865 1516 cor-

194 1546 373 1615 rexit,
418 1547 620 1602 dicens
679 1548 777 1601 Per
832 1548 992 1617 fidem
1028 1549 1392 1611 ambulamus,
1442 1565 1552 1603 non
1586 1565 1689 1619 per
1734 1565 1865 1619 spe—

190 1637 329 1688 ciem
352 1653 373 1699 ;
394 1640 452 1690 et
472 1634 570 1690 hic
590 1635 822 1705 quidem
842 1650 970 1692 eum
992 1637 1227 1707 scimus,
1254 1638 1348 1693 sed
1373 1651 1485 1693 non
1514 1638 1591 1692 ita
1615 1637 1857 1709 liquido.

1964 503 1989 536 ››
2023 487 2165 544 catis
2205 490 2483 562 imagines
2532 493 2590 548 in
2630 495 2919 567 ecclesias,
2968 512 3148 569 neque
3193 500 3252 556 in
3298 505 3621 560 cmmeteria

1962 593 1988 625 »
2023 586 2386 650 sanctorum;
2438 582 2530 638 sed
2585 597 2682 653 per
2726 586 3051 642 memoriam
3099 588 3297 645 habete
3338 591 3512 647 Deum
3559 592 3620 648 in

1964 684 1989 715 »
2021 667 2295 725 cordibus
2337 672 2578 742 vestris;
2628 674 2723 729 sed
2766 688 2945 745 neque
2981 676 3040 732 in
3080 677 3314 734 domum
3359 694 3625 736 commu-

1968 772 1995 803 υ
2029 769 2185 812 nem:
2235 772 2347 814 non
2377 760 2526 816 enim
2563 762 2792 832 expedit
2820 763 3149 822 Christiano
3204 781 3303 836 per
3331 768 3531 825 oculos
3567 775 3627 827 et

1968 862 1995 893 n
2029 845 2355 916 vagationes
2391 849 2595 904 mentis
2636 850 2845 906 efferri.
2896 852 3005 922 Qui
3045 859 3102 909 et
3147 855 3296 912 alios
3334 870 3625 915 sermones

1963 950 1990 982 ››
2022 935 2285 1002 exposuit
2310 935 2367 991 in
2390 937 2815 994 subversionem
2832 939 3256 999 etﬁciendarum
3281 944 3596 1017 imaginum
3613 988 3628 1019 ,

1964 1039 1990 1071 ι)
2025 1036 2168 1091 quos
2194 1024 2294 1093 qui
2320 1037 2566 1081 amorem
2592 1022 2852 1084 diécendi
2877 1029 3102 1103 habent,
3131 1038 3447 1103 quaerentes
3478 1033 3627 1090 inve-

1964 1125 1990 1158 »
2028 1109 2207 1166 nient.
2240 1130 2266 1161 »

2387 1239 2733 1309 Epiphanius
2777 1243 3038 1300 diaconus
3070 1246 3228 1315 legit:

2039 1377 2332 1436 Amatores
2391 1381 2619 1439 dicendi
2674 1386 3193 1446 ecclesiasticorum
3263 1393 3623 1464 negotiorum

1972 1467 2319 1525 scrutinium
2353 1466 2502 1543 [Gr.,
2524 1472 2783 1530 Studiosi
2818 1475 2877 1531 in
2899 1480 3226 1535 scrutandis
3253 1480 3424 1537 rebus
3453 1481 3626 1537 eccle-

1973 1555 2289 1632 siasticis],
2322 1572 2419 1615 eos
2449 1561 2549 1631 qui
2589 1562 2759 1618 aliter
2804 1566 3056 1636 sapiunt,
3107 1582 3385 1640 suamque
3421 1569 3625 1626 volunt

1973 1649 2222 1702 statuere
2241 1647 2551 1719 justitiam,
2584 1657 2640 1706 et
2667 1651 2878 1708 divina:
2908 1655 3194 1728 resistere,
3233 1663 3512 1714 noverunt
3534 1670 3630 1714 no-

189 1723 264 1777 Ει
324 1722 476 1777 alibi
531 1722 711 1778 dicit:
768 1725 929 1817 Nunc
950 1725 1195 1817 uidemus
1216 1727 1275 1779 in
1294 1727 1508 1817 speculo
1538 1731 1589 1780 et
1624 1727 1682 1779 in
1721 1728 1864 1817 ten}:-
1894 1731 1944 1791 B
1976 1733 2094 1790 this
2122 1740 2176 1791 et
2219 1733 2384 1793 falsis
2413 1740 2941 1810 conscriptionibus
2990 1722 3318 1817 innitentes,
3353 1752 3627 1817 tanquam

187 1816 399 1876 amate,
461 1815 592 1865 tunc
636 1817 817 1866 autem
845 1815 987 1881 facie
1029 1814 1129 1867 ad-
1155 1816 1338 1882 facian
1367 1813 1415 1885 (Ι
1456 1814 1576 1869 Cor.
1616 1813 1758 1886 xm).
1796 1816 1864 1868 Et

192 1898 317 1953 haec
344 1899 584 1969 quidem
601 1899 768 1955 ambo
793 1901 1008 1973 egregii
1036 1903 1230 1957 Patres
1253 1902 1558 1971 dixerunt;
1588 1903 1862 1973 quoniam

186 1988 334 2043 etin
358 1988 503 2044 aliis
521 1989 699 2045 dictis
724 1990 849 2045 suis
863 1989 1172 2060 Apostolus
1194 1991 1417 2061 liquido
1440 1991 1606 2048 nobis
1630 2005 1858 2047 sensum

186 2077 447 2149 indicat,
474 2078 711 2134 dicens:
749 2079 903 2145 Quod
943 2082 1085 2133 enim
1126 2080 1274 2133 videt
1303 2082 1445 2149 quis,
1470 2080 1605 2149 quid
1623 2085 1806 2150 sperat
1835 2082 1862 2134 ?

185 2167 251 2221 Si
266 2172 463 2221 autem
492 2169 639 2235 quod
652 2183 761 2221 non
788 2169 1051 2239 uidemus,
1083 2185 1382 2238 speramus,
1402 2186 1506 2239 per
1540 2172 1862 2239 patientiam

187 2261 582 2325 exspectamus
613 2254 778 2327 (Rom.
831 2256 975 2330 Vill).
1016 2257 1389 2328 Perspicuum
1419 2272 1553 2331 ergo
1585 2263 1690 2328 est,
1724 2259 1861 2329 quia

186 2358 298 2414 per
328 2345 502 2400 ﬁdem
552 2344 937 2416 ambulamus,
986 2350 1042 2401 et
1074 2360 1183 2402 non
1231 2361 1330 2417 per
1360 2347 1623 2417 speciem.
1670 2349 1862 2417 Neque

184 2436 357 2490 enim
407 2434 676 2490 videmus
725 2434 821 2489 hic
866 2437 1066 2504 Deum,
1107 2436 1203 2491 sed
1246 2437 1536 2492 credimus
1580 2437 1638 2492 in
1687 2450 1857 2492 eum:

187 2524 341 2593 quia
373 2531 431 2579 et
461 2537 527 2579 ea
578 2538 702 2581 anze
750 2525 1029 2597 condidit,
1060 2525 1168 2581 fide
1217 2525 1471 2581 dicimus
1494 2524 1565 2581 ab
1602 2540 1668 2582 eo
1717 2524 1865 2582 facta

189 2610 426 2681 fuisse;
472 2613 952 2683 quemadmodum
1006 2627 1207 2685 magna
1255 2613 1509 2683 Spiritus
1560 2627 1694 2669 voce
1743 2614 1866 2684 ipse

166 2690 503 2771 praedicat,
559 2701 797 2757 dicens:
830 2703 961 2756 Fide
998 2704 1351 2771 intelligimus
1398 2707 1588 2772 aptata
1617 2718 1728 2757 esse
1759 2718 1870 2757 sae-

192 2791 326 2843 cula
376 2790 552 2844 Verbo
605 2793 724 2853 Dei,
760 2796 820 2845 ut
858 2807 925 2845 ex
970 2791 1338 2845 inuisibilibus
1390 2791 1632 2845 visibilia
1680 2794 1870 2861 ﬁerent

193 2876 391 2947 (Hebr.
467 2878 566 2951 χι).
631 2880 702 2934 Et
756 2879 1205 2949 contemplantes
1251 2879 1579 2936 ordinatum
1653 2884 1869 2936 motum

194 2968 634 3038 universitatis,
680 2969 749 3024 ad
812 2968 1252 3040 intelligentiam
1297 2968 1559 3024 venimus
1595 2969 1719 3039 Dei,
1766 2968 1870 3039 qui

1971 1824 2203 1892 spurios
2236 1830 2291 1880 et
2339 1840 2451 1882 non
2496 1830 2759 1898 proprios
2804 1832 3069 1889 Ecclesiae
3111 1834 3409 1891 catholicae
3453 1834 3625 1902 ﬁlios,

1972 1911 2208 1967 minime
2247 1918 2311 1969 ut
2339 1912 2545 1971 fratres
2571 1918 2907 1988 admittere;
2954 1920 3070 1977 imo
3112 1936 3244 1979 vero
3286 1923 3628 1984 abdicantes

1969 2000 2202 2056 dicunt:
2239 2002 2428 2057 Semen
2471 2003 2734 2060 Chanaan
2758 2011 2809 2061 et
2836 2024 2945 2062 non
2972 2011 3118 2064 Juda
3162 2008 3212 2081 (Ι
3248 2013 3407 2067 Joan.
3457 2013 3628 2085 xm);

1970 2090 2215 2145 scientes
2264 2090 2334 2146 ab
2376 2093 2718 2164 evangelista
2745 2096 2984 2152 dicunt:
3027 2100 3299 2175 Exierunt
3349 2117 3417 2155 ea:
3450 2102 3626 2165 nobis,

1970 2180 2066 2233 scd
2096 2195 2205 2233 non
2246 2186 2481 2235 erantea:
2514 2184 2688 2238 nobis.
2717 2184 2779 2239 Si
2810 2188 2952 2240 enim
2981 2193 3155 2243 essent
3199 2205 3267 2243 ea:
3294 2190 3468 2254 nobis,
3489 2207 3634 2260 per-

1969 2270 2296 2324 mansissent
2345 2272 2531 2340 utique
2574 2272 2850 2327 nobiscum
2880 2274 2927 2344 (Ι
2962 2277 3120 2331 Joan.
3183 2277 3262 2351 ιι).
3312 2280 3379 2335 Et
3420 2279 3630 2337 iterum

1972 2358 2363 2415 sacratissimo
2401 2358 2673 2429 Apostolo
2714 2362 2974 2419 dicente:
3013 2364 3152 2430 Quia
3181 2367 3472 2422 intrabunt
3504 2374 3633 2439 post

1974 2446 2267 2501 discessum
2310 2464 2487 2503 meum
2545 2451 2663 2519 lupi
2702 2466 2894 2518 graves
2936 2454 2996 2506 in
3040 2469 3154 2516 vos,
3199 2470 3309 2509 non
3346 2461 3633 2525 parcentes

1973 2538 2143 2603 gregi,
2162 2540 2224 2590 ut
2247 2537 2524 2593 abducant
2544 2540 2839 2609 discipulos
2853 2546 2978 2610 post
3006 2557 3085 2597 se.
3118 2544 3188 2597 Et
3228 2544 3403 2599 videte
3427 2561 3493 2599 ne
3511 2548 3634 2615 quis

1974 2638 2068 2677 vos
2110 2625 2347 2696 decipiat
2377 2643 2479 2695 per
2524 2628 2926 2698 philosophiam
2976 2635 3027 2685 et
3074 2632 3295 2686 inanem
3347 2634 3635 2701 fallaciam

1976 2709 2119 2781 (Act.
2156 2715 2270 2788 xx).
2305 2717 2374 2771 Et
2401 2731 2602 2773 rursus
2628 2717 2777 2773 idem
2805 2736 2817 2772 :
2846 2720 3023 2774 Nolite
3060 2722 3208 2774 omni
3234 2722 3460 2791 spiritui
3513 2738 3638 2777 cre—

1980 2802 2105 2856 dere
2125 2800 2173 2873 (Ι
2214 2806 2371 2858 Joan.
2408 2807 2502 2877 ιν).
2552 2807 2743 2861 Decet'
2770 2820 2904 2879 ergo
2949 2822 3415 2881 unumquemque
3460 2810 3639 2867 Chri-

1981 2891 2255 2962 stianum,
2301 2891 2401 2963 qui
2446 2891 2590 2950 falso
2622 2893 2802 2950 libros
2847 2896 3031 2966 audit,
3082 2896 3186 2952 hos
3228 2911 3539 2971 exspuere,
3573 2912 3639 2955 ac

1982 2979 2331 3036 nullatemus
2347 2981 2668 3038 admittere.
2697 2983 2917 3039 Etenim
2938 2984 3059 3040 divi
3077 2986 3322 3056 apostoli
3348 2986 3417 3042 ad
3439 2986 3641 3043 Laodi-

194 3058 403 3112 omnia
457 3058 518 3112 in
569 3057 851 3127 sapientia
882 3056 1035 3113 fecit
1069 3059 1183 3113 Hoc
1229 3070 1363 3130 ergo
1412 3062 1527 3113 est:
1562 3059 1666 3141 Per
1704 3056 1872 3113 ﬁdem
1901 3075 1948 3135 ο
1980 3081 2176 3123 censes
2204 3066 2387 3125 fertur
2416 3070 2545 3126 ficta
2565 3071 2809 3141 epistola
2840 3072 2901 3128 in
2927 3072 3271 3143 quibusdam
3316 3074 3487 3130 libris
3514 3088 3644 3145 apo-

196 3146 598 3215 ambulamus,
631 3151 687 3202 et
717 3160 829 3203 non
858 3160 955 3217 per
990 3146 1272 3217 speciem:
1319 3152 1377 3202 et
1406 3160 1518 3203 non
1549 3132 1613 3203 ut
1659 3146 1772 3217 ipsi
1799 3159 1869 3201 ex

201 3235 755 3306 indisciplinatione
772 3236 985 3308 lingua:
1005 3236 1381 3305 depravantes
1401 3250 1629 3292 sensum
1651 3239 1873 3306 aposto-

203 3324 412 3395 licum,
438 3325 498 3380 in
521 3324 937 3381 venerabilium
963 3325 1283 3397 imaginum
1302 3324 1606 3381 factionem
1633 3337 1873 3394 accepe—

203 3420 348 3468 runt
374 3415 527 3485 quod
550 3414 772 3470 dictum
795 3419 899 3469 est.
928 3414 1223 3470 Doctrinis
1247 3428 1382 3485 ergo
1405 3414 1611 3484 patriis
1627 3412 1866 3479 auditis,

207 3501 316 3557 has
332 3516 668 3573 sequamur.
686 3508 743 3559 et
764 3507 1095 3573 praesentem
1117 3502 1427 3559 novitatem
1451 3502 1867 3573 abominemur,

209 3591 501 3648 dicentes:
570 3592 731 3647 0divi
805 3593 1080 3646 ecclesiam
1134 3592 1576 3660 malignantium,
1647 3595 1698 3646 et
1752 3606 1874 3646 cum

212 3681 396 3750 impiis
424 3697 535 3735 non
559 3681 750 3735 sedebo
775 3679 939 3753 (Psal.
970 3680 1123 3754 xxv).

789 3823 1020 3881 TOMUS
1077 3822 1390 3893 QUINTUS.

647 3949 990 4019 Epiphanius
1021 3948 1282 4002 diaconus
1314 3948 1479 4016 legit:

292 4076 569 4146 Quoniam
595 4075 667 4130 ad
700 4075 981 4130 malitiam
1011 4077 1311 4130 currentes
1340 4074 1509 4144 pedes
1537 4086 1755 4137 eorum,
1789 4072 1882 4128 ir—

234 4166 381 4220 retiti
413 4171 549 4221 sunt
574 4164 701 4221 suis
725 4163 969 4234 laqueis,
995 4176 1122 4219 ecce
1147 4167 1436 4218 ostensum
1457 4166 1562 4233 est,
1596 4162 1881 4217 neminem

236 4265 298 4306 ex
323 4252 410 4308 his
439 4254 537 4325 qui
573 4253 632 4308 in
674 4251 925 4307 Ecclesia
974 4251 1181 4307 nutriti
1213 4255 1366 4320 sunt,
1422 4250 1663 4322 gloriam
1693 4250 1792 4305 Dei
1822 4249 1882 4305 in

240 4339 540 4413 imaginum
599 4340 900 4409 facturam,
956 4340 1040 4395 vel
1092 4340 1151 4395 in
1204 4339 1378 4394 aliam
1424 4338 1882 4409 qualemcunque

1982 3156 2115 3212 stoli
2139 3157 2347 3228 jacere,
2371 3172 2540 3228 quam
2569 3160 2761 3215 Patres
2781 3161 2962 3216 nostri
2997 3161 3388 3235 reprobavere,
3419 3169 3483 3219 ut
3506 3163 3635 3219 alie

1982 3257 2110 3299 nam
2140 3244 2212 3300 ab
2260 3246 2425 3315 ipso:
2462 3251 2517 3302 et
2546 3247 2845 3303 Manicheei
2883 3250 3197 3305 secundum
3235 3249 3506 3307 Thomam
3544 3251 3644 3307 in-

1981 3334 2291 3389 troducunt
2324 3336 2701 3406 evangelium,
2756 3337 2905 3407 quod
2951 3337 3232 3394 catholica
3269 3339 3522 3396 Ecclesia
3554 3340 3646 3410 pie

1981 3414 2251 3492 tanquam
2268 3423 2521 3478 alienum
2542 3424 2766 3479 avertit.
2794 3427 2873 3480 Ita
2899 3430 2955 3480 et
2981 3440 3230 3496 praesens
3249 3428 3644 3489 testimonium

1980 3509 2199 3566 dicitur
2223 3510 2473 3581 quidem,
2504 3511 2600 3567 sed
2629 3526 2741 3568 non
2766 3517 2853 3567 est
2878 3513 3060 3569 sancti
3094 3514 3284 3569 Patris
3309 3516 3490 3571 nostri
3517 3517 3652 3587 Epi-

1982 3598 2203 3668 phanii.
2237 3598 2362 3669 Ipse
2384 3613 2628 3671 namque
2652 3600 2917 3673 egregius
2943 3602 3105 3658 Pater
3134 3602 3465 3675 octuaginta
3493 3604 3652 3675 capi-

1983 3687 2238 3742 tulorum
2275 3688 2530 3744 editione
2559 3688 2725 3759 facta,
2762 3697 2998 3747 cunctas
3034 3691 3274 3747 haereses
3309 3692 3645 3765 publicavit,

1985 3790 2231 3848 paganas
2250 3776 2474 3834 scilicet
2488 3779 2841 3850 etJudaicas,
2857 3786 2913 3835 et
2927 3784 3208 3850 quotquot
3228 3785 3355 3852 post
3376 3781 3651 3838 Christia-

1985 3867 2236 3922 nismum
2267 3865 2428 3922 factas
2459 3873 2613 3936 sunt,
2647 3867 2864 3925 nullam
2898 3868 3236 3926 dimittens:
3270 3875 3327 3926 et
3355 3872 3405 3927 si
3437 3870 3652 3944 imagi-

1988 3969 2125 4011 num
2157 3954 2457 4011 factionem
2494 3955 2739 4012 alienam
2784 3969 2817 4012 a
2843 3956 3072 4014 Christo
3112 3963 3325 4031 nosset,
3364 3958 3511 4015 hanc
3542 3959 3653 4015 uti-

1990 4058 2100 4117 que
2143 4044 2202 4100 in
2244 4058 2481 4100 numero
2526 4045 2811 4102 haereseon
2857 4047 3174 4104 statuisset.
3225 4050 3294 4105 Et
3340 4063 3546 4105 rursus
3598 4050 3649 4106 si

1989 4133 2376 4204 expositiones
2420 4133 2543 4204 has,
2592 4149 2717 4204 qum
2789 4141 2925 4191 sunt
2973 4137 3247 4194 adversus
3301 4137 3653 4194 venerabiles

1994 4223 2290 4295 imagines,
2316 4222 2566 4279 Ecclesia
2598 4223 2965 4296 suscepisset,
2994 4239 3107 4282 non
3140 4226 3341 4297 utique
3373 4226 3653 4299 imagines

1993 4313 2365 4384 pingerentur
2398 4312 2466 4368 ad
2512 4318 2775 4368 ornatum
2814 4314 3264 4371 venerandorum
3311 4316 3649 4386 templorum

240 4401 601 4488 commutasse
625 4401 963 4485 creaturam.
1001 4428 1099 4484 Eia
1128 4442 1280 4485 nunc
1322 4432 1379 4483 et
1415 4401 1748 4483 cancrorum
1775 4401 1884 4483 de—
1917 4443 1966 4502 D
1991 4407 2046 4458 θί
2075 4401 2666 4501 commemoratio.“qu
2692 4407 2964 4457 ηοδίνίίω·
3005 4404 3087 4459 Ex
3136 4404 3281 4502 iPSis
3312 4405 3466 4502 enim
3499 4405 3655 4502 δξπί*

243 4521 599 4576 strnctionem
646 4517 944 4589 faciamus,
976 4517 1344 4573 auxiliatrice
1369 4516 1583 4587 habita,
1612 4531 1736 4587 quae
1767 4530 1881 4573 non

244 4606 498 4680 vincitur,
530 4608 785 4664 veritate.
815 4606 1038 4662 Etenim
1072 4605 1182 4675 ipsi
1228 4604 1638 4661 additamentis
1667 4604 1878 4660 malum

244 4693 515 4753 abundare
545 4696 818 4764 volentes,
845 4694 1018 4750 etiam
1048 4698 1276 4750 sanctos
1306 4694 1500 4749 Patres
1538 4693 1599 4748 in
1630 4692 1880 4749 medium

1994 4491 2201 4562 pturis,
2237 4503 2380 4561 quas
2417 4490 2690 4545 novitatis
2738 4498 3111 4562 praeceptores
3153 4493 3214 4549 in
3254 4494 3653 4550 testimonium

1994 4578 2311 4650 proferunt,
2374 4592 2568 4635 earum
2637 4578 2879 4637 habetur
2924 4581 3165 4638 eversio.
3215 4581 3455 4639 Sanctus
3498 4583 3651 4639 enim

1991 4669 2352 4739 Epiphanius
2394 4667 2749 4737 temporibus
2796 4674 2918 4725 erat
2946 4670 3252 4727 Theodosii
3294 4676 3350 4728 et
3376 4670 3646 4729 Arcadii:

245 4784 609 4856 adduxerunt,
654 4799 752 4841 eos
801 4759 1159 4855 obloquendo
1215 4787 1413 4840 contra
1459 4781 1865 4838 venerabiliun

1992 4759 2379 4817 extenduntur
2436 4771 2569 4829 ergo
2631 4772 2812 4828 usque
2858 4759 2926 4814 ad
2996 4765 3329 4830 prmsentem
3387 4760 3653 4818 haeresim

245 4871 543 4947 imaginum
574 4875 855 4945 picturam
877 4872 1074 4929 effatos
1098 4870 1300 4943 fuisse,
1321 4871 1629 4927 addentes:

659 4998 944 5066 Gregorius
969 4999 1249 5067 episcOpus
1294 4997 1422 5065 legit
1441 5013 1455 5050 :

1994 4849 2158 4921 quasi
2182 4847 2317 4904 anni
2338 4845 2762 4918 quadringenti.
2792 4847 3053 4905 Etlibros
3077 4848 3351 4907 adversus
3373 4849 3655 4924 imagines
3724 4906 3730 4913 .

1996 4938 2195 4995 nullus
2233 4935 2691 4992 Christianorum
2746 4936 2978 5008 recepit,
3014 4937 3129 4994 nisi
3176 4936 3308 4995 falsi
3357 4942 3657 5010 praesentis

1997 5027 2270 5085 novitatis
2294 5030 2640 5081 assertores:
2671 5025 2799 5081 etsi
2832 5030 2917 5081 tot
2939 5026 3109 5083 annis
3159 5028 3217 5083 in
3260 5029 3512 5085 Ecclesia
3543 5044 3656 5087 non

304 5146 331 5175 α
362 5124 536 5181 Porro
564 5122 812 5193 aequalia
843 5126 898 5178 et
921 5121 1311 5192 apostolorum
1355 5120 1635 5191 discipuli
1665 5121 1718 5177 ei
1745 5136 1887 5179 suc—
1998 5122 2135 5174 sunt
2155 5115 2386 5186 recepti,
2435 5127 2616 5185 neque
2644 5128 2797 5170 nunc
2845 5114 3223 5185 recipiantur,
3256 5131 3323 5174 eo
3352 5119 3503 5190 quod
3537 5118 3657 5174 ali—

234 5236 258 5262 a
288 5227 544 5269 cessores
566 5211 849 5282 deiloqui,
880 5211 1148 5267 videlicet
1178 5212 1368 5267 Patres
1414 5210 1595 5267 nostri
1628 5210 1881 5267 edocent.

2000 5204 2226 5277 quando
2264 5202 2473 5274 recepti
2502 5217 2612 5259 non
2655 5202 2888 5259 fuerint.
2921 5204 3235 5275 Epistolam
3266 5208 3440 5277 enim,
3483 5220 3655 5277 quam

232 5327 257 5353 υ
289 5303 449 5358 Dicit
473 5316 609 5374 ergo
660 5301 718 5356 in
752 5300 1044 5370 patrandis
1073 5300 1259 5372 signis
1287 5298 1709 5357 famosissimus
1744 5301 1890 5371 Epi—
2001 5296 2234 5367 quidam
2267 5308 2460 5351 eorum
2494 5292 2808 5364 proferunt,
2843 5291 2987 5350 falso
3009 5296 3459 5366 suprascriptam
3491 5296 3657 5366 ejus-

234 5412 257 5441 »
294 5391 544 5463 phanius
603 5389 877 5461 Cyprius:
924 5389 1214 5445 Attendite
1274 5389 1553 5460 vosipsos,
1609 5395 1666 5444 et
1707 5393 1892 5445 tenete
2000 5385 2125 5441 dem
2160 5384 2339 5441 sancti
2364 5382 3029 5454 EpiphaniiCypriorum
3064 5384 3267 5443 insula;
3297 5384 3565 5454 praesulis
3584 5383 3653 5439 ad

232 5502 257 5531 ιθ
295 5480 639 5535 traditiones
685 5492 828 5549 quas
882 5478 1253 5548 suscepistis;
1318 5491 1387 5533 ne
1454 5476 1757 5535 declinetis
1821 5480 1891 5535 ad
2000 5474 2381 5530 Theodosium
2409 5473 2804 5544 imperatorem
2829 5487 2933 5529 nos
2965 5472 3023 5528 in
3052 5473 3318 5529 manibus
3359 5472 3658 5542 accipien—

234 5592 260 5620 ι
292 5569 609 5640 dexteram,
636 5581 820 5639 neque
845 5567 914 5623 ad
966 5567 1286 5624 sinistram.
1318 5565 1542 5637 Quibus
1565 5565 1857 5626 subinfert
1885 5588 1898 5625 :

1996 5569 2099 5634 tes,
2126 5569 2182 5619 et
2205 5561 2600 5619 scrutabiliter
2616 5574 2727 5617 non
2750 5559 3084 5617 transitorie
3109 5560 3481 5633 perlegentes,
3507 5559 3657 5616 inve-
