4016 6168
457 313 564 372 449

1699 311 2059 368 ANASTASII
2107 311 2645 370 BIBLIOTHECARII
3756 313 3852 370 L20

459 443 655 500 nimus
685 443 746 498 in
775 442 886 498 ﬁne
915 443 1172 512 epistolae
1213 443 1551 498 sententiam
1579 439 2108 512 hujusmodiconti-
2131 428 2190 500 A
2215 444 2488 514 templum
2552 445 2960 501 dedicaverunt
2999 445 3058 500 in
3097 444 3432 515 Cypriorum
3499 442 3688 498 insula
3737 443 3854 511 ejus

455 533 608 588 neri:
641 531 778 603 quia
798 531 1089 588 multoties
1105 531 1332 588 locutus
1355 547 1484 588 cum
1505 530 1920 588 comministris
1942 529 2102 599 meis,

456 627 522 676 ut
545 619 909 676 auferrentur
957 619 1253 692 imagines,
1306 626 1564 690 receptus
1595 633 1706 676 non
1733 634 1859 676 sum
1884 619 1955 674 ab
1997 618 2102 689 eis,

455 723 638 780 neque
650 708 852 765 audire
865 721 1052 764 vocem
1067 722 1244 766 meam
1259 709 1455 764 saltem
1472 707 1768 779 paululum
1783 707 1934 778 passi
1950 711 2100 762 sunt.

453 798 820 855 Intendamus
861 811 1013 868 ergo,
1058 797 1159 868 qui
1203 795 1420 852 fuerint
1457 796 1811 866 temporibus
1832 795 1949 865 jam
1983 808 2107 850 me-

455 885 659 943 morati
706 886 891 942 Patris
915 886 1099 942 nostri
1142 885 1449 956 Epiphanii
1487 885 1546 941 in
1566 886 1819 942 Ecclesia
1846 885 2104 941 illustres

453 975 735 1048 magistri,
768 981 826 1030 et
851 975 1201 1044 incorruptae
1233 975 1587 1032 munitiones
1618 975 1918 1030 Ecclesia:
1954 972 2104 1029 Basi-

451 1063 570 1120 lius
591 1077 830 1136 magnus
859 1063 920 1119 in
951 1077 1118 1134 opere
1141 1069 1198 1118 et
1222 1077 1500 1134 sermone,
1535 1063 1848 1136 Gregorius
1885 1075 2104 1135 cogno—

453 1158 641 1208 mento
677 1151 1016 1224 Theologus,
1069 1151 1380 1224 Gregorius
1429 1152 1798 1222 Nyssensium
1850 1150 2105 1206 civitatis

452 1240 683 1312 praesul,
740 1241 904 1296 Pater
950 1241 1181 1296 Patrum
1220 1239 1291 1296 ab
1335 1241 1604 1296 omnibus
1651 1240 2010 1297 nominatus:
2047 1242 2104 1295 et

451 1330 716 1402 Joannes,
743 1329 912 1400 cujus
940 1342 972 1384 a
1015 1329 1214 1402 lingua
1236 1343 1345 1387 vox
1371 1329 1536 1386 melle
1559 1329 1789 1388 dulcior
1825 1329 2101 1402 eﬁluebat,

452 1418 602 1474 unde
647 1423 704 1474 et
741 1431 1050 1490 c0gnomen
1108 1419 1269 1474 aurei
1319 1418 1440 1474 oris
1491 1418 1728 1488 accepit.
1777 1420 2014 1488 Insuper
2051 1422 2108 1473 et

445 1505 806 1576 Ambrosius,
838 1505 1298 1576 Amphilochius,
1332 1511 1389 1561 et
1408 1505 1662 1576 Cyrillus
1687 1505 2108 1577 Hierosolymi-

448 1599 636 1652 tanus.
671 1595 730 1651 Si
759 1594 940 1667 igitur
971 1595 1092 1666 ipse
1121 1595 1221 1666 qui
1253 1595 1602 1666 conscripsit
1634 1595 1840 1654 horum
1869 1594 2107 1666 exposi-

446 1685 660 1742 tionem
706 1685 992 1740 dictorum
1053 1691 1250 1740 contra
1297 1684 1651 1741 venerabiles
1703 1685 2002 1757 imagines,
2045 1698 2104 1740 se

448 1788 557 1832 non
596 1779 882 1844 receptum
929 1774 1129 1831 dicita
1177 1775 1392 1831 sanctis
1431 1774 1704 1830 Patrihus
1730 1774 1830 1846 qui
1865 1780 2001 1829 tunc
2041 1773 2101 1830 in
2131 1768 2186 1830 B

446 1864 563 1920 vita
589 1867 945 1935 supererant,
970 1864 1252 1935 quomodo
1271 1863 1411 1920 falsa
1432 1864 1587 1920 dicta
1619 1878 1745 1934 quae
1771 1863 1882 1934 ipsi
1917 1863 2100 1920 sancti

447 1953 639 2009 Patres
685 1965 798 2008 non
838 1957 1192 2024 receperunt,
1225 1967 1330 2010 nos
1381 1952 1483 2024 qui
1549 1952 1611 2007 in
1643 1952 1810 2008 ﬁnem
1855 1952 2104 2008 saeculo—

445 2056 572 2098 rum
618 2041 952 2098 devenimus
987 2047 1044 2098 et
1087 2041 1330 2098 scientia
1375 2055 1442 2098 ac
1475 2055 1732 2098 sermone
1779 2041 2099 2114 deﬁcimus,

445 2129 584 2202 quia
607 2144 708 2186 nec
735 2130 1013 2200 discipuli
1038 2144 1234 2186 eorum
1255 2130 1418 2203 digni
1441 2146 1642 2187 sumus
1667 2130 1878 2201 vocari,
1901 2136 2099 2186 contra

443 2218 753 2276 Ecclesiam
799 2218 1144 2289 recipiemus
1160 2218 1189 2274 ‘?
1233 2217 1400 2275 Absit
1425 2219 1696 2276 scelerata
1715 2232 1780 2275 ac
1801 2218 2099 2275 temeraria

443 2306 747 2377 expositio.
779 2307 1100 2363 Caruerunt
1143 2313 1295 2362 recto
1325 2321 1582 2364 sermone
1631 2304 1650 2382 [
1674 2312 1824 2364 recta
1847 2304 2094 2382 ratione]

446 2397 548 2469 qui
595 2397 700 2454 hoc
745 2403 943 2452 contra
984 2394 1296 2453 Ecclesiam
1345 2397 1456 2453 nisi
1502 2405 1672 2454 sunt:
1711 2397 1769 2453 in
1825 2397 1992 2454 nobis
2021 2398 2100 2455 sit

441 2485 736 2542 Christum
778 2485 1162 2558 diligentibus
1195 2486 1454 2556 Apostoli
1516 2488 1759 2558 dictum,
1805 2492 2099 2543 teneamus

442 2574 783 2632 traditiones
813 2587 956 2644 quas
987 2575 1331 2645 accepimus,
1375 2580 1432 2630 et
1469 2573 1732 2644 profanas
1757 2589 1958 2631 vocum
1990 2589 2102 2631 no—

442 2663 647 2718 vitates
699 2661 1040 2734 devitemus,
1087 2667 1144 2718 et
1195 2661 1489 2719 mendacia
1533 2663 1651 2718 hac
1695 2677 1818 2720 esse
1848 2661 2100 2719 sciamus

439 2750 520 2822 (II
568 2751 750 2806 Thess.
811 2765 873 2806 ιι.
923 2752 984 2806 ΙΙ
1045 2752 1184 2805 Tim.
1246 2765 1334 2814 IIl,
1389 2753 1524 2806 Tim.
1581 2751 1686 2825 ιιι).
1739 2751 1895 2807 Libri
1945 2753 2096 2809 enim

439 2839 624 2896 sancti
651 2839 838 2896 Patris
866 2839 1047 2895 nostri
1069 2839 1400 2912 Epiphanii,
1425 2840 1544 2896 sive
1560 2840 1661 2912 qui
1682 2840 1902 2897 dicitur
1923 2840 2100 2912 Ancy.

442 2934 618 2986 rotos.
641 2928 762 2984 sive
788 2927 1022 2999 reliqui,
1063 2927 1121 2984 in
1149 2941 1370 2984 omnem
1392 2928 1584 2985 orbem
1611 2935 1894 2985 terrarum
1915 2927 2100 2986 diffa—

441 3021 690 3088 mantur,
721 3021 780 3072 et
821 3029 998 3072 sonus
1043 3030 1237 3072 eorum
1266 3017 1553 3089 vulgatus,
1587 3023 1643 3074 et
1689 3019 2096 3088 propemodum

2213 531 2512 603 discipuli,
2538 535 2899 590 nominantes
2915 534 3058 590 illud
3083 534 3333 602 ejusdem
3355 531 3626 589 vocabulo
3644 531 3855 595 Patris;

2213 627 2270 676 et
2305 636 2435 677 cum
2479 623 2676 679 multis
2717 623 2854 679 aliis
2883 622 3222 679 titularibus
3265 621 3510 692 picturis
3557 619 3855 692 imaginem

2213 710 2339 779 ejus
2366 711 2424 765 in
2449 711 2571 781 ipso
2609 713 2819 782 templo
2850 713 3194 768 locaverunt.
3224 713 3290 767 Et
3319 711 3369 766 si
3409 711 3514 766 iste
3541 709 3735 764 taliter
3763 723 3860 763 ve-

2215 798 2560 855 nerabilium
2578 800 3235 857 abominareturvultum
3262 800 3598 870 imaginum,
3636 811 3862 868 quomo-

2210 886 2284 942 do
2307 887 2584 958 discipuli
2606 890 2730 960 ejus
2752 889 3141 961 imaginaliter
3167 889 3318 945 hunc
3349 889 3749 960 depingerent:
3775 886 3862 941 Ju-

2209 975 2414 1046 dicate,
2439 991 2632 1034 omnes
2661 978 2760 1048 qui
2791 978 3029 1048 auditis,
3089 983 3143 1034 et
3184 977 3478 1033 veritatem
3507 990 3540 1032 a
3570 975 3862 1032 mendacio

2210 1071 2500 1136 separate:
2549 1067 2686 1138 quia
2717 1081 2827 1123 non
2869 1067 3055 1122 Patris
3096 1067 3380 1122 editiones
3417 1066 3526 1137 hae,
3552 1065 3648 1121 sed
3676 1065 3864 1120 Mani-

2211 1157 2425 1212 chaicae
2455 1159 2712 1228 quazdam
2739 1163 2907 1215 sunt:
2957 1171 3102 1228 quas
3132 1155 3422 1228 fugiamus
3454 1160 3516 1210 ut
3542 1153 3674 1210 felle
3702 1167 3864 1208 ama—

2214 1245 2494 1302 ritudinis
2533 1245 2746 1316 plenas.
2775 1247 2888 1317 Ipsi
2919 1246 3071 1302 enim
3116 1251 3172 1302 et
3208 1243 3568 1301 confusionis
3594 1243 3866 1298 introdu—

2214 1338 2400 1391 ctores
2421 1335 2568 1390 hanc
2589 1335 2829 1408 efﬁgiem
2873 1335 3109 1390 minime
3133 1337 3486 1404 receperunt,
3515 1332 3730 1402 quippe
3756 1343 3864 1386 non

2214 1423 2492 1478 veraciter
2541 1423 2913 1480 humanatum
2955 1424 3132 1478 Deum
3180 1421 3428 1479 Verbum
3465 1433 3635 1476 carne
3685 1417 3866 1476 fuisse

2212 1511 2680 1583 dogmatizantes,
2723 1513 2818 1568 sed
2855 1527 2951 1583 per
2991 1512 3349 1582 phantasiam
3371 1515 3427 1566 et
3455 1510 3863 1580 conjecturam.

2212 1599 2510 1670 Pr0pterea
2557 1607 2614 1657 et
2658 1601 2758 1657 isti
2804 1601 3163 1672 phantasiam
3209 1601 3384 1672 passi,
3429 1599 3568 1656 aliis
3598 1613 3703 1670 pro
3731 1596 3869 1654 aliis

2216 1687 2542 1760 intellectis,
2573 1689 2870 1761 proferunt
2901 1691 3054 1747 huic:

2640 1836 2925 1902 Gregorius
2964 1836 3243 1904 episcopus
3273 1833 3434 1901 legit:

2285 1977 2312 2011 «
2351 1957 2634 2014 Similiter
2662 1963 2852 2015 autem
2882 1963 2938 2016 et
2972 1961 3286 2033 Gregorius
3309 1960 3616 2031 deiloquus
3647 1959 3708 2013 in
3735 1971 3874 2014 car-

2213 2063 2240 2094 »
2285 2045 2542 2104 minibus
2583 2048 2708 2104 suis
2753 2049 2934 2104 dicit:
2987 2049 3206 2120 Injuria
3239 2055 3326 2106 est
3376 2048 3538 2104 ﬁdem
3566 2047 3786 2103 habere
3819 2048 3874 2103 in

2212 2152 2238 2184 »
2280 2135 2592 2206 coloribus,
2617 2143 2673 2192 et
2705 2151 2814 2193 non
2850 2137 2909 2193 in
2926 2138 3116 2194 corde.
3145 2138 3280 2208 Quze
3305 2139 3458 2194 enim
3492 2139 3549 2194 in
3572 2137 3876 2194 coloribus

2211 2241 2237 2273 »
2279 2229 2384 2296 est,
2420 2223 2589 2280 facile
2611 2225 2892 2283 diluitur:
2929 2243 3056 2298 qua:
3080 2241 3211 2284 vero
3233 2227 3295 2283 in
3325 2225 3608 2298 profundo
3635 2226 3876 2288 mentis,

2211 2331 2237 2363 »
2283 2313 2382 2370 illa
2407 2319 2492 2370 est
2517 2315 2660 2371 mihi
2695 2317 2982 2373 amabilis.
3021 2335 3046 2368 »

2598 2459 2942 2528 Epiphanius
2990 2461 3250 2515 diaconus
3308 2460 3468 2527 legit:

2279 2582 2544 2638 Perverse
2599 2598 2802 2640 rursus
2855 2584 3260 2656 intelligentes,
3311 2588 3367 2640 et
3435 2583 3596 2640 aliud
3642 2584 3875 2640 dictum

2206 2669 2469 2742 Gregorii
2499 2672 2770 2746 Theologi
2815 2672 3132 2745 proferunt,
3183 2673 3331 2745 quod
3365 2687 3399 2729 a
3442 2675 3605 2730 Patre
3629 2673 3875 2744 quidem

2211 2758 2290 2815 ita
2316 2761 2598 2830 prolatum
2637 2769 2724 2818 est
2743 2779 2757 2816 :

2269 2901 2461 2966 Iniuria
2481 2906 2559 2952 est
2585 2904 2732 2953 [idem
2753 2903 2946 2954 habere
2965 2907 3018 2955 in
3036 2904 3312 2966 coloribus,
3337 2909 3389 2956 et
3407 2907 3576 2956 nonin
3599 2907 3874 2965 cordibus,

2207 2965 2306 3024 Qui
2339 2965 2554 3016 ﬂuentes
2586 2967 2876 3027 diluuntur;
2909 2971 3002 3018 sed
3042 2968 3169 3018 mihi
3199 2975 3399 3030 gratum
3424 2973 3502 3020 est
3523 2969 3877 3032 profundum.

442 3119 542 3176 per
571 3106 892 3161 universam
926 3105 1234 3161 Ecclesiam
1264 3105 1448 3176 sparsi
1486 3112 1638 3162 sunt.
1675 3108 1884 3162 Harum
1905 3111 2094 3172 autem
2127 3093 2176 3156 C
2275 3099 2360 3155 Ab
2387 3099 2519 3158 istis
2567 3107 2756 3158 autem
2789 3101 3144 3176 falsiloquiis
3173 3105 3290 3161 ita:

441 3193 901 3250 ratiuncularum
965 3209 1090 3264 quae
1159 3202 1358 3250 contra
1413 3195 1765 3252 venerabiles
1819 3195 2099 3269 imagines

443 3287 829 3354 murmurant,
859 3283 975 3339 duo
995 3283 1080 3338 vel
1112 3288 1225 3340 tres
1253 3297 1349 3354 per
1374 3285 1706 3341 universum
1739 3285 1931 3341 orbem
1958 3284 2094 3340 libri

443 3383 554 3426 non
579 3369 972 3440 inveniuntur,
1003 3371 1117 3427 nisi
1145 3370 1289 3428 forte
1321 3373 1542 3429 noviter
1563 3373 1766 3444 scripti
1793 3374 1940 3430 sint:
1969 3379 2025 3429 et
2045 3373 2096 3431 si

441 3463 629 3515 essent
647 3459 766 3514 noti
788 3459 846 3516 in
867 3459 1150 3517 catholica
1170 3461 1444 3530 Ecclesia,
1473 3463 1626 3519 sicut
1647 3463 1746 3518 ille
1759 3463 1858 3532 qui
1877 3463 2098 3518 dicitur

437 3546 755 3619 Ancyrotos
787 3549 969 3604 sancti
1001 3549 1334 3620 Epiphanii,
1387 3551 1444 3606 in
1478 3551 1746 3606 omnibus
1787 3557 1873 3606 est
1896 3551 2098 3606 Eccle—

439 3637 548 3694 siis
577 3637 873 3707 dilatatus,
926 3637 1005 3692 ita
1035 3643 1091 3692 et
1140 3637 1252 3706 ipsi
1282 3637 1510 3692 dilatati
1533 3638 1860 3693 existerent.
1892 3639 1995 3694 Sed
2031 3643 2094 3694 ut

438 3724 694 3782 extranei
739 3728 795 3778 et
817 3723 994 3778 alieni
1025 3727 1082 3778 et
1105 3722 1322 3795 falsati,
1349 3725 1601 3781 nondum
1643 3726 1702 3780 in
1725 3725 1976 3782 Ecclesia
2006 3740 2094 3782 ca-

440 3813 655 3870 tholica
679 3811 887 3881 recepti
920 3817 1074 3880 sunt,
1130 3825 1314 3882 neque
1341 3818 1749 3883 apparuerunt.
1797 3808 1944 3888 Ergo
1989 3829 2090 3871 nec

440 3915 612 3970 nunc,
647 3904 710 3955 ut
763 3913 870 3969 pax
908 3899 1008 3954 Dei
1064 3899 1122 3954 in
1153 3899 1420 3957 omnibus
1465 3901 1742 3959 Ecclesiis
1772 3908 1828 3959 et
1851 3903 2089 3975 antiqua

438 3987 677 4044 traditio
692 3987 875 4059 degat.
899 3988 979 4042 Ne
1002 3986 1292 4044 emitttant
1313 3992 1501 4045 autem
1520 3990 1749 4063 linguas
1768 3992 2086 4064 vaniloqui,

436 4075 854 4132 calumniantes
890 4089 988 4132 eos
1049 4076 1149 4147 qui
1200 4082 1349 4134 recte
1396 4079 1652 4149 sapiunt,
1697 4081 1847 4152 quod
1891 4087 2087 4138 sancto

435 4164 760 4235 Epiphanio
799 4164 1172 4221 adversentur
1203 4166 1261 4222 hi
1308 4167 1407 4238 qui
1458 4169 1748 4239 recipiunt
1787 4171 2083 4240 antiquam

436 4252 853 4326 legislationem
879 4253 1177 4310 catholicae
1209 4254 1514 4312 Ecclesiae:
1547 4257 1695 4328 quod
1724 4270 2082 4328 nequaquam

431 4355 626 4398 verum
681 4346 785 4398 est.
837 4341 1328 4413 Conscriptionem
1375 4345 1528 4400 enim
1571 4344 1900 4417 abjicimus,
1943 4359 2086 4402 san-

2276 3190 2495 3259 Injuria
2537 3197 2621 3246 est
2671 3191 2837 3248 ﬁdem
2891 3193 3096 3250 habere
3149 3194 3209 3250 in
3239 3193 3548 3266 coloribus,
3575 3201 3632 3249 et
3664 3207 3788 3250 non
3817 3193 3871 3248 in

2207 3279 2393 3334 corde.
2429 3279 2564 3349 Quae
2611 3281 2764 3337 enim
2811 3283 2871 3337 in
2897 3283 3192 3340 coloribus
3233 3289 3338 3356 est,
3371 3281 3540 3338 facile
3563 3282 3868 3339 diluitur:

2208 3381 2333 3436 quae
2359 3382 2490 3423 vero
2509 3369 2567 3424 in
2596 3369 2878 3438 profundo
2905 3372 3132 3442 mentis,
3167 3373 3268 3428 illa
3289 3377 3376 3428 est
3405 3372 3545 3428 mihi
3569 3371 3868 3428 amabilis.

2205 3455 2626 3514 Obturaverunt
2655 3472 2844 3530 aures,
2871 3466 2927 3516 et
2968 3461 3166 3518 oculos
3207 3461 3557 3532 clauserunt,
3621 3468 3686 3516 et
3719 3466 3872 3516 recta

2207 3543 2530 3614 intelligere
2551 3545 2860 3603 noluerunt
2877 3548 2936 3604 hi
2965 3549 3064 3620 qui
3089 3556 3422 3620 spreverunt
3440 3548 3873 3606 ecclesiasticas

2204 3632 2563 3689 traditiones.
2595 3634 2908 3693 Auditione
2938 3638 3150 3708 quippe
3173 3639 3502 3709 audierunt,
3535 3643 3592 3694 et
3615 3653 3741 3695 non
3777 3640 3876 3694 in—

2202 3719 2580 3778 tellexerunt:
2629 3730 2684 3780 et
2718 3725 2974 3782 videntes
3016 3727 3304 3800 viderunt,
3339 3735 3395 3784 et
3432 3743 3542 3784 non
3574 3742 3875 3800 cognove—

2198 3816 2350 3865 runt.
2383 3811 2664 3869 Obcaecati
2685 3815 2839 3871 enim
2865 3821 3000 3872 sunt
3027 3817 3216 3888 corde,
3245 3822 3302 3873 et
3346 3824 3608 3888 paternas
3631 3818 3874 3875 doctri-

2200 3913 2302 3956 nas
2319 3900 2336 3953 l
2351 3903 2438 3955 Gr.
2465 3903 2702 3966 add.,ac
2721 3905 3100 3978 traditiones]
3131 3913 3522 3976 perverterunt
3541 3909 3872 3965 secundum

2197 4002 2302 4044 sua
2329 3989 2634 4046 desideria.
2683 3993 2924 4050 Sanctus
2945 4009 3189 4066 namque
3217 3995 3529 4068 Gregorius
3547 3996 3874 4068 deiloquus

2198 4077 2257 4132 in
2281 4078 2906 4138 metriciseditionibus
2918 4083 3044 4138 suis
3063 4085 3401 4140 sententiam
3427 4097 3598 4156 quam
3613 4084 3877 4154 protule-

2193 4172 2332 4222 runt
2348 4166 2482 4238 ipsi,
2495 4168 2741 4238 dictans,
2759 4171 3059 4241 quemdam
3075 4173 3344 4229 moralem
3360 4187 3680 4230 sermonem
3700 4174 3877 4230 indu-

2191 4254 2292 4327 cit,
2311 4255 2628 4314 informans
2638 4259 2812 4315 vitam
2832 4267 3102 4334 nostram,
3119 4265 3184 4317 ut
3194 4262 3522 4319 recedamus
3537 4275 3570 4318 a
3583 4268 3700 4318 tem
3709 4275 3876 4334 pora-

2194 4341 2414 4401 libuset
2428 4347 2736 4404 mundanis
2755 4349 3000 4420 negotiis
3019 4355 3074 4405 et
3089 4350 3873 4422 carnalibusvoluptatibus,

427 4436 580 4488 ctum
611 4445 742 4488 vero
767 4433 987 4488 Patrem
1020 4432 1307 4488 doctorem
1349 4433 1616 4490 Ecclesiae
1653 4435 1950 4492 catholicae
1976 4451 2088 4492 no—
2112 4445 2166 4506 ι)
2192 4437 2364 4502 atque
2391 4440 2674 4492 sectemur
2710 4437 2885 4493 vitam
2912 4439 3277 4508 spiritualem
3314 4455 3440 4512 quae
3482 4441 3549 4496 ad
3599 4443 3872 4498 cmlestia

435 4521 897 4593 vimus.ZEtenim
923 4521 1302 4577 sacratissimi
1343 4523 1555 4594 Patres,
1585 4525 1685 4595 qui
1707 4525 1770 4580 in
1798 4533 2000 4596 quarta
2028 4532 2087 4582 et

439 4611 749 4668 universali
793 4615 988 4667 sancta
1031 4609 1476 4686 Chalcedonensi
1515 4615 1729 4684 synodo
1758 4615 2082 4688 congregati

435 4703 591 4770 sunt,
631 4698 928 4768 epistolam
985 4697 1215 4768 quidem
1256 4714 1382 4770 quae
1416 4701 1636 4758 dicitur
1675 4703 1782 4760 Iba:
1828 4703 2082 4775 episcopi

433 4786 656 4842 Edessa:
684 4785 752 4842 ad
780 4786 962 4842 Marin
993 4787 1217 4842 Persam
1245 4789 1880 4864 anathematizaverunt,
1905 4790 2082 4850 veluti

377 4877 380 4880 ’
433 4875 696 4932 Nestorio
730 4875 1199 4930 concordantem:
1247 4876 1520 4934 similiter
1555 4884 1612 4935 et
1635 4881 1850 4950 quinta:
1881 4882 2081 4952 synodi

433 4965 660 5019 Patres:
706 4962 855 5018 Ibam
899 4969 1087 5019 autem
1129 4977 1502 5036 nequaquam.
1539 4969 1659 5024 Non
1699 4970 1852 5026 enim
1891 4985 2084 5027 verum

431 5051 720 5123 apparuit,
753 5051 905 5122 quod
929 5051 1037 5108 Iba:
1063 5049 1238 5108 fuerit
1265 5053 1547 5124 epistola:
1584 5055 1718 5112 hinc
1746 5057 1802 5113 in
1842 5059 2088 5114 anathe—

435 5139 720 5195 matismis
763 5151 875 5194 non
928 5139 1080 5196 Ibam
1124 5140 1471 5198 anathemati
1529 5143 1940 5218 submiserunt,
1987 5147 2084 5204 sed

432 5227 732 5298 epistolam
762 5241 887 5297 qua:
911 5227 1226 5300 dicebatur:
1245 5229 1386 5285 Ibat:
1416 5231 1716 5289 dicebatur
1743 5235 1918 5307 enim,
1953 5237 2088 5292 licet

435 5328 546 5370 non
571 5323 735 5370 esset.
769 5317 851 5370 lta
875 5328 1010 5387 ergo
1035 5320 1092 5370 et
1118 5316 1235 5372 haec
1273 5319 1563 5375 mendacis
1587 5322 1925 5380 assertionis
1943 5339 2089 5382 con-

434 5403 668 5474 scripta,
709 5417 834 5474 quae
859 5411 1054 5459 contra
1096 5405 1450 5463 venerabiles
1477 5407 1756 5480 imagines
1785 5419 1939 5483 sunt,
1985 5415 2086 5470 di—

431 5496 644 5548 cuntur
668 5491 901 5562 quidem
925 5504 957 5546 a
987 5491 1331 5564 quibusdam
1379 5497 1561 5552 sancti
1602 5498 1910 5569 Epiphanii
1938 5515 2080 5574 esse,

432 5580 528 5636 sed
562 5579 723 5636 nullo
751 5579 914 5636 modo
953 5587 1108 5653 sunt,
1146 5586 1210 5638 ut
1235 5581 1685 5642 demonstratum
1731 5593 1835 5645 est.
1859 5589 2083 5648 Etenim

2194 4523 2391 4592 ducit;
2418 4528 2474 4578 et
2495 4537 2606 4579 non
2633 4525 2932 4582 credamus
2955 4527 3092 4584 huic
3115 4518 3346 4600 mundo,
3368 4533 3424 4585 et
3441 4531 3875 4598 temporalibus

2195 4625 2321 4680 quae
2352 4624 2464 4667 non
2497 4620 2846 4685 permanent,
2877 4629 2977 4671 nec
3007 4619 3342 4687 perdurant,
3375 4632 3502 4689 quae
3547 4624 3607 4674 et
3634 4621 3873 4676 coloms

2194 4701 2547 4758 nominavit:
2572 4703 2668 4758 sed
2694 4703 3008 4761 haereamus
3033 4707 3228 4776 potius
3261 4707 3677 4788 spiritualibus
3697 4714 3765 4765 et
3785 4723 3882 4765 ve-

2193 4789 2300 4861 ris,
2333 4805 2458 4862 quze
2505 4791 2566 4848 in
2601 4793 2771 4850 corde
2805 4793 3130 4851 ﬁrmitatem
3159 4797 3388 4866 habent,
3419 4802 3476 4853 et
3522 4806 3875 4867 permanent

2196 4877 2256 4935 in
2287 4887 2580 4936 aeternum.
2609 4883 2748 4938 Nam
2779 4883 3051 4940 saeculum
3080 4890 3338 4942 nostrum
3367 4885 3650 4958 ﬁuxibile,
3689 4887 3877 4945 inco—

2194 4967 2347 5025 latus
2369 4975 2456 5025 est
2481 4985 2728 5040 praesens
2757 4972 2894 5029 vita.
2935 4973 3098 5030 Sicut
3124 4975 3278 5030 enim
3301 4975 3458 5032 color
3481 4981 3536 5031 et
3559 4981 3876 5032 atramen-

2194 5060 2314 5112 tum
2342 5059 2457 5114 cito
2481 5059 2752 5132 diluitur,
2787 5061 2922 5118 licet
2943 5075 2976 5117 a
3009 5062 3226 5132 pictore
3261 5063 3644 5120 conﬁciantur
3671 5061 3812 5138 [vel
3839 5079 3875 5120 a

2196 5144 2414 5216 pictore
2437 5147 2950 5224 transformatur]:
2989 5151 3069 5206 ita
3093 5158 3149 5207 et
3175 5151 3235 5206 in
3267 5153 3478 5208 mundo
3505 5153 3636 5223 isto,
3662 5169 3882 5224 quem-

2194 5235 2498 5292 admodum
2550 5236 2672 5307 ipse
2713 5237 2816 5310 ait,
2865 5239 3150 5296 circuitus
3191 5247 3515 5297 nostrarum
3567 5243 3876 5300 discurrit

2198 5337 2385 5381 rerum
2415 5339 2823 5398 nonnunquam
2845 5328 3034 5399 aliter,
3065 5329 3124 5386 in
3156 5345 3268 5386 una
3299 5327 3446 5404 [012,
3479 5331 3628 5388 alias
3653 5333 3869 5401 aliter,

2197 5415 2255 5470 in
2289 5413 2434 5484 una]
2461 5415 2576 5487 die,
2609 5422 2694 5472 est
2717 5422 2906 5473 autem
2937 5419 3165 5488 quando
3189 5425 3246 5476 et
3277 5421 3416 5477 hora
3443 5419 3552 5476 fert
3584 5423 3882 5479 mutatio-

2193 5519 2310 5561 nes.
2345 5505 2566 5561 Etenim
2602 5520 2757 5562 more
2800 5507 3015 5562 umbrae
3048 5509 3240 5564 omnia
3264 5509 3732 5566 exterminantur
3763 5512 3878 5568 hu-

2196 5606 2378 5663 mana,
2425 5599 2482 5650 et
2522 5595 2775 5666 ampulla
2815 5595 2873 5650 in
2921 5610 3070 5666 aqua
3123 5610 3193 5652 ex
3246 5597 3439 5668 pluvia
3482 5596 3629 5654 facta
3659 5601 3872 5673 magis
