4016 6168
211 297 305 358 424

965 303 1507 366 INTERPRETATIO
1543 301 1792 361 SYNODI
1831 303 1922 359 VlI
1960 305 2362 362 GENERALIS.
2393 339 2464 348 —-
2499 311 2698 367 ACTIO
2737 311 2821 368 Vl.

3491 315 3598 375 422

200 431 403 500 expirat
427 433 1144 504 omnisclatiopotentatus
1167 435 1646 490 humani.0mnis
1671 435 1825 489 enim
1855 431 1906 489 A
1947 448 1971 478 »
2004 430 2075 500 (S.
2121 433 2392 491 Athanas.
2441 438 2590 492 Orat.
2649 445 2836 494 contra
2881 442 3082 514 gent):
3135 444 3426 512 Quomodo
3479 461 3589 502 non

201 519 348 576 homo
392 518 605 591 fenum,
647 529 704 577 et
749 525 937 579 omnis
966 524 1148 596 gloria
1186 525 1311 593 ejus
1358 525 1522 594 quasi
1567 525 1671 579 ﬂos
1711 522 1824 578 feni

195 607 305 681 (Isa.
338 610 443 681 xc).
470 612 642 667 Porro
681 613 1077 682 spiritualium
1113 627 1346 682 operum
1386 613 1670 668 exhibitio
1712 613 1830 667 im—

197 697 411 752 mobilis
442 699 672 769 quidem
699 705 802 771 est,
825 707 882 755 et
904 701 963 756 in
1003 700 1095 756 his
1122 715 1246 770 quae
1277 706 1625 771 permanent,
1661 700 1829 755 habet

191 785 634 842 vicissitudinem
666 784 1184 862 [retributionem].
1210 789 1265 844 Si
1294 791 1446 844 enim
1467 795 1664 844 contra
1693 789 1828 842 ima-

191 874 336 945 gines
375 875 599 931 dictum
638 877 781 932 illud
809 883 976 949 esset,
1027 884 1305 934 assereret
1351 878 1548 948 utique
1589 878 1818 933 dicens:

188 964 384 1032 Injuria
405 972 494 1020 est
517 966 680 1021 fidem
703 967 905 1023 habere
920 968 978 1022 in
999 967 1314 1037 coloribus,
1334 973 1388 1023 et
1406 982 1517 1023 non
1542 968 1600 1022 in
1622 969 1820 1022 Deum.

186 1052 273 1107 Sed
289 1067 395 1109 non
423 1054 483 1109 in
509 1055 802 1124 cordibus,
822 1056 1241 1125 pronuntiavit:
1263 1057 1318 1114 id
1332 1062 1437 1127 est,
1456 1057 1617 1112 firma
1637 1062 1692 1111 et
1718 1061 1826 1110 sta-

186 1140 311 1195 bilia
344 1148 408 1196 ut
433 1156 737 1211 Operemur
766 1144 921 1215 regni
949 1144 1246 1215 cmlorum,
1273 1151 1328 1200 et
1358 1159 1467 1201 non
1502 1144 1699 1200 mundi
1726 1144 1824 1197 hu-

179 1229 296 1296 jus:
343 1245 474 1300 quze
505 1236 568 1286 ut
605 1232 800 1296 ﬂuida,
829 1231 944 1287 cito
991 1238 1225 1304 mutata,
1261 1233 1425 1292 fidem
1454 1248 1564 1288 non
1593 1231 1816 1287 habent.

186 1317 390 1373 Rursus
438 1325 630 1375 autem
683 1321 826 1376 male
884 1321 1360 1394 allegorizantes,
1410 1326 1466 1377 et
1510 1323 1821 1378 secundum

183 1406 465 1475 proprium
520 1421 749 1464 sensum
817 1411 1009 1466 omnia
1070 1411 1424 1483 colligentes,
1487 1426 1819 1482 magnorum

181 1493 492 1550 antistitum
526 1497 725 1551 Basilii
756 1498 1058 1554 etJoannis
1078 1499 1232 1554 dicta
1252 1498 1551 1570 proferunt
1578 1500 1635 1554 in
1668 1499 1821 1554 testi-

180 1583 442 1648 monium,
487 1592 802 1641 asserentes
825 1604 837 1639 :

595 1676 876 1742 Gregorius
910 1679 1189 1747 episcopus
1231 1677 1381 1745 legit:

239 1783 536 1837 «Joannes
579 1789 766 1838 autem
826 1784 1266 1854 Chrysostomus
1311 1785 1475 1840 docet
1530 1785 1644 1840 ita:
1706 1786 1820 1840 Nos

179 1888 199 1918 ››
227 1884 316 1939 per
344 1871 675 1940 scripturas
705 1876 1032 1928 sanctorum
1066 1875 1366 1943 praesentia
1396 1872 1668 1944 fruimur,
1704 1887 1814 1929 non

177 1979 196 2006 υ
224 1972 529 2028 corporum
553 1973 770 2028 eorum,
804 1961 899 2016 sed
927 1961 1249 2016 animarum
1285 1961 1564 2034 imagines
1600 1961 1820 2017 haben—

173 2065 194 2093 »
225 2053 314 2103 tes.
351 2047 494 2116 Qua:
523 2049 676 2104 enim
705 2048 777 2106 ab
809 2049 932 2104 illis
952 2050 1104 2106 dicta
1126 2055 1280 2120 sunt,
1305 2050 1460 2106 anim
1480 2063 1636 2106 arum
1672 2052 1820 2120 ipso-

173 2154 193 2184 »
219 2151 336 2191 rum
375 2137 660 2208 imagines
682 2145 835 2193 sunt.
869 2138 1112 2194 Maxima
1145 2139 1298 2193 enim
1319 2138 1410 2194 via
1431 2139 1499 2194 ad
1530 2145 1815 2208 opportu-

159 2244 192 2294 ¹ι)
222 2225 422 2280 nitatis
456 2221 604 2298 [Gr.,
627 2224 830 2300 oﬂicit]
866 2227 1272 2296 inventionem,
1297 2233 1530 2284 sanctus
1555 2227 1639 2283 ait
1669 2228 1818 2282 Basi-

170 2332 192 2362 δ
220 2313 326 2370 lius
351 2312 437 2385 (in
482 2315 652 2384 epist,
699 2312 720 2369 4
766 2317 835 2372 ad
867 2317 921 2371 S.
962 2317 1128 2388 Greg.
1172 2317 1238 2370 de
1282 2318 1391 2371 Vit.
1429 2317 1598 2388 solit.)
1629 2316 1818 2371 medi—

168 2422 188 2450 »
217 2405 355 2459 tatio
386 2409 477 2459 est
504 2404 923 2474 scripturarum
963 2405 1250 2467 divinitus
1288 2406 1718 2476 inspiratarum.
1753 2407 1814 2460 In

168 2511 188 2540 υ
214 2492 298 2548 his
339 2494 504 2548 enim
550 2498 608 2548 et
646 2499 877 2554 actuum
908 2494 1386 2550 commonitiones
1419 2494 1809 2564 inveniuntur,

165 2601 186 2628 υ
214 2588 265 2636 et
283 2582 420 2636 vita:
445 2582 742 2638 beatorum
764 2583 1018 2641 virorum
1046 2583 1337 2653 inscripta;
1362 2583 1688 2649 traduntur,
1713 2597 1815 2638 ve—

168 2689 188 2716 n
217 2671 316 2726 luti
338 2672 608 2741 quzedam
626 2672 903 2744 imagines
923 2673 1193 2730 animatae
1213 2673 1665 2729 conversationis
1687 2687 1812 2743 qua:

165 2778 186 2806 ι»
217 2758 271 2814 in
322 2761 446 2816 Deo
500 2765 607 2828 est,
659 2761 985 2817 imitatione
1031 2775 1267 2831 operum
1325 2776 1451 2832 quae
1497 2762 1809 2817 secundum

166 2865 186 2894 ia
215 2848 389 2904 Deum
432 2854 590 2920 sunt,
639 2849 855 2919 positae.
892 2868 918 2900 ››

547 2957 892 3026 Epiphanius
931 2958 1195 3012 diaconus
1251 2959 1377 3026 legit
1397 2975 1410 3010 :

1949 537 1972 567 »
2009 521 2380 580 misereamur
2400 540 2593 582 eorum
2625 530 2721 599 qui
2746 537 3038 586 creaturas
3057 531 3302 588 colunt?
3321 536 3589 602 quoniam

1945 627 1968 656 »
2006 609 2061 663 hi
2088 612 2186 680 qui
2216 614 2426 682 vident,
2454 631 2548 671 eos
2569 619 2663 687 qui
2697 632 2807 673 non
2853 619 3066 688 vident,
3095 627 3150 675 et
3177 621 3275 690 qui
3317 623 3584 694 audiunt,

1941 715 1966 744 ι)
1999 712 2095 753 eos
2119 702 2217 770 qui
2243 717 2352 758 non
2392 705 2658 777 audiunt,
2683 713 2879 762 orant:
2905 713 3161 764 creatura
3193 709 3344 764 enim
3376 724 3409 764 a
3439 725 3588 766 crea-

1939 805 1964 834 »
2002 792 2129 843 tura
2156 805 2446 861 nunquam
2497 795 2830 851 salvabitur.
2868 816 2893 845 »

2331 918 2676 986 Epiphanius
2715 922 2976 976 diaconus
3019 923 3182 990 legit:

2013 1021 2172 1092 Papae
2199 1030 2410 1095 quanta
2429 1026 2676 1081 amentia
2701 1025 2716 1080 ι
2742 1027 2967 1083 inanem
3001 1030 3298 1098 quamdam
3325 1029 3581 1100 blasphe-

1935 1114 2062 1168 mia:
2089 1113 2236 1169 viam
2260 1115 2664 1186 excogitantes,
2687 1116 2974 1174 averitate
3000 1119 3235 1187 projecti
3264 1125 3417 1174 sunt.
3440 1120 3580 1175 Cum

1933 1203 2085 1258 enim
2116 1202 2380 1272 egregius
2424 1204 2585 1258 Pater
2613 1210 2808 1260 contra
2853 1205 3002 1261 idola
3050 1206 3168 1261 hazc
3198 1207 3586 1279 promulgave-

1938 1290 2036 1360 rit,
2084 1290 2195 1359 ipsi
2239 1296 2363 1360 post
2387 1292 2735 1362 agnitionem
2775 1294 3056 1365 veritatis,
3096 1301 3152 1350 et
3181 1296 3416 1352 sincerae
3441 1311 3586 1353 con-

1937 1377 2225 1450 fessionis,
2259 1393 2324 1433 ac
2351 1379 2561 1435 divinae
2597 1382 3063 1453 regenerationis,
3097 1383 3312 1454 absque
3340 1399 3452 1440 uno
3479 1387 3578 1456 qui

1931 1473 2016 1522 est
2047 1482 2218 1537 super
2246 1469 2436 1523 omnia
2475 1470 2642 1539 Deus,
2675 1472 2956 1527 creaturis
2982 1473 3193 1528 servire
3221 1473 3580 1531 Christianos

1930 1564 2219 1626 accusant,
2238 1563 2294 1612 et
2309 1556 2691 1613 idololatriam
2704 1573 2962 1616 exercere
2981 1561 3372 1630 pronuntiant.
3389 1563 3577 1632 Parce,

1929 1647 2185 1716 Domine,
2212 1647 2420 1717 populo
2447 1653 2562 1717 tuo,
2587 1655 2641 1704 et
2664 1663 2731 1704 ne
2751 1650 2980 1705 dederis
3005 1665 3344 1721 quemquam
3374 1652 3576 1707 horum

1850 1749 1903 1810 Β
1929 1736 2125 1792 seduci
2154 1735 2526 1805 blasphemia.
2554 1736 2760 1794 Omnes
2780 1739 2930 1793 enim
2957 1740 3055 1809 qui
3091 1740 3317 1796 nomine
3349 1746 3447 1796 tuo
3473 1755 3578 1798 vo-

1928 1839 2144 1894 camur,
2196 1825 2533 1881 confitemur
2579 1833 2634 1881 te
2673 1828 2979 1884 redemisse
3028 1843 3129 1885 nos
3171 1831 3241 1885 ab
3291 1831 3577 1886 idolorum

1925 1914 2257 1984 deceptione
2285 1915 2498 1983 pariter
2521 1920 2577 1969 et
2605 1906 2829 1971 error'e:
2860 1923 3031 1987 atque
3063 1923 3188 1987 post
3225 1919 3576 1989 agnitionem

1927 2009 2106 2072 tuam,
2130 2017 2234 2057 nos
2247 2003 2344 2072 qui
2369 2003 2565 2057 divina
2585 2006 3181 2076 regenerationedigni
3198 2004 3331 2062 facti
3352 2022 3571 2078 sumus,

1929 2104 2285 2160 nequaquam
2307 2091 2563 2146 conversi
2591 2106 2808 2162 sumus,
2839 2100 2902 2148 ut
2941 2093 3119 2148 alicui
3151 2099 3425 2149 creatura:
3468 2095 3574 2151 sub

1925 2179 2068 2234 cmlo
2111 2180 2363 2234 divinam
2414 2179 2800 2234 adorationem
2859 2186 3014 2238 tuam
3065 2181 3428 2252 offerremus;
3475 2184 3569 2239 sed

1926 2267 2034 2322 tibi
2058 2267 2165 2322 soli
2194 2268 2553 2336 Redemptori
2575 2274 2769 2324 nostro
2797 2269 3098 2338 psallimus
3122 2289 3133 2324 :
3163 2271 3419 2335 Domine,
3443 2286 3576 2341 prte-

1925 2361 2011 2411 ter
2051 2363 2103 2412 te
2153 2356 2333 2412 alium
2385 2357 2690 2425 nescimus,
2737 2371 2936 2414 nomen
2985 2364 3146 2414 tuum
3188 2360 3568 2416 nominamus.

1921 2444 2104 2499 Testis
2121 2458 2180 2500 es
2199 2446 2338 2514 ipse.
2367 2451 2422 2500 et
2447 2450 2772 2504 sanctorum
2793 2447 3122 2517 angelorum
3152 2447 3398 2513 militiae,
3415 2453 3471 2503 et
3494 2461 3576 2504 sa-

1922 2533 2206 2588 cratissim
2218 2550 2283 2589 us
2303 2540 2483 2591 cmtus
2495 2534 2902 2604 apostolorum,
2923 2535 3346 2604 prophetarum,
3372 2542 3576 2606 marty-

1923 2636 2049 2676 rum
2063 2627 2114 2676 et
2128 2623 2486 2694 egregiorum
2501 2624 2748 2680 Patrum.
2767 2623 3046 2678 Habemus
3058 2630 3245 2680 autem
3262 2624 3320 2679 in
3334 2637 3571 2680 comme-

1922 2712 2294 2769 morationem
2317 2713 2504 2770 omnis
2528 2727 2730 2768 sensus
2756 2714 2959 2783 nostri,
2983 2719 3039 2768 et
3057 2715 3114 2769 in
3134 2713 3374 2784 gloriam
3392 2719 3572 2768 tuam-

1922 2805 1986 2854 ut
2014 2799 2374 2856 sublevemur
2399 2802 2467 2856 ad
2502 2802 2952 2873 magnitudinem
2999 2807 3175 2872 tuam,
3205 2802 3442 2874 figuram
3467 2801 3568 2856 di-

1918 2889 2064 2944 vinae
2080 2891 2290 2958 crucis,
2314 2896 2371 2946 et
2394 2891 2771 2962 evangelicam
2802 2892 3204 2960 narrationem,
3223 2896 3281 2946 et
3299 2891 3570 2962 imagina-

1921 2976 2026 3031 lem
2069 2977 2374 3048 picturam,
2411 2993 2626 3035 necnon
2675 2984 2730 3033 et
2775 2978 2891 3034 alia
2937 2979 3100 3048 plura
3146 2993 3278 3035 vasa
3311 2985 3569 3035 sacrata:

220 3063 595 3134 Nequaquam
627 3064 847 3135 aliquis
871 3078 1067 3121 eorum
1099 3065 1197 3134 qui
1250 3071 1400 3120 recta
1449 3063 1703 3134 sapiunt,
1747 3064 1806 3118 in
1838 3070 1886 3132 C
1917 3072 1973 3121 et
2020 3067 2134 3122 haec
2173 3068 2508 3135 salutamus,
2542 3082 2606 3124 eo
2651 3068 2801 3138 quod
2851 3068 2906 3122 in
2941 3069 3169 3123 nomine
3197 3074 3295 3124 tuo
3347 3069 3486 3124 ﬁant
3514 3075 3570 3124 et

159 3150 581 3208 subversionem
614 3153 1026 3210 venerabilium
1079 3154 1393 3225 imaginum
1429 3153 1531 3209 has
1572 3153 1810 3223 exposi-

160 3240 330 3298 tiones
365 3243 554 3297 sensit
591 3243 675 3298 vel
717 3244 978 3299 senserit.
1011 3243 1256 3300 Evidens
1284 3243 1496 3313 quippe
1540 3243 1808 3298 omnibus

158 3336 250 3398 est,
278 3332 421 3402 quia
449 3332 751 3388 audientes
774 3333 1082 3388 virilitates
1106 3337 1428 3388 sanctorum
1460 3337 1516 3387 et
1545 3346 1810 3402 perseve—

162 3420 367 3476 rantias
406 3435 629 3491 eorum,
676 3422 997 3477 animarum
1042 3422 1295 3491 ipsorum
1328 3421 1698 3476 stabilitatem
1752 3425 1808 3476 et

161 3503 554 3565 fortitudinem
614 3509 1041 3580 beatificamus;
1090 3517 1145 3566 et
1201 3510 1429 3566 divinas
1478 3509 1806 3579 Scripturas

158 3599 480 3669 recitantes,
513 3601 787 3670 Vitasque
817 3606 1142 3656 sanctorum
1186 3600 1440 3655 virorum
1472 3599 1800 3670 relegentes,

154 3693 201 3741 et
231 3688 578 3759 imaginales
618 3689 873 3759 picturas
913 3690 1216 3760 intuentes,
1263 3693 1548 3761 gestorum
1594 3701 1807 3743 secun—

154 3775 279 3831 dum
309 3778 495 3832 Deum
529 3777 785 3846 ipsorum
825 3791 1057 3847 operum
1083 3779 1463 3833 recordamur.
1488 3778 1622 3846 Quae
1652 3777 1804 3832 enim

156 3878 336 3922 sermo
375 3880 475 3935 per
508 3867 862 3924 auditionem
891 3872 1269 3937 reprzesentat,
1298 3867 1414 3922 haac
1455 3867 1677 3936 pictura
1713 3871 1807 3921 ta-

155 3967 277 4011 cens
333 3969 433 4024 per
473 3955 854 4014 imitationem
905 3957 1172 4024 ostendit,
1223 3957 1398 4013 sicuti
1442 3958 1525 4012 ait
1568 3969 1807 4028 magnus

158 4042 421 4100 Basilius.
470 4045 576 4100 Sed
623 4051 678 4100 et
717 4047 959 4101 Joannes
1007 4045 1444 4115 Chrysostomus
1486 4046 1692 4102 asserit
1745 4047 1806 4101 in

154 4145 409 4189 sermone
449 4149 556 4190 suo
615 4133 692 4205 (in
735 4131 802 4190 40
843 4136 1048 4208 Mart.).
1101 4136 1259 4204 Quod
1307 4137 1526 4191 Veteris
1564 4142 1619 4190 et
1661 4134 1798 4190 Novi

154 4223 469 4278 testimonii
499 4238 650 4279 unus
678 4224 757 4280 sit
777 4224 1088 4296 legislator,
1122 4229 1177 4280 et
1199 4225 1258 4280 in
1288 4224 1682 4280 indumentum
1711 4237 1811 4278 sa—

151 4313 419 4377 cerdotis,
467 4312 684 4383 habito,
725 4315 893 4383 cujus
947 4313 1179 4369 initium
1210 4319 1330 4370 est:
1381 4313 1594 4369 Christi
1647 4311 1803 4383 regni

1917 3158 2261 3210 statuantur.
2311 3157 2414 3211 Sed
2455 3161 2517 3211 ut
2564 3161 2851 3225 compotes
2895 3155 3314 3225 thesaurorum,
3368 3156 3565 3227 lingua

1920 3238 2069 3315 [Gr.,
2087 3245 2185 3314 qui
2210 3244 2558 3315 collegerunt
2575 3244 2876 3300 thesauros
2896 3241 3122 3317 lingua]
3150 3243 3405 3299 mendaci
3424 3257 3565 3298 vana

1919 3333 2198 3400 persecuti
2249 3337 2423 3387 sunt:
2478 3337 2706 3402 propter
2747 3333 2894 3402 quod
2949 3339 3005 3387 et
3053 3333 3308 3402 procedit
3355 3331 3566 3402 [perit]

1916 3421 2104 3474 omnis
2125 3433 2317 3476 eorum
2338 3421 2666 3491 garrulitas.
2693 3423 2830 3474 Nam
2849 3422 3324 3490 quemadmodum
3348 3421 3564 3477 lumine

1917 3509 2280 3568 illucescente
2318 3509 2560 3564 tenebrat
2606 3509 2939 3580 abiguntur,
2985 3509 3063 3564 ita
3106 3509 3342 3565 veritate
3384 3523 3568 3578 appa—

1915 3603 2072 3654 rente
2120 3599 2474 3654 mendacium
2520 3598 2732 3670 lingua:
2776 3599 3031 3668 ipsorum
3079 3599 3333 3654 excisum
3373 3597 3564 3670 gladio

1915 3688 2176 3757 spiritus.
2205 3688 2308 3743 Sed
2339 3702 2406 3743 ex
2427 3701 2492 3744 eo
2523 3688 2672 3758 quod
2703 3688 2958 3743 excisum
2999 3694 3085 3744 est
3111 3687 3380 3743 habentes
3403 3702 3566 3758 qua:—

1912 3777 2042 3832 dam
2077 3776 2325 3848 residua,
2368 3776 2485 3832 haec
2523 3775 2835 3847 proferunt,
2879 3778 2960 3832 ita
2985 3777 3276 3832 dicentes:

2345 3901 2632 3970 Gregorius
2664 3905 2940 3974 episcozius
2972 3903 3099 3970 legit
3121 3921 3138 3956 :

1991 4026 2330 4083 «Similiter
2353 4033 2410 4083 et
2470 4027 2912 4097 Amphilochius
2968 4028 3144 4084 Iconii
3202 4027 3385 4083 dicit:
3441 4028 3563 4084 Non

1917 4132 1944 4165 ››
1977 4116 2128 4171 enim
2171 4116 2231 4170 in
2264 4116 2479 4172 tabulis
2525 4130 2757 4173 carneas
2797 4130 3066 4186 personas
3095 4123 3421 4173 sanctorum
3467 4131 3567 4186 per

1918 4222 1944 4254 »
1977 4204 2198 4261 colores
2226 4219 2377 4262 curae
2426 4205 2590 4261 nobis
2615 4210 2700 4261 est
2726 4205 2988 4277 figurare,
3027 4207 3297 4276 quoniam
3326 4219 3436 4262 non
3473 4206 3568 4262 his

1920 4311 1946 4343 ››
1980 4307 2126 4363 opus
2148 4294 2455 4364 habemus;
2483 4294 2577 4349 sed
2604 4295 3089 4350 conversationem
3109 4309 3304 4352 eorum
3340 4295 3573 4350 virtuti-

154 4402 520 4474 Evangelium
574 4382 886 4473 praedicant
929 4404 1159 4475 quidem
1216 4404 1519 4474 propheta.
1565 4406 1632 4460 Et
1685 4382 1812 4476 post

1927 4400 1949 4432 ι)
1983 4382 2090 4438 bus
2144 4383 2382 4439 imitari.
2416 4402 2442 4433 »

150 4490 259 4546 alia
278 4490 484 4563 (ibid.):
539 4494 652 4564 Ego
681 4498 736 4547 et
785 4507 911 4549 cera
964 4493 1248 4563 perfusam
1299 4493 1477 4549 dilexi
1528 4493 1808 4564 picturam

154 4579 385 4646 pietatis
412 4595 602 4636 causa.
639 4581 768 4636 Vidi
800 4583 951 4638 enim
995 4583 1257 4654 angelum
1291 4583 1347 4637 in
1392 4583 1639 4654 imagine
1684 4583 1813 4653 pel—-

152 4666 360 4724 lentem
386 4669 754 4727 barbarorum
788 4685 1029 4726 cuneos:
1067 4671 1185 4727 vidi
1217 4672 1578 4728 conculcatas
1613 4671 1810 4727 barba-

151 4768 344 4811 rorum
369 4757 575 4827 tribus,
603 4764 660 4813 et
678 4759 853 4813 David
881 4759 1172 4815 veritatem
1207 4760 1518 4815 dicentem:
1561 4763 1803 4824 Domine,

151 4845 204 4898 in
235 4847 452 4900 civ-itide
505 4851 605 4901 tua
648 4850 937 4915 imaginem
982 4864 1162 4902 eorum
1203 4851 1278 4903 ad
1320 4851 1553 4905 nihilum
1593 4852 1805 4920 rediges

151 4930 313 5001 (Psal.
354 4937 551 5008 Lxxu).
581 4936 1019 5006 Comprobatum
1051 4943 1136 4993 est
1175 4937 1374 5010 igitur,
1406 4940 1554 5010 quod
1581 4953 1645 4995 ea
1677 4956 1803 5011 qua:

155 5024 368 5078 sanctis
393 5025 656 5080 Patribus
682 5025 820 5081 bene
845 5033 980 5083 sunt
1007 5026 1180 5089 edita,
1216 5027 1328 5097 ipsi
1358 5035 1516 5084 extra
1537 5028 1800 5086 divinum

154 5111 387 5168 chorum
418 5113 600 5170 effecti
648 5115 1068 5173 subverterunt.
1102 5117 1276 5172 Porro
1315 5117 1503 5174 adhuc
1532 5119 1804 5175 detinen-

158 5203 246 5255 tur
273 5215 306 5256 a
333 5202 570 5274 malitia,
605 5209 661 5258 et
685 5205 831 5259 mala
858 5219 984 5274 qua:
1021 5211 1217 5262 contra
1249 5205 1401 5263 idola
1423 5221 1455 5264 a
1481 5214 1676 5265 sancto
1710 5212 1804 5265 Pa-

156 5294 234 5343 tre
261 5298 453 5348 nostro
506 5293 817 5348 Athanasio
868 5293 1023 5350 dicta
1061 5302 1215 5367 sunt,
1257 5297 1324 5352 ad
1375 5297 1800 5355 subversionem

161 5374 549 5449 imaginalium
598 5383 952 5450 picturarum
999 5391 1338 5456 proponunt,
1371 5387 1652 5444 dicentes:

577 5487 867 5555 Gregorius
898 5492 1175 5560 episcopus
1202 5493 1329 5560 legit
1354 5510 1366 5545 :

233 5610 258 5639 az
293 5591 539 5666 Denique
563 5599 620 5650 et
641 5595 993 5652 Athanasius
1021 5595 1375 5654 Alexandria
1404 5599 1688 5657 luminare
1716 5603 1800 5658 ait

2327 4491 2672 4561 Epiphanius
2700 4490 2963 4545 diaconus
2989 4490 3151 4558 legit:

1991 4617 2393 4675 [hereticorum
2437 4630 2569 4688 ergo
2601 4616 2895 4685 prOprium
2918 4620 3004 4670 est
3035 4615 3216 4672 recisa
3257 4615 3566 4686 producere

1917 4707 2262 4766 testimonia.
2309 4709 2448 4761 Nam
2488 4706 2538 4760 si
2586 4705 2717 4776 quis
2748 4705 3004 4761 studiose
3047 4711 3336 4760 scrutatus
3368 4703 3562 4777 fuerit,

1915 4799 2076 4855 nullo
2093 4797 2257 4853 modo
2283 4809 2508 4852 sensum
2541 4796 2725 4850 Patris
2748 4795 2997 4850 inveniet
3020 4794 3370 4850 inhibentem
3393 4809 3567 4851 vene—

1914 4889 2184 4945 rabilium
2227 4885 2540 4957 imaginum
2572 4882 3005 4940 formationem:
3036 4885 3129 4940 sed
3165 4882 3562 4941 fortitudinem

1911 4976 2265 5044 collaudans,
2297 4978 2354 5029 et
2383 4973 2797 5028 firmamentum
2829 4971 3034 5027 animae
3071 4977 3397 5029 sanctorum
3421 4972 3564 5029 affe—

1910 5070 2058 5133 ctus,
2104 5069 2160 5120 et
2198 5061 2501 5133 praeferens
2543 5061 2821 5116 virtutum
2852 5059 3133 5132 effectum,
3177 5062 3293 5117 haec
3335 5063 3564 5118 locutus

1911 5160 1996 5211 est
2023 5157 2206 5223 Pater,
2233 5157 2289 5208 et
2312 5157 2373 5207 ut
2391 5151 2458 5207 ad
2485 5150 2862 5206 imitationem
2896 5164 2997 5206 nos
3035 5150 3280 5224 erigeret
3321 5166 3565 5208 conver—

1913 5243 2156 5300 sationis
2187 5256 2401 5298 eorum.
2427 5243 2549 5297 Non
2573 5239 2722 5294 enim
2755 5239 2826 5294 ob
2851 5240 3136 5296 carnalem
3157 5255 3402 5297 amorem
3429 5241 3561 5296 illos

1913 5327 2230 5404 lauda'mus,
2257 5337 2357 5388 aut
2385 5329 2771 5402 depingimus.
2804 5329 2900 5385 sed
2941 5329 3008 5384 ad
3041 5331 3418 5386 imitationem
3455 5344 3560 5386 vo-

1912 5421 2090 5477 lentes
2117 5421 2318 5476 habere
2349 5421 2615 5476 virtutem
2638 5433 2854 5490 eorum,
2887 5423 2943 5474 et
2972 5419 3028 5473 in
3049 5419 3219 5474 libris
3242 5419 3386 5473 vitas
3415 5419 3558 5488 ipso-

1910 5525 2036 5566 rum
2061 5510 2463 5580 describimus,
2491 5515 2546 5565 et
2578 5509 2636 5564 in
2670 5508 2964 5581 imaginali
2987 5508 3275 5576 scriptura
3298 5508 3429 5562 illos
3449 5506 3558 5559 de—

1911 5601 2232 5674 pingimus:
2280 5613 2409 5657 cum
2441 5599 2634 5654 minus
2665 5599 2959 5668 indigeant
2990 5597 3147 5652 hoca
3173 5595 3339 5651 nobis
3365 5593 3555 5648 histo-
