4010 6160
431 227 538 287 423

1671 227 2027 284 ANASTASII
2078 226 2616 286 BIBLIOTHECARII
3692 238 3775 300 424

429 355 547 411 rice
566 351 905 423 collaudari,
928 353 1015 410 vel
1050 353 1109 409 in
1137 353 1383 425 imagine
1414 352 1777 409 lineamentis
1802 354 2071 426 depingi:
2105 348 2165 408 A
2188 356 2401 411 tionem
2443 357 2773 427 passionum
2800 359 2945 429 ejus,
2983 358 3519 429 insipientissimum
3546 369 3647 420 est:
3680 368 3781 424 sine

428 444 524 500 sed
551 443 619 499 ad
645 443 953 499 utilitatem
977 446 1227 498 nostram
1254 442 1378 513 hoc,
1403 442 1577 498 sicuti
1604 442 1936 512 praedictum
1967 446 2077 509 est,

430 532 693 589 facimus.
708 534 832 588 Non
845 532 993 587 enim
1011 536 1230 587 tantum
1247 532 1538 601 passiones
1551 536 1874 587 sanctorum
1892 545 1995 587 nos
2006 531 2075 586 ad

430 621 667 677 salutem
683 626 934 676 nostram
949 619 1244 691 erudiunt,
1257 620 1351 677 sed
1368 620 1490 689 ipsa
1503 619 1725 675 conseri
1734 619 1853 688 ptio
1868 619 2078 688 passio-

431 724 565 766 num
585 709 838 779 ipsorum
854 709 1026 764 etiam
1046 722 1143 778 per
1157 708 1517 780 imaginalem
1535 708 1815 778 picturam
1829 712 2074 777 ostensa,

430 797 704 854 similiter
722 802 778 853 et
793 797 1188 853 anniversaria
1204 810 1396 852 eorum
1421 797 1709 852 memoria.
1731 798 1906 853 Totus
1923 796 2076 851 enim

430 887 711 951 sermonis
758 886 942 957 stylus
984 885 1138 942 hunc
1194 898 1422 942 sensum
1482 885 1857 955 commendat,
1905 890 1961 939 et
2006 883 2076 938 ad

430 975 853 1033 subversionem
915 973 1326 1031 venerabilium
1383 973 1698 1046 imaginum
1751 972 2081 1029 nullatenus

428 1069 517 1120 est
546 1065 601 1120 id
635 1064 785 1134 quod
811 1076 844 1118 a
866 1063 1031 1118 Patre
1058 1062 1278 1118 dictum
1303 1065 1408 1117 est.
1440 1063 1633 1132 Neque
1655 1060 1807 1116 enim
1836 1059 2082 1116 oblocu—

429 1153 645 1209 tionem
662 1151 916 1222 aliquam
943 1150 1215 1206 adversus
1245 1149 1377 1205 illas
1402 1146 1558 1205 facit.
1582 1151 1720 1204 Nam
1751 1152 1807 1204 et
1826 1148 1877 1204 si
1893 1148 2075 1204 dicit:

428 1244 551 1298 Non
595 1240 887 1298 coloribus
940 1240 1000 1295 in
1035 1238 1251 1295 tabulis
1291 1251 1525 1295 carneas
1569 1252 1765 1297 eorum
1811 1250 2080 1308 personas

429 1326 665 1405 [facies]
688 1343 839 1386 cura:
855 1328 1023 1385 nobis
1040 1333 1128 1384 est
1154 1328 1399 1401 ﬁgurare
1423 1347 1435 1383 :
1459 1332 1687 1397 propter
1705 1327 2079 1383 intentionem

428 1419 666 1475 virtutis
696 1418 813 1474 haec
848 1417 921 1474 ab
947 1431 1014 1473 eo
1032 1417 1187 1473 dicta
1233 1422 1403 1487 sunt;
1432 1414 1719 1472 subinfert
1746 1408 1932 1471 eni'm':
1981 1415 2074 1472 sed

431 1508 912 1565 conversationem
955 1520 1150 1563 eorum
1189 1519 1287 1575 per
1327 1505 1598 1562 virtutem
1640 1504 1879 1559 imitari.
1919 1504 2081 1561 Curae

432 1597 646 1668 quippe
680 1596 846 1652 nobis
874 1599 960 1651 est
982 1595 1227 1650 virtutes
1251 1593 1529 1650 bonorum
1553 1592 1808 1663 virorum
1845 1593 2079 1665 eligere,

2188 444 2459 513 cperibus
2496 458 2737 516 namque
2794 445 2933 501 ﬁdes
2987 451 3208 501 mortua
3245 452 3336 502 est
3369 445 3491 518 (Iac.
3539 451 3609 518 ιι).
3648 452 3777 511 Dicit

2188 533 2341 588 enim
2379 533 2699 606 evangelice
2725 534 3035 591 Dominus:
3064 535 3186 591 Non
3205 538 3376 590 omnis
3400 540 3489 605 qui
3511 538 3628 593 dicit
3650 542 3778 605 mihi,

2186 623 2429 683 Domine,
2486 625 2727 693 Domine,
2773 624 3005 677 intrabit
3054 625 3113 677 in
3162 639 3384 690 regnum
3428 626 3667 698 caelorum,
3706 630 3782 683 sed

2188 712 2286 777 qui
2344 712 2482 778 facit
2535 712 2868 765 voluntatem
2915 712 3099 765 Patris
3153 713 3258 765 mei
3311 714 3403 781 qui
3451 715 3509 768 in
3548 716 3675 769 cretis
3718 723 3779 772 est

2187 794 2397 868 (Matth.
2436 799 2554 874 vn).
2600 799 2803 855 Adhuc
2832 805 3020 855 autem
3052 799 3452 872 subjungentes
3493 805 3781 876 propositis,

2188 893 2245 941 et
2271 887 2442 942 aliam
2476 887 2864 958 probationem
2899 887 2992 943 his
3019 902 3144 959 quae
3172 887 3324 943 dicta
3345 894 3477 944 sunt
3500 890 3788 948 reddemus.

2188 976 2363 1031 Moris
2409 983 2495 1031 est
2532 977 2748 1033 sanctis
2793 976 3059 1032 Patribus
3104 976 3317 1033 nostris
3376 979 3474 1048 qui
3525 978 3791 1037 salutarem

2190 1063 2357 1119 nobis
2385 1065 2484 1119 Dei
2515 1064 2862 1120 voluntatem
2893 1064 3311 1136 disseruerunt,
3344 1066 3556 1135 prolixe
3589 1068 3794 1124 manda—

2191 1164 2378 1215 torum
2419 1166 2522 1208 nos
2554 1152 2708 1208 dicta
2729 1152 2949 1224 docere,
2972 1157 3030 1207 et
3052 1153 3120 1208 ad
3154 1153 3500 1224 mandatum,
3530 1154 3595 1209 de
3614 1168 3714 1224 quo
3731 1153 3798 1210 eis

2192 1237 2437 1295 intentio
2465 1244 2571 1310 est,
2605 1240 2885 1296 moderari
2909 1240 3227 1309 audientes,
3255 1240 3357 1296 hoc
3383 1242 3704 1296 annuntiare
3722 1255 3795 1297 ex-

2191 1328 2403 1384 celsum
2445 1342 2567 1384 esse
2606 1333 2663 1384 et
2709 1330 2925 1399 majus:
2967 1335 3030 1384 ut
3060 1334 3330 1400 tanquam
3371 1328 3663 1385 anchoram
3696 1343 3805 1385 cer-

2192 1422 2304 1472 tam
2338 1417 2394 1473 id
2436 1416 2723 1483 habentes.
2759 1431 2859 1473 nec
2903 1418 3056 1474 circa
3090 1418 3313 1488 reliqua
3356 1417 3686 1489 negligentes
3730 1419 3806 1474 si-

2195 1519 2339 1561 mus.
2376 1507 2548 1561 Porro
2578 1505 2964 1575 prolixitatem
2995 1506 3262 1576 vitantes,
3289 1505 3591 1576 pluresque
3608 1506 3808 1561 silentio

2197 1599 2618 1663 praetereuntes,
2668 1594 2956 1650 Asterium
2993 1594 3328 1651 Amasinum
3365 1596 3424 1650 in
3452 1595 3686 1650 medium
3722 1594 3812 1650 ad-

432 1690 489 1741 et
507 1662 670 1741 actus
694 1698 889 1741 eorum
928 1682 1168 1747 imitari,
1191 1687 1362 1754 atque
1389 1681 1874 1738 conversationem
1917 1662 2082 1753 ipso-4
2112 1662 2166 1725 Β
2194 1662 2491 1738 ducamus.
2523 1662 2746 1738 Etenim
2799 1682 2858 1737 in
2894 1684 3166 1739 Lazarum
3204 1688 3263 1739 et
3313 1683 3374 1738 in
3414 1682 3644 1739 divitem
3695 1696 3816 1738 con-

433 1787 561 1831 rum
586 1772 864 1829 aemulari.
892 1773 1164 1828 Praeterea
1187 1771 1393 1841 templa
1414 1771 1544 1826 istis
1561 1770 1778 1842 jugiter
1795 1770 2082 1843 dedicare,

433 1867 536 1919 aut
565 1861 625 1917 in
654 1860 902 1933 imagine
930 1859 1073 1916 istos
1093 1859 1330 1931 erigere,
1357 1858 1490 1915 illos
1519 1858 1619 1929 qui
1640 1858 1909 1914 virtutem
1937 1860 2086 1929 ipso.

436 1963 563 2007 rum
607 1952 998 2017 contemnunt,
1054 1961 1166 2004 non
1213 1953 1300 2004 est
1346 1945 1652 2004 laudabile.
1701 1948 1874 2003 Nemo
1920 1948 2084 2017 plane

436 2038 776 2106 laudaverit,
819 2037 869 2094 si
903 2037 1116 2093 viderit
1145 2036 1430 2093 hominem
1474 2036 1718 2092 virtutes
1756 2040 2084 2093 sanctorum

437 2127 956 2198 parvipendentem,
999 2125 1070 2181 de
1109 2125 1204 2181 die
1262 2125 1320 2180 in
1351 2125 1505 2180 diem
1559 2125 1762 2180 horum
1809 2124 2086 2196 imagines

435 2216 918 2273 commendantem
960 2212 1325 2285 [dicentem],
1365 2213 1453 2268 vel
1493 2212 1702 2283 templa
1745 2212 1923 2269 multa
1965 2213 2089 2269 eri—

438 2310 679 2379 gentem,
711 2309 813 2360 aut
839 2316 971 2359 vasa
1006 2316 1165 2358 sacra
1209 2307 1543 2373 patrantem,
1593 2307 1649 2357 et
1691 2316 1858 2358 suum
1901 2302 2090 2372 ipsius

439 2395 713 2464 templum
735 2393 959 2449 deiﬂcis
1021 2391 1339 2447 virtutibus
1382 2405 1493 2447 non
1547 2392 1936 2447 adornantem.
1993 2391 2093 2447 Ait

438 2484 592 2540 enim
620 2485 772 2539 Deus
801 2495 900 2552 per
927 2481 1130 2537 Isaiam
1162 2480 1490 2550 prophetam
1521 2480 1590 2536 ad
1623 2494 1718 2536 eos
1739 2481 1839 2552 qui
1880 2481 2093 2550 hujus-

440 2570 660 2627 cemodi
698 2574 894 2625 erant:
941 2570 1004 2624 Si
1030 2570 1330 2623 obtuleritis
1369 2569 1505 2622 mihi
1544 2568 1799 2631 similam,
1842 2584 2045 2623 vanum
2072 2588 2089 2623 :

441 2661 567 2715 thus
603 2659 934 2713 abominatio
962 2659 1098 2719 mihi
1125 2662 1221 2712 est.
1269 2659 1341 2711 Et
1368 2672 1488 2713 cum
1514 2672 1711 2711 manus
1737 2662 1944 2712 vestras
1989 2674 2094 2712 ea:-

442 2749 723 2805 tenderitis
750 2747 825 2801 ad
850 2763 953 2810 me,
1006 2750 1247 2801 avertam
1285 2746 1465 2800 oculos
1495 2760 1637 2800 meos
1666 2762 1702 2800 a
1735 2746 1885 2801 vobis
1905 2762 1925 2800 :
1968 2750 2018 2800 et
2045 2746 2095 2801 si

442 2837 934 2908 multiplicaveritis
983 2836 1406 2905 deprecationem
1455 2839 1711 2897 vestram,
1750 2850 1860 2888 non
1914 2850 2097 2889 eamu—

444 2929 595 2983 diam
622 2941 734 2981 vos.
757 2926 862 2982 Sed
887 2924 1023 2995 quid
1047 2922 1273 2979 facietis
1292 2922 1320 2977 ‘l
1338 2924 1646 2987 Lavamini,
1689 2923 1885 2977 mundi
1906 2928 2090 2987 estote,

443 3019 654 3085 auferte
675 3015 823 3069 mala
846 3014 916 3068 ab
939 3013 1227 3068 animabus
1254 3014 1446 3067 vestris
1488 3014 1549 3066 in
1573 3017 1857 3082 conspectu
1903 3014 2095 3067 oculo—

440 3121 566 3160 rum
607 3119 880 3159 meorum:
906 3103 1160 3171 quiescite
1187 3117 1223 3155 a
1250 3102 1410 3155 malis
1456 3102 1668 3163 vestris,
1719 3101 1911 3155 discite
1965 3101 2093 3156 bene

445 3197 666 3263 facere:
697 3193 920 3263 quaerite
951 3191 1248 3260 judicium,
1281 3190 1505 3245 liberate
1550 3205 1886 3259 oppressum,
1922 3190 2096 3259 judi-

448 3288 563 3339 cate
597 3282 893 3353 pupillum,
927 3280 1229 3349 justiﬁcate
1278 3279 1504 3333 viduam
1541 3276 1671 3347 (Isa.
1705 3293 1752 3342 Δι,
1784 3294 1886 3334 sec.
1920 3277 2097 3350 LXX.)

445 3375 594 3446 Ergo
636 3385 763 3428 cum
788 3371 897 3427 ista
919 3368 1356 3440 correxerimus,
1404 3373 1541 3425 tunc
1577 3373 1633 3423 et
1680 3382 1743 3423 ea
1774 3382 1900 3439 qua:
1929 3382 1961 3423 a
1987 3381 2099 3424 no-

447 3461 541 3518 bis
560 3460 895 3527 oﬁ‘eruntur,
919 3458 1068 3529 apud
1102 3459 1278 3514 Deum
1320 3464 1546 3524 accepta
1575 3463 1763 3527 erunt,
1800 3457 1919 3512 sive
1959 3469 2101 3511 san-

448 3555 539 3607 cta
563 3549 791 3621 templa,
834 3548 953 3604 sive
977 3551 1196 3602 sacrata
1241 3558 1392 3615 vasa,
1423 3545 1543 3600 sive
1568 3544 1919 3599 venerabiles
1948 3544 2101 3599 ima-

449 3639 613 3711 gines
653 3638 790 3693 sint.
836 3636 930 3690 Sic
975 3647 1109 3706 ergo
1137 3637 1333 3703 aptum
1378 3637 1483 3704 est,
1511 3633 1580 3688 ad
1615 3632 1944 3688 memoriam
1975 3643 2102 3688 san'

449 3733 671 3784 ctorum
717 3738 828 3780 non
852 3723 1096 3778 virtutes
1131 3721 1352 3777 borum.
1386 3720 1699 3777 secundum
1744 3721 1894 3791 quod
1924 3721 2101 3789 possi-

450 3816 567 3872 bile
593 3813 785 3883 fuerit,
820 3811 1037 3867 imitari
1067 3809 1214 3881 [Gr.,
1246 3809 1490 3881 diligere
1517 3809 1860 3879 etimitari].
1900 3810 2101 3880 Marty-

451 3916 579 3961 rum
629 3902 783 3958 enim
828 3898 1084 3956 laudatio
1138 3904 1241 3970 est,
1295 3897 1662 3955 collectorum
1701 3898 1770 3954 ad
1827 3898 2096 3954 virtutem

451 3990 722 4061 hortatio,
773 3989 925 4045 sicut
972 4000 1209 4060 magnus
1251 3986 1335 4043 ait
1386 3986 1636 4043 Basilius
1674 3986 1733 4042 in
1780 3986 2096 4043 moralibus

453 4078 813 4137 sermonibus
836 4076 962 4134 suis
979 4074 1057 4148 (in
1084 4073 1151 4132 40
1178 4076 1366 4149 Mart.)
1389 4075 1528 4132 Cum
1553 4076 1646 4130 his
1674 4080 1882 4144 autem,
1917 4075 2095 4132 sicuti

449 4168 669 4225 dictum
705 4171 811 4238 est,
845 4166 1017 4223 etiam
1052 4164 1262 4236 templa
1299 4165 1535 4237 erigere,
1577 4168 1635 4219 et
1665 4164 1943 4237 imagines
1985 4162 2098 4222 for‘

451 4271 623 4329 mare,
654 4261 711 4314 et
744 4269 903 4312 sacra
928 4268 1061 4311 vasa
1096 4256 1212 4312 Deo
1239 4253 1458 4325 oti’erre,
1492 4254 1659 4310 laude
1687 4254 1926 4325 dignum
1969 4260 2092 4312 est:

2195 1770 2453 1826 scribens
2472 1784 2807 1836 sermonem,
2834 1770 3121 1840 quoddam
3146 1770 3385 1828 verbum
3411 1771 3481 1826 de
3507 1770 3816 1840 pauperibus

2198 1858 2564 1936 [sententiam
2610 1859 2910 1928 quamdam
2956 1859 3132 1916 latius
3162 1859 3509 1930 explicatam
3545 1858 3615 1915 de
3641 1869 3819 1948 paup.)

2193 1948 2416 2006 alendis
2458 1951 2515 2003 et
2541 1952 2738 2003 contra
2779 1947 2990 2004 divites
3030 1948 3282 2018 dictans,
3335 1948 3599 2004 admonet
3646 1946 3825 2004 divites

2195 2039 2561 2109 eleemosynae
2595 2035 2819 2093 fructus
2867 2037 3120 2109 reddere,
3158 2042 3216 2093 et
3260 2051 3381 2094 non
3429 2036 3712 2107 splendide
3751 2034 3825 2091 vel

2196 2128 2349 2184 clare
2398 2126 2670 2183 mollibus
2716 2125 3076 2183 vestimentis
3103 2126 3357 2183 amictos
3394 2139 3551 2197 esse;
3585 2130 3639 2182 et
3666 2127 3829 2181 intro—

2197 2217 2362 2273 ducit
2405 2215 2674 2273 moralem
2730 2216 3028 2286 quemdam
3085 2229 3412 2272 sermonem
3474 2215 3543 2270 ad
3585 2212 3823 2285 quosdam

2200 2305 2611 2377 religiosiores,
2645 2304 2703 2360 in
2727 2304 2843 2360 vita
2881 2304 3118 2360 divitias
3152 2301 3585 2378 [religiosioris
3612 2302 3731 2357 vitae
3756 2295 3828 2373 d.]

2200 2394 2533 2464 ambientes,
2564 2392 2869 2464 perhibens
2900 2393 3009 2448 ita:
3044 2392 3172 2449 Noli
3205 2394 3453 2465 pingere
3487 2392 3761 2448 Christum
3784 2388 3830 2443 in

2199 2483 2577 2553 vestimentis,
2615 2482 2710 2539 sed
2757 2482 2950 2552 potius
2976 2481 3178 2538 horum
3210 2487 3495 2552 sumptus
3525 2478 3835 2551 pauperibus

2201 2584 2388 2643 eroga.
2412 2570 2492 2626 Ac
2512 2570 2719 2627 deinde
2734 2570 2929 2626 volens
2949 2569 3201 2626 recidere
3214 2570 3570 2626 divitiarum
3589 2566 3840 2638 cupidita-

2202 2665 2334 2730 tem,
2369 2657 2687 2715 subinfert:
2720 2657 2941 2714 Sutilcit
2963 2659 3116 2715 enim
3146 2659 3200 2715 ei
3226 2673 3354 2716 una
3386 2654 3840 2729 incorporationis

2205 2748 2538 2805 humilitas:
2569 2747 2625 2803 id
2651 2752 2757 2819 est,
2790 2761 2901 2803 non
2930 2747 3110 2818 placet
3134 2748 3382 2805 Christo
3408 2752 3523 2805 Deo
3552 2750 3733 2803 nostro
3760 2757 3840 2813 per

2205 2838 2553 2894 mundialem
2593 2835 2837 2893 favorem
2867 2845 2924 2893 et
2963 2837 3277 2893 avaritiam
3317 2834 3698 2894 demonstrari
3734 2833 3843 2890 dis-

2204 2927 2559 2999 pensationis
2608 2940 2726 2983 suae
2773 2926 3059 2997 mysteria.
3112 2927 3321 2996 Neque
3374 2927 3532 2982 enim
3586 2924 3747 2995 pium.
3773 2924 3843 2977 est

2123 2989 2173 3053 Ο
2204 2989 2288 3072 vel
2331 3019 2622 3085 acceptum
2653 3014 2713 3069 in
2758 2989 3066 3084 conspectu
3108 2989 3268 3084 ejus,
3315 3019 3550 3085 propter
3577 2989 3841 3083 evangeli—

2202 3117 2325 3161 cam
2364 3102 2975 3172 commemorationem,
3010 3102 3320 3159 materiam
3360 3102 3699 3159 divitiarum
3739 3098 3848 3153 the—

2203 3191 2493 3247 saurizare
2524 3191 2594 3246 ad
2641 3190 2995 3246 excusandas
3030 3192 3472 3264 excusationes.
3498 3191 3558 3246 in
3612 3184 3845 3260 peccatis,

2206 3279 2554 3350 pauperibus
2601 3278 2941 3348 contemptis
2981 3278 3402 3351 indigentibus
3447 3292 3678 3350 panum,
3707 3279 3851 3343 atque

2208 3370 2446 3440 privatis
2470 3369 2823 3426 indumentis
2850 3372 2908 3424 et
2936 3370 3314 3440 tegumentis.
3354 3370 3475 3426 Hoc
3505 3368 3659 3424 enim
3685 3360 3852 3421 avari-

2208 3460 2322 3531 tia),
2362 3464 2558 3515 etnon
2604 3458 2835 3528 pietatis
2872 3463 2960 3513 est
2998 3458 3331 3527 proprium.
3384 3459 3555 3515 Sicut
3581 3456 3729 3513 enim
3763 3464 3853 3507 non

2206 3555 2292 3604 est
2319 3546 2723 3603 communicati
2792 3545 2942 3602 lucis
2979 3545 3047 3601 ad
3089 3545 3395 3619 tenebras,
3426 3560 3613 3619 neque
3644 3538 3856 3615 partici—

2209 3635 2364 3706 patio
2397 3634 2642 3704 justitiae
2688 3638 2745 3690 et
2787 3634 3128 3706 iniquitati:
3183 3633 3280 3691 ita
3314 3649 3511 3707 neque
3552 3632 3859 3691 divitiarum

2207 3723 2669 3793 concupiscentia
2693 3727 2750 3778 et
2789 3723 3049 3779 mollium
3088 3722 3588 3781 vestimentorum
3622 3720 3859 3779 amictus‘

2205 3813 2274 3869 ad
2308 3812 2688 3884 evangelicam
2710 3810 2948 3868 formam
2969 3815 3140 3883 atque
3171 3811 3535 3869 historiam.
3575 3813 3700 3867 Haec
3735 3805 3865 3864 enim

2204 3900 2654 3972 dispensationis
2701 3901 2932 3972 quidem
2995 3900 3350 3957 relationem
3406 3900 3634 3958 affatim
3675 3898 3863 3963 edocet,

2207 3990 2266 4046 in
2308 3990 2549 4046 salutem
2600 3990 2846 4045 ducens:
2891 3988 2994 4044 illa
3021 4002 3153 4045 vero
3203 3990 3442 4047 misera
3491 3987 3870 4051 denuntiatur,

2203 4079 2287 4137 uti
2330 4078 2612 4135 cruciatui
2661 4077 2928 4147 obnoxia,
2974 4078 3483 4149 quemadmodum
3528 4077 3769 4135 Jacobus
3799 4073 3869 4127 ait

2202 4167 2431 4224 Domini
2470 4166 2671 4223 frater:
2704 4168 2908 4222 Divites
2942 4167 3180 4236 plorate,
3214 4168 3524 4224 ululantes
3564 4171 3630 4223 in
3664 4162 3871 4222 miseriis

2204 4272 2322 4326 quae
2344 4256 2634 4310 advenient
2645 4254 2815 4309 vobis.
2837 4256 3054 4310 Divitiae
3071 4260 3272 4311 vestrae
3282 4260 3643 4327 putrefactas
3669 4256 3808 4318 sunt,
3832 4251 3876 4301 et

451 4352 673 4418 oportet
699 4346 851 4403 enim
875 4348 931 4402 et
966 4343 1084 4401 haec
1108 4341 1311 4412 facere,
1348 4348 1403 4398 et
1438 4342 1540 4399 illa
1566 4357 1677 4399 non
1715 4344 1996 4414 omittere,
2033 4349 2097 4401 ut
2121 4349 2176 4411 D
2202 4347 2517 4399 vestimenta
2538 4349 2720 4398 vestra
2757 4360 2791 4397 α
2825 4345 2984 4398 tineis
3005 4348 3239 4398 comesta
3272 4351 3418 4401 sunt
3444 4361 3461 4400 ι
3493 4360 3701 4401 aurum
3723 4345 3769 4397 et
3791 4353 3878 4393 ar—

449 4450 617 4493 verus
640 4450 826 4493 sermo
864 4448 968 4491 nos
993 4435 1174 4490 docet.
1221 4434 1343 4489 Non
1368 4432 1520 4489 enim
1565 4432 1698 4504 quis
1741 4433 1939 4504 utique
1968 4433 2095 4489 vir—

448 4532 627 4583 tutem
648 4524 945 4597 acquirere
966 4522 1192 4594 poterit,
1228 4521 1345 4576 nisi
1376 4520 1436 4576 in
1466 4521 1636 4577 atriis
1656 4522 1885 4578 Domini
1907 4535 2095 4579 assue-

448 4619 587 4684 scat,
615 4620 672 4670 et
696 4627 793 4685 per
816 4612 1114 4669 lectionem
1157 4609 1355 4665 divina
1388 4609 1617 4681 eloquia
1654 4610 1873 4680 audiat,
1899 4614 1955 4666 et
1996 4624 2095 4680 per

447 4704 723 4761 visionem
745 4702 990 4758 ducatur
1013 4700 1081 4755 ad
1106 4712 1333 4755 sensum
1358 4703 1470 4755 tam
1491 4700 1946 4772 evangelicarum
1972 4713 2101 4755 nar-

450 4793 736 4850 rationum
766 4796 821 4846 et
843 4787 1309 4859 disciplinarum,
1335 4793 1391 4844 et
1412 4788 1846 4860 martyricarum
1869 4788 2095 4844 relatio-

447 4896 583 4939 num
599 4886 769 4950 atque
789 4877 1188 4934 certaminum.
1207 4879 1268 4932 In
1280 4878 1435 4934 omni
1449 4882 1639 4933 autem
1658 4882 1926 4948 tempore,
1945 4876 2091 4949 loco,

447 4973 746 5038 momento,
770 4972 825 5022 et
848 4966 986 5024 hora
998 4965 1314 5022 virtutibus
1334 4966 1470 5021 dare
1490 4979 1717 5036 operam
1743 4978 2095 5035 pernecessa-

449 5059 598 5114 rium
651 5061 771 5119 est:
821 5056 957 5128 quia
998 5055 1058 5111 in
1104 5053 1468 5126 passionibus
1508 5054 1725 5109 Christi
1774 5068 1995 5124 semper
2036 5061 2093 5112 et

446 5146 720 5204 continuo
743 5145 1064 5201 conversari
1093 5158 1317 5200 necesse
1354 5148 1459 5207 est,
1486 5149 1542 5197 et
1596 5142 2089 5200 mortificationem

446 5237 571 5306 ejus
598 5235 656 5291 in
678 5248 913 5305 corpore
935 5239 1128 5290 nostro
1147 5231 1515 5289 circumferre
1538 5250 1552 5301 ;
1574 5236 1631 5287 et
1656 5231 1762 5288 hoc
1780 5232 2091 5305 diligenter

447 5324 629 5380 facere
673 5324 1029 5379 commodum
1068 5328 1185 5378 est:
1233 5320 1563 5377 conciliatio
1605 5321 1757 5376 enim
1796 5327 1882 5378 est
1927 5325 2086 5395 regni

446 5413 737 5470 caelorum.
766 5414 940 5469 Porro
983 5410 1192 5467 multas
1223 5423 1420 5466 cruces
1455 5424 1687 5469 exarare
1735 5413 1796 5468 in
1840 5427 1954 5469 una
1976 5413 2089 5469 do-

448 5502 736 5575 muncula,
772 5506 829 5559 et
857 5504 1211 5559 contemnere
1236 5500 1496 5557 mandata
1518 5500 1755 5575 Christi,
1791 5506 1848 5559 et
1887 5502 2088 5559 imita-

2201 4439 2419 4503 gentum
2429 4438 2667 4488 vestrum
2684 4434 3029 4500 zeruginavit,
3051 4436 3101 4486 et
3117 4447 3314 4501 aerugo
3338 4437 3406 4489 in
3423 4434 3882 4490 testimoniumvo-

2204 4525 2284 4579 bis
2325 4525 2427 4577 erit
2471 4520 2602 4594 (Jac.
2654 4522 2725 4595 v).
2760 4522 2962 4594 Igitur,
3013 4521 3189 4577 sicuti
3249 4523 3501 4581 dictum
3548 4528 3661 4596 est,
3709 4515 3881 4579 omnia

2203 4626 2330 4684 qua:
2359 4616 2587 4683 propter
2614 4612 2914 4667 avaritiam
2949 4609 3096 4666 facta
3125 4617 3275 4666 sunt
3312 4613 3381 4669 in
3418 4614 3670 4670 mundo.
3709 4618 3885 4667 trans-

2206 4700 2389 4757 ibunt.
2436 4699 2715 4756 Possibile
2761 4699 2929 4756 nobis
2956 4703 3043 4754 est
3086 4711 3185 4769 per
3217 4702 3540 4759 modicam
3588 4703 3885 4773 impensam

2206 4791 2411 4847 habere
2434 4789 2704 4846 alimenta
2742 4794 2798 4845 et
2823 4788 3155 4845 indumenta
3180 4794 3244 4844 et
3276 4793 3692 4861 operimenta,
3728 4795 3784 4846 et
3810 4786 3890 4843 his

2204 4894 2326 4937 esse
2352 4883 2666 4937 contentos.
2694 4878 2989 4949 Quidquid
3020 4878 3172 4934 enim
3195 4892 3329 4935 non
3366 4887 3625 4954 pr0pter
3652 4874 3892 4938 necessi-

2203 4973 2393 5038 tatem,
2430 4967 2524 5023 sed
2567 4973 2797 5037 propter
2832 4966 3262 5037 speciositatem
3293 4972 3681 5039 assumitur,
3715 4963 3896 5039 pravi—

2202 5057 2338 5113 tatis
2374 5056 2542 5113 habet
2581 5056 3021 5126 accusationem,
3079 5061 3143 5111 ut
3182 5055 3461 5115 divinus
3502 5061 3596 5116 ait
3638 5055 3893 5115 Basilius.

2197 5146 2457 5203 Contenti
2488 5160 2621 5217 ergo
2659 5147 2843 5202 simus
2882 5145 2975 5200 his
3010 5158 3264 5215 quorum
3306 5161 3597 5219 egemus,
3641 5156 3700 5205 et
3729 5162 3793 5203 ex
3821 5142 3901 5197 his

2200 5235 2549 5306 pauperibus
2570 5234 2924 5291 sufﬁcienter
2944 5235 3162 5304 demus,
3186 5240 3252 5288 et
3288 5250 3557 5295 manum
3586 5239 3714 5294 illis
3738 5230 3901 5307 porri.

2198 5338 2416 5397 gamus,
2470 5328 2533 5380 ut
2577 5329 2635 5379 et
2661 5323 2890 5379 Domini
2944 5337 3132 5379 vocem
3173 5324 3538 5385 audiamus
3584 5329 3900 5385 dicentem:

2193 5414 2348 5468 Beati
2377 5412 2766 5474 misericordes,
2810 5413 3067 5482 quoniam
3102 5412 3214 5481 ipsi
3260 5416 3745 5472 misericordiam
3780 5427 3904 5467 con-—

2194 5506 2485 5573 sequentur
2528 5499 2739 5573 (Matth.
2801 5502 2892 5574 v);
2932 5505 3022 5557 et:
3075 5499 3361 5566 Quandiu
3430 5508 3666 5574 fecistis
3714 5504 3814 5560 uni
3850 5514 3909 5556 et
