4010 6160
182 295 287 355 425

977 299 1521 358 INTERPRETATIO
1559 300 1806 358 SYNODI
1849 299 1940 357 VII
1977 301 2378 364 GENERALIS.
2408 340 2480 350 —
2517 311 2717 368 ACTIO
2763 315 2844 369 Vl.

3496 310 3602 372 426

175 439 258 492 his
288 441 532 493 minimis
566 440 841 506 fratribus
870 442 1019 506 meis,
1047 442 1186 496 mihi
1208 443 1416 510 fecistis
1441 440 1659 514 (Μαίιιι,
1707 444 1843 516 xxv)
1865 427 1923 486 A
1951 441 2046 484 eas
2071 443 2103 485 a
2130 430 2302 489 labiis
2337 435 2528 507 ﬂuere,
2561 441 2617 493 et
2656 437 2922 495 lamentis
2955 439 3191 497 aﬁ'ectus
3225 441 3432 499 abires.
3472 444 3605 500 Vin-

176 529 240 582 Et
278 527 421 598 quia
456 527 672 584 Asterii
709 529 1040 585 memoriam
1075 529 1340 601 fecimus,
1373 532 1462 587 eia
1493 532 1682 588 verbis
1715 533 1840 602 ejus

176 623 424 689 utentes,
466 617 886 673 venerabilium
929 619 1245 691 imaginum
1287 621 1654 677 traditionem
1697 622 1843 677 anti-

177 720 343 777 quam
381 721 507 762 esse
541 707 959 779 legislationem
994 713 1378 765 monstremus
1416 710 1713 767 catholica:
1745 713 1842 766 Ec—

174 794 386 852 clesiae.
450 795 675 850 Etenim
734 796 856 866 ipse
895 797 1315 867 contemplatus
1361 799 1666 870 imaginem
1723 812 1841 869 pas-

177 883 361 939 sionis
381 885 716 954 Euphemia:
738 885 1025 956 martyris,
1044 886 1260 943 talibus
1277 887 1648 944 estlaudibus
1668 902 1839 944 usus:

179 972 392 1029 Mulier
427 974 688 1043 quaadam
731 973 843 1030 fuit
883 989 1041 1031 sacra
1076 976 1257 1048 virgo,
1307 977 1692 1047 incorruptam
1733 979 1845 1033 Deo

179 1062 532 1131 pudicitiam
563 1077 791 1135 vovens,
827 1078 995 1134 quam
1029 1065 1402 1134 Euphemiam
1433 1072 1652 1121 vocant.
1705 1067 1843 1121 Cum

177 1157 370 1206 autem
403 1157 690 1221 tyrannus
710 1152 1024 1222 aliquando
1057 1155 1183 1222 pios
1217 1160 1668 1224 persequeretur,
1704 1155 1847 1210 satis

181 1245 453 1310 prompte
476 1241 683 1296 mortis
704 1241 878 1312 elegit
899 1241 1243 1311 periculum.
1268 1243 1442 1298 Porro
1463 1244 1616 1298 cives
1632 1249 1687 1298 et
1703 1257 1848 1298 com-

183 1330 583 1384 municatores
620 1329 941 1400 religionis,
979 1345 1079 1400 pro
1119 1345 1230 1401 qua
1260 1335 1317 1386 et
1349 1337 1569 1388 mortua
1600 1337 1704 1402 est,
1740 1333 1850 1388 uti-

184 1418 372 1472 litatis
435 1417 559 1488 lege
616 1414 789 1492 [ergo]
851 1432 1070 1474 sacram
1135 1420 1416 1491 virginem
1478 1421 1847 1492 admirantes,

181 1507 344 1575 juxta
388 1507 713 1562 sacrarium
757 1507 1020 1577 sepulcro
1058 1508 1341 1577 dedicato,
1373 1514 1431 1563 et
1468 1515 1597 1564 arca
1643 1509 1848 1580 posita,

190 1596 439 1650 honores
468 1595 521 1649 ei
565 1595 984 1667 concelebrant,
1025 1601 1081 1651 et
1115 1596 1413 1651 annuatim
1454 1597 1605 1652 diem
1643 1596 1850 1652 festum

190 1682 418 1739 faciunt
470 1689 528 1739 et
572 1684 899 1740 solemnem.
953 1685 1211 1756 Denique
1263 1686 1471 1742 sacrati
1521 1687 1851 1743 divinorum

1951 517 2144 574 culum
2179 520 2318 590 [Gr.,
2349 523 2570 594 Carcer]
2608 530 2734 595 post
2774 527 2924 582 haec:
2966 533 3022 583 et
3057 529 3264 585 iterum
3315 531 3473 601 virgo
3511 532 3602 587 de-

1951 620 2083 664 cora
2117 609 2176 664 in
2198 609 2374 667 fulvis
2398 614 2673 686 vestibus,
2703 616 2798 672 sed
2821 621 2876 672 et
2897 617 3036 688 sola,
3065 619 3374 674 extendens
3401 633 3601 676 manus

1951 697 2021 752 ad
2045 698 2272 770 caelum,
2305 701 2576 758 invocans
2596 706 2770 760 Deum
2799 711 3042 762 tutorem
3073 707 3129 762 in
3161 707 3361 777 poenis.
3393 708 3604 764 ()rante

1952 791 2138 841 autem
2170 802 2254 861 ea,
2287 790 2514 847 videtur
2543 807 2715 862 super
2743 799 2914 864 caput
2944 795 3194 867 signum,
3225 796 3374 865 quod
3405 796 3492 851 lex
3519 803 3605 852 est

1953 875 2304 933 Christianis
2336 879 2612 936 adorandi
2657 887 2713 938 et
2760 885 3258 953 superscribendi:
3303 886 3452 955 quod
3503 900 3605 957 ego

1959 962 2239 1020 indicium
2261 980 2383 1022 esse
2406 968 2659 1025 arbitror
2682 972 2966 1040 passionis
2988 987 3113 1042 qua:
3136 972 3292 1028 illam
3323 972 3600 1028 manebat-

1959 1053 2085 1107 Mox
2109 1068 2242 1125 ergo
2268 1061 2324 1110 et
2354 1063 2481 1125 post
2506 1059 2803 1128 paululum
2839 1061 3023 1132 ignem
3049 1061 3190 1116 alibi
3222 1062 3600 1117 vehementem

1957 1141 2142 1210 pictor
2171 1147 2487 1216 succendit,
2535 1148 2709 1204 rubro
2747 1150 2936 1206 colore
2981 1151 3116 1206 hinc
3163 1155 3220 1206 et
3266 1152 3396 1206 inde
3435 1152 3608 1206 clare-

1957 1239 2145 1288 scente
2180 1235 2461 1291 ﬂammam
2496 1252 2704 1308 corpus
2748 1239 3011 1296 eﬁiciens.
3054 1241 3126 1296 At
3155 1256 3284 1298 vero
3321 1241 3380 1296 in
3424 1241 3610 1297 medio

1958 1321 2195 1376 ﬂammae
2237 1324 2442 1380 statuit
2484 1340 2604 1382 eam
2653 1328 2918 1385 manibus
2956 1329 3024 1384 ad
3071 1330 3276 1386 caalum
3315 1331 3606 1400 expansis,

1959 1410 2054 1464 sed
2084 1411 2343 1468 molestia
2367 1414 2524 1469 nulla
2549 1415 2606 1470 in
2634 1415 2777 1472 facie
2801 1423 3136 1487 apparente:
3165 1419 3305 1490 quin
3328 1434 3358 1474 e
3381 1419 3608 1474 diverso

1963 1498 2223 1569 hilarem,
2258 1503 2527 1571 quoniam
2565 1505 2632 1559 ad
2674 1505 3063 1576 incorpoream
3093 1513 3149 1563 et
3179 1508 3397 1563 beatam
3433 1508 3605 1563 vitam

1966 1589 2245 1660 pergebat.
2290 1591 2476 1662 Usque
2508 1593 2616 1649 huc
2657 1600 2712 1650 et
2753 1595 2938 1664 pictor
2980 1597 3220 1652 retinuit
3267 1611 3514 1668 manum,
3559 1603 3612 1650 et

1963 1690 2066 1748 ego
2100 1692 2432 1735 sermonem.
2469 1682 2642 1738 Porro
2672 1685 2898 1739 attende
2940 1685 3070 1755 tibi,
3107 1685 3155 1740 si
3189 1686 3440 1741 volueris
3469 1699 3625 1742 cam-.

131 1800 135 1804 ι
193 1774 606 1843 mysteriorum
656 1779 968 1830 assertores
1013 1775 1184 1830 etiam
1240 1775 1606 1832 sermonibus
1654 1790 1856 1832 memo.
1885 1747 2092 1822 Bdcm
2143 1769 2409 1837 perﬁcere
2457 1771 2760 1840 picturam,
2810 1779 2866 1830 et
2911 1775 3239 1830 consideres
3279 1775 3610 1846 diligenter,

197 1864 340 1917 riam
385 1877 617 1932 semper
657 1863 958 1933 honorant,
998 1868 1055 1919 et
1098 1864 1348 1935 qualiter
1391 1864 1693 1934 perfecerit
1731 1879 1858 1936 ago-

197 1966 320 2006 nem
385 1953 843 2021 perseverantite,
899 1953 1210 2023 diligenter
1263 1958 1566 2023 praesentes
1619 1953 1860 2024 populos

198 2042 463 2096 edocent.
497 2040 570 2096 At
600 2055 732 2096 vero
763 2041 948 2111 pictor
979 2042 1070 2112 pie
1106 2055 1281 2114 agens
1307 2047 1363 2097 et
1401 2043 1522 2113 ipse
1555 2056 1652 2112 per
1681 2048 1858 2098 artem

197 2129 523 2186 secundum
569 2130 721 2185 vires
773 2135 944 2186 totam
992 2132 1117 2200 ejus
1163 2131 1465 2187 historiam
1517 2133 1574 2186 in
1621 2132 1862 2187 sindone

201 2219 480 2290 ﬁgurans,
530 2219 686 2273 circa
728 2219 1054 2288 sepulcrum
1097 2220 1292 2290 posuit
1336 2220 1570 2276 titulum
1616 2217 1860 2294 [sacrum

204 2305 650 2383 spectaculum].
694 2308 870 2364 Habet
907 2313 1096 2366 autem
1137 2324 1197 2365 se
1236 2310 1321 2366 sic
1359 2311 1504 2366 artis
1533 2310 1858 2382 diligentia.

198 2398 483 2453 Excelsus
529 2411 706 2468 super
749 2398 1017 2454 thronum
1064 2398 1288 2455 locatur
1325 2399 1522 2470 judex,
1567 2412 1757 2455 amare
1797 2403 1864 2455 ac

201 2483 424 2540 furiose
457 2486 740 2558 virginem
784 2487 1033 2543 intuens.
1072 2488 1344 2544 Irascitur
1371 2487 1524 2543 enim
1554 2501 1649 2545 ars
1688 2487 1860 2544 etiam

205 2574 266 2628 in
310 2575 579 2630 materiis
620 2575 977 2646 inanimatis,
1019 2590 1149 2631 cum
1180 2575 1320 2632 vult.
1358 2575 1646 2632 Satellites
1674 2581 1863 2632 autem

205 2663 499 2734 principis
522 2669 577 2719 et
610 2664 826 2721 mllites
856 2665 1047 2734 multi,
1080 2664 1182 2719 alii
1215 2665 1444 2735 quidem
1479 2669 1866 2720 monumento-

206 2766 332 2807 rum
393 2753 798 2824 descriptores,
847 2752 1092 2809 ferentes
1130 2753 1312 2809 libros
1351 2757 1408 2809 et
1445 2753 1683 2824 pittacia
1728 2754 1863 2824 [Gr.,

207 2842 434 2912 stylos].
463 2843 716 2912 Quorum
739 2843 893 2899 alius
919 2856 1196 2913 suspensa
1224 2856 1394 2899 manu
1419 2856 1451 2898 a
1477 2856 1626 2913 cera,
1654 2843 1866 2913 aspicit

205 2931 279 2986 ad
312 2946 436 2988 eam
473 2946 600 3003 quae
625 2931 1018 3003 judicabatur,
1049 2932 1237 2988 valide
1268 2936 1440 2987 totam
1477 2930 1766 2988 inclinans
1792 2931 1869 2987 fa-

204 3022 382 3091 ciem,
411 3023 582 3091 quasi
600 3022 801 3091 jussus
826 3019 1060 3077 facilius
1091 3021 1250 3091 loqui
1278 3020 1504 3091 [jubens
1529 3021 1747 3078 clarius
1780 3021 1864 3091 l.],

1969 1855 2081 1911 nisi
2108 1857 2350 1913 multum
2377 1857 2622 1916 inferius
2643 1876 2810 1932 quam
2835 1865 3111 1933 oportuit,
3131 1863 3198 1919 ad
3224 1865 3608 1920 narrationem

1966 1945 2330 2002 accessimus.
2376 1949 2444 2003 Et
2497 1949 2613 2004 haec
2670 1951 2900 2020 quidem
2956 1951 3238 2008 Asterius.
3290 1956 3618 2010 Tractantes

1967 2039 2155 2091 autem
2190 2051 2314 2106 qua:
2348 2036 2405 2091 in
2434 2038 2632 2093 divina
2661 2040 2956 2110 Scriptura
2986 2043 3138 2097 dicta
3169 2048 3322 2112 sunt,
3359 2043 3623 2098 invenie—

1973 2140 2100 2181 mus
2129 2129 2386 2184 eumdem
2430 2144 2497 2185 ex
2527 2142 2590 2184 ea
2623 2130 2846 2201 legisse,
2876 2146 3000 2203 quae
3037 2131 3107 2186 ab
3154 2131 3277 2202 ipso
3307 2132 3461 2188 dicta
3488 2131 3622 2187 fue—

1973 2221 2124 2273 runt.
2175 2218 2327 2274 Deus
2357 2219 2508 2274 enim
2548 2218 2762 2276 famulo
2800 2234 2904 2276 suo
2939 2220 3115 2292 Moysi
3159 2221 3229 2277 de
3255 2221 3621 2277 tabernaculo

1971 2304 2302 2376 disponens,
2354 2312 2650 2380 postquam
2695 2310 2852 2366 varia
2885 2314 2940 2366 et
2982 2311 3206 2366 diversa
3252 2311 3311 2366 in
3349 2324 3414 2367 eo
3453 2323 3624 2380 Opera

1975 2394 2097 2450 ﬁeri
2130 2396 2416 2468 praecepit,
2462 2397 2571 2452 ait:
2613 2399 2797 2452 Facies
2841 2401 3077 2454 cortinas
3099 2415 3166 2453 ex
3201 2399 3354 2468 bysso
3383 2404 3622 2465 retorta;

1972 2485 2284 2552 hyacintho,
2345 2490 2395 2540 et
2430 2503 2706 2556 purpura,
2759 2492 2808 2541 ct
2847 2503 2993 2542 cocco
3045 2492 3243 2542 retorto
3303 2489 3626 2553 cherubim;

1973 2590 2129 2642 opere
2161 2578 2383 2630 tea-toris
2411 2578 2580 2644 facies
2605 2593 2692 2632 eos
2723 2574 2917 2648 (Exod.
2949 2577 3128 2650 xxv-'1).
3164 2579 3231 2632 Et
3254 2577 3376 2648 ipsa
3395 2577 3629 2648 quidem

1973 2662 2283 2734 dispositio
2307 2665 2469 2720 docet
2501 2679 2622 2737 nos,
2657 2671 2720 2722 ut
2749 2680 2814 2722 ea
2843 2681 2966 2737 qua:
2994 2668 3106 2722 Deo
3131 2667 3320 2723 dicata
3345 2671 3500 2733 sunt,
3524 2680 3632 2721 ex—

1977 2753 2170 2822 pensis
2198 2753 2397 2810 multis
2426 2754 2848 2810 conﬁciantur:
2895 2755 2954 2810 in
2988 2755 3257 2812 humanis
3296 2761 3484 2812 autem
3517 2769 3630 2812 non

1976 2841 2074 2896 ita.
2109 2843 2336 2898 Dictum
2363 2850 2448 2899 est
2476 2844 2628 2899 enim
2655 2843 2864 2915 populo
2891 2862 2904 2898 :
2932 2847 3002 2901 Et
3027 2849 3221 2900 vestem
3249 2845 3462 2901 duobus
3496 2860 3636 2899 con-

1976 2935 2178 2985 textam
2229 2948 2295 2986 ne
2324 2933 2525 2987 induas
2571 2930 2744 3002 (Deut.
2799 2933 2958 3006 XXII).
3009 2934 3390 2990 Lucidissime
3437 2938 3628 2990 autem

1975 3019 2211 3076 divinus
2234 3020 2541 3091 Apostolus
2569 3022 2772 3078 borum
2803 3037 3033 3079 sensum
3074 3024 3448 3094 commendat,
3479 3037 3632 3094 prae-

205 3087 410 3169 utnon
430 3087 713 3168 laborans
737 3125 868 3184 erga
899 3087 1184 3181 auditum,
1221 3087 1486 3168 mendosa
1515 3087 1869 3169 describeret
1893 3087 1943 3149 Ο
1977 3109 2233 3178 cipiens:
2285 3087 2552 3165 Mulieres
2601 3115 2660 3166 in
2703 3111 2893 3168 habitu
2930 3118 3120 3168 ornato
3160 3087 3447 3184 [decenti];
3479 3087 3636 3166 ’ωιτη

204 3206 268 3256 et
308 3197 641 3270 imperfecta
678 3201 1200 3271 [reprehendenda].
1250 3200 1446 3256 Stabat
1479 3206 1668 3257 autem
1708 3202 1870 3272 virgo
1977 3199 2304 3252 verecundia
2350 3204 2399 3253 et
2461 3201 2747 3256 sobrietate
2807 3208 3061 3257 ornantes
3105 3218 3178 3273 se,
3223 3218 3331 3256 non
3379 3205 3438 3256 in
3477 3203 3633 3256 tortis

209 3291 271 3345 in
304 3288 462 3346 fulva
495 3288 693 3360 [fusca]
728 3290 925 3345 tunica
955 3295 1011 3344 et
1039 3295 1191 3345 veste
1228 3289 1654 3360 phiIOSOphiam
1695 3290 1875 3361 signi-
1980 3289 2244 3350 crinibus,
2267 3293 2366 3343 aut
2393 3306 2549 3352 auro,
2577 3296 2675 3345 aut
2705 3295 3042 3359 margaritis,
3083 3293 3166 3346 vel
3194 3297 3335 3346 veste
3363 3293 3635 3362 pretiosa;

210 3380 431 3450 ﬁcans;
465 3385 540 3448 et,
581 3385 643 3434 ut
670 3380 858 3436 visum
888 3385 975 3434 est
1017 3379 1250 3451 pictori,
1282 3379 1444 3435 vultu
1478 3379 1699 3436 urbano
1731 3379 1876 3449 [pul-
1981 3378 2076 3432 sed
2117 3378 2264 3447 quod
2310 3378 2457 3433 decet
2506 3380 2776 3443 mulieres,
2820 3383 3193 3450 promittentes
3227 3383 3486 3450 pietatem
3535 3395 3639 3450 per

209 3469 351 3524 chra
386 3457 553 3538 facie]
583 3486 595 3521 :
632 3472 696 3524 ut
733 3472 922 3524 autem
955 3468 1097 3523 mihi
1130 3472 1382 3538 apparet,
1415 3469 1664 3524 animam
1714 3469 1874 3523 deco-
1983 3483 2145 3537 opera
2189 3467 2324 3522 bona
2373 3467 2419 3538 (Ι
2463 3470 2596 3522 Tim.
2650 3468 2729 3541 ιι).
2765 3470 2889 3524 Hinc
2924 3470 3350 3526 considerantes
3383 3483 3502 3539 nos,
3535 3469 3646 3539 qui

213 3565 334 3613 rata
377 3557 718 3614 virtutibus.
765 3560 996 3614 Ducunt
1045 3563 1234 3613 autem
1275 3571 1397 3614 eam
1444 3558 1511 3613 ad
1558 3557 1875 3628 principem
1982 3557 2096 3611 Deo
2125 3556 2234 3612 soli
2285 3557 2615 3614 servitutem
2671 3563 2919 3614 nostram
2954 3559 3012 3613 in
3044 3558 3256 3628 spiritu
3303 3563 3360 3612 et
3401 3557 3640 3613 veritate

213 3647 330 3703 duo
371 3647 611 3719 milites,
645 3661 758 3704 uno
789 3653 920 3703 ante
959 3647 1190 3718 quidem
1224 3649 1506 3719 trahente,
1536 3647 1716 3703 altero
1748 3661 1878 3704 vero

217 3743 348 3806 post
395 3741 622 3808 tergum
675 3742 913 3808 urgente
957 3741 1332 3807 temperatum
1376 3737 1624 3808 virginis
1669 3750 1877 3792 morem

217 3828 438 3896 pudore
484 3831 657 3896 atque
704 3827 1047 3882 constantia.
1096 3828 1235 3881 Nam
1277 3826 1336 3881 in
1387 3830 1596 3882 terram
1645 3826 1877 3896 quidem

215 3916 506 3982 intuetur,
547 3913 892 3970 erubescens
922 3914 1118 3971 vultus
1147 3914 1403 3970 virorum
1429 3933 1441 3968 :
1476 3913 1663 3970 stabat
1690 3919 1878 3969 autem

215 4004 634 4074 imperterrita,
681 4003 831 4059 nihil
874 4004 1220 4074 perpetiens,
1260 4003 1328 4059 ad
1376 4017 1632 4074 agonem.
1674 4005 1880 4059 Verum

217 4107 350 4149 cum
388 4107 494 4164 ego
527 4093 679 4149 alios
713 4093 945 4149 interim
977 4093 1268 4149 laudarem
1302 4093 1570 4162 pictores,
1611 4091 1731 4148 vidi
1765 4106 1881 4147 mu-

214 4182 387 4239 lieris
420 4182 587 4238 illius
614 4181 908 4238 Colchidis
933 4197 1098 4253 opus,
1127 4182 1276 4253 quod
1305 4181 1496 4253 gnatis
1519 4181 1775 4252 gladium
1805 4179 1873 4235 il-

216 4271 433 4343 latura,
478 4271 878 4327 misericordia
916 4276 970 4326 et
1003 4268 1194 4326 furore
1231 4269 1514 4325 divideret
1543 4268 1782 4325 faciem:
1826 4273 1882 4324 et

217 4375 332 4417 uno
373 4360 611 4431 quidem
641 4360 940 4417 oculorum
975 4361 1117 4416 iram
1152 4358 1492 4430 ostenderet,
1530 4358 1709 4414 altero
1751 4371 1881 4413 vero

1987 3643 2300 3718 offerimus,
2341 3647 2534 3702 omnia
2574 3662 2700 3718 qua:
2729 3646 2918 3704 oblata
2955 3653 3011 3703 et
3034 3647 3294 3703 dedicata
3330 3652 3483 3718 sunt,
3522 3646 3642 3702 sive

1986 3735 2222 3792 divinus
2245 3741 2412 3806 typus
2443 3737 2704 3806 pretiosae
2723 3737 2935 3808 crucis,
2969 3737 3088 3793 sive
3109 3736 3496 3808 Evangelium,
3523 3735 3642 3791 sive

1987 3825 2318 3880 veneranda:
2350 3825 2649 3898 imagines,
2695 3827 2813 3882 sive
2853 3841 2985 3883 vasa
3015 3840 3175 3882 sacra
3217 3826 3355 3897 sint,
3396 3830 3452 3881 et
3495 3824 3647 3880 salu-

1991 3917 2178 3969 tamus
2233 3918 2290 3968 et
2336 3915 2738 3984 amplectimur
2800 3930 2864 3971 ea
2918 3915 3282 3986 [salutemus,
3329 3914 3645 3985 amplecta—

1992 4017 2140 4074 mur,
2173 4003 2334 4074 etc.],
2361 4005 2538 4060 veluti
2570 4018 2724 4075 spem
2771 4004 3040 4060 habentes
3071 4003 3548 4061 sanctiﬁcationis
3573 4003 3642 4059 ab

1990 4093 2076 4149 eis
2115 4094 2524 4164 percipiendae:
2554 4099 2611 4149 et
2639 4094 3026 4150 adorationem
3065 4093 3489 4150 honoratoriam
3523 4092 3648 4149 illis

1992 4183 2394 4252 impendimus.
2429 4183 2672 4238 Adorate
2692 4183 2865 4254 enim,
2888 4183 3098 4254 inquit,
3131 4183 3422 4238 scabellum
3444 4183 3649 4252 pedum

1989 4273 2127 4341 ejus,
2156 4275 2412 4343 quoniam
2427 4278 2672 4329 sanctum
2694 4272 2847 4343 [Gr.,
2869 4273 3118 4342 sanctus]
3143 4273 3398 4342 est(Psal.
3427 4272 3640 4343 xcvm).

1991 4364 2226 4432 PrOpter
2273 4362 2423 4434 quod
2455 4369 2511 4419 et
2550 4361 2860 4435 Gregorins
2905 4361 3226 4433 Theologus
3274 4362 3334 4416 in
3386 4373 3648 4416 sermone

217 4457 463 4507 matrem
493 4446 778 4506 iudiearet
807 4455 1125 4520 parcentem
1151 4454 1208 4504 et
1232 4449 1668 4504 borrescentem.
1723 4449 1884 4502 Nunc
1913 4443 1965 4504 D
1995 4465 2100 4506 suo
2151 4452 2220 4507 de
2272 4453 2570 4509 nativitate
2606 4451 2820 4508 Christi
2865 4451 2981 4506 ait:
3032 4449 3355 4506 Bethlehem
3408 4448 3643 4515 honora,

213 4546 415 4596 autem
449 4539 797 4596 miraculum
827 4539 898 4594 ab
932 4539 1033 4596 illo
1072 4553 1245 4594 sensu
1275 4539 1344 4594 ad
1380 4538 1524 4594 hanc
1555 4536 1767 4593 mutavi
1806 4535 1888 4606 pi-

213 4637 445 4686 cturam
473 4649 488 4700 ;
509 4635 564 4686 et
587 4629 750 4685 valde
771 4643 999 4700 quoque
1015 4629 1272 4684 admiror
1291 4627 1590 4696 artiﬁcem,
1613 4626 1886 4696 quoniam

218 4721 408 4791 magis
427 4718 799 4775 commiscuit
819 4717 1076 4773 colorum
1106 4732 1336 4788 morem,
1362 4717 1634 4786 pudorem
1674 4715 1888 4786 pariter

218 4808 698 4865 etfortitudinem
732 4813 785 4862 te
809 4821 1070 4877 nperans,
1103 4805 1430 4862 aﬁ‘ectiones
1454 4804 1722 4861 videlicet
1763 4819 1886 4875 qum

220 4899 332 4953 sibi
391 4897 640 4952 invicem
695 4897 1088 4953 adversantur.
1139 4897 1394 4966 Cumque
1453 4894 1890 4966 progrederetur

217 4988 491 5043 anterius
523 4985 794 5057 imitatio,
826 4986 1126 5042 carniﬁces
1156 4986 1389 5056 quidam
1419 4984 1478 5039 in
1513 4983 1702 5054 parvis
1739 4983 1890 5039 tuni-

220 5077 304 5131 cis
352 5075 505 5131 nudi
539 5076 656 5144 jam
695 5075 764 5130 ad
810 5090 954 5145 opus
993 5075 1308 5146 urgebant;
1354 5079 1409 5129 et
1453 5089 1605 5130 unus
1658 5073 1889 5144 quidem

221 5164 665 5236 apprehendens
693 5170 864 5236 caput
891 5170 947 5221 et
979 5165 1267 5220 inclinans
1307 5168 1643 5234 retrorsum,
1689 5161 1894 5232 prazbe.

223 5253 313 5310 bat
338 5254 521 5312 alteri
557 5259 887 5325 apparatum
924 5255 991 5310 ad
1029 5267 1249 5324 poenam
1277 5253 1527 5325 virginis
1558 5251 1799 5314 faciem:
1833 5254 1892 5306 at

228 5343 321 5400 ille
352 5344 644 5400 assistens
677 5343 967 5400 incidebat
999 5343 1217 5399 dentes.
1255 5341 1497 5398 Malleus
1531 5345 1586 5396 et
1616 5345 1890 5396 teretrum

228 5448 409 5502 pana:
474 5433 858 5490 instrumenta
911 5433 1199 5489 videntur.
1262 5433 1568 5502 Lacrymor
1625 5430 1781 5499 hinc,
1837 5432 1894 5484 et

233 5525 375 5580 mihi
412 5524 612 5594 passio
645 5537 961 5581 sermonem
990 5523 1214 5580 recidit.
1245 5521 1558 5594 Sanguinis
1582 5520 1736 5576 enim
1772 5524 1896 5592 gut-

234 5618 318 5669 tas
352 5615 441 5670 ita
479 5614 664 5684 pictor
688 5613 917 5685 liquido
945 5613 1244 5684 coloravit,
1280 5617 1343 5669 ut
1371 5611 1592 5667 diceres
1619 5609 1896 5666 veraciter

678 5727 911 5787 PATROL.
961 5729 1217 5791 CXXIX.

1996 4554 2240 4610 praesepe
2261 4541 2453 4596 adora.
2487 4544 2633 4612 Ergo
2666 4541 2814 4613 quod
2841 4541 2953 4596 Deo
2978 4539 3226 4607 dicatur,
3266 4537 3569 4608 praesentia
3590 4543 3650 4593 et

1996 4629 2436 4700 participatione
2465 4632 2590 4700 ejus
2611 4636 2870 4688 sanctum
2901 4634 3005 4699 est,
3032 4627 3506 4699 quemadmodum
3535 4640 3651 4682 om-

1996 4719 2088 4776 nis
2110 4719 2406 4788 Scriptura
2450 4725 2719 4776 testatur:
2755 4724 2810 4775 et
2833 4719 2886 4774 ei
2918 4719 3016 4790 qui
3050 4721 3281 4774 sanctus
3327 4721 3432 4787 est,
3469 4716 3651 4772 honor

1997 4809 2320 4864 sanctitatis
2370 4823 2480 4864 non
2533 4809 2704 4864 aliter
2748 4813 3136 4878 conservatur,
3187 4820 3356 4878 quam
3410 4820 3508 4876 per
3556 4819 3653 4861 no-

1998 4904 2172 4954 stram
2213 4897 2560 4954 aﬁ'ectualcm
2612 4898 3019 4954 adorationem.
3078 4897 3189 4966 Ipsi
3229 4901 3417 4952 autem
3462 4895 3652 4951 adhuc

1999 4987 2282 5058 spirantes
2314 4987 2692 5058 mendacium,
2740 4987 2928 5042 aliena
2977 4987 3232 5056 quaedam
3281 4985 3352 5041 ab
3396 4984 3650 5040 Ecclesia

1998 5076 2281 5134 catholica
2310 5083 2668 5148 consuentes,
2705 5076 2900 5132 aiunt:

2427 5204 2716 5272 Gregorius
2738 5203 3017 5273 episcopus
3051 5202 3177 5270 legit
3211 5220 3223 5256 :

2071 5356 2096 5386 (ι
2127 5336 2384 5391 Consona
2436 5346 2568 5389 vero
2627 5331 2759 5388 istis
2817 5335 2874 5387 et
2917 5329 3241 5386 Theodotus
3290 5326 3646 5396 Ancyranus,

2003 5443 2027 5476 ››
2053 5429 2409 5480 concertator
2453 5422 2678 5493 Cyrilli,
2719 5421 2790 5477 de
2827 5420 3040 5477 eisdem
3071 5419 3236 5474 docet
3262 5417 3379 5472 ita:
3426 5415 3656 5471 Sancto-

2004 5534 2031 5566 »
2057 5527 2180 5571 rum
2207 5511 2402 5569 vultus
2428 5525 2540 5568 non
2573 5511 2631 5566 in
2662 5509 3013 5580 imaginibus
3047 5520 3114 5560 ex
3149 5502 3544 5560 materialibus
3568 5513 3658 5554 co-

2007 5603 2280 5662 nloribus
2311 5600 2478 5658 factis
2527 5599 2854 5657 formandos
2902 5595 3248 5664 accepimus,
3304 5593 3398 5648 sed
3455 5591 3654 5644 horum

3385 5704 3450 5762 Η
