4010 6160
403 297 509 360 427

1626 303 1985 364 ANASTASII
2036 305 2346 364 BIBLIOTH
2353 305 2576 364 ECARII
3673 313 3760 373 5‘28

403 443 430 476 ››
463 425 706 481 virtutes
736 439 834 496 per
859 437 924 482 ea
945 439 1070 498 quae
1089 426 1159 483 de
1190 425 1312 483 illis
1342 427 1402 482 in
1431 425 1668 497 scriptis
1693 426 2050 496 indicantur,
2075 428 2132 489 A
2164 443 2192 475 »
2223 427 2495 483 stantiam
2543 427 2860 500 Augustam
2923 430 3204 498 petentem
3245 425 3460 486 Christi
3505 433 3759 506 imaginem

403 534 429 564 »
465 513 629 586 quasi
653 515 926 586 quasdam
960 514 1244 571 animatas
1273 515 1551 588 imagines
1583 515 1800 570 imitari
1841 513 2052 570 didici-

402 623 428 654 »
462 617 608 675 mus,
639 607 698 660 et
736 616 805 659 ex
834 603 940 662 hoc
967 603 1036 661 ad
1082 604 1330 661 similem
1375 605 1498 660 illis
1531 603 1716 662 zelum
1745 603 2045 676 erigimur.

401 711 428 744 ››
460 694 599 748 Nam
640 691 839 748 dicant
885 691 946 748 bi
1000 693 1098 764 qui
1132 693 1274 751 tales
1323 694 1556 766 erigunt
1607 691 1841 765 formas,
1892 691 2050 764 quali

399 801 426 832 »
460 788 628 852 putas
663 795 735 838 ex
781 781 874 838 his
913 780 1282 852 perfruantur
1325 783 1598 840 utilitate.
1646 781 1732 838 vel
1774 782 1834 838 in
1879 793 2050 853 quam

398 889 424 920 »
457 869 776 942 spiritalem
816 870 1350 942 contemplationem
1394 871 1681 929 ducantur
1717 885 1818 942 per
1848 870 2050 926 harum

399 981 422 1010 υ
453 961 1046 1016 commemorationem
1071 959 1212 1016 ‘Ised
1237 959 1601 1017 manifestum
1623 964 1710 1016 est
1730 959 1881 1031 quod
1906 971 2050 1014 vana

395 1068 422 1100 »
455 1048 534 1104 sit
565 1048 895 1119 hujusmodi
925 1049 1294 1124 excogitatio,
1329 1048 1706 1106 etdiabolicae
1752 1059 2048 1120 argumen-

393 1159 420 1188 »
453 1137 692 1194 tationis
719 1137 994 1194 inventio.
1021 1156 1048 1188 υ

792 1261 1138 1332 Epiphanius
1168 1261 1432 1316 diaconus
1460 1261 1590 1330 legit
1615 1279 1628 1316 :

456 1369 517 1426 Si
563 1369 887 1426 Theodotus
937 1373 1086 1425 esset
1129 1367 1188 1424 in
1222 1367 1327 1424 hac
1359 1367 1496 1442 vita,
1545 1381 1676 1424 cum
1719 1366 1882 1423 beata
1925 1365 2046 1423 Su--

385 1473 564 1517 sanna
611 1459 884 1516 clamaret
927 1459 1164 1514 dicens:
1218 1461 1360 1514 Deus
1399 1463 1616 1523 aeterne,
1660 1459 1760 1530 qui
1802 1457 2042 1512 abscon—

381 1551 619 1606 ditorum
686 1565 740 1604 es
812 1551 1072 1618 cognitor,
1147 1550 1245 1620 qui
1307 1549 1412 1604 scis
1481 1550 1664 1603 omnia
1744 1552 2038 1618 antequam

379 1644 519 1713 ﬁant
567 1639 728 1712 (Dan,
791 1637 938 1713 xm),
985 1643 1050 1695 tu
1097 1638 1269 1711 nosti,
1333 1637 1470 1710 quia
1522 1636 1668 1694 falso
1705 1641 1903 1694 contra
1951 1649 2040 1692 me

381 1731 642 1788 tulerunt
685 1727 1078 1787 testimonium
1147 1727 1228 1799 hi,
1303 1727 1403 1800 qui
1466 1726 1800 1784 aemulantes
1875 1739 2039 1782 senes

380 1818 735 1892 Babylonicze
755 1817 1115 1875 confusionis
1147 1818 1320 1888 hujus
1342 1815 1616 1874 novitatis
1638 1822 1902 1872 auctores
1924 1814 2040 1872 exi-

379 1914 559 1966 stunt.
589 1909 694 1966 Sed
721 1908 972 1965 volentes
1003 1921 1062 1965 se
1089 1907 1324 1963 idoneos
1347 1911 1404 1963 et
1426 1906 1686 1964 illustres
1719 1905 2038 1978 ostendere,

379 2001 636 2072 quaedam
679 2012 820 2054 vana
847 1997 1008 2054 fauce
1035 1998 1390 2070 loquuntur:
1423 2001 1481 2053 et
1510 1995 1685 2052 fallax
1718 1996 2044 2054 ostenditur

376 2089 630 2146 calamus
667 2087 966 2158 scriptura:
1017 2087 1290 2160 ipsorum,
1327 2093 1384 2143 et
1423 2086 1716 2142 evidenter
1754 2085 2044 2142 adultera-

375 2183 527 2234 tores
557 2177 820 2234 veritatis
867 2173 1261 2234 inveniuntur.
1303 2175 1470 2232 Multi
1517 2175 1671 2232 enim
1740 2173 2040 2231 nobiscum

373 2269 740 2340 exquirentes
795 2267 1117 2338 deindeque
1171 2270 1494 2324 scrutantes
1546 2265 1606 2321 in
1677 2265 2039 2322 sermonibds

371 2359 626 2430 ejusdem
655 2357 935 2416 Theodoti
974 2355 1044 2412 de
1092 2355 1386 2426 proposito
1414 2355 1590 2427 dicto,
1631 2354 1682 2412 si
1727 2368 1856 2410 vere
1897 2354 2042 2411 scri-

373 2457 530 2520 ptum
552 2447 632 2504 sit
652 2445 1069 2518 hujuscemodi,
1095 2459 1385 2517 nunquam
1405 2459 1646 2516 usquam
1684 2445 2028 2500 invenimus.

370 2542 562 2608 Neque
578 2537 731 2592 enim
757 2537 878 2606 ipse
895 2535 1034 2606 quid
1059 2535 1170 2591 tale
1187 2535 1416 2591 locutus
1436 2540 1548 2590 est:
1575 2534 1865 2591 evidenter
1880 2547 2031 2589 nam-

370 2641 480 2700 que
503 2631 877 2682 monstratum
903 2629 1008 2696 est,
1041 2623 1190 2696 quod
1235 2635 1346 2680 non
1373 2623 1453 2680 sit
1479 2623 1753 2680 Theodoti
1779 2623 2032 2679 testimo-

368 2717 551 2773 nium.
579 2713 980 2772 Amaritudine
1027 2713 1239 2784 quippe
1270 2716 1327 2768 et
1363 2713 1794 2768 exacerbatione
1827 2711 2026 2783 plenus

368 2819 573 2879 sermo,
605 2811 662 2862 et
691 2804 904 2876 lingua:
939 2803 1346 2875 intemperata,
1385 2807 1559 2874 atque
1595 2802 2022 2858 immundorum

367 2895 650 2952 labiorum
693 2892 1062 2964 praesumptio
1087 2896 1174 2948 est
1203 2891 1413 2962 dicere,
1460 2905 1583 2948 esse
1605 2889 1906 2948 diabolicae
1939 2905 2026 2947 ar-

365 2983 817 3058 gumentationis
831 2981 1214 3038 inventionem
1231 2980 1644 3040 venerabilium
1659 2981 1874 3053 ﬁguras
1887 2980 2024 3037 ima-

365 3076 584 3148 ginum.
621 3075 756 3130 Vere
781 3071 1146 3144 perspicuum
1171 3076 1276 3144 est,
1297 3071 1448 3144 quod
1469 3071 1833 3128 Christianos
1859 3085 2022 3128 accu-

363 3165 614 3222 santium
631 3163 712 3220 sit
740 3163 858 3220 hau:
881 3163 1212 3220 adinventio
1233 3167 1404 3234 atque
1435 3161 1788 3236 ﬁgmentum,
1819 3166 1876 3218 et
1906 3175 2019 3218 non

361 3254 656 3312 Theodoti.
706 3256 846 3310 Nam
876 3253 949 3326 si,
984 3259 1051 3310 ut
1100 3253 1211 3326 ipsi
1243 3252 1431 3326 aiunt,
1483 3265 1552 3308 ex
1599 3251 1726 3322 ipso
1771 3251 2021 3308 testimo-

363 3346 525 3403 nium
571 3344 954 3419 protulerunt,
999 3343 1293 3415 oportebat
1333 3356 1432 3399 eos
1471 3355 1734 3414 expresse
1766 3341 2022 3398 indicare

360 3449 430 3492 ex
463 3449 576 3508 quo
619 3435 746 3506 ejus
775 3447 1032 3492 sermone
1078 3432 1472 3491 testimonium
1513 3431 1592 3488 sit
1637 3435 2018 3501 assumptum.

359 3525 486 3599 Sed,
529 3529 595 3582 ut
631 3526 879 3582 scientes
923 3524 1068 3582 illud
1113 3521 1343 3595 falsum,
1395 3521 1630 3578 silentio
1664 3520 2021 3577 mendacium

361 3617 741 3689 reliquerunt.
795 3618 990 3688 Itaque
1045 3613 1410 3670 sermonibus
1461 3612 1588 3682 ejus
1643 3610 2018 3684 coacervatis,

363 3709 628 3766 videlicet
670 3707 763 3762 his
821 3705 922 3776 qui
971 3705 1042 3761 ad
1091 3707 1338 3762 Lausum
1382 3701 1586 3773 scripti
1637 3705 1774 3759 sunt
1820 3706 2021 3758 contra

359 3797 687 3855 Nestorium
720 3797 779 3853 in
823 3794 996 3852 tomis
1025 3807 1158 3866 sex;
1183 3799 1240 3849 et
1271 3791 1745 3864 interpretatione
1768 3791 2013 3865 symboli

361 3893 686 3945 sanctorum
737 3887 966 3941 Patrum
1011 3883 1162 3955 apud
1219 3883 1464 3940 Nicaeam
1531 3882 2016 3955 convenientium,

359 3983 418 4034 et
441 3988 699 4034 sermone
721 3976 792 4032 de
827 3973 1125 4031 nativitate
1147 3973 1398 4046 Domini,
1425 3978 1483 4030 et
1507 3973 1568 4030 in
1589 3971 1830 4046 lumina,
1863 3977 1920 4030 et
1957 3973 2018 4031 in

359 4067 542 4124 Eliam
586 4071 644 4122 et
692 4065 945 4138 viduam,
990 4069 1046 4122 et
1094 4065 1154 4120 in
1207 4067 1466 4121 sanctum
1498 4065 1725 4120 Petrum
1777 4067 1832 4120 et
1859 4064 2020 4120 Joan-

361 4171 510 4229 nem,
541 4161 598 4213 et
623 4155 682 4212 in
720 4155 989 4213 claudum
1033 4155 1134 4228 qui
1165 4153 1396 4211 sedebat
1435 4153 1504 4210 ad
1533 4153 1847 4224 speciosam
1879 4167 2022 4224 por-

360 4253 496 4319 tam,
524 4252 580 4303 et
617 4247 676 4303 in
727 4259 826 4304 eos
873 4246 972 4318 qui
1017 4245 1230 4302 talenta
1267 4249 1631 4317 acceperunt,
1677 4249 1733 4300 et
1778 4243 1842 4300 in
1889 4257 2018 4302 eum

361 4338 550 4411 quide
574 4337 801 4396 duobus
837 4337 1037 4394 caecis:
1066 4335 1228 4392 nullo
1270 4335 1436 4392 modo
1459 4335 1681 4390 dictum
1717 4334 1867 4406 quod
1902 4333 2016 4406 ipsi

363 4429 726 4502 protulerunt
768 4427 1110 4485 invenimus.
1157 4425 1262 4482 Sed
1303 4438 1404 4481 nec
1451 4438 1582 4481 cum
1631 4425 2024 4496 pseudosyllo-

361 4535 468 4594 gus
495 4533 692 4578 eorum
724 4519 1000 4576 collectus
1021 4515 1368 4587 turbaretur,
1414 4519 1472 4571 et
1515 4515 1928 4572 inscriberetur
1957 4517 2018 4572 in

361 4608 506 4666 falsa
546 4607 1022 4665 sermocinatione
1081 4605 1358 4676 ipsorum,
1419 4617 1450 4658 a
1489 4604 1685 4661 codice
1729 4603 2016 4676 Ancyrani

363 4699 756 4756 testimonium
820 4700 909 4752 est
961 4698 1356 4766 assumptum;
1414 4695 1509 4752 sed
1571 4708 1672 4766 per
1732 4695 2017 4766 quoddam

363 4787 604 4846 mendax
645 4785 966 4857 pittacium,
1005 4789 1070 4840 ut
1109 4783 1383 4855 pestilens
1409 4783 1681 4856 quiddam
1710 4783 2015 4855 discurrit,

363 4877 513 4950 quod
554 4876 848 4947 simplices
874 4873 1249 4950 admiserunt.
1310 4876 1484 4932 Porro
1526 4874 1764 4947 sensati,
1812 4877 1870 4932 et
1911 4873 2012 4946 qui

361 4966 736 5038 acquiescunt
769 4964 1020 5037 veritati,
1071 4964 1176 5022 hoc
1213 4977 1434 5037 semper
1475 4964 1835 5022 mendacium
1864 4962 2016 5019 urbi-

363 5056 498 5113 trati
543 5059 697 5112 sunt.
753 5057 1026 5112 Praeterea
1058 5056 1351 5112 ductorem
1395 5052 1680 5126 pestifera:
1736 5053 2016 5109 haereseos

363 5167 482 5212 sum
520 5152 710 5210 adhuc
745 5151 1068 5220 proponunt
1108 5147 1426 5218 adjutorem
1473 5145 1624 5216 Arii,
1649 5149 1706 5200 et
1728 5143 2018 5212 coadjutoo

365 5257 483 5300 rem
511 5241 746 5300 Eusebii
777 5237 1250 5310 Nicomediensis,
1276 5243 1334 5293 et
1373 5234 1650 5306 Theognii
1677 5231 2012 5301 Nicaeensis,

364 5341 421 5392 et
448 5332 689 5391 Maridis
713 5328 1210 5400 Chalcedonensis,
1235 5327 1334 5397 qui
1363 5323 1594 5396 praefuit
1614 5324 1708 5381 his
1729 5323 1829 5396 qui
1857 5323 2018 5380 resti-

366 5428 562 5482 terunt
585 5425 793 5480 sancite
812 5419 1028 5492 synodo
1051 5419 1326 5487 Nicaeum;
1353 5415 1434 5472 ita
1453 5413 1726 5472 fatentes:

795 5547 1084 5618 Gregorius
1108 5545 1386 5616 episcopus
1431 5541 1585 5612 legit:

443 5695 468 5728 α
501 5675 784 5732 Similiter
818 5679 1006 5728 autem
1058 5677 1115 5726 et
1146 5667 1427 5738 Pamphili
1466 5666 1750 5725 Eusebius
1775 5665 1842 5723 ad
1879 5665 2018 5722 Con-

2163 531 2190 565 ››
2221 515 2374 572 mitti
2417 515 2531 572 sibi
2573 515 2646 572 ab
2669 530 2757 589 eo,
2802 515 2943 572 talia
2980 513 3168 572 fatur:
3197 515 3340 586 Quia
3385 532 3502 575 vero
3529 520 3593 577 de
3633 539 3758 595 qua-

2163 620 2189 652 »
2220 603 2350 659 dam
2382 603 2631 677 imagine
2657 604 2822 677 quasi
2851 603 3068 660 Christi
3095 603 3402 678 scripsisti,
3436 606 3568 664 hanc
3596 611 3769 668 volens

2162 707 2189 740 »
2219 691 2328 748 tibi
2369 707 2403 750 a
2441 692 2610 749 nobis
2643 693 2818 764 mitti,
2869 706 3040 764 quam
3083 692 3236 749 dicis
3281 697 3336 750 et
3377 694 3584 766 qualem
3621 697 3760 774 hanc,

2162 798 2189 830 ι)
2224 796 2260 852 q
2302 793 2391 837 am
2418 781 2703 853 perhibes,
2739 781 2956 838 Christi
2994 781 3346 854 imaginem?
3382 782 3571 840 Utrum
3605 799 3763 843 veram

2161 886 2188 919 ››
2219 877 2277 926 et
2325 869 2871 942 incommutabilem,
2921 874 2980 926 et
3015 875 3223 928 natura
3277 871 3615 930 characteres
3651 889 3766 933 suos

2162 975 2187 1008 υ
2220 959 2583 1030 portantem?
2622 973 2695 1015 an
2733 959 2901 1014 istam
2929 972 3099 1030 quam
3151 965 3382 1030 propter
3404 974 3504 1017 nos
3528 964 3766 1034 suscepit,

2159 1065 2186 1097 υ
2219 1049 2367 1104 servi
2429 1047 2625 1106 forma:
2683 1049 2970 1104 schemate
3025 1049 3531 1106 circumamictus?
3577 1052 3664 1108 sed
3711 1053 3770 1109 de

2156 1153 2183 1186 »
2216 1135 2396 1193 forma
2421 1137 2653 1208 quidem
2693 1137 2795 1193 Dei
2843 1151 2944 1193 nec
2989 1137 3112 1208 ipse
3152 1137 3404 1195 arbitror
3433 1143 3490 1193 te
3530 1153 3770 1210 quaerere,

2153 1243 2181 1277 »
2215 1227 2385 1283 semel
2433 1226 2506 1282 ab
2549 1227 2674 1298 ipso
2703 1227 2980 1298 edoctam,
3031 1225 3303 1298 quoniam
3357 1239 3534 1298 neque
3582 1229 3770 1285 Patrem

2151 1334 2178 1367 υ
2214 1316 2347 1388 quis
2379 1317 2538 1372 novit
2563 1315 2678 1372 nisi
2708 1315 2910 1388 Filius,
2954 1328 3138 1387 neque
3169 1315 3362 1386 ipsum
3399 1315 3606 1373 Filiu-m
3639 1317 3778 1374 novit

2149 1423 2176 1456 »
2213 1406 2345 1477 quis
2380 1405 2694 1476 aliquando
2729 1405 2923 1478 digne,
2969 1404 3086 1461 nisi
3130 1405 3292 1462 solus
3331 1406 3494 1461 Pater
3534 1406 3629 1478 qui
3664 1419 3772 1462 eum

2148 1513 2176 1546 »
2205 1495 2422 1568 genuit.
2473 1497 2544 1552 Et
2587 1501 2718 1565 post
2751 1495 2981 1566 aliqua:
3022 1493 3127 1551 Sed
3177 1495 3381 1566 utique
3427 1495 3572 1552 servi
3607 1493 3778 1551 fozma:

2149 1603 2176 1636 »
2210 1585 2515 1658 imaginem
2559 1585 2794 1657 quaeris,
2835 1588 2893 1640 et
2927 1584 3293 1656 corspusculi
3315 1599 3431 1655 quo
3458 1583 3692 1640 amictus
3707 1590 3780 1640 est

2148 1693 2174 1725 »
2209 1681 2438 1746 propter
2465 1687 2585 1733 nos.
2619 1675 2724 1730 Sed
2765 1678 2822 1730 et
2853 1673 2911 1729 id
2944 1673 3129 1746 gloria
3159 1673 3492 1730 divinitatis
3523 1678 3780 1744 tempera-

2067 1769 2117 1832 Β
2149 1783 2175 1815 υ
2209 1769 2330 1821 tum
2355 1764 2694 1838 didicimus,
2723 1768 2779 1820 et
2806 1763 3140 1834 absorptum
3169 1776 3296 1820 esse
3336 1763 3572 1820 mortale
3593 1777 3624 1818 a
3661 1763 3780 1818 vita.

2152 1872 2178 1905 ››
2210 1856 2279 1911 Et
2305 1859 2431 1925 post
2469 1868 2688 1925 pauca:
2725 1854 2861 1925 quis
2884 1868 3018 1926 ergo
3063 1852 3399 1924 hujusmodi
3425 1852 3716 1925 dignitatis
3734 1858 3784 1907 et

2151 1962 2180 1998 »
2211 1945 2408 2017 gloriae
2445 1945 2734 2001 vibrantes
2780 1950 2836 2000 et
2884 1942 3292 2016 praefulgentes
3335 1941 3659 2014 splendores
3693 1956 3788 1997 ex-

2153 2054 2178 2086 »
2210 2049 2372 2091 arare
2398 2035 2678 2106 potuisset
2707 2033 2952 2090 mortuis
2980 2037 3037 2089 et
3062 2033 3408 2090 inanimatis
3437 2030 3716 2089 coloribus
3741 2035 3790 2087 et

2151 2144 2178 2176 ››
2213 2125 2520 2195 scripturis
2559 2123 2942 2180 umbraticis?
2991 2122 3480 2194 Quandoquidem
3521 2135 3620 2178 nec
3645 2121 3794 2191 aspi-

2149 2234 2176 2267 ››
2204 2229 2331 2271 cere
2379 2216 2440 2271 in
2475 2229 2606 2271 eum
2643 2215 2702 2270 in
2755 2218 2943 2270 monte
2991 2213 3208 2286 egregii
3263 2213 3598 2270 sustinuere
3623 2210 3793 2270 disci-

2148 2322 2175 2355 »
2209 2306 2354 2377 puli,
2397 2305 2498 2376 qui
2541 2305 2714 2362 etiam
2749 2303 3005 2361 cecidere
3043 2303 3104 2359 in
3136 2301 3352 2359 faciem
3397 2301 3610 2374 (Matth.
3649 2298 3792 2372 xvn),

2146 2413 2174 2445 ι
2207 2394 2572 2465 importabile
2620 2395 2770 2467 quod
2815 2393 2929 2451 sibi
2975 2393 3162 2452 visum
3213 2391 3414 2448 fuerat
3461 2389 3787 2448 conﬁtentes.

2145 2502 2171 2536 ››
2203 2487 2349 2558 Ergo
2373 2485 2424 2542 si
2458 2490 2594 2542 tunc
2615 2485 2909 2542 incarnata
2930 2484 3057 2554 ejus
3081 2481 3524 2540 forma'tantam
3543 2481 3796 2536 virtutem

2141 2593 2168 2626 ››
2197 2577 2403 2632 sortita
2439 2580 2526 2632 est
2575 2575 2647 2632 ab
2691 2573 3052 2630 inhabitante
3102 2573 3163 2630 in
3209 2585 3282 2628 se
3331 2571 3640 2629 divinitate
3679 2583 3798 2625 mu-

2139 2685 2166 2717 »
2195 2671 2332 2739 tata,
2383 2666 2523 2738 quid
2578 2669 2800 2736 oportet
2840 2664 3050 2737 dicere,
3101 2675 3233 2719 cum
3290 2661 3644 2719 mortalitate
3668 2673 3802 2716 exu—

2136 2775 2163 2809 »
2197 2762 2312 2829 tus,
2374 2761 2432 2814 et
2493 2755 2862 2826 corruptione
2932 2753 3186 2825 ablutus,
3272 2753 3530 2824 speciem
3591 2749 3800 2807 servilis

2133 2867 2161 2900 ι)
2195 2847 2388 2904 forma:
2447 2847 2510 2903 in
2550 2845 2781 2902 Domini
2841 2849 2898 2902 et
2943 2843 3044 2900 Dei
3097 2843 3359 2916 gloriam
3423 2839 3799 2910 commutavit,

2134 2957 2160 2990 ι)
2195 2941 2321 3010 post
2353 2935 2654 2994 victoriam
2705 2933 2975 2992 videlicet
3015 2937 3213 2990 contra
3269 2938 3540 3006 mortem,
3575 2936 3696 3003 post
3717 2942 3804 2986 re-

2134 3048 2160 3081 ››
2193 3041 2449 3102 gressum
2480 3027 2550 3083 ad
2581 3025 2776 3098 caelos,
2809 3027 2939 3097 post
2984 3023 3343 3081 locationem
3378 3025 3444 3081 in
3483 3023 3642 3096 regio
3669 3019 3802 3078 solio

2053 3110 2102 3174 Ο
2133 3139 2160 3169 ››
2192 3119 2346 3174 circa
2382 3117 2672 3173 dexteram
2703 3115 2910 3188 Patris,
2949 3118 3078 3186 post
3101 3112 3375 3185 quietem
3410 3114 3475 3170 in
3516 3114 3804 3168 inenarra—

2133 3228 2159 3261 »
2193 3209 2415 3265 bilibus
2463 3211 2520 3264 et
2558 3205 2952 3263 ineﬁ‘abilibus
3001 3203 3217 3260 ﬁnibus
3279 3203 3500 3276 Patris,
3551 3203 3615 3259 in
3651 3211 3806 3274 quam

2133 3317 2160 3350 »
2191 3299 2588 3357 ascendentem
2611 3303 2670 3353 et
2713 3295 3047 3352 restitutum
3093 3293 3374 3350 ctelestes
3399 3293 3654 3350 virtutes
3695 3289 3812 3347 col-
3875 3329 3887 3340 .

2133 3408 2160 3440 ››
2195 3389 2522 3457 laudabant,
2589 3387 2887 3443 dicentes:
2963 3385 3152 3440 Tollite
3214 3389 3460 3456 portas,
3521 3383 3809 3457 principes,

2133 3498 2160 3531 »
2191 3484 2418 3553 vestras,
2447 3483 2496 3535 et
2545 3477 2851 3540 elevamini,
2875 3479 3051 3548 portae
3096 3477 3427 3548 aeternalcs,
3481 3479 3537 3530 et
3576 3472 3814 3530 introibit

2133 3588 2161 3624 »
2191 3586 2292 3626 rea:
2317 3570 2501 3639 gloriae
2529 3565 2694 3642 (Psal.
2727 3566 2917 3642 χχιιι).
2953 3584 2982 3617 ››

2519 3694 2862 3766 Epiphanius
2905 3655 3182 3748 diaconus.
3216 3692 3366 3762 legit
3407 3711 3422 3750 :

2201 3842 2537 3915 Prophetica
2564 3854 2672 3898 vox
2709 3839 2840 3896 istis
2869 3835 3158 3910 convenit,
3193 3837 3358 3909 quia
3391 3839 3558 3920 Deus
3583 3849 3685 3908 per
3710 3845 3823 3906 pro-

2130 3935 2356 4008 phetam
2385 3931 2683 3990 Jeremiam
2713 3930 2986 3986 adversus
3017 3927 3370 3984 Iudaeorum
3405 3927 3664 4000 populos
3689 3935 3827 3996 que-

2128 4025 2302 4097 ritur,
2333 4024 2560 4080 dicens:
2617 4022 2705 4077 Me
2743 4020 3150 4090 dereliquerunt
3177 4019 3417 4088 fontem
3472 4034 3646 4090 aqua:
3683 4017 3830 4076 vivae,

2128 4121 2180 4172 et
2205 4117 2466 4187 foderunt
2501 4113 2608 4170 sibi
2636 4112 2788 4167 lacus
2832 4111 3111 4174 contritas,
3147 4110 3256 4179 qui
3309 4126 3538 4182 aquam
3567 4109 3831 4164 continere

2127 4223 2239 4264 non
2259 4209 2520 4279 poterunt
2546 4202 2670 4277 (Jcr.
2701 4201 2782 4276 ιι).
2824 4201 3156 4258 Deserentes
3198 4201 3383 4258 enim
3431 4197 3832 4274 probabilium

2129 4299 2360 4354 Patrum
2384 4294 2698 4366 doctrinas,
2741 4290 3035 4348 fallaciam
3071 4289 3489 4363 collegiorum
3532 4290 3831 4362 primores,

2128 4391 2185 4446 et
2220 4387 2563 4445 :emulantes-
2599 4399 2697 4444 eos
2731 4383 2832 4456 qui
2875 4380 3196 4439 ventilabro
3239 4381 3458 4439 divini
3505 4379 3732 4454 judicii
3775 4374 3840 4433 ab

2051 4478 2103 4542 D
2129 4491 2258 4536 area
2281 4475 2601 4549 Dominica,
2654 4474 2710 4530 id
2752 4476 2838 4529 est
2866 4471 3149 4528 catholica
3187 4471 3484 4528 Ecclesia
3531 4475 3679 4529 sunt
3708 4479 3842 4540 pro-

2122 4567 2284 4641 jecti,
2309 4567 2466 4638 ipsos
2493 4565 2553 4621 in
2585 4562 2990 4636 protectionem
3026 4561 3326 4618 haereseos
3355 4575 3495 4620 sua:
3520 4559 3841 4618 adducunt.

2125 4659 2268 4728 Quis
2291 4657 2444 4714 enim
2475 4655 2732 4712 fidelium
2773 4651 3058 4724 Ecclesia,
3083 4655 3140 4706 et
3163 4663 3393 4708 eorum
3429 4653 3545 4724 qui
3571 4660 3835 4710 verorum

2125 4751 2455 4823 dogmatum
2515 4743 2816 4804 scientiam
2879 4746 3292 4816 perceperunt,
3366 4743 3650 4817 ignorat,
3697 4735 3844 4814 quod

2125 4841 2409 4898 Eusebius
2449 4835 2732 4908 Pamphili
2775 4835 2836 4891 in
2881 4833 3184 4905 reprobum
3237 4846 3512 4891 sensum
3569 4831 3844 4897 traditus,

2125 4931 2301 4988 unius
2337 4927 2634 5001 Opinionis
2678 4930 2736 4983 et
2781 4937 2986 4981 sensus
3013 4921 3189 4978 fuerit
3233 4935 3396 4980 cum
3447 4923 3556 4982 his
3586 4922 3697 4998 qui
3727 4918 3844 4978 Arii

2121 5021 2588 5094 superstitionem
2609 5016 2790 5076 secuti
2815 5014 2990 5073 sunt?
3005 5016 3066 5071 In
3089 5013 3394 5072 omnibus
3419 5017 3662 5088 quippe
3680 5014 3851 5071 histo-

2123 5112 2264 5171 ricis
2312 5111 2438 5168 suis
2480 5108 2650 5165 libris
2697 5111 3017 5164 creaturam
3045 5103 3272 5160 Filium
3326 5109 3396 5162 et
3432 5105 3716 5165 Verbum
3755 5098 3852 5160 Dei

2123 5207 2306 5276 vocat,
2359 5206 2416 5260 et
2445 5201 2796 5272 ministrum,
2837 5201 2893 5254 et
2941 5195 3272 5254 secundum
3328 5198 3752 5256 adorabilem.
3796 5193 3852 5249 Si

2124 5311 2256 5354 vero
2288 5294 2518 5367 quidam
2551 5293 2704 5350 hunc
2727 5289 3092 5349 defendentes
3115 5285 3373 5363 dicunt,
3405 5287 3858 5362 subscripsisse

2126 5385 2294 5443 illum
2321 5387 2381 5444 in
2420 5384 2670 5458 synodo;
2702 5381 3080 5440 concedamus
3128 5377 3213 5433 ita
3244 5377 3487 5439 fuisse.
3526 5383 3646 5440 Sed
3683 5379 3856 5438 labiis

2127 5478 2253 5536 suis
2299 5477 2593 5534 veritatem
2627 5473 2948 5546 honoravit,
2989 5485 3088 5528 cor
3129 5472 3349 5528 autem
3403 5471 3599 5547 longe
3633 5471 3755 5531 fuit
3785 5465 3857 5526 ab

2126 5583 2212 5643 ea,
2255 5573 2318 5626 ut
2342 5569 2651 5626 ostendunt
2677 5565 3003 5637 conscripta
3029 5563 3154 5634 ejus
3191 5564 3262 5617 et
3289 5563 3598 5634 epistolae
3623 5576 3858 5622 omnes:

2129 5663 2265 5720 licet
2291 5659 2461 5718 aliter
2501 5662 2672 5732 atque
2695 5655 2866 5716 aliter
2891 5653 3217 5714 secundum
3253 5656 3528 5730 tempus
3563 5659 3628 5716 et
3661 5664 3867 5714 causas
