4016 6168
146 372 227 431 429

891 368 1439 428 INTERPRETATIO
1474 368 1722 426 SYNODI
1761 368 1853 426 VII
1889 368 2293 426 GENERALIS.
2324 401 2398 412 —
2432 372 2633 429 ACTIO
2670 374 2756 429 VI.

3414 371 3522 433 430

147 495 412 569 conspergi
462 498 520 551 et
567 493 777 551 mutari
824 488 1234 567 [immiscendo
1271 502 1394 546 sese
1435 502 1500 545 ac
1547 488 1766 544 immua
1790 479 2002 545 Aillos
2026 491 2126 561 qui
2153 492 2307 549 circa
2336 494 2535 551 Arium
2563 498 2699 551 sunt
2722 493 3107 553 defendentes.
3143 495 3433 552 Similiter
3466 500 3524 552 et

148 582 345 660 tando],
380 585 694 656 aliquando
721 583 950 655 quidem
978 581 1461 651 laudanseaqute‘
1479 582 1615 635 sunt
1640 576 1763 632 Arii
1876 579 1944 634 ad
2004 582 2454 660 Euphrasionem
2507 585 2837 657 episcopum
2888 586 3141 655 mittens,
3190 585 3524 655 expressius

149 676 445 731 sentientes.
471 674 786 745 aliquando
806 685 935 729 vero
957 671 1250 728 veritatem
1268 669 1572 739 simulans,
1586 672 1770 723 osten-

1878 667 2235 741 blasphemat
2259 692 2272 743 ;
2300 657 2468 744 cujus
2488 676 2743 746 epistola;
2767 676 3002 732 initium
3022 680 3108 732 est
3136 676 3245 731 ita:
3282 675 3526 731 Domino

148 765 285 821 datur
331 765 499 834 juxta
549 762 818 819 Jacobum
871 760 1101 817 fratrem
1142 760 1372 817 Domini
1425 757 1550 829 (Jac
1584 758 1635 830 ι)
1680 755 1770 812 vir
1882 772 2003 814 meo
2057 775 2156 830 per
2209 764 2403 819 omnia
2455 770 2644 836 grates
2697 765 3007 836 conﬁteor;
3063 769 3119 821 et
3168 766 3228 821 in
3277 764 3519 821 caneris.

149 854 337 924 duplici
371 854 565 910 animo
586 858 643 908 et
674 852 1005 909 inconstans
1024 851 1082 907 in
1109 849 1381 908 omnibus
1407 849 1520 905 viis
1541 847 1694 905 suis:
1716 849 1773 901 et
1881 850 2002 905 Non
2032 850 2185 907 enim
2218 853 2393 910 simul
2422 867 2551 910 cum
2584 855 2745 910 Patre
2787 854 2999 911 Filium
3028 854 3211 912 fuisse
3240 852 3519 912 fatemur:

152 957 236 1000 non
270 944 567 1000 existimet
605 942 755 1014 quod
787 941 1032 1012 accipiet
1077 940 1301 1011 aliquid
1342 953 1375 995 a
1402 938 1666 995 Domino.
1707 933 1770 990 Si
1822 942 1843 948 ’
1882 944 2253 997 vcrumtatem
2276 942 2733 1013 ipseFiliusDei,
2759 944 2858 1015 qui
2890 944 3071 1017 magis
3088 944 3277 1000 omnia
3303 945 3529 1016 liquido

151 1034 268 1090 enim
305 1034 483 1091 corde
512 1033 855 1089 credidisset
882 1032 950 1087 ad
977 1031 1290 1101 justitiam,
1322 1035 1379 1086 et
1407 1043 1504 1085 ore
1541 1026 1776 1085 confes-
1885 1028 2044 1084 novit
2070 1029 2250 1086 alium
2278 1045 2338 1087 se
2366 1045 2398 1087 a
2422 1033 2585 1088 Patre
2607 1037 2661 1089 et
2692 1033 2967 1090 minorem
2993 1038 3166 1105 atque
3196 1032 3525 1091 inferiorem

153 1139 229 1180 sus
264 1128 419 1179 esset
458 1124 516 1179 in
556 1122 798 1178 salutem
842 1123 1018 1192 (Rom.
1067 1118 1131 1193 x)
1182 1134 1377 1176 verum
1434 1129 1772 1183 sermonem,

1886 1116 2095 1189 sciens,
2118 1120 2423 1177 admodum
2452 1121 2550 1177 die
2582 1121 2687 1179 hoc
2711 1121 2882 1177 etiam
2922 1135 3027 1178 nos
3063 1123 3247 1194 docet,
3295 1122 3530 1178 dicens:

154 1214 323 1285 utique
375 1226 479 1283 pro
521 1211 757 1281 scriptis
804 1210 929 1266 suis
975 1209 1197 1265 veniam
1248 1208 1613 1279 postulasset,
1665 1206 1779 1260 ho—
1886 1211 2049 1264 Pater
2100 1213 2197 1280 qui
2239 1213 2388 1265 misit
2433 1227 2535 1276 me,
2586 1212 2764 1280 major
2804 1226 2886 1267 me
2929 1216 3006 1266 est
3050 1208 3233 1283 (Ioan.
3282 1212 3425 1285 xxv).
3469 1214 3539 1269 Et

154 1317 253 1360 rum
280 1302 694 1358 correctionem
727 1299 962 1367 faciens,
995 1303 1050 1354 et
1076 1311 1177 1368 pro
1210 1298 1473 1367 epistolis
1502 1296 1629 1352 suis
1655 1303 1782 1365 prce

157 1391 272 1449 tecto
291 1390 526 1447 verbum
548 1390 791 1445 rationis
812 1384 1227 1461 [defensionis]
1255 1386 1514 1444 fecisset:
1545 1386 1642 1442 sed
1673 1385 1779 1441 hoc

157 1481 458 1538 nullatenus
488 1493 672 1550 usque
703 1478 870 1547 fecit;
912 1478 1297 1533 mansitenim
1337 1476 1491 1532 sicut
1517 1474 1782 1545 .Ethiops

158 1584 245 1627 non
269 1576 483 1627 mutata
513 1569 657 1639 pelle
687 1582 809 1625 sua.
837 1568 1093 1638 Denique
1114 1580 1243 1622 cum
1277 1567 1776 1637 interpretaretur,

155 1662 261 1715 Diri
282 1661 534 1722 Domino,
566 1662 707 1713 Deus
748 1674 898 1712 meus
929 1673 982 1711 es
1014 1662 1073 1711 tu
1120 1656 1293 1727 (Psal.
1331 1654 1447 1729 xv),
1494 1660 1651 1710 extra
1681 1668 1786 1711 ve-

1890 1300 2184 1369 postalia:
2218 1302 2356 1356 Nam
2383 1305 2439 1356 et
2472 1301 2593 1371 ipse
2618 1301 2847 1372 quidem
2888 1300 3073 1358 Filius
3113 1302 3263 1359 Deus
3292 1307 3396 1368 est,
3440 1301 3536 1358 sed

1891 1402 2004 1445 non
2029 1404 2199 1445 verus
2228 1391 2395 1447 Deus.
2426 1393 2506 1446 Ex
2537 1390 2632 1446 his
2650 1404 2787 1463 ergo
2813 1391 3049 1461 scriptis
3073 1392 3198 1463 ejus
3216 1382 3542 1449 ostenditur

1891 1477 2015 1533 Arii
2052 1482 2110 1534 et
2137 1479 2491 1549 comparium
2535 1480 2661 1550 ejus
2711 1479 2975 1551 dogmata
3023 1482 3350 1552 praedicare.
3401 1482 3540 1537 Cum

1894 1567 1999 1623 hac
2028 1572 2216 1625 autem
2247 1568 2563 1639 apostatica
2586 1583 2683 1626 sua
2716 1569 2917 1626 haeresi
2948 1568 3175 1626 Arianae
3198 1570 3435 1628 insaniae
3463 1571 3544 1625 in.

1893 1661 2159 1714 ventores
2178 1662 2233 1714 et
2264 1672 2434 1715 unam
2467 1663 2728 1716 naturam
2755 1660 3142 1732 dogmatizant
3166 1661 3224 1715 in
3255 1661 3540 1729 unitione,

156 1764 311 1805 rncem
357 1762 592 1804 sensum
641 1747 918 1803 excedens
960 1746 1046 1801 sic
1100 1746 1223 1801 ait:
1274 1744 1521 1817 Legibus
1565 1749 1784 1801 natura:
1819 1821 1832 1822 γ
1896 1762 2022 1818 quae
2051 1752 2137 1804 est
2160 1763 2257 1819 per
2277 1749 3395 1822 subsistentiam,etpraadicantcarnem
3423 1750 3548 1805 sine

155 1841 318 1897 omnis
374 1838 482 1894 lilii
519 1843 695 1908 pater,
741 1837 1014 1893 dominus
1038 1840 1124 1891 est
1158 1835 1359 1906 utique
1394 1835 1555 1904 ejus:
1584 1839 1639 1889 et
1688 1834 1786 1889 id-
1816 1821 1871 1884 B

155 1931 287 1986 circo
318 1927 610 1999 unigeniti
644 1926 777 1981 Filii
804 1926 903 1981 Dei
938 1925 1060 1994 ipse
1096 1924 1195 1995 qui
1224 1923 1423 1995 genuit
1457 1938 1584 1979 eum
1611 1925 1784 1993 Deus,

156 2018 306 2075 simul
339 2023 398 2073 et
444 2018 593 2072 Deus
646 2021 701 2071 et
728 2014 1008 2070 Dominus
1057 2020 1114 2070 et
1143 2016 1303 2069 Pa.er
1344 2018 1448 2070 est.
1505 2013 1789 2069 Similiter

154 2113 318 2164 autem
351 2113 409 2162 et
433 2107 491 2161 in
523 2105 766 2175 epistola
793 2105 860 2159 ad
887 2107 1147 2159 sanctum
1177 2102 1560 2159 Alexandrum
1589 2115 1790 2173 praece-

160 2204 353 2266 ptorem
380 2195 574 2266 magni
606 2192 907 2249 Athanasii
940 2192 1177 2263 directa,
1207 2193 1375 2261 cujus
1406 2191 1644 2247 initium
1671 2195 1784 2247 est:

156 2286 275 2341 Cum
316 2289 532 2354 quanta
560 2281 981 2353 sollicitudine,
1007 2282 1092 2337 vel
1125 2295 1253 2337 cum
1288 2286 1502 2351 quanta
1536 2293 1674 2337 cura
1720 2279 1790 2335 ad

160 2374 259 2430 haec
304 2374 513 2429 littera:
557 2371 820 2428 venerint
872 2372 1005 2441 [has
1048 2371 1271 2426 litteras
1316 2369 1639 2439 venerim];
1689 2383 1797 2425 ex—

162 2462 399 2532 pressius
429 2461 831 2531 blasphemans
866 2459 950 2515 sic
989 2459 1073 2514 ait
1109 2459 1178 2514 de
1218 2457 1358 2514 Ario
1388 2463 1444 2514 et
1481 2458 1607 2527 ejus
1634 2470 1798 2513 asse-

161 2553 290 2609 clis:
336 2551 779 2607 Calumniantur
822 2564 919 2606 eos
965 2549 1170 2605 littera:
1216 2553 1348 2619 tute,
1390 2553 1658 2618 tanquam
1699 2546 1800 2602 di—

164 2650 354 2715 centes,
403 2641 540 2713 quia
579 2640 762 2697 Filius
788 2654 856 2696 ex
901 2652 1012 2695 non
1053 2637 1436 2694 existentibus
1479 2635 1662 2692 factus
1690 2640 1795 2705 est,

166 2734 301 2789 sicut
329 2745 562 2788 unusex
583 2729 879 2797 omnibus;
909 2734 969 2785 at
987 2728 1073 2784 illi
1100 2728 1461 2799 protulerunt
1476 2726 1796 2796 epistolam,

167 2836 318 2893 quam
359 2822 429 2877 ad
464 2826 517 2876 te
548 2819 833 2876 fecerant:
870 2819 928 2874 in
961 2831 1073 2889 qua
1122 2817 1287 2874 fidem
1315 2830 1476 2873 suam
1507 2828 1802 2886 exponen-

170 2919 260 2982 tes,
290 2911 432 2981 ipsis
461 2908 653 2966 verbis
686 2909 802 2964 lith
824 2907 1242 2964 confitebantur
1270 2925 1283 2961 :
1327 2905 1492 2978 Legis
1534 2904 1803 2959 videlicet

166 3015 223 3055 ac
251 3000 678 3071 prophetarum,
706 3003 763 3055 et
791 2997 931 3054 Novi
962 2995 1305 3053 Testamenti
1331 2996 1508 3051 Deum
1535 2993 1803 3065 genuisse

168 3090 364 3145 Filium
401 3088 765 3161 unigenitum
792 3091 924 3143 ante
957 3091 1205 3156 tempora
1244 3089 1477 3156 aeterna,
1510 3097 1608 3153 per
1638 3095 1801 3153 quem

1897 1837 2088 1893 anima
2132 1839 2455 1910 suscepisse
2506 1840 2814 1896 Dominum
2874 1845 3134 1896 nostrum
3191 1840 3249 1896 in
3306 1838 3547 1897 salutari

1896 1927 2326 1998 dispensatione
2369 1941 2494 2000 sua,
2525 1929 2779 1986 dicentes
2813 1929 3176 1985 divinitatem
3206 1930 3549 1999 adimplesse

1898 2016 2103 2072 anima:
2128 2017 2453 2074 voluntates
2482 2022 2537 2074 et
2567 2023 2775 2087 motus,
2812 2023 2875 2074 ut
2900 2019 3242 2090 passionem,
3290 2019 3443 2073 sicut
3468 2018 3553 2073 ait

1899 2106 2211 2177 Gregorius
2237 2108 2539 2179 theologus
2585 2109 2778 2178 (Epist.
2828 2106 2849 2162 1
2899 2108 2974 2161 ad
3016 2106 3206 2178 ωειλ),
3252 2106 3549 2162 divinitati

1901 2196 2231 2267 ascribant;
2281 2201 2340 2252 et
2383 2198 2481 2268 qui
2533 2198 2854 2268 passionem
2886 2196 3183 2252 divinitati
3232 2195 3549 2268 applicant,

1904 2290 2128 2342 constat
2152 2300 2248 2342 eos
2266 2286 2715 2357 Theopaschitas
2762 2299 2923 2355 esse;
2952 2291 3006 2341 et
3028 2284 3125 2356 qui
3160 2285 3335 2355 hujus
3367 2286 3554 2341 haere—

1907 2389 2032 2431 seos
2054 2375 2364 2447 participes
2391 2380 2547 2447 sunt,
2579 2375 2856 2447 imagines
2877 2388 2989 2430 non
3011 2374 3342 2445 admittunt,
3368 2387 3558 2444 quem-

1906 2464 2211 2520 admodum
2235 2477 2336 2521 nec
2372 2463 2586 2534 impius
2605 2464 2865 2533 Severus,
2906 2467 2962 2518 et
2999 2464 3199 2519 Petrus
3235 2462 3554 2533 Cnapheus,

1908 2559 1964 2609 et
1989 2553 2355 2609 Philoxemus
2410 2553 2895 2624 llierapolitanus,
2935 2556 2991 2607 et
3025 2552 3214 2607 omnis
3246 2565 3370 2622 quae
3400 2551 3555 2607 circa

1910 2658 2007 2699 eos
2021 2647 2108 2699 est
2130 2642 2529 2714 polycephalos
2563 2642 2916 2713 [multorum
2947 2641 3265 2712 capitulum
3295 2658 3307 2695 :
3347 2641 3556 2697 multi-

1912 2730 2075 2807 ceps]
2134 2741 2191 2790 et
2235 2733 2363 2789 sine
2402 2732 2589 2803 “capite
2632 2733 2831 2804 hydra.
2883 2732 3066 2801 Hujus
3108 2745 3242 2803 ergo
3286 2729 3557 2787 factionis

1911 2822 2099 2879 etiam-
2126 2822 2412 2879 Eusebius
2439 2822 2713 2891 existens,
2760 2822 2934 2877 sicuti
2975 2821 3425 2878 demonstratum
3475 2824 3562 2876 est

1913 2915 2026 2968 tam
2066 2925 2134 2967 ex
2162 2912 2448 2983 epistolis,
2483 2925 2653 2983 quam
2679 2925 2746 2966 ex
2773 2911 3073 2967 historicis
3121 2911 3247 2981 ejus
3291 2909 3561 2966 conscri-

1917 3001 2051 3071 ptis,
2078 2989 2384 3073 imaginem
2400 3000 2616 3056 Christi
2643 3007 2912 3072 tanquam
2938 2999 3402 3070 TheOpassianus
3422 2999 3563 3070 [Deo

1917 3090 2252 3161 passianus]
2303 3089 2542 3160 abjicit:
2594 3094 2650 3145 et
2696 3089 2800 3144 hac
2851 3103 2954 3159 pro
3001 3103 3175 3145 causa
3217 3088 3564 3145 Constantia:

165 3184 217 3233 et
240 3179 430 3234 omnia
472 3183 530 3235 et
559 3176 770 3233 sacula
799 3175 968 3232 fecit:
1004 3174 1271 3248 genuisse
1305 3178 1494 3229 autem
1532 3185 1661 3229 eum
1692 3184 1803 3226 ηοῐι
1835 3155 1885 3220 C
1917 3180 2082 3236 uxori
2134 3155 2342 3235 Licinii
2374 3155 2602 3249 scribit,
2637 3193 2748 3235 non
2770 3155 3087 3250 aliquando
3112 3179 3261 3249 apud
3290 3192 3350 3233 se
3394 3177 3565 3233 inve—

165 3269 501 3340 conjectura,
545 3268 642 3325 sed
675 3266 933 3335 veritate,
966 3279 1031 3321 ac
1074 3263 1388 3334 subjecisse
1428 3261 1672 3332 propria:
1700 3274 1807 3316 vo—

165 3358 364 3415 luntati
396 3355 542 3433 [Gr.,
594 3358 690 3413 sed
714 3370 844 3413 vere
889 3356 948 3412 in
975 3368 1162 3411 rerum
1187 3358 1445 3409 naturam
1469 3350 1807 3421 produxisse

165 3449 387 3519 propria
430 3446 756 3517 voluntate]
811 3443 1306 3501 inconvertibilem
1328 3447 1383 3498 et
1418 3442 1809 3498 incommuta—

164 3537 332 3595 bilem
356 3544 675 3595 creaturam
706 3534 805 3591 Dei
834 3532 1157 3606 perfectam,
1189 3533 1284 3589 sed
1320 3545 1432 3588 non
1461 3530 1617 3587 sicut
1639 3543 1807 3586 unam

161 3640 226 3683 ex
274 3628 580 3685 creaturis.
650 3625 710 3682 Si
768 3639 902 3697 ergo
946 3624 1155 3680 littera:
1207 3622 1463 3692 ipsorum
1514 3620 1808 3676 veritatem

162 3717 382 3790 dicunt,
426 3718 632 3788 utique
667 3729 740 3785 ap
783 3716 817 3771 d
851 3721 905 3769 te
935 3712 1117 3770 fertur
1141 3713 1158 3783 [
1180 3727 1306 3784 qua:
1336 3711 1539 3781 utique
1576 3709 1727 3779 apud
1750 3713 1805 3764 te

160 3807 336 3864 etiam
364 3807 544 3877 sunt]
570 3826 583 3861 :
616 3806 674 3861 in
701 3804 916 3876 quibus
943 3804 1290 3859 confitentur
1310 3801 1523 3858 Filium
1548 3799 1648 3855 Dei
1684 3806 1815 3854 ante

160 3902 414 3967 tempora
448 3902 683 3969 aeterna,
716 3909 815 3966 per
840 3908 1006 3965 quem
1048 3891 1184 3959 fecit
1213 3897 1269 3948 et
1298 3890 1526 3962 saecula,
1555 3903 1678 3945 esse
1720 3889 1820 3944 in-

158 3987 598 4043 convertibilem
627 3990 685 4041 et
705 3990 1026 4042 creaturam
1056 3983 1155 4039 Dei
1186 3980 1548 4053 perfectam,a
1577 3979 1672 4035 sed
1706 3990 1817 4035 non

161 4076 319 4133 sicut
352 4091 522 4136 unam
547 4091 615 4132 ex
644 4075 949 4132 creaturis.
984 4075 1159 4130 Porro
1184 4071 1427 4143 epistola
1454 4074 1552 4126 tua
1595 4068 1823 4125 calum-

164 4166 366 4222 niatur
389 4181 504 4238 eos,
530 4171 801 4237 tanquam
827 4164 1106 4233 dicentes,
1135 4162 1271 4234 quia
1315 4161 1504 4216 Filius
1530 4157 1715 4214 factus
1739 4162 1826 4213 est

162 4255 320 4312 sicut
373 4271 550 4313 unum
592 4254 894 4312 omnium:
928 4267 1059 4309 cum
1108 4252 1211 4308 hoc
1243 4265 1353 4307 non
1394 4248 1672 4319 dixerint,
1726 4245 1823 4302 sed

162 4344 318 4401 clare
346 4343 844 4415 deﬁnieringquia
878 4356 990 4399 non
1024 4341 1178 4398 sicut
1207 4353 1383 4396 unum
1416 4352 1488 4395 ex
1521 4335 1822 4393 creaturis.

162 4434 307 4491 Nota
334 4450 490 4509 ergo,
524 4435 577 4492 si
608 4447 722 4490 non
748 4433 1012 4503 protinus
1036 4431 1123 4487 eis
1152 4431 1358 4487 iterum
1400 4427 1626 4485 occasio
1662 4427 1830 4482 detur

162 4524 230 4580 ad
256 4524 794 4597 reprehendendum
834 4526 889 4579 et
929 4521 1346 4579 detrahendum
1379 4516 1639 4576 movendi
1672 4519 1832 4587 quot-

162 4620 308 4683 quot
340 4615 653 4672 voluerint.
704 4616 913 4669 lterum
942 4626 1045 4668 eos
1086 4609 1397 4667 accusabas
1424 4608 1664 4677 dixisse,
1695 4605 1832 4676 quia

162 4704 267 4774 qui
323 4709 434 4776 est,
465 4718 599 4762 eum
631 4703 732 4774 qui
768 4716 881 4759 non
930 4706 1053 4758 erat
1082 4700 1302 4773 genuit.
1342 4699 1521 4755 Miror
1553 4701 1742 4753 autem
1782 4692 1832 4750 si

166 4795 358 4862 possit
390 4795 521 4867 quis
551 4793 724 4850 aliter
765 4792 987 4849 dicere:
1024 4790 1073 4847 si
1105 4790 1258 4846 enim
1288 4802 1439 4845 unus
1463 4791 1551 4843 est
1593 4786 1693 4857 qui
1726 4788 1832 4853 est,

165 4883 429 4951 profecto
467 4900 538 4942 ex
588 4885 714 4955 ipso
769 4881 981 4938 factum
1022 4886 1108 4937 est
1155 4892 1321 4935 omne
1365 4879 1517 4949 quod
1576 4880 1662 4932 est
1704 4888 1835 4931 cum

168 4971 298 5041 ipso
328 4971 482 5049 [Gr.,
530 4978 661 5045 post
692 4968 918 5046 ipsum]
947 4990 959 5027 :
1016 4970 1068 5026 si
1100 4983 1231 5026 vero
1264 4981 1377 5025 non
1409 4966 1570 5023 solus
1603 4965 1725 5035 ipse
1751 4967 1838 5020 est

171 5063 410 5138 quiest,
442 5066 541 5122 sed
571 5068 628 5119 et
654 5062 840 5118 Filius
866 5063 990 5117 erat
1018 5060 1121 5132 qui
1147 5063 1253 5130 est,
1279 5057 1564 5130 quomodo
1586 5069 1716 5113 eum
1735 5052 1836 5125 qui

173 5158 295 5209 erat
342 5155 399 5211 is
423 5154 523 5227 qui
557 5156 647 5210 est
675 5147 986 5225 gignebat?
1014 5149 1230 5206 Taliter
1269 5148 1422 5205 enim
1475 5146 1680 5218 utique
1724 5143 1841 5201 duo

175 5249 367 5299 essent
414 5245 514 5316 qui
547 5242 864 5300 existerent
889 5240 1039 5311 [(ὶνυ
1069 5252 1194 5311 qua).
1233 5238 1416 5308 sunt].
1450 5238 1519 5294 Et
1550 5236 1656 5293 hoc
1702 5234 1843 5307 qui-

179 5329 303 5388 dem
344 5333 641 5391 Eusebius
687 5330 755 5387 ad
807 5329 1235 5387 memorandum
1275 5327 1700 5383 Alexandrum:
1745 5322 1841 5381 sed

184 5424 237 5474 et
260 5423 395 5481 alia:
433 5421 699 5496 epistolae
732 5420 922 5493 ipsius
946 5420 1016 5476 ad
1047 5418 1308 5476 eumdem
1338 5417 1526 5473 virum
1559 5418 1842 5472 sacratum

187 5505 470 5589 feruntur,
507 5515 567 5572 in
589 5511 811 5586 quibus
838 5508 1215 5567 inveniuntur
1244 5506 1416 5564 varia:
1445 5504 1833 5577 blasphemiae,

253 5651 278 5679 ι
308 5640 368 5697 In
418 5657 522 5700 ms.
572 5640 812 5711 Jolyano
841 5637 912 5693 ad
956 5635 1272 5711 marginem
1287 5632 1633 5711 scriptum:
1668 5632 1843 5711 If'uge:

187 5714 359 5768 totum
387 5704 743 5786 blasphemia.
776 5712 846 5768 Et
869 5708 1041 5781 paulo
1068 5704 1251 5765 i'nfra:
1274 5704 1318 5762 0
1338 5704 1704 5777 impietatem!

1918 3271 2180 3327 niendam
2211 3270 2516 3341 imaginem
2543 3268 2570 3310 δ
2599 3310 2612 3324 .
2631 3268 2909 3336 Quoniam
2937 3274 2993 3324 et
3023 3269 3081 3323 in
3108 3268 3299 3324 eadem
3322 3265 3566 3337 epistola

1916 3360 2081 3430 dicit,
2108 3358 2244 3429 quia
2266 3362 2481 3413 mutata
2506 3361 2591 3413 est
2619 3357 2911 3412 incarnata
2931 3358 3061 3426 ejus
3087 3355 3265 3411 forma
3293 3356 3351 3410 in
3372 3354 3565 3410 divini

1918 3448 2058 3504 tatis
2103 3449 2228 3517 ejus
2254 3451 2535 3503 naturam.
2569 3446 2671 3501 Sed
2716 3445 2913 3503 nullus
2957 3448 3286 3500 sanctorum
3336 3445 3566 3498 Patrum

1922 3541 2245 3593 nostrorum
2269 3535 2355 3591 sic
2377 3535 2571 3605 sapuit
2594 3536 2694 3591 aut
2723 3533 2956 3590 docuit:
2994 3546 3175 3603 neque
3199 3531 3350 3587 enim
3373 3531 3458 3587 sic
3483 3543 3570 3585 ve-

1923 3626 2067 3682 ritas
2091 3639 2151 3682 se
2171 3624 2355 3680 habet.
2386 3624 2707 3680 Audiamus
2729 3623 2910 3695 igitur
2939 3621 3077 3694 quid
3104 3619 3455 3676 Athanasius
3481 3619 3575 3675 de-

1926 3715 2145 3786 positor
2175 3713 2402 3769 Ariana:
2452 3713 2694 3768 insaniae
2735 3713 2793 3767 in
2833 3710 3074 3781 epistola
3115 3709 3436 3782 dogmatica
3470 3721 3573 3764 sua

1924 3805 2100 3877 dicat,
2135 3817 2303 3875 quam
2345 3805 2415 3860 ad
2461 3803 2852 3874 Eupsychium
2897 3800 3288 3873 presbyterum
3317 3798 3576 3855 Caesariaa

1929 3895 2200 3965 scripsit:
2238 3894 2361 3965 pari
2396 3894 2562 3950 modo
2586 3895 2643 3948 et
2660 3891 2912 3963 Cyrillus
2947 3891 3006 3946 in
3036 3890 3221 3962 prima
3245 3888 3489 3960 epistola
3506 3888 3574 3944 ad

1930 3985 2264 4041 Successum
2309 3985 2640 4055 episcopum
2693 3981 3070 4052 Diocaasariaz,
3123 3985 3179 4036 et
3217 3979 3276 4034 in
3322 3991 3581 4036 sermone

1933 4080 2130 4132 contra
2167 4075 2563 4130 commistores
2588 4073 2763 4129 edito.
2816 4071 2995 4128 Ambo
3019 4071 3172 4126 enim
3200 4070 3354 4125 sicut
3394 4072 3583 4124 terre-

1937 4179 2086 4236 nam,
2135 4165 2215 4221 ita
2257 4169 2313 4220 et
2347 4164 2631 4220 ccelestem
2678 4161 3105 4218 conversionsm
3153 4158 3443 4230 habentes,
3490 4161 3586 4213 at-

1937 4269 2048 4328 que
2076 4254 2147 4311 ab
2169 4268 2283 4312 uno
2307 4253 2523 4324 spiritu
2570 4251 2861 4322 inspirati,
2907 4263 3157 4307 consona
3194 4248 3437 4305 invicem
3470 4244 3589 4301 fan.

1938 4349 2052 4401 tur.
2076 4344 2426 4400 Athanasius
2456 4342 2686 4414 quidem
2714 4341 2774 4396 in
2807 4340 3078 4411 praedicta
3096 4339 3164 4395 ad
3196 4336 3586 4407 Eupsychium

1939 4434 2201 4506 epistola,
2230 4434 2397 4504 cujus
2424 4432 2659 4489 initium
2696 4435 2816 4487 est:
2857 4432 2936 4506 ln
2980 4428 3196 4501 quibus
3225 4426 3457 4498 quidem
3488 4438 3589 4480 as-

1942 4505 2141 4582 suetus
2164 4538 2225 4579 es
2249 4536 2352 4579 nos
2377 4519 2523 4597 [Gr.,
2547 4505 2893 4577 existimasti
2926 4515 3057 4593 nos]
3095 4513 3586 4573 reverendissime.

1943 4618 2012 4671 Et
2050 4619 2177 4685 post
2204 4613 2319 4669 alia
2345 4613 2429 4668 sic
2467 4613 2586 4667 ait:
2616 4608 2949 4667 Communis
2996 4607 3185 4664 ovium
3214 4610 3301 4661 est
3344 4603 3588 4675 fructus,

1946 4706 2041 4762 sed
2074 4708 2130 4761 et
2154 4702 2394 4760 australi
2414 4706 2627 4773 aestate,
2662 4701 2792 4757 lana
2822 4700 2882 4755 in
2907 4710 3261 4756 communem
3281 4709 3447 4753 usum
3472 4695 3597 4751 uni-

1946 4796 2128 4852 versis
2159 4793 2488 4864 apponitur.
2522 4790 2625 4847 Sed
2653 4805 2783 4847 cum
2809 4791 2879 4846 de
2905 4788 3045 4845 mari
3075 4788 3327 4844 tinctura
3357 4784 3600 4842 assumi-

1949 4890 2062 4958 tur,
2098 4895 2351 4956 purpura
2382 4881 2623 4952 dicitur,
2646 4884 2703 4936 et
2739 4878 2909 4935 talem
2939 4877 3381 4949 appellationem
3426 4887 3599 4931 mere-

1951 4981 2073 5033 tur:
2101 4974 2196 5031 sed
2223 4986 2353 5030 cum
2386 4971 2446 5027 in
2473 4985 2582 5027 usu
2609 4969 2894 5041 praecipue
2923 4967 3159 5040 regibus
3180 4966 3323 5025 solis
3342 4968 3595 5037 aptatur.

1950 5072 2007 5124 et
2043 5071 2129 5122 est
2168 5064 2316 5135 lana,
2343 5066 2399 5119 et
2431 5074 2543 5118 non
2576 5064 2698 5117 est:
2752 5062 2958 5115 natura
2989 5057 3221 5129 quidem
3256 5054 3402 5113 illud
3445 5052 3598 5126 quod

1954 5157 2119 5229 prius
2146 5160 2286 5226 erat,
2318 5156 2442 5223 est;
2478 5167 2589 5209 usu
2618 5163 2749 5208 vero
2781 5163 2893 5207 non
2919 5148 3073 5219 jam:
3100 5144 3250 5219 fugit
3273 5146 3425 5203 enim
3449 5141 3599 5216 quod

1953 5257 2251 5303 commune
2278 5247 2399 5300 erat
2428 5245 2659 5313 propter
2684 5240 3028 5313 dignitatem
3060 5237 3296 5294 utentis.
3331 5234 3425 5291 Sic
3464 5245 3603 5304 ergo

1954 5338 2011 5392 et
2034 5349 2168 5392 caro
2198 5334 2268 5390 de
2296 5329 2585 5388 communi
2609 5332 2873 5399 suscepta
2895 5332 3123 5390 natura,
3158 5323 3431 5397 quoniam
3459 5320 3606 5376 facta

1955 5430 2043 5483 est
2070 5424 2316 5481 amictus
2347 5420 2521 5493 regis,
2544 5418 2695 5492 quod
2730 5422 2862 5475 ante
2893 5417 3039 5475 facta
3091 5429 3203 5472 non
3235 5413 3421 5471 fuerat
3453 5408 3604 5485 [θνα

1955 5516 2087 5572 add.
2120 5512 2371 5570 eamdem
2396 5510 2600 5568 merita
2624 5513 2711 5565 est
2742 5509 3006 5581 gloriam,
3041 5510 3213 5576 atque
3242 5502 3293 5558 is
3313 5502 3413 5572 qui
3434 5511 3498 5555 ea
3523 5499 3610 5551 est

2028 5621 2059 5665 δ
2090 5622 2230 5680 Vide
2257 5621 2426 5693 epist.
2464 5614 2583 5675 444.
2617 5616 2811 5673 Photil
2842 5616 2913 5673 de
2931 5611 3177 5671 Eusebio
3206 5616 3263 5669 et
3295 5609 3462 5681 imag.
