4016 6168
467 347 564 406 431
1697 340 2055 398 ANASTASII
2104 338 2111 392 l

2223 336 2642 394 LIOTHECARII
3731 339 3817 398 43‘?

473 473 637 545 usus]
664 476 742 530 Ita
759 477 816 530 et
842 471 1112 531 dominus
1132 469 1328 544 gloria:
1354 469 1574 526 dicitur
1596 481 1618 508 ι
1643 465 1906 523 fortassis
1934 465 2105 521 etiam
2133 465 2193 526 A
2220 462 2326 518 siit
2361 477 2483 520 esse
2520 463 2679 519 ﬁlius
2707 463 2981 534 hominis,
3039 462 3286 533 liquebit.
3330 463 3522 533 utique
3557 464 3814 540 omnibus,

468 565 780 623 secundum
824 563 972 634 quod
1005 562 1170 617 homo
1212 564 1318 631 est,
1349 564 1552 615 natura
1582 557 1831 614 humana
1880 556 2104 626 passio-

469 669 594 711 nem
615 653 970 723 admittente,
997 657 1052 707 et
1078 649 1291 720 injuria
1324 649 1382 704 in
1415 648 1602 717 ipsum
1634 649 1982 706 transeunte,
2007 641 2108 714 qui

468 743 642 799 veluti
668 749 819 798 veste
847 757 985 798 usus
1008 744 1094 796 est
1117 752 1302 795 carne.
1334 736 1662 793 Sicuteuim
1696 736 1746 791 is
1773 735 1871 805 qui
1891 737 2108 790 ostrum

468 833 663 900 scidit,
691 832 854 903 quasi
885 832 995 901 ipsi
1031 830 1147 902 regi
1178 828 1489 884 insidiatus
1520 825 1715 895 fuerit,
1744 825 2112 880 animadver-

469 923 685 979 sionem
730 922 1012 986 sustinet;
1046 919 1315 992 quoniam
1353 931 1450 973 rex
1486 929 1752 987 purpura:
1787 913 2108 984 passionem

467 1011 525 1067 in
551 1026 610 1067 se
640 1011 956 1079 transtulit,
991 1021 1314 1080 quanquam
1348 1007 1469 1077 ipse
1497 1005 1644 1060 nihil
1686 1004 1819 1058 mali
1853 1001 2113 1073 pertule-

466 1103 574 1158 rit:
621 1103 699 1157 ita
745 1106 801 1157 et
838 1101 1030 1156 carnis
1078 1098 1288 1170 passio,
1343 1103 1602 1152 manente
1644 1091 2111 1164 impassibilitate

461 1190 562 1246 Dei
591 1190 779 1261 Verbi,
805 1188 1316 1261 percontumeliam
1345 1186 1606 1256 inipsum
1628 1183 1851 1240 venisse
1868 1181 2106 1237 dicitur.

464 1281 590 1338 ideo
619 1280 831 1336 Paulus
853 1279 1158 1336 Dominum
1183 1277 1474 1333 Christum
1501 1274 1811 1331 secundum
1843 1270 1992 1343 quod
2018 1270 2114 1326 ho-

464 1384 554 1427 mo
569 1374 675 1441 est,
698 1369 909 1426 Filium
932 1368 1033 1424 Dei
1062 1380 1185 1424 esse
1210 1367 1407 1423 tradit.
1436 1367 1506 1420 Et
1533 1368 1664 1420 ante
1695 1363 1848 1419 hunc
1877 1357 2108 1416 Gabriel

462 1458 840 1531 archangelus
867 1457 1264 1514 admirabilem
1311 1458 1535 1526 partum
1563 1451 1959 1524 evangelizans
1983 1449 2111 1502 Ma-

463 1549 583 1620 riae,
615 1549 752 1610 Ave,
782 1547 994 1618 inquit,
1016 1547 1201 1614 gratia
1225 1544 1410 1614 plena,
1448 1543 1708 1596 Dominus
1741 1543 1930 1594 tecum:
1976 1537 2108 1590 Ecce

462 1645 523 1694 tu
548 1641 608 1692 in
631 1643 781 1692 utero
811 1636 1051 1698 habebis,
1079 1639 1129 1688 et
1158 1635 1344 1704 paries
1390 1633 1585 1702 ﬁlium,
1613 1635 1662 1685 et
1685 1628 1954 1684 vocabunt
1988 1640 2108 1680 eum

460 1731 659 1784 Iesum.
697 1727 801 1780 Hic
834 1727 937 1780 erit
968 1739 1220 1793 magnus,
1258 1727 1308 1776 et
1350 1721 1523 1776 Filius
1570 1719 1786 1774 Emeelsi
1827 1716 2109 1771 vocabitur

461 1815 615 1888 (Luc.
642 1814 698 1888 ι).
729 1817 924 1885 Itaque
959 1816 1193 1868 vocatur
1224 1809 1409 1866 Filius
1439 1809 1538 1865 Dei
1563 1809 1746 1886 Iesus,
1778 1820 1889 1863 uon
1923 1805 1982 1861 iu
2007 1805 2110 1860 di—

461 1906 652 1961 vinam
686 1907 946 1960 naturam
990 1915 1158 1957 carne
1185 1911 1477 1970 conversa,
1521 1898 1614 1954 sed
1646 1911 1744 1968 per
1786 1896 2107 1952 uuitionem

461 1995 530 2050 ad
558 1997 732 2049 Deum
763 1991 1003 2046 Verbum
1051 1988 1302 2044 effectam
1323 1988 1670 2058 aequivocam
1693 1986 1786 2056 [id
1819 1990 1916 2047 est,
1946 1984 2110 2053 ejus-

461 2083 588 2139 dem
634 2080 913 2150 nominis]
961 2079 1298 2151 diguitatem
1332 2081 1608 2133 sumente.
1640 2075 1893 2145 Cyrillus
1918 2077 2108 2128 autem

463 2170 736 2230 similiter
763 2169 823 2224 in
864 2168 1135 2238 pradicta
1159 2167 1227 2222 ad
1267 2166 1602 2222 Successum
1632 2162 1895 2233 epistola,
1943 2161 2110 2230 cujus

465 2261 700 2337 initium
730 2263 851 2316 est:
882 2260 1047 2314 Lecto
1081 2255 1520 2312 commouitorio
1560 2253 1709 2324 quod
1743 2267 1774 2308 a
1807 2251 2112 2333 sanctitate

464 2355 562 2406 tua
598 2348 999 2406 transmissum
1030 2350 1149 2402 est:
1197 2346 1264 2400 Et
1291 2348 1418 2416 post
1437 2343 1551 2399 alia
1578 2343 1663 2398 sic
1687 2342 1807 2397 ait:
1856 2341 1987 2396 Post
2014 2354 2114 2394 re-

464 2439 877 2497 surrectionem
909 2450 1039 2492 vero
1069 2449 1278 2505 corpus
1295 2433 1443 2504 quod
1474 2446 1701 2502 passum
1728 2435 1832 2500 est,
1861 2443 1969 2485 non
1992 2429 2110 2497 jam

467 2528 832 2584 inﬁrmitates
864 2525 1067 2581 habuit
1099 2524 1156 2580 in
1184 2538 1261 2580 se.
1307 2525 1431 2578 Non
1460 2523 1612 2578 enim
1645 2521 1796 2578 ultra
1829 2518 1999 2574 famis
2025 2518 2109 2573 vel

466 2618 678 2690 fatigii,
705 2621 806 2672 aut
833 2615 955 2671 aliu
989 2613 1383 2683 hujuscemodi
1415 2627 1592 2682 capax
1609 2625 1730 2667 esse
1751 2610 2003 2666 dicimus
2031 2607 2112 2662 il—

467 2708 587 2779 lud,
621 2707 715 2763 sed
743 2707 859 2776 jam
894 2705 1326 2774 incorruptum:
1357 2707 1412 2758 et
1443 2716 1554 2758 uou
1606 2702 1710 2757 hoc
1736 2705 1978 2770 tantum,
2013 2698 2109 2753 sed

466 2803 521 2852 et
549 2797 875 2852 viviﬁcaus:
911 2795 1040 2850 vita:
1068 2793 1280 2864 quippe
1320 2805 1528 2861 corpus
1550 2797 1654 2858 est,
1684 2790 1740 2845 id
1773 2795 1858 2845 est
1902 2788 2113 2858 unige-

469 2887 598 2942 uiti.
627 2885 1012 2940 Clariﬁcatum
1035 2888 1122 2939 est
1143 2887 1333 2938 autem
1351 2881 1612 2936 claritate
1628 2881 1738 2935 Deo
1763 2877 2022 2945 decibili,
2056 2880 2113 2932 et

471 2975 819 3046 intelligitur
835 2974 932 3029 Dei
945 2987 1170 3044 corpus:
1189 2973 1356 3042 cujus
1374 2971 1455 3026 rei
1471 2969 1656 3042 gratia
1667 2974 1722 3024 et
1736 2969 1784 3023 si
1801 2967 2108 3038 quisquam

466 3065 682 3120 dixerit
715 3063 858 3119 illud
890 3063 1172 3134 divinum,
1193 3062 1346 3118 sicut
1368 3061 1512 3116 illud
1537 3060 1685 3130 quod
1718 3058 1972 3115 hominis
2001 3061 2108 3130 est,

469 3157 802 3224 humanum,
837 3168 947 3209 uou
978 3151 1326 3210 exbrbitabit
1356 3165 1388 3206 a
1408 3151 1640 3206 decente
1667 3149 1908 3205 ratione.
1954 3149 2112 3204 Unde

471 3260 595 3303 reor
623 3251 681 3304 et
703 3243 1195 3316 sapientissimum
1237 3242 1475 3299 Paulum
1515 3241 1743 3296 dicere:
1777 3243 1846 3294 Et
1871 3241 1919 3295 si
1943 3255 2116 3294 nove-

465 3351 651 3391 ramus
683 3335 979 3391 secundum
1003 3349 1220 3388 car-nem
1247 3332 1539 3395 Christum,
1579 3331 1675 3386 sed
1695 3346 1840 3385 nunc
1861 3331 1986 3399 jam
2005 3344 2114 3383 non

465 3428 713 3480 novimus
743 3425 816 3496 (ΙΙ
835 3425 960 3479 Cor.
991 3423 1062 3495 v).
1099 3424 1238 3480 Cum
1269 3421 1424 3478 enim
1463 3421 1585 3488 Dei,
1615 3420 1769 3476 sicut
1797 3419 1943 3488 dixi,
1975 3431 2117 3489 pro-

467 3515 657 3585 prium
695 3515 773 3570 sit
803 3529 1030 3585 corpus,
1064 3511 1418 3569 transcendit
1460 3510 1652 3565 omnia
1695 3523 1823 3579 quae
1867 3509 2115 3562 humana

466 3609 621 3661 sunt.
652 3605 826 3659 Porro
851 3602 1354 3658 commutationem
1382 3600 1441 3654 iu
1473 3598 1804 3654 divinitatis
1848 3602 2111 3652 naturam

468 3709 577 3751 non
599 3697 784 3763 potest
804 3691 920 3761 pati
944 3705 1152 3760 corpus
1174 3690 1322 3759 quod
1347 3689 1416 3744 de
1433 3692 1584 3742 terra
1603 3691 1688 3741 est
1708 3702 1722 3752 ;
1754 3684 2114 3755 impossibile

465 3783 619 3838 enim
658 3785 761 3836 est.
791 3781 930 3834 Nam
968 3778 1344 3849 praedicamus
1373 3776 1737 3832 divinitatem
1781 3779 1843 3830 ut
1883 3771 2108 3845 factam,

465 3877 522 3926 et
564 3883 689 3925 eam
720 3882 846 3940 qua:
874 3866 1252 3937 assumpserit
1281 3865 1420 3937 quid
1467 3865 1528 3920 in
1567 3878 1646 3935 se,
1693 3863 1842 3934 quod
1877 3877 1988 3919 non
2028 3868 2115 3919 est

467 3972 567 4029 per
588 3963 848 4013 naturam
869 3955 1055 4026 ipsius
1077 3955 1393 4027 proprium.
1419 3953 1678 4025 JEqualis
1693 3953 1845 4008 enim
1870 3952 2114 4023 pravita-

466 4048 544 4105 tis
562 4046 878 4118 estdicere,
901 4046 1038 4117 quia
1066 4049 1345 4102 mutatum
1366 4049 1452 4100 est
1471 4058 1681 4114 corpus
1707 4043 1767 4099 in
1783 4041 2114 4100 divinitatis

466 4141 729 4193 naturam
752 4156 768 4206 ς
792 4149 1008 4192 necnon
1024 4141 1082 4192 et
1100 4135 1268 4207 illud,
1292 4135 1431 4207 quia
1454 4138 1737 4191 mutatum
1757 4137 1844 4188 est
1865 4131 2111 4188 Verbum

468 4225 528 4282 in
569 4226 760 4282 carnis
791 4230 1070 4282 naturam.
1099 4225 1262 4282 Sicut
1285 4225 1440 4281 enim
1475 4224 1581 4280 hoc
1622 4221 1987 4293 impossibile
2027 4226 2116 4277 est

464 4315 946 4387 (inconvertibilis
991 4329 1234 4386 namque
1263 4319 1319 4370 et
1351 4312 1844 4370 incommutabilis
1888 4311 1993 4385 est)
2035 4312 2114 4368 ita

465 4412 521 4463 et
561 4407 823 4463 alterum.
853 4408 976 4462 Non
1001 4406 1153 4462 enim
1183 4405 1331 4460 valet
1367 4405 1427 4459 in
1456 4403 1786 4461 divinitatis
1829 4403 2108 4459 substan—

2221 553 2368 623 quod
2408 553 2658 609 ﬁliorum
2689 553 3020 623 adoptionis
3059 552 3301 624 gloriam
3342 553 3506 608 etiam
3533 567 3628 608 nos
3660 554 3820 625 depo-

2221 643 2528 714 suerimus,
2551 643 2714 714 quasi
2740 656 2850 699 non
2877 642 3145 698 habentes
3163 642 3313 698 ultra
3338 643 3749 714 primogenitum
3771 646 3821 700 iu

2222 731 2421 787 multis
2442 731 2739 802 fratribus,
2782 732 3009 803 quando
3028 730 3211 787 factus
3239 737 3324 787 est
3345 732 3550 787 similis
3572 732 3736 789 nobis.
3767 735 3824 790 Et

2223 826 2348 889 post
2379 835 2555 890 pauca
2577 821 2756 878 dicit:
2810 823 3052 877 Putasne
3077 835 3107 875 a
3137 821 3346 876 donata
3380 821 3540 876 nobis
3565 821 3732 892 gloria
3753 823 3824 878 iu-

2220 914 2439 978 sperate
2463 910 2674 980 dilapsi
2701 925 2902 967 sumus
2925 910 2952 964 ‘I
2989 924 3365 980 nequaquam.
3399 912 3514 965 Non
3540 911 3679 965 enim
3709 926 3824 982 quo-

2222 999 2479 1054 rumdam
2498 998 2993 1069 profanatiouibus
3007 1005 3063 1056 et
3083 998 3494 1070 insipientibus
3509 999 3830 1056 adiuventio—

2223 1087 2396 1144 nidus
2422 1089 2480 1144 in
2502 1089 2801 1158 reprobum
2821 1104 3049 1146 sensum
3082 1089 3327 1154 inducti,
3351 1089 3630 1159 sapiemus
3651 1095 3826 1159 prater

2223 1178 2370 1247 quod
2413 1183 2637 1247 oportet
2681 1193 2894 1249 sapere.
2930 1180 3201 1250 Regulam
3241 1183 3429 1234 autem
3477 1185 3634 1234 rectae
3669 1183 3720 1233 et
3745 1179 3829 1234 di-

2223 1271 2386 1324 recta:
2414 1267 2542 1322 ﬁdei
2567 1281 2782 1323 sacram
2805 1274 2859 1324 et
2882 1269 3168 1324 divinitus
3191 1268 3525 1338 inspiratam
3547 1268 3830 1338 suscipien-

2221 1360 2305 1411 tes
2341 1356 2716 1427 S‘cripturam,
2746 1356 3007 1429 fatemur,
3062 1358 3199 1428 quia
3225 1356 3410 1413 factus
3448 1356 3830 1428 primOgeuitus

2219 1450 2414 1502 uoster
2438 1447 2800 1518 unigenitum
2830 1448 2930 1503 Dei
2975 1447 3215 1503 Verbum
3243 1460 3356 1503 uou
3385 1447 3620 1503 cessavit
3647 1459 3757 1502 esse
3777 1459 3832 1501 ac

2218 1535 2336 1591 dici
2363 1537 2513 1592 Deus
2544 1537 2758 1606 pariter
2780 1541 2836 1592 et
2865 1551 3033 1593 verus
3064 1537 3222 1594 ﬁlius
3244 1537 3514 1594 hominis.
3547 1536 3644 1591 Sed
3672 1549 3761 1591 nec
3781 1535 3828 1590 in

2219 1629 2481 1681 naturam
2499 1625 2828 1682 divinitatis
2847 1640 3072 1683 carnem
3087 1641 3254 1698 quam
3271 1625 3772 1682 inconvertibiliter
3787 1628 3834 1679 et

2222 1715 2520 1773 iucoufuse
2551 1717 2664 1773 sibi
2703 1719 2909 1789 univit,
2943 1719 3203 1774 cernitur
3245 1717 3702 1774 trausformasse:
3736 1716 3831 1770 imo

2133 1829 2187 1891 B
2219 1820 2348 1862 vero
2379 1806 2562 1878 gloria
2601 1823 2703 1864 sua
2749 1809 3052 1865 illustrans
3099 1822 3242 1879 eam,
3277 1813 3336 1864 et
3369 1810 3480 1864 Deo
3517 1805 3834 1863 decibilibus

2220 1896 2362 1950 hanc
2382 1895 2771 1967 dignitatibus
2794 1898 3038 1968 replesse
3067 1897 3472 1954 convenienter
3496 1896 3827 1968 agnoscitur:

2221 1984 2300 2039 ita
2331 1998 2430 2054 per
2459 1989 2710 2056 tempora
2749 1987 3212 2043 manifestabitur
3244 1987 3342 2043 his
3377 1987 3478 2058 qui
3511 1987 3568 2040 iu
3601 1985 3836 2040 universa

2223 2078 2371 2129 terra
2406 2080 2561 2137 sunt,
2617 2090 2647 2130 e
2677 2077 2819 2132 caelo
2849 2077 3173 2132 adveniens.
3217 2078 3369 2148 Ergo
3398 2083 3453 2132 et
3483 2075 3698 2146 quando
3725 2085 3835 2128 cum

2221 2176 2410 2236 carne,
2437 2164 2890 2235 dispensationis
2907 2171 3303 2222 consummato
3324 2165 3486 2221 valde
3510 2165 3644 2220 bene
3669 2166 3845 2233 myste-

2224 2253 2330 2324 rio,
2363 2267 2653 2326 regressus
2692 2261 2778 2312 est
2813 2256 2870 2311 in
2906 2256 3133 2327 omium,
3168 2254 3475 2312 confestim
3520 2249 3837 2310 consternati

2223 2343 2322 2414 qui
2348 2343 2452 2400 hoc
2472 2345 2838 2415 contemplati
2865 2351 3002 2402 sunt
3025 2364 3037 2399 :
3069 2345 3248 2402 nubes
3263 2346 3424 2401 enim
3443 2343 3688 2414 suscepit
3709 2355 3838 2401 eum.

2222 2434 2532 2490 secundum
2557 2436 2706 2506 quod
2735 2436 3013 2506 scriptum
3034 2439 3153 2491 cst:
3190 2442 3317 2492 tum
3348 2436 3442 2492 his
3465 2435 3560 2506 qui
3593 2431 3844 2488 miraban-

2223 2529 2319 2578 tur
2363 2523 2629 2578 clamavit
2668 2525 2902 2594 quidam
2955 2530 3285 2580 sanctorum
3330 2524 3690 2596 angelorum:
3742 2519 3844 2575 Viri

2223 2611 2454 2675 Galilaei,
2497 2613 2633 2681 quid
2673 2616 2831 2667 statis
2878 2617 3198 2684 aspicientes
3219 2617 3284 2668 in
3311 2616 3544 2670 caelum?
3585 2614 3679 2666 Hic
3711 2612 3843 2664 Iesus

2221 2702 2318 2769 qui
2357 2706 2668 2770 assumptus
2697 2707 2775 2756 est
2808 2719 2842 2757 a
2870 2704 3018 2757 vobis
3039 2707 3099 2758 in
3140 2705 3354 2767 caelum,
3387 2706 3464 2758 sic
3492 2705 3659 2758 veniet
3695 2713 3846 2770 quem-

2221 2790 2512 2845 admodum
2549 2793 2764 2846 vidistis
2793 2809 2914 2847 eum
2953 2799 3163 2848 euntem
3185 2796 3241 2847 in
3272 2791 3631 2865 cwlum(Act.
3671 2790 3733 2863 1).
3780 2790 3845 2842 Ita

2224 2893 2293 2935 ne
2318 2894 2416 2935 vos
2435 2881 2504 2936 ad
2533 2896 2676 2952 quos
2706 2882 2872 2939 nobis
2896 2897 3082 2939 sermo
3112 2889 3197 2939 est
3223 2881 3382 2957 [Gr.,
3413 2885 3472 2940 hi
3500 2885 3568 2940 ad
3597 2896 3729 2954 quos
3751 2893 3844 2935 ser-

2225 2983 2316 3025 mo
2339 2969 2523 3028 factus
2545 2968 2683 3046 est],
2712 2973 2840 3028 sine
2868 2987 3038 3029 carne
3077 2975 3357 3031 viderunt
3387 2974 3627 3030 Verbum
3651 2971 3847 3028 rediens

2224 3059 2291 3115 ad
2334 3061 2587 3131 Patrem;
2644 3063 2699 3117 id
2727 3068 2814 3118 est
2851 3063 3480 3122 similitudine'uostra
3521 3068 3761 3132 exutum,
3803 3062 3848 3112 et

2143 3164 2192 3227 α
2226 3163 2336 3204 non
2362 3151 2613 3207 existens
2648 3151 2706 3206 in
2736 3153 3024 3208 tractabili
3048 3159 3103 3209 et
3131 3154 3363 3211 visibili
3394 3168 3662 3224 corpore:
3691 3165 3753 3206 an
3777 3163 3850 3219 po-

2227 3238 2344 3294 tius
2369 3241 2746 3310 compositum
2769 3243 2837 3297 ad
2871 3243 3300 3299 intractabilem
3323 3249 3381 3300 et
3414 3243 3750 3299 invisibilem
3775 3250 3850 3291 ua-

2226 3333 2409 3384 turam
2429 3329 2457 3383 ‘?
2480 3331 2736 3402 Denique
2767 3332 2900 3402 quis
2927 3337 3015 3388 est
3041 3333 3139 3403 qui
3172 3334 3285 3389 hoc
3310 3335 3506 3391 dicere
3535 3326 3774 3389 audeat?
3795 3327 3851 3381 At

2225 3432 2356 3474 vero
2381 3419 2430 3474 si
2462 3420 2548 3474 sic
2584 3421 2790 3492 veniet,
2833 3423 3319 3492 quemadmodum
3348 3430 3407 3480 et.
3430 3423 3702 3490 ascendit,
3740 3428 3851 3488 quo-

2227 3509 2393 3564 modo
2421 3523 2530 3564 non
2563 3523 2688 3566 vere
2712 3511 2959 3580 dicatur,
2986 3511 3122 3582 quia
3148 3514 3347 3569 veniet
3371 3514 3546 3570 etiam
3575 3514 3770 3569 iterum
3789 3508 3854 3562 in-

2225 3601 2607 3670 corporatum,
2640 3605 2697 3654 et
2729 3613 2837 3655 nou
2869 3601 3084 3656 nudum
3115 3606 3172 3657 et
3201 3602 3338 3659 sine
3379 3617 3552 3660 carne
3599 3594 3853 3658 Verbum?

2224 3686 2293 3740 Et
2315 3692 2440 3756 post
2463 3701 2640 3756 pauca
2665 3688 2814 3745 dicit
2839 3708 2851 3744 :
2882 3691 3144 3764 Intellige
3176 3691 3385 3765 itaque
3412 3695 3553 3766 quia
3575 3686 3858 3749 descensio-

2225 3788 2352 3830 nem
2385 3777 2446 3831 iu
2476 3777 2808 3834 novissimis
2839 3780 3035 3835 saeculi
3082 3783 3458 3852 temporibus
3481 3798 3512 3839 e
3533 3782 3672 3839 caelo
3716 3778 3858 3834 futu—

2225 3878 2366 3937 ram,
2397 3871 2452 3922 et
2473 3882 2598 3938 qua:
2627 3867 2713 3924 vel
2738 3870 2928 3940 qualis
2947 3871 3077 3948 erit,
3106 3872 3227 3927 illis
3252 3874 3677 3944 praenuntians,
3708 3876 3860 3926 trans-

2225 3955 2505 4027 ﬁguratus
2553 3959 2784 4029 quidem
2815 3965 2932 4016 est:
2980 3966 3037 4017 et
3083 3963 3632 4036 trausﬁguratiouis
3661 3967 3857 4032 quoque

2225 4044 2458 4103 habitus
2478 4053 2564 4103 est
2589 4047 2794 4120 factus,
2819 4056 2882 4106 ut
2900 4052 3166 4123 egregius
3181 4053 3272 4109 ait
3289 4055 3647 4127 evangelista
3666 4045 3855 4124 (Matth-

2223 4135 2392 4207 xvn),
2427 4149 2538 4191 non
2588 4137 2902 4194 secundum
2942 4140 3154 4209 speciei
3203 4141 3665 4213 depositionem,
3714 4138 3764 4194 id
3793 4138 3861 4190 est

2227 4223 2461 4280 humani
2503 4225 2739 4282 habitus
2766 4226 3163 4300 abjectionem,
3205 4233 3309 4287 sed
3348 4233 3550 4304 potius
3579 4227 3860 4288 secundum

2225 4313 2402 4370 solam
2431 4315 2704 4386 gloriam:
2742 4316 3098 4388 respleuduit
3123 4332 3382 4393 namque
3409 4321 3591 4378 facies
3614 4321 3751 4390 ejus,
3776 4314 3859 4369 ait.

2225 4405 2421 4473 Itaque
2447 4404 2506 4459 iu
2524 4403 2969 4462 similitudinem
2991 4407 3136 4463 solis
3161 4406 3424 4481 fulgoris
3445 4411 3610 4467 dedit
3636 4401 3861 4478 splendo-

468 4497 627 4569 tiam,
663 4497 719 4552 id
747 4502 832 4552 est
858 4501 1118 4551 naturam
1164 4492 1464 4550 transferri
1506 4494 1643 4564 quid
1671 4499 2102 4548 creaturarum:
2139 4491 2195 4554 D
2228 4507 2361 4549 rem.
2406 4495 2476 4548 Et
2506 4499 2633 4563 post
2672 4494 2895 4551 brevia:
2952 4497 3198 4566 Scripsit
3227 4506 3434 4557 autem
3466 4501 3540 4556 de
3581 4497 3798 4555 Christo
3820 4492 3865 4545 et

466 4592 726 4642 creatura
755 4586 966 4656 quippe
1006 4584 1179 4639 etiam
1209 4597 1340 4638 caro
1364 4587 1468 4639 est.
1498 4585 1644 4654 Ergo
1673 4583 1936 4640 divinum
1967 4583 2112 4654 qui-

466 4675 590 4730 dem
621 4681 707 4730 est
730 4689 938 4743 corpus
961 4673 1199 4740 Christi,
1229 4672 1502 4743 quoniam
1533 4673 1633 4728 Dei
1663 4687 1876 4743 corpus
1901 4677 1987 4728 est
2015 4691 2028 4743 ;
2054 4678 2111 4728 et

469 4764 745 4820 ineffabili
777 4763 1037 4818 claritate
1060 4760 1483 4834 praefulgidum,
1506 4762 1971 4834 iucorruptibile,
1989 4777 2114 4818 sau-

466 4859 641 4922 ctum,
669 4853 979 4908 viviﬁcum.
1010 4852 1167 4921 Quod
1211 4865 1342 4907 vero
1375 4852 1432 4906 iu
1479 4857 1740 4908 naturam
1781 4851 2112 4907 divinitatis

467 4957 799 5000 conversum
823 4943 919 5014 sit,
951 4943 1146 4998 nullus
1175 4947 1500 4997 sanctorum
1535 4944 1763 4997 Patrum
1794 4947 1896 4998 aut
1920 4942 2114 5012 sapuit

467 5038 568 5089 aut
587 5032 758 5087 dixit.
783 5034 978 5102 Itaque
994 5036 1050 5086 et
1075 5045 1177 5086 nos
1205 5031 1283 5086 ita
1309 5031 1692 5100 disponimus.
1719 5031 2002 5086 Similiter
2018 5045 2116 5086 au-

467 5115 579 5178 tem
609 5127 664 5177 et
695 5121 754 5175 in
787 5135 1043 5177 sermone
1075 5134 1240 5190 quem
1269 5124 1466 5175 contra
1487 5121 1883 5177 commistores
1905 5121 2109 5192 edidit,

470 5213 637 5282 cujus
686 5211 920 5267 initium
968 5215 1102 5266 est:
1159 5211 1362 5265 Beatus
1415 5209 1680 5282 [longus]
1737 5211 1900 5266 modo
1945 5210 2112 5266 nobis

468 5315 654 5357 sermo
682 5301 1008 5372 d0gmatum
1037 5298 1300 5354 veritatis
1329 5299 1386 5354 in
1417 5300 1614 5356 studio
1639 5304 1724 5354 est
1749 5297 1897 5373 [Gr.,
1929 5299 2116 5355 elabo-

471 5396 632 5448 ratus
672 5387 812 5465 est].
842 5391 913 5444 Et
947 5393 1073 5458 post
1101 5388 1216 5443 alia
1245 5388 1329 5444 sic
1354 5389 1542 5444 dixit:
1590 5390 1737 5461 Ergo
1766 5389 1816 5445 si
1849 5395 2113 5461 suscepta

470 5483 592 5546 Gn,
615 5475 874 5554 mutata]
911 5479 1037 5548 ejus
1061 5491 1228 5534 carne
1258 5477 1318 5534 iu
1343 5478 1673 5536 divinitatis
1703 5484 1966 5537 naturam
2007 5483 2115 5539 de-

543 5599 566 5625 ι
596 5587 800 5644 Eadem
839 5585 1137 5658 habentur
1159 5585 1218 5640 in
1247 5585 1430 5655 cod.f:
1467 5586 1570 5640 Jol.
1613 5587 1873 5658 Eamdem
1917 5590 2116 5658 gloiam

470 5662 666 5715 meruit
687 5675 848 5730 quam
876 5660 921 5712 is
952 5659 1048 5728 qui
1076 5657 1175 5712 illa
1219 5672 1350 5712 usus
1391 5659 1564 5724 fuisse
1588 5657 1960 5726 dignoscitur:
1996 5663 2117 5717 licet

2225 4581 2688 4652 sapientissimus
2718 4583 2947 4654 Paulus,
2978 4586 3114 4656 quia
3157 4587 3512 4646 reformabit
3536 4600 3740 4658 corpus
3768 4583 3864 4637 bu-

2225 4671 2493 4728 militatis
2513 4679 2737 4743 uostrze,
2762 4673 3179 4746 conﬁguratum
3196 4680 3445 4750 corpori
3470 4676 3754 4735 claritatis
3769 4681 3866 4728 sum

2223 4759 2394 4833 (Phil.
2422 4760 2532 4834 ιιι).
2563 4762 2778 4817 Deinde
2808 4763 2946 4834 quid
2973 4765 3042 4819 ad
3077 4765 3182 4821 hoc
3220 4770 3600 4824 asserueriut
3632 4765 3726 4837 qui
3756 4773 3867 4816 mu-

2224 4856 2397 4908 tatam
2418 4852 2624 4908 dicunt
2650 4853 2707 4908 in
2730 4853 2893 4908 Verbi
2919 4859 3180 4911 naturam
3205 4871 3453 4915 carnem
3476 4861 3605 4930 ejus
3624 4859 3651 4912 εἰ
3676 4859 3808 4926 Ergo
3825 4853 3868 4904 el

2224 4947 2548 4998 sanctorum
2572 4957 2811 5014 corpora
2837 4944 3258 5002 transferentur
3291 4952 3680 5006 conversione
3714 4947 3768 5000 in
3792 4953 3867 4997 ua-

2225 5039 2411 5089 turam
2436 5034 2785 5107 divinitatis,
2820 5035 3254 5107 utcouﬁgurata
3287 5039 3440 5096 ﬁant
3465 5039 3694 5112 corpori
3721 5030 3864 5091 clari-

2225 5124 2360 5179 tatis
2380 5125 2504 5193 ejus
2520 5125 2605 5179 ?et
2628 5130 2780 5179 certe
2810 5127 3094 5194 quomodo
3121 5141 3232 5182 non
3269 5131 3356 5185 sit
3390 5130 3613 5204 frigida
3647 5131 3756 5184 haec
3783 5137 3868 5176 as-

2223 5213 2417 5284 sertio,
2445 5221 2694 5269 extrema
2721 5215 3257 5285 iudiscipliuatioue
3309 5221 3532 5278 referta
3554 5223 3584 5277 ‘i
3620 5222 3869 5278 Conversa

2223 5303 2435 5374 quippe
2465 5303 2718 5374 omnino,
2747 5304 2910 5374 juxta
2943 5305 2998 5361 id
3051 5307 3200 5378 quod
3235 5310 3421 5367 aiunt
3452 5355 3466 5383 ,
3494 5325 3669 5368 carne
3696 5311 3750 5364 in
3782 5316 3872 5359 ua—

2224 5398 2409 5448 turam
2435 5393 2783 5466 divinitatis,
2817 5409 2930 5465 quo
2959 5401 3151 5453 utetur
3174 5410 3436 5470 corpore
3459 5403 3616 5459 Deus
3645 5399 3868 5457 existens

2223 5483 2468 5540 Verbum
2492 5483 2520 5538 ‘I
2546 5485 2878 5556 lncorporea
2905 5487 3060 5543 enim
3086 5492 3142 5544 et
3169 5501 3311 5545 vera
3337 5493 3614 5562 quaedam
3642 5490 3875 5548 substan-

2218 5607 2320 5677 per
2338 5596 2598 5677 naturam
2615 5595 2859 5677 amictus
2887 5597 3032 5666 regis
3069 5600 3193 5653 ante
3221 5598 3394 5665 facta
3439 5617 3558 5660 non
3575 5600 3779 5672 fuerit:
3815 5595 3880 5649 ita

2227 5667 2287 5718 ut
2316 5665 2372 5720 d.
2394 5681 2449 5732 g.
2479 5664 2714 5721 dicatur.
