4016 6168
229 274 337 340 433

1039 268 1582 328 INTERPREI‘ATIO
1617 219 1864 325 SYNDDI
1901 262 1996 319 VII
2033 263 2435 321 GENERALIS.
2455 296 2528 308 —
2563 223 2763 323 ACTIO
2801 268 2888 323 VI.

3537 266 3643 328 434

231 403 311 457 tia
333 404 420 457 est
443 399 758 457 divinitas:
791 400 848 454 et
867 410 1062 453 verum
1085 399 1190 468 est,
1223 394 1494 466 quoniam
1519 395 1695 449 Deum
1717 403 1880 448 nemo
1915 383 1969 444 A
1997 390 2326 448 nullatenus
2357 393 2530 464 passi,
2563 394 2658 449 sed
2709 394 2976 451 obcaecati
3022 393 3090 450 ad
3140 395 3472 452 electionem
3499 408 3646 452 con—

231 491 380 547 vidit
431 503 679 561 unquam
726 487 1016 559 (Joan.1).
1071 486 1412 556 Expressius
1458 488 1648 540 autem
1697 482 1885 537 denuo

234 586 591 653 prosecutus,
635 592 700 635 ac
730 578 775 634 si
827 578 900 633 ab
954 578 1143 647 ipsum
1188 575 1518 644 Eusebium,
1566 572 1760 629 taliter
1805 570 1888 625 ait

233 673 383 727 idem
423 670 690 741 egregius
734 670 898 724 Pater
950 667 1008 722 in
1054 667 1248 723 eodem
1289 678 1582 720 sermone:
1642 659 1888 717 lnfertur

229 767 417 817 autem
466 760 699 830 quidam
727 764 782 814 et
821 758 973 813 alius
1000 757 1069 812 ad
1102 756 1206 827 eis,
1241 759 1304 811 ut
1332 755 1516 825 aiunt,
1549 753 1617 808 de
1649 751 1741 808 his
1761 763 1890 805 ser-

232 865 340 906 mo.
376 849 676 920 Siquidem
698 847 964 920 egregius
985 847 1198 902 Paulus
1230 844 1523 899 invenitur
1544 841 1875 912 scripsisse:

227 943 298 995 Et
351 941 400 993 si
453 954 772 992 noveramus
833 937 1128 991 secundum
1181 950 1396 988 carnem
1445 933 1736 993 Christum,
1792 929 1886 984 sed

227 1046 376 1084 nunc
395 1029 522 1096 jam
546 1044 654 1081 non
685 1029 928 1080 novi-mus
948 1025 1037 1096 (II
1051 1025 1170 1079 Cor.
1193 1039 1224 1078 v
1243 1023 1277 1097 ).
1304 1025 1450 1095 Ergo
1471 1023 1520 1078 si
1553 1035 1663 1077 non
1691 1034 1888 1077 secun-

226 1121 368 1176 dum
396 1131 623 1174 carnem
656 1117 936 1186 noscitur,
989 1115 1285 1184 inquiunt,
1315 1112 1636 1169 necessario
1664 1111 1886 1167 dicitur

229 1213 488 1264 mutasse
535 1219 761 1261 carnem
822 1206 879 1260 in
926 1206 1016 1261 sui
1065 1203 1233 1260 Verbi
1288 1207 1571 1273 naturam,
1622 1206 1687 1256 ut
1733 1200 1886 1255 sicut

226 1299 381 1353 Deus
423 1297 877 1368 dignosceretur.
927 1295 1089 1350 Dicet
1131 1293 1296 1360 forte,
1329 1297 1396 1348 ut
1425 1305 1570 1354 reor,
1603 1291 1671 1346 ad
1729 1289 1882 1345 istud

231 1387 383 1458 quis.
415 1388 558 1440 Nam
582 1399 710 1440 cum
735 1385 928 1440 statim
959 1385 1118 1440 dicat
1137 1383 1309 1439 etiam
1338 1382 1409 1438 de
1430 1381 1630 1438 nobis:
1657 1380 1762 1446 Qui
1789 1395 1885 1432 au-

229 1483 330 1532 tem
358 1477 420 1529 in
453 1491 618 1528 carne
643 1479 790 1542 sunt,
819 1477 928 1527 Deo
959 1474 1176 1543 placere
1216 1487 1325 1525 non
1361 1474 1630 1541 possunt:
1657 1483 1749 1522 vos
1775 1483 1880 1521 au—

229 1575 330 1622 tem
381 1581 494 1618 non
544 1565 674 1618 estis
722 1566 781 1618 in
816 1579 998 1626 carne,
1031 1563 1125 1618 sed
1162 1564 1221 1616 in
1255 1563 1456 1632 spiritu
1489 1557 1667 1631 (Rom.
1709 1556 1883 1629 Vill):

1997 483 2293 552 gruentize,
2328 483 2860 554 perceptionemque
2890 484 3172 556 veritatis,
3204 489 3259 540 et
3291 487 3438 555 piam
3471 485 3644 541 tradi~

1997 571 2206 627 tionem
2233 573 2581 643 probabilem
2608 573 2898 644 facientes,
2925 589 3033 631 non
3064 579 3312 631 torrente
3333 575 3644 646 voluptatis

1997 662 2183 731 potari
2216 663 2366 732 passi
2388 667 2541 734 sunt,
2575 669 2638 720 ut
2665 664 2823 719 fieret
2854 664 2913 720 in
2931 665 3016 721 eis
3047 664 3174 721 fons
3190 679 3350 736 aquae
3382 665 3642 722 salientis

1998 749 2056 805 in
2090 751 2262 806 vitam
2295 757 2557 808 aeternam
2580 751 2768 824 (Joan.
2796 754 2903 827 1v),
2925 755 3100 824 hujus
3131 756 3404 811 novitatis
3425 757 3641 827 garruli

1996 846 2338 897 assertores:
2366 843 2458 898 sed
2481 856 2548 898 ex
2571 842 2809 899 lacubus
2840 844 3108 900 contritis
3140 846 3387 918 irrigati,
3409 845 3642 903 fetidam

1996 931 2230 1001 stirpem
2263 932 2745 1003 germinaverunt,
2781 933 3078 990 habentem
3111 934 3361 992 fructum
3394 936 3466 993 fel
3499 952 3645 994 ama-

1997 1021 2374 1092 ritudinisget
2398 1023 2754 1079 mendacium
2777 1038 2949 1094 super
2975 1026 3330 1082 mendacium
3357 1027 3647 1097 adjicien-

1995 1115 2097 1180 tes,
2138 1113 2525 1181 protulerunt:
2557 1113 2834 1169 Plurimis
2875 1114 3046 1170 etiam
3090 1115 3227 1171 aliis
3261 1117 3645 1175 existentibus

1995 1201 2443 1270 scripturalibus
2484 1202 2852 1273 testimoniis,
2888 1218 3014 1274 quae
3044 1210 3245 1274 sponte
3285 1206 3638 1263 dimisimus.

1993 1290 2175 1361 Igitur
2197 1291 2348 1346 sicut
2365 1292 2480 1361 jam
2503 1298 2790 1347 ostensum
2815 1297 2921 1364 est,
2946 1299 3225 1365 quotquot
3257 1295 3644 1365 probabilium

2002 1382 2229 1435 Patrum
2252 1381 2577 1436 testimonia
2591 1381 2662 1436 ab
2683 1382 2769 1437 eis
2791 1382 3006 1452 prolata
3029 1388 3164 1440 sunt
3184 1397 3344 1440 suam
3353 1385 3642 1454 justitiam

1996 1473 2244 1526 statuere
2267 1475 2602 1542 quaerentes,
2619 1471 2736 1526 haec
2759 1486 3015 1541 perverse
3038 1474 3462 1530 intellexerunt.
3477 1475 3649 1544 Quot-

1998 1564 2138 1630 quot
2165 1563 2354 1615 autem
2413 1559 2872 1618 adversariorum
2921 1567 3076 1632 sunt,
3128 1578 3239 1620 non
3270 1569 3406 1621 sunt
3455 1565 3644 1622 divini

229 1673 334 1715 nos
369 1657 563 1714 nudos
589 1655 746 1710 novit
770 1668 940 1709 carne
987 1657 1042 1708 et
1086 1653 1366 1724 sanguine
1383 1651 1410 1704 ‘?
1429 1652 1675 1706 Putasne
1703 1646 1891 1718 spiri—
1997 1647 2271 1716 Spiritus.
2291 1648 2450 1704 Unde
2491 1652 2547 1704 et
2570 1648 2778 1706 aﬂ'atur
2807 1664 2904 1706 eos
2929 1651 3106 1708 melos
3125 1652 3183 1708 in
3203 1653 3416 1723 spiritu
3437 1667 3647 1710 canens

230 1748 390 1805 tibus
423 1744 786 1816 incorporeis
817 1743 1212 1814 hujuscemodi
1252 1740 1753 1812 alloquitur,dum
1786 1750 1888 1792 nec
1917 1729 1970 1790 B
2001 1735 2200 1794 beatus
2255 1738 2471 1794 David:
2544 1741 2702 1794 Vana.
2765 1741 2974 1796 locutus
3021 1747 3099 1797 est
3150 1745 3526 1813 unusquisque
3572 1743 3648 1798 ad

227 1838 526 1895 erubescit
543 1832 822 1910 hoc[Gr.,
869 1833 1348 1902 nonmeineptum
1366 1835 1453 1886 est
1473 1825 1892 1902 hoc,etc.]in—
1989 1829 2304 1896 proximum
2349 1843 2542 1883 suum:
2605 1829 2753 1884 labia
2817 1831 3003 1885 dolosa
3043 1834 3103 1886 in
3141 1833 3317 1895 corde,
3381 1838 3432 1888 et
3489 1833 3647 1888 corde

231 1928 500 2000 telligere
546 1926 632 1981 vel
664 1923 959 1981 asserere?
999 1924 1146 1994 Ergo
1179 1923 1237 1977 in
1269 1920 1437 1977 nobis
1465 1932 1690 1976 carnem
1737 1917 1884 1972 dicit

226 2031 501 2088 prccaces
543 2020 601 2072 et
658 2029 768 2070 non
818 2014 943 2070 sine
992 2011 1222 2084 querela
1272 2010 1584 2080 passiones.
1626 2006 1884 2076 Denique

225 2123 353 2164 cum
383 2107 652 2162 omnium
674 2110 932 2160 nostrum
954 2101 1213 2157 Salvator
1235 2099 1502 2155 Christus
1521 2096 1884 2153 castissimus

226 2198 303 2253 sit
327 2202 386 2252 et
416 2196 761 2265 delinquere
807 2192 1026 2248 nesciat
1053 2190 1265 2262 (neque
1294 2189 1448 2244 enim
1482 2193 1772 2258 peccatum
1795 2183 1887 2238 fe—

227 2286 337 2356 cit)
367 2285 494 2340 alio
513 2284 790 2339 nimirum
812 2283 977 2338 modo
1001 2280 1144 2335 illud
1165 2279 1314 2350 quod
1334 2278 1554 2334 dicitur
1569 2275 1880 2331 secundum

227 2389 458 2431 carnem
493 2371 742 2441 intelligi
787 2371 964 2426 decet.
996 2371 1117 2424 Non
1149 2369 1302 2424 enim
1333 2371 1420 2422 est
1445 2365 1530 2422 vel
1557 2364 1668 2422 erit
1692 2364 1751 2419 in
1786 2364 1888 2419 in—

229 2461 613 2519 ﬁrmitatibus
642 2460 794 2516 ultra
841 2457 1190 2514 carnalibus.
1219 2457 1524 2512 Evidenter
1554 2468 1688 2525 ergo
1716 2453 1887 2509 novi-

228 2569 352 2609 mus
378 2567 449 2607 ex
483 2551 775 2607 divinitus
809 2547 1150 2604 sonantibus
1194 2545 1484 2616 Patribus,
1511 2544 1649 2614 quia
1677 2557 1786 2599 non
1817 2557 1887 2599 ex

227 2642 493 2698 fontibus
520 2639 693 2695 Israel
723 2639 1040 2695 hauserunt
1069 2635 1457 2692 contentionis
1493 2635 1668 2704 hujus
1696 2637 1888 2688 aucto-

226 2746 332 2793 res,
357 2738 424 2786 ut
453 2731 618 2786 fieret
640 2729 763 2784 illis
789 2729 849 2784 in
881 2728 1054 2782 vitam
1076 2733 1342 2782 aeternam
1365 2743 1379 2796 ;
1399 2724 1493 2779 sed
1530 2737 1597 2778 ex
1628 2721 1886 2779 fontibus

227 2820 508 2892 malignis
535 2823 594 2873 et
613 2817 915 2874 sterilibus
935 2816 1047 2872 sibi
1087 2819 1280 2885 potum
1307 2813 1628 2870 attulerunt
1649 2827 1663 2866 :
1682 2816 1738 2867 et
1753 2811 1889 2866 alie-

227 2925 360 2968 num
389 2913 701 2978 sectantes,
729 2908 788 2962 in
817 2906 1137 2977 prtecipitia
1159 2909 1214 2960 et
1237 2905 1432 2960 hiatus
1473 2903 1696 2959 inducti
1729 2905 1883 2957 sunt.

224 3001 364 3056 Cum
391 3001 686 3069 oporteret
709 3011 824 3066 eos,
858 2997 908 3051 si
939 2994 1205 3050 Ecclesiae
1234 2999 1424 3050 essent
1461 2992 1704 3062 alumni,
1738 2990 1889 3046 Basi-

224 3090 368 3146 lium
399 3091 670 3160 Magnum
702 3085 902 3140 afferre
923 3085 1202 3140 dicentem
1225 3081 1339 3154 (De
1368 3083 1580 3152 Spiritu
1605 3085 1788 3135 sancto
1813 3079 1888 3134 ad
1918 3075 1966 3138 Ο
1997 3081 2336 3136 sententiam
2413 3081 2751 3138 clamantem
2816 3083 3204 3156 intelligentes
3244 3103 3256 3139 :

225 3179 476 3249 Amphil.
514 3174 644 3248 48):
681 3173 956 3246 Imaginis
996 3173 1178 3229 honor
1197 3173 1265 3227 ad
1297 3171 1614 3241 principale
1640 3170 1882 3237 transit;

229 3275 282 3324 et
309 3267 666 3340 Gregorium
713 3267 1028 3334 Nyssenum
1057 3261 1485 3332 perhibentem:
1519 3261 1650 3316 Vidi
1676 3259 1889 3329 imagi-

229 3374 354 3415 nem
398 3355 714 3428 passionis,
746 3358 802 3410 et
829 3367 941 3409 non
974 3352 1099 3408 sine
1130 3351 1374 3407 tristitia
1403 3349 1682 3406 visionem
1711 3354 1889 3403 trans-

232 3449 330 3518 ivi,
356 3445 658 3516 liquidius
686 3449 808 3498 arte
837 3447 967 3497 ante
996 3439 1198 3496 faciem
1241 3439 1545 3495 historiam
1583 3437 1885 3502 afferente;

225 3543 400 3608 atque
431 3537 730 3603 Joannem,
765 3533 863 3604 qui
895 3531 1067 3586 etiam
1093 3543 1222 3585 cera
1267 3527 1550 3599 perfusam
1604 3527 1885 3597 picturam

222 3640 277 3681 se
299 3625 559 3696 diligere
580 3621 748 3692 dicit,
783 3621 990 3691 pietate
1022 3619 1328 3689 repletam;
1354 3631 1569 3672 necnon
1599 3621 1655 3671 et
1683 3617 1886 3672 horum

221 3713 820 3771 consermocinatores
852 3715 908 3765 et
945 3723 1105 3780 mque
1150 3708 1472 3779 magistros.
1513 3707 1729 3762 Deinde
1755 3721 1891 3776 per-

221 3818 383 3861 versa
457 3802 812 3873 problemata
871 3801 1111 3856 necdum
1179 3797 1463 3868 dirigunt,
1540 3795 1892 3866 adjectioni—

221 3892 327 3950 bus
376 3893 600 3949 malum
643 3895 831 3947 autem
863 3889 1155 3946 abundare
1185 3886 1478 3957 facientes,
1511 3886 1700 3942 adhuc
1729 3898 1893 3940 asse-

218 3989 424 4040 verant
441 4000 454 4035 :

664 4070 952 4137 Gregorius
989 4070 1268 4138 episc0pus
1301 4067 1456 4135 legit:

291 4184 316 4213 α
351 4163 490 4217 Haec
516 4172 655 4231 ergo
685 4158 1056 4229 scripturalia
1085 4162 1142 4213 et
1186 4161 1418 4228 paterna
1452 4154 1780 4212 testimonia
1830 4155 1890 4209 in

222 4273 245 4299 υ
280 4249 563 4322 praesenti
595 4247 933 4305 definitione
964 4251 1160 4304 nostra
1191 4261 1260 4302 ex
1293 4245 1494 4301 multis
1526 4257 1704 4315 pauca
1735 4243 1896 4299 colli-

221 4361 246 4389 »
282 4347 492 4412 gentes
538 4338 858 4409 posuimus,
918 4351 986 4393 ne
1037 4338 1097 4393 in
1152 4337 1385 4407 longum
1441 4335 1886 4390 extenderetur:

1996 1919 2160 1977 locuti
2206 1922 2335 1972 snnt
2358 1919 2503 1972 mala
2549 1916 2731 1989 (Psal.
2790 1920 2898 1992 x1).
2933 1923 3002 1976 Et
3060 1921 3268 1978 iterum
3300 1922 3648 1978 ﬁducialiter

1993 2020 2166 2078 agens
2205 2006 2468 2077 loquitur
2504 2008 2702 2080 Isaias,
2768 2010 3000 2065 dicens:
3055 2011 3352 2066 Consilium
3379 2014 3646 2069 malorum

1993 2097 2208 2164 iniqua
2234 2097 2590 2151 consiliatur:
2635 2114 2744 2152 non
2769 2101 2910 2152 enim
2953 2106 3217 2154 nove-runt
3257 2116 3467 2170 sapere,
3513 2103 3645 2169 quia

1993 2187 2267 2240 obscurati
2302 2191 2430 2240 sunt
2457 2188 2640 2241 videre
2661 2189 2830 2243 oculis
2855 2191 2971 2243 suis
2998 2187 3143 2260 (Isa.
3170 2204 3300 2245 XLIV
3326 2190 3361 2262 ).
3414 2191 3638 2246 Etenim

1995 2288 2168 2331 sanas
2221 2275 2588 2332 deﬁnitiones
2629 2281 2686 2334 et
2743 2278 2892 2350 leges
2942 2279 3423 2350 derelinquentes,
3456 2280 3648 2336 verbis

1995 2365 2273 2422 simulant
2304 2367 2589 2438 pietatem,
2621 2372 2678 2424 et
2720 2373 2939 2425 tentant
2969 2370 3225 2441 quaedam
3259 2371 3351 2440 pia
3383 2384 3648 2441 pronun-

1996 2455 2160 2525 tiare,
2196 2460 2259 2511 ut
2312 2469 2412 2526 per
2440 2470 2672 2514 sensum
2718 2457 2928 2514 bonum
2961 2459 3062 2530 qui
3123 2459 3182 2514 in
3214 2459 3308 2514 his
3340 2460 3506 2525 inest,
3543 2474 3643 2516 nec

1997 2559 2168 2614 super
2181 2545 2426 2617 reliquis
2441 2546 2811 2604 incredibiles
2827 2544 2965 2621 [ﬁde
2979 2548 3173 2604 minus
3193 2545 3388 2622 digni]
3408 2548 3648 2604 habean-

1996 2639 2110 2704 tur,
2135 2635 2272 2690 dum
2303 2635 2504 2692 aiunt:
2531 2638 2590 2692 In
2626 2637 2854 2692 nomine
2885 2641 3094 2693 sancta:
3125 2651 3190 2693 ac
3217 2638 3651 2708 supersubstan-

1999 2723 2160 2779 tialis
2179 2729 2233 2779 et
2262 2724 2392 2780 vita:
2416 2725 2757 2795 principalis
2776 2726 3100 2782 Trinitatis.
3138 2727 3244 2782 Sed
3267 2741 3398 2800 erga
3417 2741 3646 2784 sensum

1998 2813 2143 2868 male
2171 2813 2393 2883 operari
2412 2813 2681 2887 volentes,
2713 2829 2782 2871 ex
2805 2816 3038 2886 proprio
3069 2831 3241 2873 sensu
3273 2818 3650 2887 pronuntiant

1995 2908 2051 2959 et
2078 2902 2382 2970 definiunt,
2435 2903 2644 2958 nudam
2704 2910 2978 2974 ponentes
3036 2905 3410 2977 impietatem,
3460 2920 3644 2978 neque

1991 2991 2280 3060 judicium
2293 2992 2391 3046 Dei
2421 2992 2479 3047 in
2496 2998 2680 3048 mente
2699 2994 3067 3065 accipientes,
3084 3009 3267 3066 neque
3287 2996 3644 3053 Dominicam

3325 3087 3644 3156 Quicunque

1995 3172 2451 3226 scandalizaverit
2471 3188 2641 3226 unum
2668 3189 2736 3226 ea:
2771 3175 3012 3229 minimis
3048 3176 3170 3229 istis
3195 3177 3292 3244 qui
3318 3178 3377 3229 in
3396 3193 3478 3231 me
3524 3193 3652 3231 cre—

1997 3260 2156 3329 dunt,
2179 3261 2394 3329 expedit
2422 3262 2472 3315 ei
2510 3266 2570 3314 ut
2590 3263 2960 3330 suspendatur
2977 3264 3120 3316 mola
3141 3265 3389 3318 asinaria
3430 3267 3489 3320 in
3512 3266 3646 3320 collo

1997 3348 2136 3416 ejus,
2163 3353 2215 3402 et
2239 3348 2582 3415 demergatur
2614 3351 2673 3403 in
2692 3365 2840 3404 mare
2859 3348 2875 3420 (
2895 3353 3089 3405 Matth.
3125 3365 3294 3424 XVIII,
3327 3355 3498 3408 Marc.
3527 3369 3584 3410 Ix
3606 3354 3641 3428 ).

1995 3437 2203 3506 Sicque
2229 3436 2456 3492 demum
2478 3438 2951 3507 quemadmodum
2977 3440 3132 3508 porci
3157 3440 3389 3510 quidam
3416 3457 3649 3515 marga-

1998 3525 2161 3595 ritas,
2198 3526 2253 3581 id
2289 3531 2376 3582 est
2394 3526 2814 3582 ecclesiasticas
2846 3527 3189 3584 traditiones
3221 3530 3644 3606 conculcantes,

1997 3614 2273 3684 abjectam
2303 3621 2360 3672 et
2387 3615 2828 3672 abominabilem
2859 3630 2928 3673 ex
2956 3617 3415 3676 Christianorum
3448 3622 3650 3678 Eccle—

1999 3707 2086 3761 sia
2104 3719 2325 3762 omnem
2359 3706 2664 3778 imaginem
2696 3721 2763 3763 ex
2793 3708 3019 3764 diversa
3045 3710 3282 3765 materia
3307 3712 3644 3770 tumultuati

1997 3795 2289 3865 dixerunt,
2312 3794 2582 3852 facientes
2598 3797 2928 3869 consilium,
2949 3803 3006 3853 et
3039 3812 3150 3854 non
3185 3814 3282 3869 per
3299 3802 3603 3859 Dominum
3630 3824 3646 3874 ;

1999 3889 2056 3940 et
2111 3885 2466 3956 sponsiones,
2499 3891 2556 3941 et
2613 3899 2725 3942 non
2757 3901 2856 3956 per
2897 3887 3170 3957 spiritum
3219 3890 3378 3958 ejus:
3412 3897 3468 3947 et
3497 3893 3649 3949 sicut

2001 3974 2124 4043 lupi
2159 3988 2356 4046 graves
2388 3975 2446 4030 in
2497 3989 2721 4049 gregem
2763 3977 2978 4032 Christi
3029 3987 3517 4051 supervenerunt;
3550 3982 3645 4036 sed

2002 4065 2262 4123 veritatis
2278 4065 2512 4121 claritas
2528 4072 2583 4122 et
2614 4067 2764 4122 lucis
2792 4067 2964 4136 jubar
2986 4069 3334 4125 immobilem
3353 4071 3653 4126 confiden—

1999 4157 2140 4212 tiam
2176 4154 2360 4211 habet.
2383 4155 2525 4225 Quis
2543 4155 2692 4211 enim
2727 4157 2963 4229 nesciat,
2998 4159 3147 4228 quod
3185 4159 3434 4231 imagine
3473 4159 3652 4216 inho—

2005 4250 2222 4316 norata,
2258 4246 2318 4301 in
2347 4259 2475 4301 eum
2528 4246 2779 4316 profecto
2817 4249 2984 4318 cujus
3018 4248 3203 4320 imago
3231 4255 3336 4320 est,
3371 4247 3651 4306 referatur

2004 4335 2411 4394 inhonorantia
2429 4336 2458 4390 ‘l
2477 4337 2590 4392 Hoc
2610 4336 2822 4392 veritas
2845 4337 2924 4392 ita
2953 4337 3130 4408 novit,
3155 4344 3210 4393 et
3228 4345 3432 4396 natura
3454 4341 3651 4398 edocet

223 4449 245 4479 ι
276 4445 415 4487 cum
453 4430 576 4484 sint
607 4428 782 4483 etiam
811 4433 866 4482 et
894 4427 1009 4482 alia
1043 4426 1312 4497 plurima,
1348 4438 1473 4496 quae
1503 4429 1701 4494 sponte
1738 4425 1894 4480 dese-
1922 4438 1976 4500 D
2005 4439 2214 4496 rerum,
2269 4429 2442 4496 atque
2471 4438 2599 4480 cum
2633 4425 2737 4480 hac
2768 4425 3083 4482 concinunt
3110 4430 3168 4481 et
3195 4427 3381 4483 divini
3412 4429 3646 4499 Patres;

220 4539 243 4568 ι
279 4521 479 4576 rimus
531 4522 764 4588 propter
821 4516 1104 4571 infinitam
1152 4514 1606 4570 multitudinem.
1659 4515 1739 4569 Ex
1798 4514 1890 4569 his

223 4629 245 4656 ιι
279 4624 424 4681 ergo
457 4607 749 4664 divinitus
779 4605 1080 4675 inspiratis
1127 4610 1182 4660 et
1227 4603 1410 4660 beatis
1454 4603 1774 4673 Scripturis
1826 4616 1891 4658 ac

223 4718 246 4745 δ
281 4697 564 4754 Patribus
586 4696 828 4751 ﬁrmiter
847 4694 1136 4763 aedificati,
1160 4699 1216 4749 et
1241 4707 1414 4764 supra
1440 4699 1653 4764 petram
1679 4685 1891 4749 divinae

222 4806 246 4834 Β
283 4786 599 4843 servitutis
630 4799 755 4855 qua:
778 4784 835 4839 in
869 4783 1081 4854 spiritu
1111 4789 1216 4854 est,
1252 4783 1421 4853 pedes
1450 4787 1676 4838 nostros
1707 4782 1892 4837 locan-

220 4899 244 4926 η
282 4884 407 4933 tes:
451 4877 511 4930 in
547 4875 777 4930 nomine
807 4878 1014 4929 sancta:
1058 4871 1634 4942 supersubstantialis
1675 4875 1731 4926 et
1759 4871 1888 4925 vita:

220 4985 243 5013 ι)
279 4963 645 5037 principalis
661 4962 985 5032 Trinitatis,
1008 4961 1183 5017 unius
1204 4961 1318 5016 voti
1349 4959 1532 5016 etl‘ecti
1561 4972 1755 5014 omnes
1787 4972 1890 5014 nos

220 5074 243 5105 ι
279 5057 388 5127 qui
442 5052 756 5110 sacerdotii
805 5051 1087 5123 dignitate
1117 5050 1562 5120 circumdamur,
1616 5062 1727 5106 una
1757 5062 1889 5104 voce

219 5167 241 5193 η
275 5145 622 5213 deﬁnimus,
657 5141 930 5210 abjectam
975 5139 1096 5196 fore
1143 5144 1198 5194 et
1239 5139 1485 5195 alienam
1532 5143 1702 5210 atque
1745 5139 1891 5194 abo—

221 5256 243 5283 »
281 5231 632 5290 minabilem
685 5243 754 5286 ex
817 5228 1280 5286 Christianorum
1342 5228 1595 5284 Ecclesia
1665 5241 1888 5284 omnem

223 5346 245 5370 ι»
281 5323 607 5395 imaginem
621 5319 927 5375 exdiversa
943 5319 1180 5375 materia
1201 5318 1560 5376 etcoloribus
1575 5333 1672 5390 per
1686 5319 1889 5375 malam

225 5433 247 5461 ι»
285 5414 586 5484 pictorum
615 5415 792 5465 artem
825 5408 1095 5465 effectam.
1133 5427 1160 5458 »

651 5499 999 5568 Epiphanius
1053 5498 1313 5552 diaconus
1345 5499 1502 5566 legit:

293 5588 728 5649 Ecclesiastica:
758 5587 1061 5644 traditioni
1093 5586 1368 5643 cervicem
1417 5601 1577 5644 suam
1611 5588 1891 5648 inclinare

2001 4521 2058 4570 et
2087 4515 2317 4586 quidem
2369 4514 2428 4570 S.
2457 4512 2708 4571 Basilius
2763 4515 2996 4570 dicens:
3034 4514 3306 4588 Imaginis
3353 4517 3536 4574 honor
3577 4519 3646 4574 ad

2002 4604 2361 4674 primitivum
2409 4603 2682 4675 transiit;
2739 4602 3090 4661 Athanasius
3146 4618 3312 4661 vero:
3365 4604 3474 4674 Qui
3515 4621 3650 4680 ergo

2000 4693 2198 4748 adorat
2229 4692 2554 4764 imaginem,
2590 4693 2648 4749 in
2675 4693 2798 4765 ipsa
2818 4694 3017 4750 adorat
3040 4708 3256 4766 regem;
3287 4700 3343 4750 et
3376 4695 3652 4752 similiter

1997 4782 2469 4853 Chrysostomus:
2506 4783 2703 4839 Nescis
2741 4785 2879 4854 quia
2916 4785 3154 4855 imagini
3179 4784 3332 4856 regis
3373 4785 3648 4855 injuriam

1999 4871 2221 4940 feceris,
2252 4872 2322 4927 ad
2356 4872 2675 4942 principale
2703 4874 3010 4944 dignitatis
3037 4874 3205 4930 affers
3231 4875 3506 4944 injuriam
3525 4876 3554 4930 ‘l
3581 4877 3648 4932 Et

2001 4961 2113 5030 ipsi
2142 4960 2371 5030 quidem
2407 4961 2601 5017 Patres
2625 4966 2884 5018 naturam
2937 4978 3124 5020 rerum
3150 4965 3333 5022 secuti
3353 4971 3490 5022 sunt
3511 4985 3526 5036 ;
3547 4966 3645 5022 isti

1997 5064 2128 5107 vero
2173 5050 2482 5122 insurgunt
2509 5057 2565 5106 et
2610 5051 2883 5109 adversus
2929 5055 3238 5112 Ecclesiam
3296 5065 3351 5113 et
3377 5058 3648 5113 adversus

1997 5141 2329 5198 veritatem:
2366 5141 2500 5213 quia
2534 5156 2643 5198 non
2676 5142 2862 5199 solum
2895 5143 3248 5216 blasphemia
3297 5153 3434 5204 sunt
3466 5147 3640 5218 pleni,

1999 5233 2094 5289 sed
2129 5237 2185 5289 et
2214 5233 2477 5289 amentiae
2505 5245 2572 5288 ac
2603 5232 3161 5305 indisciplinationis
3191 5237 3643 5308 superﬂuitatem

1998 5336 2183 5378 sermo
2227 5323 2481 5392 ipsorum
2527 5321 2712 5378 habet.
2747 5323 3052 5394 Oportebat
3082 5340 3213 5397 ergo
3241 5340 3337 5382 eos
3383 5340 3649 5381 commu-

2000 5425 2125 5466 nem
2169 5416 2226 5466 et
2283 5410 2433 5467 nihil
2488 5411 2880 5469 dissonantem
2911 5428 3099 5471 vocem
3148 5415 3540 5484 pronuntiare,
3587 5419 3644 5468 et

2004 5501 2247 5572 priscam
2279 5501 2648 5559 traditionem
2681 5503 2925 5573 firmare,
2949 5503 3177 5572 sibique
3204 5502 3514 5574 diligenter
3541 5516 3647 5558 ac—

2003 5591 2248 5663 quirere,
2279 5603 2449 5662 quam
2481 5591 2734 5648 fidelium
2761 5592 3023 5647 universa
3047 5590 3356 5652 multitudo
3383 5603 3449 5646 ex
3467 5592 3648 5649 tradi-
