4016 6168
386 203 494 261 435

1613 204 1974 264 ANASTASII
2016 205 2558 268 BIBLIOTHECARII

3667 215 3756 278 436

387 329 544 386 tione
571 327 974 400 Apostolorum
1011 335 1068 388 et
1088 332 1320 390 Patrum
1342 332 1530 390 tenuit
1557 337 1615 391 et
1642 332 1902 391 confessa
1919 336 2039 399 est;
2068 333 2128 395 A
2153 338 2373 393 tensam
2432 337 2702 396 habentes
2754 338 3126 410 impietatem,
3160 349 3270 394 non
3326 337 3504 394 solum
3532 337 3760 412 linguam

388 423 444 476 et
470 431 584 474 non
606 419 914 478 novitatem
944 425 1001 477 et
1023 420 1492 493 interceptionem
1532 422 1714 480 facere
1744 426 2046 480 consuetu-

387 507 569 578 dinis,
593 521 720 580 qua:
750 508 844 579 pie
861 509 921 565 in
949 509 1118 566 nobis
1139 513 1354 568 retenta
1371 515 1475 568 est.
1504 511 1640 582 Quae
1659 512 1813 568 enim
1829 511 2044 568 tradita

391 602 528 656 sunt
559 598 618 654 in
641 598 925 655 catholica
950 599 1204 657 Ecclesia
1226 614 1410 672 neque
1427 607 1820 676 augmentum,
1861 614 2046 672 neque

391 688 799 745 detrimentum
829 689 1163 746 admittunt.
1212 691 1458 747 Maxima
1487 691 1641 748 enim
1670 697 2044 764 apponentem

392 783 447 834 ct
492 778 835 835 adimentem
878 778 1060 835 vincit
1093 793 1287 850 paena:
1347 782 1673 838 Maledictus
1724 781 1898 855 enim,
1940 781 2042 854 ait,

393 869 490 936 qui
519 871 782 937 transfert
811 869 1064 924 terminos
1090 875 1316 940 patrum
1343 885 1565 926 suorum
1597 868 1786 942 (Deut.
1819 885 1982 927 xxvu
2005 870 2041 944 ).

393 957 497 1012 Sed
541 971 654 1013 non
700 955 1024 1014 habuerunt
1078 958 1434 1030 propositum
1478 961 1548 1017 ad
1595 961 2045 1034 cognoscendam

395 1046 710 1102 veritatem.
761 1047 909 1120 Ergo
937 1047 1178 1104 audient
1219 1049 1389 1106 verba
1434 1049 1536 1106 illa
1563 1049 1902 1121 Sapientiae:
1943 1050 2048 1116 Qui

396 1141 654 1206 apemtur
677 1137 955 1193 thesauros
981 1139 1170 1208 lingua
1193 1140 1462 1205 mendaci,
1495 1157 1642 1196 vana
1677 1142 2046 1212 persequitur,

397 1232 447 1282 et
471 1229 646 1282 veniet
674 1229 732 1282 in
755 1227 1008 1298 laqueum
1035 1228 1422 1300 mortis(Prov.
1459 1243 1564 1286 XXI
1583 1228 1618 1304 ).

965 1354 1195 1411 TOMUS
1231 1355 1514 1412 SEXTUS.

787 1463 1134 1533 Epiphanius
1181 1462 1445 1518 diaconus
1491 1463 1658 1532 legit:

2152 431 2375 484 acutam
2432 427 2758 486 habuerunt
2787 429 2856 486 ad
2889 428 3192 500 quamdam
3223 425 3472 484 fraudem
3506 422 3604 501 [ad
3645 444 3762 500 pec-

2152 517 2397 574 candum
2457 518 2798 591 loquendo],
2849 519 2946 576 sed
2999 524 3057 575 et
3103 530 3329 574 manum
3387 516 3760 587 imperantium

2153 605 2497 663 calumniari
2527 613 2582 664 et
2609 613 2904 678 percutere
2937 607 3276 677 docuerunt,
3315 605 3590 662 dicentes:
3618 608 3768 678 Impe-

2157 696 2391 753 rialium
2423 697 2610 770 legum
2639 697 2926 756 obnoxius
2952 697 3230 754 habeatur
3256 695 3364 768 qui
3397 709 3504 751 non
3538 694 3650 752 illis
3672 711 3765 767 pa-

2157 788 2360 844 ruerit.
2414 789 2498 843 Ex
2544 787 2646 844 hac
2695 789 2876 860 igitur
2927 801 3061 845 voce
3114 787 3292 844 multa
3336 790 3391 841 et
3434 785 3643 840 diversa
3688 801 3770 856 per

2157 877 2348 933 orbem
2401 876 2822 934 fundebantur:
2879 877 3194 934 crudelitas
3233 875 3626 943 indeﬁcienter,
3680 875 3771 930 hoc

2157 968 2413 1024 studium
2437 972 2558 1024 erat
2589 967 3009 1038 imperantibus
3023 973 3080 1024 et
3106 967 3467 1039 principibus
3490 975 3608 1044 ejus
3627 979 3774 1045 atque

2155 1056 2364 1112 alienis
2387 1057 2674 1126 episcopis
2707 1053 2850 1130 [Gr.,
2889 1055 3136 1127 princip.
3187 1061 3242 1112 et
3282 1057 3427 1128 ipsis
3465 1061 3776 1118 adversariis

2157 1142 2474 1220 episcopi].
2504 1147 2573 1201 Et
2603 1146 2947 1219 qumlingua
2991 1150 3176 1216 potest
3220 1146 3338 1204 haec
3379 1151 3606 1221 tragicis
3635 1153 3773 1208 ﬂeti-

2159 1234 2270 1292 bus
2292 1236 2606 1292 enarrare?
2649 1237 2806 1293 Unde
2846 1241 3057 1308 autem,
3117 1237 3202 1293 vel
3253 1238 3499 1308 qualiter
3529 1239 3778 1311 incipiam

2161 1325 2521 1398 singularum
2539 1340 2726 1383 rerum
2743 1326 2878 1382 hinc
2891 1331 3176 1398 gestarum
3199 1327 3408 1384 referre
3429 1328 3774 1400 turbationes,

2163 1415 2420 1486 timores,
2464 1415 2908 1486 persecutiones,
2935 1417 3230 1472 custodias
3260 1414 3655 1474 monachorum
3701 1433 3782 1489 per

2163 1504 2445 1572 civitates.
2492 1511 2664 1575 atque
2693 1505 2936 1576 ﬂagella,
2966 1505 3196 1562 vincula
3248 1520 3446 1562 eorum
3473 1520 3567 1576 per
3591 1507 3782 1562 multos

471 1567 699 1667 Utinam
738 1567 1582 1667 _i_n.{nefl?m_a_55“mp§i§se"t
1627 1583 1840 1667 [099W
1880 1583 2054 1667 ﬂuam
2165 1607 2365 1662 annos,
2421 1600 2649 1650 catenas
2695 1594 3182 1652 circumdatorum
3233 1597 3460 1667 pedum,
3517 1609 3781 1652 sacrorum

398 1657 679 1713 Dominus
719 1656 872 1712 dixit
923 1657 1178 1729 Principi
1219 1658 1610 1729 apostolorum
1640 1661 1835 1716 Petro:
1877 1661 1958 1714 Tu
2003 1675 2059 1714 es

2184 1697 2432 1740 vasorum
2471 1683 2924 1756 demolitionem,
2955 1685 3218 1742 codicum
3249 1686 3552 1755 ustionem,
3583 1692 3788 1740 sancto-

402 1747 618 1810 Ρθίτῖίδ)
656 1751 716 1846 ,εί
775 1761 938 1846 SPp?"
967 1747 1130 1846 ,Ῐδίῗηθ
1179 1751 1394 1818 Petram
1421 1749 1716 1846 ,ίτῖίίίῖίέαδίῖ
1762 1749 2059 1803 Εθείεδίαῖη
2170 1787 2297 1830 rum
2355 1774 2696 1844 templorum
2729 1747 3174 1846 profanationes,
3234 1747 3640 1832 venerabilium
3680 1787 3790 1831 mo-

399 1852 593 1940 ?f‘ia’f;
617 1840 667 1892 θί
687 1839 858 1940 Ρθνίξλθ
889 1837 1602 1940 ίηίῗνίζοἾθΡξκυαίθδίίηί
1641 1839 2061 1940 ίξίίυῗνδυείίῖηξ
2169 1837 2551 1921 nasteriorum
2588 1864 2838 1934 pollutas
2855 1837 3262 1921 translationes
3282 1865 3342 1922 in
3365 1865 3652 1921 saecularia
3666 1878 3792 1920 rece-

403 1925 999 2030 (Matth.mxv‘t.)..Sed
1037 1926 1240 2030 .eﬁ‘eet‘i.
1285 1927 1596 2030 harmonia:
1644 1927 1832 2030 huius
1878 1927 2056 2030 ξιΙίίῗηί
2172 1954 2434 2025 ptacula:
2465 1954 2546 2010 ita
2569 1925 3038 2010 utinhahitantes
3061 1953 3120 2010 in
3141 1955 3227 2011 eis
3245 1955 3538 2012 reverendi
3557 1955 3660 2011 viri
3683 1961 3794 2025 post

403 2029 470 2072 ac
529 2015 946 2116 aediﬁcationis,
1003 2015 1129 2074 risu
1183 2016 1359 2090 digna
1412 2017 1664 2075 delirant
1723 2017 2062 2075 deﬁnientes
2172 2015 2430 2114 ;.apinam
2472 2043 2751 2100 bonorum
2797 2057 3030 2100 suorum
3077 2045 3147 2100 ad
3189 2044 3518 2102 barbaricas
3563 2015 3794 2116 τεςίδηεε

407 2104 774 2176 δυὶιιδηιοάίε
2173 2104 2489 2205 pergerent,
2536 2139 2592 2190 et
2653 2146 2809 2190 more
2854 2133 3172 2204 apostolico
3213 2134 3510 2191 meliorem
3554 2104 3794 2190 ducerent

827 2211 1116 2282 Gregorius
1167 2215 1444 2285 episcopus
1493 2215 1620 2284 legit
1655 2233 1668 2271 :

2184 2222 2370 2293 vitam,
2397 2222 2676 2294 eligentes
2725 2221 2922 2294 potius
2961 2223 3114 2280 inter
3165 2233 3364 2296 gentes
3411 2224 3607 2295 degere
3649 2233 3794 2292 quam

483 2358 509 2390 α
541 2341 665 2395 Νοιι
696 2337 908 2395 audere
937 2335 1226 2394 hominem
1260 2353 1602 2411 quemquam
1653 2339 1804 2398 ultra
1837 2341 2068 2397 studere
2175 2325 2304 2369 cum
2331 2311 2760 2416 confribul‘ibus
2789 2313 3280 2416 convef'sationem
3311 2313 3625 2414 οδδίξαῖυθίξί
3653 2311 3796 2366 duce'

411 2447 439 2478 ››
475 2433 588 2483 tam
619 2427 922 2484 scelestum
943 2432 1000 2483 et
1026 2427 1267 2498 impium
1294 2428 1572 2484 studium.
1597 2429 1707 2500 Qui
1730 2444 1860 2486 vero
1891 2444 2068 2486 ausus

414 2535 440 2566 ι)
475 2515 654 2566 fuerit
691 2517 898 2566 amodo
933 2521 1267 2566 construere
1313 2517 1640 2566 imaginem-
1675 2519 1756 2566 vel
1807 2519 2060 2566 adorare-

2184 2416 2275 2468 re;
2325 2400 2524 2459 divino
2573 2401 2902 2459 obedientes
2947 2402 3216 2472 Apostolo
3269 2400 3642 2474 praecipienti,
3687 2411 3796 2455 cum

2184 2491 2572 2562 hujuscemodi
2601 2505 2702 2548 nec
2733 2491 2926 2549 cibum
2965 2490 3278 2566 sumere(I
3301 2493 3422 2549 Cor.
3459 2490 3542 2564 v).
3567 2491 3634 2546 Et
3668 2487 3797 2559 quod

414 2535 440 2566 ι)
475 2515 654 2572 fuerit
691 2517 898 2572 amodo
933 2521 1267 2573 construere
1313 2517 1641 2591 imaginem,
1675 2519 1758 2574 vel
1807 2519 2064 2592 adorare,

415 2624 440 2656 ››
473 2609 576 2662 aut
604 2607 856 2662 statuere
887 2605 946 2662 in
975 2606 1216 2662 ecclesia
1246 2607 1332 2663 vel
1378 2607 1439 2662 in
1491 2607 1710 2678 privata
1739 2609 1928 2680 domo,
1961 2622 2065 2664 seu

2184 2507 2572 2562 hujuscemoat
2601 2507 2702 2548 nec
2733 2507 2926 2549 cmum
2965 2507 3271 2566 sumereu
3301 2507 3422 2549 cor.
3459 2507 3490 2545 ν
3508 2507 3542 2564 ).
3569 2507 3634 2546 nt
3668 2507 3797 2559 quou

2184 2587 2261 2638 est
2289 2583 2491 2638 horum
2516 2581 2773 2638 omnium
2794 2583 3244 2656 atrocissimum,
3275 2581 3416 2654 quia
3435 2581 3602 2638 etiam
3641 2589 3798 2648 usque

417 2713 442 2746 ι)
475 2694 799 2752 occultare:
825 2695 1114 2766 siquidem
1139 2696 1464 2768 episcopus,
1491 2704 1594 2754 aut
1625 2698 1935 2770 presbyter,
1967 2702 2069 2754 aut

419 2804 443 2819 ι.
475 2785 753 2819 dinnnnnn
785 2783 958 2819 funi-if
1012 2785 1332 2819 Annnnotnu
1353 2787 1440 2819 .-εἰ
1461 2799 1592 2819 "mm
1625 2787 1936 2819 ηυπνιηινιιιρ
1969 2793 2063 2819 om

2184 2671 2240 2728 in
2267 2677 2512 2742 prmsens
2543 2671 2662 2727 haec
2681 2671 2948 2742 impietas
2976 2672 3404 2743 profanationis
3418 2667 3800 2728 venerabilium

2184 2761 2656 2818 monasteriorum
2691 2761 2842 2819 apud
2885 2761 3162 2819 quosdam
3202 2757 3657 2819 praevaricatorie
3685 2768 3800 2819 per—

418 2804 443 2836 »
472 2785 756 2842 diaconus
785 2783 980 2856 fuerit,
1011 2766 1593 2855 deponaturrrz-sivero
1625 2766 1939 2844 monachus
1967 2793 2068 2844 aut

420 2893 444 2906 ν.
480 2873 662 2906 Ιαῖηηο
745 2873 1258 2906 ηπηθιιοηὶηέίηοθιιη
1322 2879 1376 2906 Δί’
1435 2873 1824 2906 θωηοιηῖαηιιηι
1881 2875 2064 2906 Innnm

2184 2766 2656 2818 monasteriorum
2691 2766 2842 2832 apud
2885 2766 3162 2834 quosdam
3202 2766 3657 2832 praevaricatorie
3685 2768 3786 2827 per-

2184 2856 2397 2906 manet:
2432 2853 2490 2906 et
2525 2865 2626 2906 pro
2655 2851 2838 2906 sacris
2881 2851 3110 2906 hvmnis
3139 2857 3195 2906 et
3237 2865 3377 2906 voce
3405 2843 3786 2906 exsultationis

418 2893 445 2926 ιο
479 2873 684 2945 laicus,
743 2873 1276 2946 anathematizetur,
1321 2879 1379 2931 et
1435 2873 1826 2946 imperialium
1881 2875 2068 2948 legum

2184 2856 2397 2907 manet:
2432 2856 2490 2907 θῐ
2525 2865 2626 2921 ι)Γο
2655 2856 2838 2908 sacris
2881 2856 3110 2923 hymnis
3139 2857 3195 2908 6t
3237 2865 3377 2908 V066
3405 2856 3802 2907 exsultatioms.

2184 2954 2305 2966 ...ηη
2333 2940 2390 2966 ε..
2445 2939 2830 2966 ηῑυυ.....,...1ε,.
2877 2940 3157 2966 annm“...
3193 2940 3342 2966 αξη...
3398 2938 3610 2966 “mea...
3644 2945 3802 2966 mam.

418 2982 446 3015 »
480 2939 764 3020 obnoxius
810 2963 908 3035 sit,
967 2969 1238 3034 tanquam
1265 2939 1609 3022 contrarius
1657 2939 2069 3036 praeceptorum
2101 3013 2145 3036 η
2180 2954 2309 3036 Ψξείῖ
2333 2940 2394 2996 in
2445 2939 2834 3036 ῐδβθτξιᾶουιὶε
2871 2940 3160 3036 ξιιξῑοιιιω
3192 2940 3366 3010 ﬁunt,
3397 2939 3614 3036 cantica
3644 2945 3807 3036 mere:

417 3071 444 3106 ιν
471 3053 594 3126 Dei,
625 3059 682 3111 et
705 3052 983 3110 inimicus
1009 3053 1340 3126 dogmatum
1373 3058 1760 3126 paternorum.
1799 3073 1825 3107 »

795 3179 1140 3250 Epiphanius
1179 3180 1442 3237 diaconus
1487 3182 1657 3251 (egit:

485 3303 797 3362 Ecclesiam
821 3305 1146 3362 universam
1167 3311 1520 3378 accusantes,
1543 3311 1600 3363 et
1623 3307 1682 3364 in
1707 3307 1814 3364 hoc
1837 3308 2076 3365 minime

417 3395 693 3468 contenti,
723 3407 905 3466 neque
949 3394 1310 3453 saturitatem
1358 3395 1674 3468 impietatis
1702 3397 2073 3468 accipientes,

417 3486 608 3543 adhuc
631 3484 759 3542 sine
780 3484 900 3558 lege
921 3489 978 3542 et
1001 3485 1127 3542 sine
1153 3485 1284 3556 jure
1315 3485 1604 3542 deﬁniunt
1623 3500 1734 3542 non
1760 3486 2077 3544 faciendam

421 3575 750 3648 imaginem.
783 3573 888 3630 Sed
925 3575 1076 3646 quis,
1119 3587 1278 3646 rogo,
1307 3587 1509 3631 eorum
1541 3574 1642 3645 qui
1675 3575 1768 3644 pie
1792 3575 1996 3632 vivunt
2023 3579 2080 3632 et

420 3663 698 3734 sentiunt,
735 3661 867 3718 istis
896 3661 1172 3719 obediat‘?
1197 3661 1352 3718 Adeo
1371 3675 1616 3734 namque
1631 3662 1965 3722 conﬁrmata
1994 3669 2081 3721 est

422 3751 838 3810 venerabilium
873 3749 932 3804 in
954 3747 1218 3806 ecclesiis
1248 3749 1562 3822 imaginum
1585 3751 1888 3822 exhibitio,
1928 3758 1993 3810 ut
2012 3769 2080 3811 ex

423 3855 538 3914 quo
567 3839 968 3897 denuntiatum
1019 3843 1106 3896 est
1156 3839 1526 3910 Evangelium
1572 3854 1755 3912 usque
1793 3853 1966 3916 nunc,
2020 3843 2080 3900 in

425 3930 551 3986 illis
597 3925 972 3985 manifestata:
1023 3927 1377 3984 consistant:
1433 3933 1490 3985 et
1517 3942 1684 3986 omne
1725 3931 1875 4002 quod
1921 3931 2084 3990 anti-

426 4018 646 4090 quitate
691 4015 942 4087 excellit,
990 4017 1362 4074 reverendam
1393 4023 1497 4074 est.
1556 4017 1705 4089 Quid
1735 4020 1887 4077 enim
1920 4021 2079 4080 aliud

422 4105 586 4179 jubet
613 4104 849 4162 divinus
877 4104 1189 4176 Apostolus
1215 4105 1538 4164 Corinthiis
1579 4103 2083 4182 [Thessalonicen-

428 4192 630 4272 sibus]
689 4195 983 4253 scribens:
1044 4197 1234 4252 Tenete
1304 4197 1627 4253 traditiones
1675 4215 1812 4268 quas
1865 4203 2084 4272 accepi-

427 4289 528 4344 stis
569 4284 676 4360 (Π
723 4285 904 4341 Thess.
937 4285 1013 4358 ιι)
1044 4283 1073 4340 ‘I
1127 4289 1184 4343 et
1231 4301 1436 4344 rursus
1489 4287 1788 4346 Timotheo
1841 4289 2084 4362 Titoque

2101 3013 2147 3075 Ο
2181 3029 2350 3086 tricia
2370 3035 2426 3086 et
2443 3029 2711 3086 satanicze
2769 3030 3218 3088 modulationes:
3245 3036 3308 3087 et
3332 3044 3434 3100 pro
3477 3021 3809 3086 creberrimis

2181 3119 2698 3192 genuﬁexionibus,
2742 3119 3055 3177 saltatorie:
3083 3120 3516 3190 disputationes
3546 3111 3811 3191 [inﬂexio-

2184 3206 2339 3284 nes].
2376 3211 2515 3267 Cum
2561 3209 2654 3266 his
2679 3215 2868 3267 autem
2898 3209 3177 3282 pericula,
3219 3208 3561 3279 tumultum,
3583 3213 3811 3262 commo—

2185 3300 2418 3370 tionem,
2445 3299 2696 3371 verbera,
2731 3313 2946 3370 ptenas,
2977 3297 3313 3356 orbationes
3342 3297 3656 3365 oculorum,
3687 3287 3813 3347 exci-

2185 3391 2378 3447 siones
2404 3390 2653 3461 narium,
2686 3389 3081 3447 mutilationes
3107 3389 3467 3461 linguarum,
3508 3379 3810 3459 ignominio-

2187 3495 2281 3536 sas
2307 3478 2489 3552 fugas,
2511 3479 2568 3535 id
2587 3485 2675 3536 est
2702 3479 2910 3536 exsilia
2935 3479 3383 3536 reverendorum
3403 3477 3674 3544 virorum,
3700 3468 3815 3542 quia

2191 3581 2288 3639 per
2317 3568 2648 3624 universum
2673 3567 2866 3624 orbem
2897 3567 3147 3639 dispersi
3178 3573 3362 3639 sunt;
3395 3569 3712 3624 sanctarum
3739 3555 3816 3613 fa—

2187 3657 2405 3714 cierum
2431 3657 2812 3730 adustionem,
2833 3657 3205 3715 barbarorum
3239 3657 3536 3727 incendia,
3559 3650 3818 3724 virginum

2192 3753 2318 3819 post
2346 3745 2532 3804 ftedus
2559 3747 2788 3806 Christo
2820 3748 3191 3820 promissum,
3225 3747 3504 3819 iniquum
3542 3747 3598 3800 et
3621 3737 3820 3798 violen-

2190 3841 2312 3892 tum
2350 3836 2720 3909 conjugium:
2752 3841 2807 3893 et
2834 3837 2983 3908 quod
3017 3837 3112 3893 his
3135 3837 3415 3893 omnibus
3451 3840 3538 3892 est
3566 3825 3822 3888 truculen-

2190 3925 2329 3998 tius,
2365 3925 2698 3982 homicidia.
2756 3927 2824 3982 Hi
2857 3932 2996 3983 sunt
3056 3925 3284 3982 fructus
3325 3931 3528 3983 contra
3558 3919 3821 4011 veritatem

2192 4015 2568 4086 pervicaciter
2595 4015 3096 4073 contendentium:
3147 4015 3267 4072 haec
3298 4021 3390 4072 est
3413 4012 3641 4072 vesania
3671 4014 3821 4063 mant-

2193 4104 2355 4177 festa,
2386 4110 2443 4162 et
2471 4119 2584 4162 non
2626 4105 2917 4175 judicium
2954 4119 3184 4162 verum:
3219 4121 3354 4177 qua:
3403 4103 3551 4160 vidit
3579 4103 3748 4161 Deus;
3776 4095 3822 4146 ει

2193 4195 2288 4252 his
2331 4194 2600 4252 omnibus
2649 4194 2948 4252 continuis
2997 4195 3166 4252 malis
3231 4194 3511 4252 liberavit
3548 4183 3826 4248 Ecclesiam

2195 4300 2375 4343 suam.
2400 4286 2466 4342 Et
2489 4285 2675 4358 gloria
2705 4284 2840 4356 ipsi.
2867 4284 3062 4342 Amen.
3097 4287 3174 4342 De
3206 4299 3460 4358 nequam
3495 4284 3679 4340 autem
3706 4284 3830 4331 con-

431 4373 698 4448 profanas
777 4388 978 4433 vocum
1041 4374 1324 4432 novitates
1406 4375 1749 4446 praecipiens
1829 4379 2084 4436 devitarc
2109 4378 2164 4441 D
2195 4375 2332 4432 silio
2359 4389 2464 4432 suo
2497 4374 2829 4446 contempti,
2853 4387 2886 4432 a
2929 4373 3168 4432 veritate
3207 4379 3567 4448 arguuntur,
3596 4369 3726 4426 dum
3750 4367 3830 4417 ω-

425 4465 502 4540 (I
554 4468 689 4522 Tim.
749 4479 828 4536 v1,
881 4467 941 4521 II
994 4466 1130 4520 Tim.
1191 4478 1254 4536 ιι,
1316 4465 1419 4520 Tit.
1459 4479 1524 4521 ιιι
1560 4465 1577 4540 )
1612 4465 1640 4520 ‘I
1694 4467 1904 4526 Omnes
1949 4483 2084 4543 ergo

429 4554 750 4612 Christiani
797 4559 1068 4626 tanquam
1130 4553 1190 4610 in
1249 4557 1445 4610 sancta
1501 4555 1786 4614 catholica
1833 4558 2087 4616 Ecclesia

433 4645 638 4716 geniti,
669 4644 1011 4700 traditiones
1047 4656 1193 4714 quas
1229 4643 1574 4716 accepimus,
1610 4649 1887 4722 tenemus,
1920 4651 1978 4706 et
2026 4649 2086 4704 in

437 4733 562 4790 illis
584 4732 934 4804 stabilimur,
965 4737 1022 4788 et
1060 4731 1339 4790 novitates
1369 4747 1572 4791 vocum
1599 4732 1943 4811 devi‘tamus,
1991 4753 2090 4795 se-

438 4827 674 4895 quentes
697 4821 959 4878 divinum
975 4821 1330 4892 Apostolum.
1351 4824 1419 4880 Et
1435 4829 1720 4896 quotquot
1741 4841 1840 4898 per
1856 4827 2089 4900 singula

439 4918 694 4983 tempora
722 4910 1018 4968 nobilibus
1046 4911 1314 4969 Patribus
1352 4913 1568 4971 nostris
1598 4915 1722 4972 visa
1750 4921 1887 4974 sunt
1915 4932 2090 4990 supra

440 5000 874 5059 fundamentum
915 5001 1308 5076 apostolorum
1345 5007 1403 5060 et
1445 5004 1850 5075 prophetarum
1881 5021 2092 5079 super-

440 5089 795 5163 aediﬁcanda,
828 5091 1170 5162 recipimus:
1197 5105 1263 5149 ea
1280 5104 1410 5149 vero
1431 5107 1558 5164 quae
1585 5093 1756 5151 aliter
1775 5109 1836 5152 se
1858 5095 2087 5168 habent,

443 5185 510 5238 ut
539 5180 776 5238 inimica
802 5184 859 5238 et
898 5180 1298 5253 impugnantia
1347 5195 1730 5257 exsecramur,
1771 5185 1964 5243 omnia
1998 5187 2094 5243 vi—

443 5273 653 5332 delicet
682 5284 869 5344 quaaa
903 5270 1172 5342 pessimis
1222 5276 1278 5328 et
1331 5271 1533 5344 impiis
1590 5273 1907 5332 haeresibus
1953 5291 2095 5334 vane

443 5362 778 5434 deprompta
815 5365 983 5418 sunt:
1028 5373 1160 5417 cum
1211 5361 1426 5432 quibus
1472 5368 1530 5419 et
1581 5364 1802 5421 noviter
1843 5363 2098 5423 fabrefa-

449 5458 596 5510 ctam
626 5451 986 5508 Christianos
1029 5451 1423 5508 accusantium
1454 5452 1872 5526 garrulitatem,
1903 5462 2098 5528 utpote

450 5545 564 5599 Deo
613 5541 886 5599 odibilem
917 5554 1280 5598 exsecramur
1305 5541 1718 5600 abominantes.
1777 5547 1947 5602 Porro
1993 5561 2101 5604 ex-

2196 4465 2331 4523 liter
2353 4464 2554 4521 aiunt:

2661 4572 2946 4640 Gregorius
2975 4573 3256 4644 episcopus
3285 4573 3421 4640 legit
3441 4587 3456 4626 :

2273 4720 2300 4754 α
2332 4699 2860 4757 Deﬁnimusautem
2898 4703 2956 4756 et
2999 4699 3124 4771 hoc,
3156 4713 3268 4756 non
3315 4699 3533 4756 audere
3571 4691 3830 4752 hominem

2201 4809 2227 4842 »
2261 4789 2594 4863 quemlibet,
2627 4789 2729 4862 qui
2754 4788 3023 4846 Ecclesia:
3041 4788 3142 4845 Dei
3175 4796 3278 4846 aut
3307 4785 3633 4847 venerabili
3659 4775 3832 4841 domui

2202 4899 2228 4932 »
2263 4886 2483 4952 prmest.
2517 4879 2624 4938 sub
2651 4879 2887 4937 obtentu
2915 4879 3335 4937 diminutionis
3363 4879 3504 4936 talis
3547 4872 3832 4945 imaginum

2203 4989 2230 5021 »
2258 4971 2476 5027 erroris
2523 4971 2748 5027 mittere
2799 4983 3002 5026 manus
3051 4983 3186 5026 suas
3218 4969 3277 5024 in
3325 4973 3533 5026 sancta
3573 4977 3704 5022 vasa
3729 4967 3835 5030 qua!

2204 5077 2232 5110 »
2259 5065 2396 5118 sunt
2445 5061 2558 5116 Deo
2603 5059 2892 5130 deputata,
2935 5072 3108 5116 causa
3152 5057 3548 5116 transferendi
3573 5067 3639 5114 ea
3685 5052 3740 5108 in
3763 5045 3838 5102 si-

2205 5169 2232 5202 »
2266 5149 2518 5207 mulacra
2537 5145 2556 5223 [
2573 5151 2686 5214 Gr.,
2711 5149 2771 5204 in
2800 5148 2948 5206 alios
2973 5163 3136 5222 usus,
3158 5149 3312 5222 quod
3337 5145 3674 5207 simulacris
3689 5135 3838 5209 (ιθρὶ-

2206 5257 2233 5292 to
2263 5245 2354 5296 cta
2379 5235 2552 5316 sint].
2588 5257 2615 5290 ι)

2594 5348 2937 5420 Epiphanius
2967 5347 3228 5404 diaconus
3254 5347 3427 5416 legit:

2276 5459 2404 5514 Ilaic
2432 5471 2532 5515 ora
2585 5471 2696 5515 non
2753 5456 3083 5514 timentium
3135 5455 3455 5513 Dominum
3508 5446 3838 5512 eructarunt.

2205 5548 2348 5618 Quis
2367 5548 2519 5606 enim
2541 5561 2739 5606 eorum
2761 5547 2860 5618 qui
2885 5546 3096 5604 habent
3116 5546 3323 5604 divino
3349 5543 3563 5602 timore
3591 5539 3841 5602 conﬁxam
