4016 6168
250 262 348 324 437

1027 257 1573 317 INTERPRETATIO
1609 257 1859 315 SYNODI
1900 258 1991 314 VII
2027 257 2433 315 GENERALIS.
2470 289 2543 301 —
2578 260 2781 317 ACTIO
2818 262 2906 317 VI.

3544 258 3651 319 438

249 389 500 455 mentem,
539 398 605 441 ea
651 398 777 455 qua:
821 384 936 439 Deo
987 386 1125 440 sunt
1177 383 1469 453 deputata,
1531 384 1894 451 praesumeret
1920 374 2120 452 Aras,
2165 382 2307 452 [Gr.,
2373 383 2485 454 ipsi
2518 397 2747 455 quoque
2794 381 2898 458 sic]
2935 334 3155 454 operati
3200 391 3354 457 sunt,
3400 385 3459 442 in
3502 399 3651 442 com-

247 476 525 533 idolorum
564 472 839 531 vocabulo
872 486 1221 543 nuncupare,
1263 471 1399 527 licet
1424 470 1669 526 nimium
1691 468 1771 525 sit
1797 467 1897 523 in—

242 566 440 623 doctus
479 577 547 619 ac
591 561 1119 633 indisciplinatus‘?
1150 560 1265 617 nisi
1294 559 1437 616 forte
1474 559 1694 615 oblitus
1719 556 1894 614 fuerit

241 653 425 725 magni
468 657 526 709 et
587 651 861 709 salutaris
924 650 1202 722 mysterii,
1262 650 1413 722 quod
1459 650 1610 705 Deus
1646 645 1893 704 Verbum

238 757 402 801 carne
430 742 739 799 adveniens
778 742 838 798 in
877 741 1046 799 nobis
1096 746 1365 811 operatus
1393 743 1499 810 est,
1544 751 1752 794 eruens
1790 749 1894 792 nos

236 833 297 889 ab
326 832 615 889 idolorum
643 846 853 889 errore.
894 832 1031 888 Nam
1056 831 1368 887 simulacra
1393 842 1593 886 vocare
1625 827 1726 883 Dei
1758 826 1896 883 cul—

237 921 459 979 toribus
491 921 667 977 moris
695 926 782 977 est
819 919 1123 994 gentilium
1156 918 1328 976 idola.
1374 919 1512 975 Vere
1544 917 1662 973 haec
1691 930 1888 973 eorum

232 1016 382 1080 sunt,
428 1011 529 1082 qui
574 1025 644 1066 ex
693 1016 843 1066 terra
900 1009 1269 1081 garrulitates
1330 1012 1653 1079 provocant,
1709 1010 1765 1061 et
1818 1006 1888 1061 de

232 1106 422 1158 ventre
447 1114 642 1157 eorum
682 1100 1184 1170 pronuntiationes
1223 1098 1489 1169 eliciunt,
1535 1097 1634 1168 qui
1664 1095 1889 1152 saturi-

228 1190 447 1246 tatibus
475 1189 886 1246 stercoralibus
904 1188 1216 1259 conceptis,
1252 1187 1515 1258 putridas
1538 1184 1890 1256 evaporatio-

231 1294 323 1335 nes
392 1280 607 1336 mentis
663 1280 951 1350 emittens,
1010 1292 1247 1335 vesanos
1296 1283 1353 1334 et
1392 1275 1658 1348 phrenesi
1692 1281 1886 1346 captos

228 1369 427 1426 effecit.
468 1370 625 1426 Unde
645 1376 701 1425 et
736 1368 1028 1425 inferunt:

654 1494 943 1563 Gregorius
990 1494 1267 1564 episcopus
1304 1491 1430 1558 legit
1452 1508 1465 1545 :

290 1624 316 1653 α
350 1602 458 1659 Sed
483 1616 585 1658 nec
629 1603 686 1658 in
716 1607 925 1674 vestes,
958 1604 1060 1657 aut
1103 1599 1218 1655 alia
1255 1598 1397 1667 vela,
1440 1598 1524 1653 vel
1552 1596 1713 1654 aliud
1743 1596 1882 1669 quid

227 1711 249 1742 ι
276 1698 679 1749 consecratum
703 1692 761 1747 in
786 1705 1013 1748 sacrum
1044 1688 1456 1759 ministerium,
1487 1701 1556 1743 ne
1590 1687 1885 1744 inutilitas
1912 1708 1967 1771 Β

225 1801 248 1833 ν
277 1782 340 1838 in
371 1782 476 1839 illa
521 1781 820 1838 eﬁiciatur.
853 1799 880 1832 ι)

632 1907 976 1978 Epiphanius
1005 1905 1268 1961 diaconus
1290 1903 1421 1972 legit
1437 1920 1449 1933 ·

280 2016 661 2073 Detrahentes
708 2020 765 2072 et
801 2014 1205 2086 deliberantes,
1250 2012 1402 2084 quod
1452 2009 1595 2067 male
1639 2008 1884 2080 recipiat

220 2106 555 2179 imaginales
604 2107 859 2177 picturas
908 2104 1163 2161 Ecclesia
1204 2111 1554 2168 sanctorum,
1588 2100 1782 2171 turpia
1827 2103 1885 2155 et

218 2196 368 2255 idola
419 2202 479 2253 et
535 2196 846 2253 simulacra
897 2196 1001 2251 has
1054 2194 1446 2265 appellantes;
1508 2204 1660 2248 nunc
1726 2189 1883 2245 velut

218 2286 380 2343 obliti
406 2300 529 2343 suae
549 2286 800 2342 scelestae
837 2284 1152 2347 sententiae,
1197 2284 1314 2339 haec
1346 2281 1624 2338 manenda
1670 2279 1729 2334 in
1770 2279 1885 2333 Ec—

216 2376 387 2433 clesia
417 2382 713 2447 tamquam
742 2377 856 2432 Deo
896 2378 1223 2431 consecrata
1260 2371 1545 2442 judicant.
1588 2371 1657 2424 Et
1687 2368 1735 2424 si
1766 2369 1882 2423 Deo

218 2470 646 2536 consecrantur,
696 2464 981 2536 quomodo
1030 2462 1223 2533 turpia
1260 2464 1415 2532 sunt,
1477 2463 1535 2515 et
1579 2456 1882 2513 diabolicae

216 2554 703 2613 adinventiones?
759 2554 864 2611 Sed
910 2558 1129 2609 certum
1196 2556 1282 2606 est
1330 2549 1481 2621 quod
1531 2547 1759 2618 Caiphae
1803 2544 1883 2601 sit

233 2646 518 2702 sententia
545 2644 722 2717 (Joan.
760 2644 858 2718 x1).
887 2643 989 2699 Ille
1012 2643 1167 2700 enim
1197 2640 1422 2697 malitia
1452 2638 1681 2710 quidem
1705 2636 1882 2692 Chrir

217 2742 363 2793 stum
396 2736 637 2807 occidit,
672 2734 998 2809 ignorantia
1023 2746 1155 2789 vero
1185 2745 1314 2787 vera
1341 2730 1560 2799 dicens,
1591 2728 1745 2784 hunc
1769 2725 1886 2782 Sal“

216 2831 459 2881 vatorem
483 2825 722 2882 humani
748 2824 974 2897 generis
994 2821 1390 2879 conﬁtebatur.
1418 2822 1497 2875 Ita
1517 2823 1574 2875 et
1595 2817 1706 2889 ipsi
1726 2814 1885 2871 simi-

216 2915 295 2971 les
312 2916 363 2971 ei
411 2914 579 2987 facti,
609 2914 831 2971 malitia
868 2914 1099 2985 quidem
1136 2923 1410 2979 errorem,
1443 2913 1499 2965 et
1546 2906 1878 2975 simulacra,

215 3012 267 3061 et
307 3006 525 3077 turpia,
570 3011 628 3062 et
687 3004 966 3061 diabolici
1020 3000 1342 3075 argumenti
1391 2996 1875 3067 adinventionem,
1910 3040 1963 3106 Ο

219 3095 531 3168 imaginum
563 3094 804 3167 eﬁigiem
825 3094 1063 3150 dicunt:
1117 3091 1378 3148 nolentes
1408 3093 1599 3145 autem
1629 3092 1685 3143 et
1722 3100 1753 3143 a
1774 3100 1880 3142 ve-

216 3184 376 3240 ritate
415 3184 693 3255 convicti,
737 3196 898 3239 sacra
942 3183 1060 3239 διεδ
1103 3187 1159 3238 et
1204 3182 1319 3237 Deo
1376 3178 1566 3234 dicata
1614 3175 1875 3232 conﬁteri

213 3278 515 3345 coguntur,
562 3279 619 3329 et
659 3272 719 3328 in
753 3273 986 3343 laqueos
1029 3269 1394 3341 propriarum
1442 3265 1876 3323 contentionum

217 3364 497 3420 incidunt.
535 3362 692 3419 Unde
720 3377 818 3419 eos
857 3361 957 3433 qui
993 3365 1317 3432 sequuntur
1348 3358 1482 3414 illos
1527 3355 1875 3425 deridentes,

216 3452 626 3524 alloquuntur:

640 3560 930 3628 Gregorius
970 3573 1249 3628 episcopus
1281 3557 1445 3623 legit:

284 3688 308 3718 α
338 3668 396 3724 Si
454 3681 591 3723 vero
648 3667 782 3739 quis
821 3681 853 3722 a
895 3669 1009 3723 Deo
1054 3670 1283 3737 accepta
1326 3664 1558 3733 virtute,
1627 3661 1878 3718 voluerit

223 3776 244 3803 ω
274 3757 582 3815 transferre
622 3758 815 3814 eadem
844 3771 975 3813 vasa
1006 3757 1089 3813 vel
1120 3755 1334 3827 pallas,
1361 3768 1473 3811 non
1507 3753 1716 3810 audere
1744 3768 1874 3811 eum

222 3864 244 3893 υ
274 3845 483 3918 absque
505 3846 755 3902 consilio
776 3850 837 3902 et
862 3845 1069 3902 notitia
1093 3843 1447 3901 sanctissimi
1471 3848 1526 3898 et
1550 3840 1871 3897 beatissimi

222 3955 244 3983 ιι
273 3935 619 3992 universalis
662 3935 1021 4006 patriarchae,
1056 3948 1121 3990 ac
1160 3933 1540 4006 praeceptione
1572 3931 1879 4001 piissimo-

222 4044 245 4073 ι
276 4040 394 4083 rum
419 4034 477 4084 et
502 4026 822 4082 amicorum
846 4025 1062 4081 Christi
1102 4025 1510 4094 imperatorum
1537 4010 1872 4077 nostrorum

224 4136 246 4165 ι)
277 4118 374 4175 hoc
396 4132 586 4191 agere,
614 4131 682 4172 ne
709 4117 811 4172 hac
836 4115 1135 4172 occasione
1168 4113 1437 4171 diabolus
1464 4111 1745 4168 Ecclesias
1768 4112 1869 4167 Dei

225 4226 248 4255 ι>
280 4208 579 4265 humiliet:
612 4207 707 4263 sed
751 4219 851 4261 nec
880 4216 1221 4277 quemquam
1259 4202 1609 4274 principum,
1648 4201 1734 4257 vel
1770 4216 1874 4257 eo-

228 4316 247 4344 »
277 4313 394 4354 rum
420 4299 523 4369 qui
568 4296 713 4367 ipsis
738 4295 1002 4366 subsunt,
1038 4294 1094 4349 id
1118 4299 1204 4349 est
1230 4291 1456 4348 laicalis
1490 4290 1735 4359 ordinis,
1770 4289 1873 4345 hu-

228 4408 247 4435 υ
272 4388 516 4456 jusmodi
536 4386 837 4443 occasione
856 4384 1167 4439 immittere
1185 4395 1413 4437 manum
1439 4381 1496 4436 in
1518 4381 1714 4437 divina
1737 4385 1872 4437 tem-
1899 4388 1958 4451 1)

228 4496 248 4523 η
279 4477 378 4548 pla,
405 4482 461 4532 et
505 4476 628 4531 haec
662 4474 985 4544 captivare;
1032 4470 1513 4543 quemadmodum
1553 4485 1586 4526 a
1617 4470 1871 4543 quibus—

228 4566 392 4621 adam
438 4565 539 4637 qui
594 4564 919 4620 inordinate
966 4561 1356 4630 ambulabant,
1414 4565 1545 4617 ante
1569 4561 1686 4631 jam
1731 4560 1873 4620 talia

230 4672 250 4701 θ
279 4653 415 4712 facta
442 4660 601 4713 sunt.
635 4674 661 4704 »

632 4781 977 4852 Epiphanius
1025 4780 1288 4834 diaconus
1310 4777 1438 4846 legit
1461 4794 1473 4830 :

288 4888 421 4959 Quis
444 4903 557 4946 non
596 4889 873 4959 derideat,
918 4887 1033 4943 imo
1066 4886 1408 4942 lamentetur
1437 4897 1610 4955 super
1638 4883 1744 4940 hac
1782 4882 1872 4939 le—-

232 4977 561 5047 gislatione?
590 4981 825 5050 Propter
850 4979 968 5033 haec
991 4976 1148 5032 enim‘
1166 4974 1475 5046 vaniloqua
1499 4972 1668 5029 verba
1699 4972 1867 5029 multi

234 5070 417 5125 temere
446 5072 935 5141 praesumpserant
966 5079 1161 5139 graves
1196 5062 1336 5139 [Gr.,
1386 5060 1625 5139 Briarei]
1666 5076 1869 5118 manus

237 5155 522 5215 immittere
555 5159 613 5215 in
647 5163 868 5215 sacrata
896 5170 1050 5227 vasa,
1083 5155 1154 5212 ab
1196 5154 1306 5226 ipsi
1337 5153 1607 5211 videlicet
1645 5166 1868 5209 sumen-

236 5252 309 5303 tes
355 5249 783 5307 excusationes:
836 5246 1008 5303 facile
1067 5259 1312 5317 namque
1375 5243 1596 5300 malitia
1627 5242 1862 5299 labitur.

239 5334 355 5394 Illos
375 5340 522 5396 enim
546 5338 910 5411 providentes
934 5333 1076 5411 [Gr.,
1108 5347 1309 5406 parum
1343 5329 1631 5407 curantes]
1663 5331 1869 5389 beatis-

239 5423 410 5499 simos,
434 5434 496 5486 ut
518 5429 632 5500 ipsi
659 5428 883 5499 dicunt,
909 5426 1005 5483 sed
1030 5430 1096 5482 ut
1120 5424 1329 5481 veritas
1352 5437 1413 5479 se
1436 5422 1625 5495 habet,
1649 5422 1870 5479 alienos

242 5516 505 5590 episcopos
529 5518 974 5576 defraudaturos
1000 5529 1205 5574 aurum
1243 5519 1302 5571 et
1328 5517 1626 5585 argentum
1669 5526 1872 5569 sacro-

246 5619 348 5662 rum
368 5613 885 5678 monumentorum,
907 5610 1079 5679 atque
1099 5605 1276 5663 factas
1305 5603 1366 5660 in
1393 5602 1638 5660 musivis
1670 5602 1868 5674 pictu-

2005 484 2205 527 munes
2231 472 2431 529 domos
2454 477 2511 529 et
2534 472 2733 529 balnea
2762 476 2934 543 atque
2963 472 3184 529 theatra
3206 473 3325 529 haec
3355 480 3650 532 transmu—

2002 564 2222 631 tantes;
2253 565 2310 618 et
2342 564 2628 633 quondam
2683 568 2881 619 sancta
2929 562 3134 620 horum
3168 563 3395 633 judicio
3428 564 3649 635 polluta
3731 614 3758 634 ,

2002 655 2156 722 sunt;
2192 655 2248 707 et
2278 651 2590 724 gloriantes
2630 652 2827 709 aiunt:

2430 760 2716 829 Gregorius
2753 761 3035 831 episcopus
3061 761 3189 829 legit
3213 777 3227 815 :

2074 886 2100 918 «
2132 864 2234 922 His
2280 871 2468 924 autem
2522 867 2663 923 bene
2714 867 2948 940 habitis,
3001 872 3174 939 atque
3220 868 3406 942 gratia
3453 867 3653 925 divina

2001 974 2027 1004 »
2062 955 2324 1028 firmatis,
2365 958 2587 1028 justum
2639 958 3052 1030 judicavimus,
3104 959 3210 1014 hoc
3256 957 3545 1015 catholico
3586 972 3652 1014 ac

2001 1062 2026 1094 »
2059 1046 2171 1101 Deo
2194 1046 2446 1117 placente
2466 1047 2681 1118 scripto
2700 1052 2895 1104 nostro
2915 1047 3283 1106 deﬁnitiones
3304 1047 3652 1119 capitulares

2000 1150 2026 1181 ι)
2059 1146 2379 1204 exponere:
2432 1134 2700 1206 quoniam
2746 1140 2804 1191 et
2864 1150 2968 1193 nos
3022 1141 3291 1207 putamus
3338 1134 3652 1206 apostolica

1998 1240 2024 1271 »
2056 1222 2245 1279 dicere
2270 1222 2319 1296 (Ι
2353 1223 2471 1279 Cor.
2507 1224 2641 1299 vn):
2678 1226 2773 1282 sed
2827 1231 2882 1281 et
2903 1226 3192 1283 credimus
3222 1239 3326 1282 nos
3368 1224 3650 1295 Spiritum

1998 1332 2024 1362 »
2055 1313 2271 1369 Christi
2324 1314 2557 1385 habere;
2603 1320 2660 1371 et
2702 1315 2853 1372 sicut
2900 1320 3285 1372 antecessores
3325 1315 3506 1371 nostri
3547 1315 3650 1386 qui

1998 1422 2023 1453 »
2058 1403 2119 1459 in
2154 1403 2342 1474 ipsum
2378 1402 2767 1476 crediderunt,
2794 1406 3049 1478 quaedam
3079 1406 3349 1478 synodice
3373 1405 3644 1462 deﬁnien-

1998 1512 2023 1543 »
2057 1498 2141 1550 tes
2185 1494 2361 1551 locuti
2404 1501 2557 1568 sunt,
2604 1501 2660 1551 ot
2708 1510 2809 1553 nos
2834 1497 3124 1553 credimus
3172 1497 3233 1552 in
3284 1496 3493 1567 ipsum,
3551 1509 3651 1566 per

1998 1600 2023 1631 »
2059 1597 2225 1654 quem
2263 1583 2558 1655 loquimur
2603 1585 2856 1656 [propter
2901 1587 3049 1657 quod
3084 1585 3256 1642 etiam
3301 1585 3477 1656 loq.]:
3525 1590 3651 1656 post

2000 1693 2022 1722 »
2059 1674 2333 1745 quasdam
2377 1690 2501 1746 qua:
2535 1681 2823 1746 praeceptae
2853 1680 3006 1748 sunt,
3042 1675 3264 1750 patrias
3308 1671 3450 1750 [Gr.,
3494 1689 3648 1746 prae—

1996 1783 2021 1812 »
2060 1763 2360 1820 mittentur
2386 1764 2524 1836 pat.]
2556 1765 2944 1838 deﬁnitiones,
2986 1770 3400 1837 consequenter
3420 1769 3477 1822 et
3500 1779 3646 1823 con—

1996 1872 2021 1902 »
2057 1853 2308 1910 corditer
2334 1868 2461 1926 quae
2500 1854 2667 1911 nobis
2689 1854 2979 1925 videntur,
3009 1855 3363 1913 deﬁnientes.
3404 1874 3429 1905 »

2383 1981 2601 2050 Epiph’t
2624 1983 2729 2035 .ius
2764 1983 3044 2051 episcopus
3085 1982 3214 2049 legit
3239 2000 3252 2035 :

2061 2103 2262 2159 Multis
2324 2108 2380 2160 et
2422 2103 2600 2160 variis
2642 2103 2913 2175 s'uperius
2966 2105 3251 2167 deliratis,
3310 2104 3648 2175 pravitatem

1992 2208 2153 2250 suam
2180 2207 2443 2265 expresse
2473 2195 2929 2265 pronuntiantes,
2957 2200 3012 2250 et
3040 2195 3097 2249 in
3140 2194 3321 2250 multa
3348 2193 3494 2249 hanc
3518 2193 3651 2250 dis—

1995 2284 2320 2355 pertientes,
2352 2284 2689 2355 semetipsos
2734 2284 3027 2357 magistris
3057 2283 3325 2339 Ecclesia:
3353 2297 3649 2355 coaequare

1993 2373 2282 2443 nituntur,
2341 2378 2398 2429 et
2434 2387 2563 2429 cum
2612 2373 2794 2429 sacris
2832 2387 3027 2429 eorum
3068 2372 3339 2428 aﬁatibus
3381 2371 3650 2429 scelestas

1990 2462 2355 2519 deﬁnitiones
2367 2477 2501 2519 suas
2521 2467 2853 2535 arroganter
2873 2468 3270 2531 annumerant,
3290 2462 3647 2517 mendacium

1993 2552 2219 2608 veritati
2247 2554 2615 2608 commiscere
2656 2552 2929 2623 volentes,
2948 2558 3004 2608 et
3038 2551 3416 2623 quodammod
3483 2550 3650 2606 melle

1994 2642 2237 2699 haustus
2268 2641 2569 2713 pestiferos
2602 2647 3000 2714 temperantes.
3031 2642 3136 2698 Sed
3168 2641 3266 2713 qui
3296 2640 3520 2711 Spiritu
3545 2641 3645 2696 Dei

1992 2739 2262 2804 aguntur,
2297 2732 2447 2803 quod
2506 2731 2716 2788 melius
2757 2738 2845 2787 est
2890 2745 2922 2787 a
2973 2732 3159 2801 pejore
3197 2730 3554 2799 discernunt,
3593 2735 3649 2785 et

1993 2835 2349 2893 quaecunque
2368 2821 2459 2894 pie
2486 2827 2754 2893 tanquam
2777 2834 2808 2877 a
2829 2820 3045 2877 sanctis
3064 2819 3332 2876 Patribus
3354 2823 3487 2874 ante
3515 2823 3649 2874 sunt

1990 2911 2245 2980 deﬁnita,
2299 2911 2641 2983 recipiunt:
2693 2923 3049 2983 quaacunque
3096 2923 3226 2966 vero
3286 2921 3543 2979 perverse
3576 2907 3647 2963 ab

1992 3000 2086 3056 his
2101 3000 2255 3056 dicta
2273 3004 2428 3071 sunt,
2453 2999 2653 3057 offensi
2679 3000 3010 3056 retundunt.
3041 2998 3151 3069 Ipsi
3170 2997 3323 3055 enim
3347 2995 3643 3067 falsiloqui

1989 3090 2335 3146 conﬁtentur
2379 3090 2609 3161 quidem
2659 3104 2719 3146 se
2770 3102 2936 3145 nosse
2980 3090 3178 3159 Deum,
3227 3088 3323 3143 sed
3369 3102 3401 3143 a
3441 3086 3643 3143 semita

1990 3194 2115 3250 quae
2137 3179 2302 3235 ducit
2329 3178 2398 3234 ad
2432 3179 2644 3250 regiam
2672 3178 2822 3233 viam
2861 3177 3204 3247 exorbitant,
3240 3176 3484 3232 sincerae
3511 3175 3641 3232 ﬁdei

1988 3274 2197 3326 nostra:
2248 3268 2416 3323 verba
2439 3268 2673 3323 malitiae
2695 3281 2907 3323 veneno
2946 3266 3288 3336 inﬁcientes,
3320 3274 3375 3321 et
3401 3280 3517 3322 sua:
3562 3265 3645 3319 in-

1988 3358 2245 3417 scientia:
2277 3356 2472 3414 amnes
2500 3356 2769 3413 habentes
2814 3356 3241 3412 haeresiarchas.
3276 3357 3415 3410 Nam
3450 3360 3504 3410 et
3527 3354 3638 3424 ipsi

1990 3449 2157 3522 plura
2185 3447 2452 3505 Ecclesiae
2476 3445 2773 3502 catholica:
2798 3458 3048 3501 consona
3068 3449 3386 3514 sapuerunt
3408 3462 3421 3499 :
3447 3457 3640 3499 verum

1989 3541 2049 3597 in
2083 3554 2195 3598 uno
2237 3538 2324 3595 vel
2363 3537 2589 3595 duobus
2620 3535 3075 3608 prievaricantes,
3108 3533 3490 3590 anathematis
3515 3547 3643 3604 p03-

1987 3645 2117 3689 nam
2144 3630 2337 3687 sortiti
2383 3633 2536 3686 sunt.
2586 3628 2727 3684 Cum
2749 3626 2966 3699 quibus
2999 3624 3318 3697 portionem
3345 3623 3636 3681 consecuti

1987 3730 2122 3780 sunt
2152 3721 2213 3778 bi
2240 3720 2341 3794 qui
2367 3719 2506 3777 talia
2530 3717 2759 3797 fantur.~

2413 3813 2698 3914 Gregorius
2725 3844 3004 3913 episcopus
3045 3842 3207 3911 legit:

2060 3997 2087 4028 «
2118 3974 2176 4031 Si
2205 3973 2339 4045 quis
2375 3985 2487 4028 non
2514 3971 2819 4027 conﬁtetur
2861 3969 3173 4025 secundum
3215 3964 3561 4039 apostolicas
3584 3970 3640 4020 et

1989 4086 2015 4117 »
2051 4070 2316 4136 paternas
2349 4061 2711 4131 traditiones,
2750 4060 2811 4115 in
2853 4061 3019 4115 Patre
3061 4064 3116 4114 et
3144 4057 3292 4115 Filio
3323 4061 3379 4112 et
3415 4054 3640 4126 Spiritu

1986 4175 2012 4206 »
2046 4158 2241 4211 sancto
2266 4166 2434 4209 unam
2454 4150 2745 4218 deitatem,
2766 4154 3030 4207 naturam
3047 4152 3218 4219 atque
3231 4146 3636 4213 substantiam,

1984 4264 2011 4297 »
2043 4244 2391 4303 voluntatem
2429 4246 2487 4297 et
2513 4238 2924 4311 Operationem,
2973 4238 3245 4294 virtutem
3274 4241 3331 4293 et
3367 4236 3641 4293 domina—

1986 4355 2010 4386 »
2043 4335 2279 4405 tionem,
2311 4344 2549 4403 regnum
2588 4337 2644 4387 et
2674 4333 3005 4400 potestatem
3029 4327 3089 4383 in
3111 4327 3301 4384 tribus
3327 4325 3641 4384 subsisten-

1986 4444 2012 4476 υ
2046 4425 2167 4497 tiis,
2198 4424 2255 4480 id
2279 4427 2365 4480 est
2390 4420 2650 4493 personis
2675 4417 3034 4493 gloriﬁcatis,
3063 4417 3381 4473 anathema.
3410 4416 3469 4473 Si
3504 4417 3638 4489 quis

1986 4535 2011 4567 ››
2047 4529 2158 4573 non
2199 4512 2503 4569 conﬁtetur
2535 4524 2713 4568 unum
2766 4508 2839 4565 de
2881 4512 3076 4564 sancta
3123 4505 3425 4573 Trinitate,
3460 4506 3518 4561 id
3549 4511 3639 4564 est

1983 4624 2010 4656 ››
2042 4604 2256 4660 Filium
2286 4601 2532 4658 Verbum
2557 4600 2657 4656 Dei
2711 4604 2769 4656 et
2796 4598 3002 4669 Patris,
3033 4596 3341 4652 Dominum
3370 4593 3639 4651 videlicet

1984 4714 2011 4745 ››
2047 4698 2307 4749 nostrum
2334 4692 2524 4746 Jesum
2552 4688 2869 4758 Christum,
2892 4692 3025 4743 ante
3045 4684 3254 4742 saecula
3285 4682 3520 4755 quidem
3551 4697 3641 4758 ge-

1985 4803 2013 4835 »
2046 4784 2234 4840 nitum
2260 4780 2575 4838 secundum
2594 4779 2985 4847 divinitatem,
3014 4777 3074 4833 in
3091 4775 3426 4834 novissimis
3444 4780 3638 4833 autem

1983 4894 2010 4926 »
2042 4873 2250 4931 diebus
2278 4870 2538 4929 eumdem
2567 4874 2796 4942 propter
2828 4869 3073 4926 salutem
3108 4872 3364 4926 nostram
3411 4868 3642 4925 descen-

1983 4985 2009 5016 »
2040 4965 2196 5021 disse
2218 4964 2289 5020 de
2312 4960 2496 5031 cmlis,
2528 4965 2586 5015 et
2632 4960 2993 5015 incarnatum
3013 4972 3082 5015 ex
3105 4958 3329 5028 Spiritu
3356 4963 3554 5015 sancto
3581 4961 3640 5014 et

1984 5072 2009 5106 ››
2044 5053 2223 5111 Maria
2253 5064 2476 5122 semper
2516 5048 2769 5121 Virgine,
2811 5053 2868 5102 et
2888 5061 2959 5103 ex
2999 5060 3065 5103 ea
3092 5054 3289 5103 natum
3315 5062 3490 5119 super
3508 5060 3640 5104 om-

1984 5162 2009 5195 »
2044 5158 2171 5200 nem
2210 5156 2413 5199 sensus
2462 5137 2699 5195 humani
2752 5136 3143 5210 capacitatem,
3183 5136 3523 5195 anathema!
3574 5135 3636 5192 Si

1982 5253 2009 5286 »
2043 5233 2179 5305 quis
2203 5246 2315 5290 non
2340 5230 2646 5287 conﬁtetur
2659 5229 2835 5284 Deum
2856 5241 2980 5284 esse
3001 5228 3315 5285 secundum
3340 5227 3636 5283 veritatem

1982 5344 2009 5375 »
2043 5320 2395 5393 Emmanuel,
2445 5325 2502 5377 et
2552 5318 2769 5376 idcirco
2825 5317 2924 5373 Dei
2995 5318 3330 5390 genitricem
3382 5319 3635 5373 sanctam

1983 5444 2009 5473 ››
2044 5414 2336 5487 Virginem
2361 5424 2484 5468 esse
2503 5407 2729 5483 (genuit
2760 5407 2914 5464 enim
2951 5407 3261 5465 carnaliter
3288 5418 3516 5463 carnem
3543 5402 3638 5459 fa—

1974 5533 2002 5567 »
2037 5515 2193 5568 ctum
2223 5504 2324 5561 Dei
2352 5499 2616 5574 Verbum)
2648 5496 2987 5555 anathema!
3038 5496 3098 5552 Si
3131 5495 3268 5567 quis
3318 5508 3430 5550 non
3467 5492 3637 5548 conﬁ-

1986 5621 2014 5655 ι
2046 5604 2201 5657 tetur
2226 5606 2453 5651 carnem
2475 5589 2789 5647 secundum
2809 5585 3244 5644 subsistentiam
3273 5582 3487 5640 unitam
3510 5594 3634 5638 esse
