4010 6160
410 236 517 295 439

1648 240 2007 298 ANASTASII
2049 241 2587 302 BIBLIOTHECABII

3679 258 3762 318 440

417 382 442 412 ι)
476 362 656 419 Verbo
699 364 846 434 quod
893 370 979 421 est
1010 378 1078 422 ex
1115 367 1228 422 Deo
1256 368 1440 438 Patre,
1493 371 1663 440 atque
1719 382 1896 425 unum
1938 379 2061 422 esse
2081 363 2140 423 A
2169 371 2233 422 ut
2255 370 2597 428 exclamaret
2615 372 2995 428 characterem
3019 372 3351 431 substantiae
3373 377 3544 434 Patris
3566 379 3763 438 Filium.

420 473 444 502 ››
477 453 770 510 Christum
803 469 934 511 cum
967 471 1135 512 carne
1160 471 1282 527 sua,
1314 459 1572 514 eumdem
1621 459 1846 514 scilicet
1871 458 2058 527 ipsum

420 560 446 591 »
479 544 652 599 Deum
699 543 873 600 simul
900 549 956 600 et
987 545 1294 617 hominem,
1319 548 1615 603 anathema
1646 547 1658 601 l
1692 547 1748 602 Si
1788 547 1920 617 quis
1951 557 2059 602 non

422 650 447 681 »
482 632 788 690 conﬁtetur
812 633 1038 689 Domini
1079 648 1304 690 carnem
1346 635 1625 691 viviﬁcam
1675 649 1816 706 esse,
1844 639 1901 690 et
1927 647 2066 705 pro—

424 740 448 770 »
485 719 665 791 priam
701 723 955 792 ejusdem
992 723 1158 779 Verbi
1201 725 1350 795 quod
1403 728 1489 781 est
1531 739 1598 781 ex
1638 727 1819 793 Patre,
1870 723 1966 779 sed
2004 727 2067 778 ut

421 831 445 859 »
479 811 721 867 alterius
741 813 1038 882 cujusdam
1064 819 1265 883 printer
1283 829 1342 870 se
1361 815 1475 870 sibi
1495 815 1725 885 quidem
1744 813 1946 870 sociati
1971 825 2069 883 per

421 919 446 949 »
481 901 840 972 dignitatem,
872 902 928 958 id
960 908 1046 958 est
1071 909 1131 959 ut
1157 902 1334 958 solam
1360 904 1615 959 divinam
1658 903 2068 959 habitationem

424 1010 449 1040 »
490 990 775 1062 habentis,
837 997 894 1047 et
937 1006 1047 1048 non
1094 992 1286 1062 potius
1343 993 1515 1048 etiam
1558 993 1958 1062 viviﬁcantem,
2007 994 2071 1047 ut

427 1096 452 1128 ››
485 1079 762 1151 diximus,
797 1080 934 1152 quia
964 1080 1109 1136 facta
1135 1087 1220 1138 est
1251 1083 1484 1152 propria
1510 1081 1675 1138 Verbi
1701 1081 1894 1138 omnia
1917 1079 2074 1135 vivi-

425 1188 450 1217 »
486 1169 653 1224 ﬁcare
684 1169 944 1239 valentis,
990 1170 1325 1226 anathema!
1353 1171 1410 1226 Si
1449 1171 1581 1242 quis
1611 1184 1722 1226 non
1770 1169 2074 1226 conﬁtetur

431 1280 454 1309 »
491 1260 550 1315 in
584 1273 698 1316 uno
721 1259 950 1315 Christo
984 1274 1114 1316 vero
1157 1262 1270 1316 Deo
1310 1266 1505 1317 nostro
1544 1260 1689 1318 duas
1732 1264 1985 1328 naturas,
2017 1263 2072 1313 et

427 1369 451 1399 »
486 1350 631 1405 duas
664 1350 950 1405 naturales
992 1348 1332 1421 voluntates,
1364 1351 1584 1407 etduas
1617 1349 1909 1406 naturales
1932 1361 2076 1418 ope—

426 1458 452 1488 »
488 1439 738 1494 rationes
768 1439 1347 1511 communicabiliter,
1379 1439 1859 1510 inseparabiliter,
1884 1438 2076 1493 incon-

428 1549 452 1579 »
490 1527 858 1600 vertibiliter,
889 1529 1135 1585 indivise
1173 1535 1230 1584 et
1260 1529 1557 1585 inconfuse
1595 1528 1907 1584 secundum
1935 1541 2076 1582 san-

430 1639 454 1666 »
488 1623 709 1673 ctorum
748 1619 978 1673 Patrum
1008 1618 1422 1688 magisterium,
1467 1619 1768 1674 anathema
1801 1617 1814 1670 1
1856 1616 1915 1671 Si
1943 1615 2077 1686 quis

430 1727 454 1756 ι)
489 1720 598 1761 non
630 1706 934 1762 conﬁtetur
953 1708 1258 1764 Dominum
1287 1712 1543 1764 nostrum
1568 1709 1756 1762 Jesum
1785 1706 2076 1760 Christum
2110 1697 2161 1757 Β

431 1819 456 1850 ››
490 1811 618 1856 cum
649 1798 1061 1868 assumptione,
1094 1798 1148 1853 id
1176 1803 1259 1854 est
1296 1798 1545 1854 animata
1567 1811 1735 1852 carne
1761 1810 1862 1852 sua
1887 1795 2079 1850 anima

431 1908 456 1938 »
492 1887 823 1944 rationabili
850 1892 1020 1957 atque
1045 1886 1443 1956 intellectuali,
1477 1889 1590 1942 Deo
1623 1893 1678 1941 et
1700 1885 1853 1941 Patri
1880 1882 2080 1940 consi—

431 1997 456 2026 »
489 1978 640 2046 dere,
675 1977 874 2048 sicque
897 1977 1127 2032 demum
1159 1981 1463 2032 venturum
1503 1989 1631 2032 cum
1682 1980 1911 2045 paterna
1952 1972 2080 2027 cla-

433 2085 458 2116 »
496 2067 663 2121 ritate
694 2081 796 2121 sua
821 2065 1084 2135 judicare
1121 2065 1281 2122 vivos
1311 2071 1368 2122 et
1398 2071 1674 2135 mortuos,
1707 2078 1818 2121 non
1847 2061 2078 2134 quidem

433 2174 457 2205 »
487 2156 604 2226 jam
634 2169 882 2226 carnem,
923 2155 1018 2211 sed
1075 2169 1176 2211 nec
1221 2155 1639 2226 incorporeum,
1700 2153 1914 2226 quibus
1959 2152 2080 2221 ipse

435 2265 461 2295 ››
496 2245 653 2302 novit
678 2244 1004 2301 rationibus
1031 2245 1144 2300 Deo
1171 2245 1496 2316 speciﬁcato
1523 2257 1758 2314 corpore
1785 2242 1926 2314 [Gr.,
1954 2239 2079 2296 Dei-

434 2355 458 2384 ››
494 2334 663 2392 formi
695 2331 973 2408 corpore],
1007 2348 1120 2404 quo
1144 2338 1201 2390 et
1231 2339 1500 2404 appareat
1545 2334 1636 2389 his
1677 2333 1778 2404 qui
1810 2346 1940 2389 eum
1969 2347 2083 2402 pu—

433 2442 458 2473 »
497 2429 800 2494 pugerunt,
841 2427 898 2478 et
953 2427 1174 2478 maneat
1229 2423 1381 2478 Deus
1417 2422 1631 2493 absque
1673 2421 2079 2488 crassitudine,

437 2529 464 2560 ››
497 2511 828 2568 anathema!
861 2529 887 2560 »

642 2640 987 2710 Epiphanius
1012 2639 1274 2693 diaconus
1299 2643 1350 2694 et
1377 2639 1712 2694 cubucIesius
1740 2637 1901 2705 legit:

504 2749 694 2820 Usque
723 2748 792 2804 ad
818 2748 936 2803 haec
975 2747 1116 2803 bene
1145 2747 1423 2818 sentiunt,
1457 2760 1585 2802 cum
1617 2751 1943 2802 sanctorum
1973 2749 2086 2802 Pa-

435 2845 586 2896 trum
631 2837 989 2895 editionibus
1042 2837 1440 2893 concinentes:
1492 2836 1606 2893 imo
1648 2851 1780 2892 vero
1821 2836 2084 2908 dogmata

436 2943 630 2986 eorum
665 2932 1026 2998 usurpantes,
1052 2927 1165 2982 sibi
1199 2927 1438 2999 gloriam
1469 2925 1790 2983 conferunt.
1824 2928 1999 2982 Porro
2027 2926 2086 2982 in

439 3019 661 3074 caneris
684 3031 876 3073 amara
910 3017 1208 3073 virulentze
1240 3016 1448 3088 lingnie
1486 3030 1603 3072 sua:
1632 3021 1688 3070 et
1721 3016 1945 3087 viperea
1989 3029 2090 3070 ve-
2117 3024 2166 3088 ο

439 3121 582 3164 neno
611 3105 903 3165 mortifero
936 3107 1098 3178 plena
1138 3105 1402 3178 dogmata
1444 3110 1729 3162 evomunt.

863 3232 1154 3300 Gregorius
1189 3233 1465 3301 episcopus
1497 3232 1622 3298 legit
1646 3249 1658 3286 :
1945 3273 1970 3291 ν

515 3380 541 3411 «
569 3359 628 3414 Si
656 3358 790 3429 quis
831 3359 1094 3415 divinum
1124 3358 1223 3413 Dei
1270 3357 1436 3413 Verbi
1468 3357 1850 3414 characterem
1880 3369 2094 3412 secun-

444 3468 470 3500 »
503 3450 639 3506 dum
673 3449 1124 3504 incarnationem
1157 3461 1256 3518 per
1285 3447 1610 3504 materiales
1649 3448 1868 3504 colores
1893 3446 2094 3503 consi—

446 3557 472 3588 n
505 3539 705 3594 derare
735 3538 1041 3600 studuerit,
1071 3542 1126 3592 et
1152 3551 1262 3592 non
1289 3550 1358 3592 ex
1393 3542 1513 3592 toto
1537 3551 1664 3593 eum
1692 3537 1861 3592 corde
1884 3537 2098 3592 adora-

447 3647 473 3679 »
503 3628 650 3684 verit
673 3627 859 3683 oculis
882 3625 1376 3697 intelligibilibus,
1405 3639 1578 3694 super
1607 3625 1927 3680 claritatem
1954 3622 2098 3679 solis

449 3735 475 3766 »
509 3729 541 3772 a
561 3716 782 3771 dextris
800 3715 900 3770 Dei
926 3715 984 3768 in
1010 3713 1251 3769 excelsis
1272 3726 1444 3783 super
1472 3713 1742 3768 thronum
1785 3712 1984 3785 gloria:
2003 3725 2103 3767 se—

450 3823 476 3854 »
508 3804 754 3873 dentem,
812 3801 1146 3858 anathema!
1185 3819 1210 3851 »

877 3927 1222 3998 Epiphanius
1251 3926 1512 3981 diaconus
1539 3927 1694 3995 legit:

527 4054 810 4126 Inopinati
857 4053 1091 4125 quidam
1133 4052 1478 4124 allegoristaa
1521 4067 1693 4123 super
1723 4053 1828 4109 hac
1860 4053 2109 4124 phanta—

455 4147 600 4204 stica
665 4159 769 4201 sua
826 4143 1108 4200 sententia
1169 4143 1652 4199 demonstrantur.
1715 4143 2107 4200 Characterem

453 4237 606 4294 enim
679 4233 780 4289 Dei
837 4238 894 4289 et
949 4233 1136 4289 Patris
1195 4232 1407 4288 Filium
1459 4231 1730 4302 Apostolo
1772 4233 2115 4302 praedicante

453 4325 636 4414 (Hebr.
671 4322 730 4395 ι),
766 4325 994 4414 propter
1025 4321 1627 4414 indissimili-tudinem
1650 4325 1705 4414 et
1733 4320 2117 4414 incommuta-

455 4383 739 4472 bilitatem
766 4383 1125 4483 substantiae,
1175 4411 1285 4481 ipsi
1316 4409 1561 4466 alterum
1583 4407 1875 4481 facientes,
1907 4411 2121 4468 chara—
2142 4383 2199 4444 D

457 4512 666 4562 cterem
695 4503 752 4558 in
793 4507 1137 4571 assumptaa
1167 4501 1279 4554 Deo
1319 4498 1498 4554 Verbo
1543 4511 1711 4554 carne
1747 4512 1913 4569 prave
1939 4500 2120 4557 intel-

461 4594 669 4666 ligunt,
697 4597 754 4649 et
793 4606 862 4648 ex
889 4589 1154 4646 sensibus
1201 4587 1511 4643 insensatis
1564 4593 1845 4660 eructant,
1891 4589 2116 4646 inanem

464 4684 765 4755 quamdam
794 4680 1132 4736 sententiam
1161 4676 1558 4748 perhibentes:
1611 4678 1668 4733 Si
1699 4679 1831 4749 quis
1855 4680 2116 4736 divinum

462 4773 631 4829 Verbi
652 4771 752 4827 Dei
779 4771 1162 4826 characterem
1193 4767 1505 4823 secundum
1544 4768 1994 4826 incarnationem
2024 4784 2122 4840 per

463 4861 786 4918 materiales
809 4859 1030 4915 colores
1055 4857 1423 4914 considerare
1449 4858 1757 4916 studuerit.
1801 4859 1947 4928 Quia
1973 4859 2123 4914 alte-

466 4953 591 5009 rius
623 4951 852 5022 quidem
879 4947 1215 5005 substantia:
1238 4952 1324 5003 est
1351 4961 1483 5003 caro
1509 4961 1679 5019 quam
1705 4948 2039 5018 assumpsit,
2067 4953 2125 5003 et

463 5041 563 5098 Dei
591 5039 759 5095 Verbi
801 5043 1024 5107 natura,
1065 5038 1258 5093 cuncti
1288 5037 1574 5106 novimus,
1605 5042 1719 5092 tam
1764 5051 1833 5092 ex
1863 5036 2120 5108 veritate,

465 5143 635 5202 quam
657 5141 726 5185 ex
747 5126 1114 5198 principibus
1138 5125 1404 5182 Ecclesiae
1428 5125 1666 5196 sanctis,
1688 5124 1957 5181 videlicet
1979 5139 2126 5196 apo—

464 5219 652 5288 stolis,
697 5223 753 5275 et
781 5217 1030 5290 egregiis
1079 5213 1343 5272 Patribus
1391 5214 1604 5271 nostris
1645 5213 1851 5270 edocti.
1899 5215 2122 5271 Etenim

460 5322 799 5367 arcanorum
842 5308 1132 5377 inspector
1160 5305 1373 5361 Paulus
1409 5303 1644 5360 divinus
1682 5303 1998 5374 apostolus,
2027 5319 2124 5360 se-

462 5399 714 5456 cundum
746 5397 896 5468 quod
935 5396 1156 5452 dicitur
1186 5393 1327 5465 [Gr.,
1358 5393 1578 5448 dictum
1609 5391 1736 5462 est).
1774 5391 2116 5449 homousion

463 5488 657 5544 volens
703 5486 1011 5558 przedicare
1052 5485 1121 5540 ad
1163 5485 1338 5538 Deum
1386 5486 1442 5538 et
1482 5483 1698 5537 Patrem
1742 5480 1876 5537 Filii
1921 5486 1977 5537 et
2018 5483 2120 5538 Dei

467 5576 651 5646 Verbi,
682 5575 830 5630 nihil
856 5573 1150 5645 pr0prium
1173 5576 1230 5627 et
1249 5569 1591 5626 conveniens
1607 5569 1924 5641 adinvenit,
1950 5583 2118 5640 quam

2171 459 2270 514 Isti
2325 466 2512 518 autem
2574 463 2867 518 veritatem
2954 464 3012 518 in
3073 466 3422 522 mendacium
3492 477 3768 529 convertere

2172 553 2471 621 tentantes,
2507 552 2883 609 introducunt
2907 553 3353 623 vituperationes
3380 561 3541 627 atque
3565 573 3773 628 quassa-

2173 643 2261 693 tas
2289 654 2452 697 voces
2495 642 2616 714 has,
2666 643 3081 700 venerabilium
3122 644 3430 716 imaginum
3470 647 3592 703 odio
3619 651 3775 706 conﬁ-

2176 735 2369 800 gentes
2417 732 2557 801 [Gr.,
2615 730 2814 807 afﬁxi].
2868 733 3026 790 Unde
3067 734 3332 791 incidunt
3379 736 3436 792 in
3493 737 3780 795 intellectus

2177 816 2584 888 blasphemiam
2635 822 3112 893 commendantes,
3177 827 3345 894 atque
3416 825 3472 881 in
3513 827 3778 897 reprobum

2179 920 2405 964 sensum
2441 907 2664 982 traditi,
2695 910 2883 966 adhuc
2911 911 3220 983 inquiunt:

2643 1054 2932 1123 Gregorius
2972 1057 3251 1126 episcopus
3279 1057 3437 1126 legit:

2256 1198 2283 1228 «
2314 1177 2372 1232 Si
2409 1178 2539 1249 quis
2574 1178 3134 1251 incircumscriptam
3179 1182 3278 1238 Dei
3316 1182 3481 1238 Verbi
3525 1184 3790 1240 essentiam

2185 1285 2211 1317 »
2239 1271 2415 1341 atque
2438 1268 2894 1341 subsistentiam,
2929 1285 3030 1341 pro
3060 1285 3126 1328 eo
3163 1273 3312 1343 quod
3345 1273 3684 1329 incarnatum
3707 1274 3790 1344 sit,

2186 1375 2212 1406 »
2242 1357 2532 1414 studuerit
2572 1371 2669 1428 per
2716 1360 3038 1415 materiales
3094 1360 3314 1416 colores
3380 1361 3436 1416 in
3487 1361 3797 1432 imaginibus

2188 1464 2213 1496 ι)
2245 1445 2490 1502 humana
2565 1445 2747 1504 forma
2796 1449 3299 1521 circumscribere,
3357 1456 3414 1505 et
3469 1463 3573 1506 non
3633 1451 3798 1521 potius

2187 1553 2213 1584 ››
2241 1535 2417 1592 Deum
2451 1531 2739 1607 praedicat,
2771 1537 2916 1593 illud
2961 1538 3350 1594 nihilominus
3375 1539 3542 1594 etiam
3569 1545 3682 1609 post
3720 1539 3800 1593 in—

2190 1642 2215 1674 »
2249 1626 2633 1682 carnationem
2661 1627 3230 1697 incircumscriptum
3267 1642 3410 1699 esse,
3443 1627 3750 1683 anathema!
3778 1646 3797 1678 υ

2579 1771 2923 1840 Epiphanius
2963 1773 3242 1842 episcopus
3285 1773 3452 1840 legit:

2257 1913 2545 1982 Tanquam
2590 1912 2742 1968 circa
2790 1917 3142 1984 opportunas
3193 1914 3612 1971 ecclesiasticas
3652 1914 3812 1969 tradi-

2189 2002 2376 2058 tiones
2408 2001 2809 2058 insanabiliter
2836 2003 3132 2074 inﬁrmati,
3165 2008 3221 2059 et
3250 2003 3541 2074 pestilenti
3579 2004 3813 2075 languore

2190 2105 2418 2147 sensum
2449 2098 2782 2162 corruptum
2817 2091 3106 2163 habentes,
3160 2093 3282 2149 haec
3308 2099 3595 2162 asserunt,
3622 2098 3672 2148 et
3697 2107 3817 2148 con—

2194 2181 2409 2252 tagium
2439 2181 2794 2250 deceptionis
2821 2185 2972 2236 recto
2999 2183 3250 2238 sermoni
3280 2183 3598 2253 applicant;
3625 2187 3677 2237 et
3695 2181 3819 2236 deci-

2193 2271 2436 2342 piuntur
2488 2275 2691 2339 mente,
2745 2270 3310 2342 incircumscriptam
3356 2277 3612 2328 naturam
3660 2270 3817 2326 divini

2193 2360 2382 2429 Verbi,
2439 2366 2493 2415 et
2531 2360 3026 2430 circumscriptam
3075 2367 3130 2417 et
3177 2361 3251 2416 ab
3313 2362 3440 2432 ipso
3505 2366 3816 2430 assumptam

2193 2463 2418 2507 carnem
2474 2447 2923 2518 confundentes;
2978 2449 3084 2506 hoc
3132 2451 3291 2506 enim
3343 2463 3605 2522 expresse
3637 2449 3824 2505 indicat

2196 2541 2345 2612 quod
2387 2539 2457 2594 ab
2498 2539 2644 2610 ipsis
2667 2544 2753 2595 est
2786 2539 3043 2596 dictum:
3080 2540 3486 2597 Nihilominus
3513 2541 3675 2595 etiam
3723 2543 3825 2609 post

2196 2629 2649 2686 incarnationem
2671 2628 3069 2684 incircumscri
3083 2634 3241 2700 ptum
3260 2645 3404 2686 esse.
3429 2627 3825 2699 Ubialiquando

2203 2719 2345 2774 hanc
2412 2717 2586 2773 levem
2652 2719 3024 2774 assertionem
3093 2720 3522 2776 adinvenerunt
3578 2717 3830 2788 sapientes

2199 2809 2355 2864 circa
2405 2808 2644 2863 inania?
2670 2810 2806 2863 Nam
2841 2808 3045 2878 plenus
3091 2809 3473 2879 blasphemia:
3519 2821 3708 2864 sensus
3742 2810 3829 2874 est,

2201 2897 2765 2966 incircumscriptum
2789 2903 2914 2966 post
2937 2898 3401 2955 incarnationem
3429 2911 3671 2955 asserere
3692 2907 3834 2964 super

2198 2987 2391 3043 omnia
2421 2986 2724 3042 Dominum
2754 2987 2942 3042 Jesum
2990 2987 3294 3044 Christum
3328 3003 3525 3044 verum
3553 2990 3718 3043 Deum
3746 2996 3833 3038 no—

2201 3083 2403 3142 strum,
2427 3080 2482 3131 et
2521 3075 2764 3131 maxime
2788 3076 2912 3144 ipso
2941 3077 3258 3146 discipulis
3289 3079 3656 3148 perhibente:
3686 3077 3838 3129 Laza—

2199 3181 2296 3220 rus
2342 3167 2548 3220 amicus
2588 3169 2768 3219 noster
2788 3165 3024 3231 dormit;
3056 3170 3106 3219 et
3128 3168 3348 3234 gaudeo
3364 3173 3588 3236 propter
3609 3181 3712 3227 vos,
3733 3163 3836 3232 quia

2200 3271 2309 3308 non
2338 3271 2485 3308 eram
2512 3255 2590 3307 ibi
2609 3252 2781 3324 (Joan.
2820 3254 2919 3325 XI).
2967 3255 3133 3326 Ergo,
3163 3269 3284 3311 non
3318 3271 3474 3312 eram
3507 3255 3606 3323 ibi,
3635 3257 3844 3309 circum-

2203 3343 2540 3412 scriptionis
2581 3349 2668 3398 est
2714 3343 3054 3412 proprium?
3084 3344 3288 3416 etiam,
3321 3356 3380 3400 et
3432 3344 3640 3414 oppido
3679 3341 3838 3396 etiam.

2203 3431 2307 3486 Sed
2350 3437 2414 3486 ut
2459 3445 2523 3486 ea
2556 3445 2681 3501 quae
2728 3437 2858 3486 ante
2901 3431 3222 3501 passionem
3288 3434 3364 3490 de
3422 3435 3531 3490 hoc
3559 3428 3844 3501 evangelice

2204 3521 2360 3575 dicta
2383 3525 2536 3588 sunt,
2557 3519 2909 3591 omittamus,
2941 3535 3068 3591 quae
3094 3526 3221 3591 post
3255 3523 3608 3580 resurrectio
3650 3533 3726 3575 em
3747 3519 3846 3572 acta

2208 3614 2344 3665 sunt
2368 3608 2572 3663 dicam.
2617 3609 2961 3666 Mulieribus
3004 3623 3294 3681 apparens
3342 3608 3852 3677 incircumscriptus

2211 3697 2539 3754 nullatenus
2581 3705 2741 3753 erat:
2799 3699 3173 3769 semetipsum
3250 3702 3628 3760 manifestare
3661 3695 3852 3754 duobus

2211 3787 2541 3859 discipulis,
2589 3788 3154 3859 circumscriptionis
3185 3795 3282 3848 est
3332 3794 3654 3864 proprium.
3691 3782 3859 3842 ianuis

2213 3878 2430 3934 clausis
2463 3878 2693 3948 intrare,
2719 3884 2774 3934 et
2802 3892 2834 3934 a
2861 3879 3074 3935 Thoma
3098 3879 3330 3950 palpari
3365 3883 3510 3954 quid
3535 3879 3689 3937 aliud
3718 3885 3858 3946 quam

2215 3967 2680 4037 circumscriptio
2700 3969 2828 4024 est?
2855 3970 2923 4024 Et
2947 3969 3269 4039 discipulis
3299 3973 3362 4028 in
3390 3973 3686 4029 Galilaeam
3710 3961 3865 4022 eunti‘

2219 4054 2346 4128 bus,
2396 4056 2519 4111 illic
2549 4056 2619 4112 ab
2657 4057 2744 4113 eis
2785 4058 2968 4114 videri
3018 4065 3075 4114 et
3117 4061 3381 4133 adorari,
3435 4063 3543 4118 hoc
3589 4063 3762 4130 ipsum
3797 4055 3864 4107 est

2219 4143 2373 4216 (Luc.
2440 4160 2601 4217 xxiv,
2663 4149 2820 4200 Joan.
2886 4147 3002 4219 xx).
3057 4149 3537 4223 Videntibusque
3591 4141 3867 4215 discipulis

2222 4235 2524 4294 ascendere
2564 4235 2624 4290 in
2663 4235 2888 4301 ccrlum,
2935 4241 2990 4292 et
3037 4238 3242 4309 angelo
3277 4256 3462 4311 super
3514 4241 3653 4297 istos
3681 4237 3869 4292 astante

2224 4331 2394 4397 atque
2418 4324 2678 4381 dicente:
2714 4326 2853 4387 Viri,
2903 4326 3039 4394 quid
3078 4329 3240 4380 statis
3283 4331 3565 4384 intuentes
3593 4331 3649 4382 in
3674 4319 3870 4380 corium?

2225 4417 2326 4470 Hic
2361 4416 2514 4468 Iesus
2558 4415 2654 4482 qui
2691 4419 2998 4482 assumptus
3021 4419 3099 4468 est
3125 4431 3159 4468 a
3189 4418 3348 4472 vobis
3373 4422 3434 4472 in
3461 4420 3670 4480 emtum,
3693 4416 3763 4468 sic
3798 4424 3874 4462 δι’-

2226 4507 2338 4559 niet
2383 4503 2832 4572 quemadmodum
2887 4505 3103 4557 vidistis
3143 4521 3270 4559 eum
3319 4513 3542 4562 euntem
3599 4508 3653 4559 in
3716 4500 3873 4555 emtum

2227 4595 2367 4672 (Act.
2429 4592 2486 4663 ι).
2550 4593 2722 4646 Putas
2763 4606 2875 4647 non
2923 4593 3059 4648 sunt
3105 4595 3223 4648 haac
3285 4585 3877 4665 circumscriptionis?

2228 4681 2397 4738 etiam
2430 4679 2608 4736 valde.
2640 4680 2734 4735 Sic
2765 4681 2916 4736 enim
2942 4689 2997 4737 et
3025 4696 3220 4738 omnes
3247 4686 3470 4743 deiferi
3501 4689 3694 4742 Patres
3722 4672 3873 4737 nostri

2231 4771 2467 4840 docent;
2513 4773 2568 4824 et
2629 4767 2996 4826 manifestum
3041 4777 3126 4827 est
3171 4773 3268 4830 his
3322 4777 3429 4846 qui
3478 4776 3622 4831 bene
3657 4771 3876 4841 sapiunt,

2233 4859 2385 4931 quod
2415 4857 2727 4914 secundum
2756 4858 2811 4914 id
2839 4860 3067 4930 quidem
3093 4864 3244 4932 quod
3273 4866 3438 4919 Deus
3459 4870 3518 4918 et
3542 4862 3778 4919 Verbum
3800 4851 3880 4909 Dei

2231 4954 2286 5004 et
2312 4946 2518 5016 Patris,
2557 4951 2643 5002 est
2675 4946 3014 5019 invisibilis,
3055 4949 3642 5024 incircumscriptus,
3690 4951 3886 5005 incom-

2233 5034 2662 5107 prehensibilis,
2691 5039 2746 5091 et
2767 5035 2826 5091 in
2849 5037 3003 5092 omni
3034 5038 3158 5094 loco
3188 5038 3271 5095 sit
3301 5039 3733 5098 dominationis
3755 5047 3880 5092 sua}:

2232 5125 2546 5184 secundum
2581 5125 2636 5181 id
2664 5131 2853 5182 autem
2881 5128 3030 5196 quod
3074 5128 3394 5187 humanam
3431 5139 3701 5189 naturam
3731 5135 3889 5183 susce-

2237 5217 2340 5287 pit,
2377 5221 2433 5270 et
2475 5213 2729 5271 visibilis
2765 5219 2822 5272 et
2857 5215 3368 5290 circumscriptus,
3411 5221 3587 5290 juxta
3619 5218 3762 5292 quod
3790 5216 3891 5284 ipse

2233 5302 2544 5374 discipulis
2562 5303 2664 5373 ait,
2694 5317 2805 5360 non
2834 5304 2958 5360 illic
2983 5319 3043 5360 se
3077 5305 3260 5364 fuisse
3285 5325 3298 5360 :
3347 5314 3408 5365 et
3430 5300 3895 5380 comprehensibi-

2235 5394 2310 5450 lis
2332 5398 2436 5464 est,
2471 5397 2535 5448 ut
2557 5393 2801 5449 Thomas
2823 5407 2926 5449 nos
2950 5399 3136 5451 certos
3161 5395 3434 5454 reddidit
3461 5398 3646 5470 (Joan.
3688 5411 3762 5466 ιι,
3795 5388 3889 5460 xx).

2233 5486 2295 5539 In
2320 5481 2529 5537 multas
2548 5495 2680 5552 ergo
2700 5481 2953 5539 malitias
2983 5498 3078 5554 per
3099 5498 3272 5541 unam
3301 5484 3736 5559 blasphemiam
3757 5492 3894 5540 suam

2230 5571 2545 5628 concinunt
2566 5571 2905 5641 deceptoriaa
2924 5573 3219 5630 Christian
3235 5587 3312 5630 os
3336 5578 3752 5634 accusantium
3775 5581 3906 5626 vesa-
