4010 6160
218 252 289 317 iii
974 254 1519 314 INTERPRETATIO
1553 253 1803 312 SYNODI
1838 253 1934 311 VII
1968 253 2371 311 GBNERALIS.
2392 283 2467 296 —-
2500 252 2701 310 ACTIO
2736 254 2823 310 Vl.

3492 241 3600 306 442

216 404 289 446 me
305 392 717 462 praceptores;
745 398 951 446 rursus
970 387 1124 445 enim
1148 386 1567 444 calumniantes
1586 397 1829 457 pronun—
1861 388 1915 449 A
1946 404 1973 437 ››
2001 384 2261 457 Virginis
2285 383 2497 455 Maria,
2529 391 2586 440 et
2609 397 2721 440 non
2753 396 2932 440 unum
2955 395 3021 439 ac
3061 379 3340 450 eumdem,
3376 377 3472 434 sed
3504 374 3601 431 af-

216 479 326 535 tiant
342 498 355 534 :

606 586 899 655 Gregorius
942 587 1223 665 episcopus
1248 585 1404 653 legit:
1586 660 1591 667 Ι

269 716 289 749 α
313 695 368 751 Si
394 694 531 766 quis
567 694 671 750 Dei
714 692 885 749 Verbi
919 696 1137 749 natura
1174 695 1229 748 et
1258 691 1450 748 carnis
1476 687 1841 760 inseparabi—

220 787 350 842 ilem
395 798 498 855 per
558 783 944 840 substantiam
990 780 1194 837 factam
1243 780 1585 850 unitionem,
1638 778 1693 835 id
1756 782 1842 834 est

220 897 238 926 υ
262 874 622 947 patrationem
654 887 781 945 qua
814 886 883 929 ex
917 876 1163 944 utroque
1194 869 1492 927 inconfusa
1521 874 1578 926 et
1608 870 1845 938 insepa-

221 986 239 1015 ι
263 965 448 1021 rabilis
476 970 564 1019 est
587 962 756 1035 facta,
782 964 842 1019 in
870 962 1120 1034 imagine
1150 962 1382 1034 pingere
1411 964 1611 1032 tentat,
1648 958 1845 1015 nomi-

222 1076 239 1106 D
266 1069 388 1111 nans
417 1068 550 1110 eum
580 1052 914 1123 Christum;
949 1052 1166 1108 Christi
1196 1056 1385 1108 autem
1432 1064 1635 1107 nomen
1664 1051 1841 1105 Deum

220 1151 305 1201 iet
344 1144 634 1200 hominem
678 1141 1095 1214 signiﬁcat;ac
1144 1155 1243 1212 per
1294 1140 1400 1197 hoc
1448 1139 1841 1197 confusionem

222 1236 494 1292 siluarum
563 1236 898 1289 naturarum
961 1236 1327 1304 portentuose
1389 1231 1626 1305 ﬁngens,
1698 1243 1844 1286 ana-

223 1346 243 1376 a
270 1326 435 1381 thema
457 1323 470 1377 ι
506 1342 535 1373 ιο

609 1402 957 1502 Epiphanius
985 1431 1245 1485 diaconus
1273 1430 1423 1497 legit:

274 1541 425 1597 Novit
462 1545 952 1597 exsecramentum
982 1539 1198 1595 erroris
1241 1544 1394 1595 recto
1436 1536 1605 1594 verbo
1649 1537 1850 1593 adha-

219 1630 334 1689 l'ere.
360 1632 585 1688 Etenim
630 1631 728 1688 isti
758 1630 1129 1701 inseparabili
1165 1634 1220 1686 et
1252 1628 1567 1685 inconfusa
1594 1627 1847 1684 unitioni

222 1737 325 1793 qua
374 1723 432 1778 in
474 1720 707 1777 Christo
749 1725 836 1776 est
879 1734 979 1791 per
1027 1719 1486 1791 subsistentiam,
1534 1718 1851 1789 imaginum
1880 1718 1933 1779 Β

223 1811 475 1868 iacturam
500 1811 817 1880 adversam,
843 1814 900 1866 et
927 1808 1321 1867 confusionem
1352 1809 1595 1866 duarum
1628 1811 1853 1863 natura-

219 1915 324 1957 rum
354 1900 702 1970 aﬁerentem,
750 1899 1099 1955 mendaciter
1135 1904 1192 1954 et
1222 1898 1487 1969 nequiter
1510 1900 1846 1953 autumant:

214 1991 296 2047 sed
336 1991 546 2046 veritas
581 1991 684 2046 Dei
719 2004 831 2046 non
860 1994 946 2045 est
987 1988 1241 2061 alligata.
1287 1976 1718 2053 Nam‘Christus
1743 1999 1855 2042 no—

215 2094 324 2136 men
349 2086 432 2137 est
449 2081 696 2137 duarum
719 2084 1075 2150 naturarum,
1102 2077 1358 2135 visibilis
1377 2077 1602 2133 scilicet
1624 2080 1679 2132 et
1710 2075 1855 2131 invi-

210 2170 407 2242 sibilis,
477 2171 679 2227 index:
752 2169 874 2240 ipse
923 2182 1056 2225 vero
1113 2168 1380 2224 Christus
1444 2167 1605 2223 visus
1658 2165 1854 2222 homi—

211 2259 372 2316 nibus
397 2273 496 2331 per
533 2258 743 2327 velum,
792 2258 849 2315 id
880 2260 967 2314 est
1003 2271 1227 2314 carnem
1256 2270 1438 2327 suam,
1479 2255 1614 2312 licet
1653 2254 1851 2311 divina

203 2353 402 2406 natura
444 2348 851 2421 occultaretur,
900 2361 1000 2419 per
1036 2347 1200 2421 signa
1244 2346 1389 2403 hanc
1428 2343 1847 2402 manifestabat.
1936 2380 1948 2391 .

202 2438 417 2494 Idcirco
470 2441 669 2493 sancta
708 2436 811 2492 Dei
858 2434 1130 2506 Ecclesia,
1182 2438 1247 2492 ut
1292 2434 1512 2505 accepit
1556 2447 1589 2489 a
1639 2432 1856 2488 sanctis

196 2525 486 2597 Apostolis
510 2530 567 2581 et
613 2524 900 2595 Patribus,
936 2524 1117 2594 ipsam
1170 2523 1414 2593 speciem
1446 2537 1571 2593 qua
1608 2511 1731 2577 visa
1773 2524 1861 2576 est

200 2613 557 2686 hominibus,
580 2611 879 2684 describit,
907 2616 963 2667 et
985 2625 1098 2667 non
1118 2611 1331 2667 dividit
1350 2610 1640 2667 Christum
1665 2622 1867 2665 secun-

195 2704 337 2760 dum
354 2717 551 2760 eorum
571 2702 813 2758 deliram
830 2701 1270 2758 accusationem.
1292 2703 1480 2771 Imago
1497 2700 1649 2755 enim
1667 2712 1866 2756 secun-

195 2794 339 2850 dum
369 2807 572 2849 nomen
612 2796 856 2864 tantum,
887 2796 944 2849 et
988 2807 1100 2851 non
1131 2791 1446 2848 secundum
1472 2789 1863 2846 deﬁnitionem

201 2882 595 2938 communicat
608 2881 924 2952 primitivo,
952 2885 1015 2939 ut
1031 2896 1177 2952 sape
1190 2882 1305 2952 jam
1325 2879 1584 2935 diximus
1608 2895 1623 2948 ;
1650 2877 1787 2948 quia
1812 2880 1870 2932 et

200 2973 394 3028 anima
418 2976 596 3043 caret,
628 2985 797 3042 quam
828 2971 1187 3042 impossibile
1208 2974 1294 3026 est
1316 2967 1717 3025 circumscribi
1748 2962 1870 3040 [de-

1948 493 1974 525 io
2010 474 2308 531 fectualem
2342 474 2659 531 unitionem
2702 472 2789 528 eis
2818 471 3021 528 factam
3061 468 3241 528 fuisse
3270 467 3511 537 fatetur;
3543 472 3600 523 et

1948 581 1975 615 n
2010 564 2145 620 hinc
2160 579 2289 621 eum
2310 564 2368 621 in
2392 564 2660 635 imagine,
2680 561 2845 633 quasi
2866 561 3098 631 privata
3115 556 3502 615 subsistentia
3522 556 3599 612 sit

1950 670 1977 705 2o
2010 667 2078 710 ex
2126 654 2378 727 Virgine,
2426 654 2633 725 pingit,
2672 649 3007 708 anathema!
3039 668 3066 701 n

2374 780 2717 851 Epiphanius
2734 778 2995 833 diaconus
3015 775 3171 842 legit:

2018 906 2194 962 Tanta
2226 906 2534 977 eademque
2569 905 2640 961 de
2668 901 2993 972 semetipsis
3023 901 3081 956 in
3129 897 3383 955 circuitu
3412 893 3605 951 ambu-

1952 997 2134 1054 lantes
2161 995 2537 1066 pronuntiant
2557 994 2699 1065 [tam
2726 992 2907 1049 multa
2934 991 3004 1046 de
3023 988 3236 1045 eisdem
3265 983 3605 1042 inculcando

1954 1098 2112 1156 pron.
2132 1085 2169 1156 ],
2205 1089 2269 1141 ut
2295 1098 2433 1155 pene
2455 1097 2555 1139 nec
2578 1094 2813 1138 numero
2838 1078 3245 1149 subjiciantur,
3275 1086 3401 1146 qua
3424 1072 3495 1129 ab
3519 1073 3606 1128 eis

1952 1187 2181 1231 rumore
2206 1172 2465 1243 improbo
2485 1175 2840 1228 asseruntur.
2865 1166 3306 1224 Adinvenientes
3329 1162 3481 1218 enim
3507 1163 3609 1216 Ne-

1951 1263 2120 1321 storii
2145 1262 2380 1333 impiam
2402 1262 2754 1332 Opinionem,
2777 1258 3083 1330 imaginem
3108 1252 3439 1312 formationi
3463 1251 3608 1306 hanc

1952 1352 2265 1423 applicant,
2287 1352 2522 1423 inopina
2549 1350 2806 1422 quadam
2823 1354 2878 1405 et
2892 1347 3140 1405 absurda
3169 1343 3602 1401 resarcinantes.

1953 1442 2292 1513 Hujusmodi
2319 1455 2453 1514 ergo
2493 1439 2949 1497 ratiuncularum
2983 1435 3180 1492 crebra
3210 1432 3357 1489 facta
3374 1431 3613 1486 destru-

1956 1531 2165 1601 ctione,
2201 1544 2353 1586 nunc
2386 1529 2620 1586 silentio
2653 1529 2755 1584 has
2779 1527 3001 1583 tradere
3036 1521 3418 1581 necessarium
3443 1517 3614 1589 judi-

1957 1633 2172 1675 camus.
2208 1621 2483 1677 Eructant
2511 1624 2699 1675 autem
2726 1632 2930 1674 rursus
2977 1616 3113 1671 hac.

2387 1746 2673 1814 Gregorius
2706 1745 2983 1813 episcopus
3027 1741 3185 1809 legit:

2034 1875 2061 1907 «
2092 1855 2151 1910 Si
2177 1854 2309 1941 quis
2338 1866 2564 1909 carnem
2591 1865 2703 1923 qua
2732 1850 2993 1907 deiﬁcata
3017 1850 3190 1903 estex
3221 1842 3485 1902 unitione
3512 1852 3617 1896 sua

1963 1961 1989 1995 ››
2024 1958 2151 2015 qua
2174 1944 2241 1999 ad
2274 1932 2549 1999 ‘divinum
2594 1940 2839 1997 Verbum
2881 1938 3076 1994 eﬁ‘ecta
3125 1940 3230 2001 est,
3262 1935 3320 1989 in
3371 1930 3620 2001 imagine

1962 2050 1989 2082 ››
2025 2032 2296 2102 pinxerit,
2324 2030 2502 2087 veluti
2534 2043 2803 2100 separaris
2832 2041 2953 2083 eam
2996 2039 3065 2081 ex
3093 2024 3416 2079 assumente
3448 2022 3619 2087 atque

1962 2141 1989 2173 u
2022 2121 2323 2178 deiﬁcante
2350 2121 2507 2176 illam
2541 2119 2865 2185 divinitate,
2907 2121 2962 2172 et
2987 2116 3112 2171 sine
3134 2116 3246 2168 Deo
3279 2112 3425 2167 hanc
3468 2106 3618 2178 [θνα

1962 2229 1989 2262 »
2024 2211 2259 2268 minime
2278 2209 2598 2266 deiﬁcatam
2635 2207 2811 2277 hanc]
2854 2219 2952 2276 per
2979 2205 3085 2261 hoc
3116 2200 3446 2269 conﬁciens,
3477 2207 3624 2253 ana—

1964 2323 1990 2355 »
2025 2300 2212 2357 thema
2240 2300 2252 2354 !
2284 2317 2311 2350 »

2379 2405 2728 2476 Epiphanius
2749 2403 3011 2457 diaconus
3039 2401 3165 2469 legit
3189 2416 3202 2454 :

2036 2516 2331 2573 Catholica
2350 2513 2603 2571 Ecclesia
2620 2517 2675 2568 et
2692 2512 2741 2568 si
2762 2510 2950 2581 pingit
2971 2507 3262 2564 Christum
3292 2504 3353 2559 in
3380 2502 3627 2558 humana

1974 2604 2179 2678 forma,
2200 2607 2296 2663 sed
2325 2618 2437 2661 non
2463 2606 2689 2673 separat
2712 2602 2858 2656 hanc
2885 2614 2954 2655 ex
2970 2598 3134 2655 unita
3163 2594 3277 2652 sibi
3303 2591 3628 2649 divinitate.

1974 2698 2301 2755 Deiﬁcatam
2331 2700 2520 2751 autem
2570 2691 2763 2763 potius
2796 2688 2999 2760 credit,
3047 2691 3101 2742 et
3151 2696 3320 2742 unam
3368 2694 3497 2737 cum
3522 2680 3636 2734 Deo

1978 2788 2122 2844 hanc
2144 2785 2467 2856 conﬁtetur,
2493 2780 2806 2838 secundum
2821 2790 3087 2856 magnum
3108 2771 3445 2845 Gregorium
3462 2766 3631 2840 (Orat.

1975 2876 2011 2934 2
2036 2879 2093 2932 in
2116 2876 2342 2947 Pascha)
2381 2881 2439 2929 et
2461 2872 2793 2929 veritatem:
2824 2881 2934 2924 non
2977 2866 3130 2923 sicut
3156 2862 3268 2933 ipsi
3322 2860 3549 2947 indocte
3571 2871 3638 2913 ac

1978 2965 2267 3023 inerudite
2313 2946 2742 3018 barbarizantes
2786 2958 3079 3025 dixerunt,
3111 2953 3237 3010 sine
3283 2952 3397 3005 Deo
3426 2961 3495 3003 ex
3532 2946 3638 3001 hoc

200 3058 434 3136 scribi],
458 3060 598 3132 quia
622 3060 941 3118 invisibilis
961 3065 1065 3118 est.
1082 3062 1158 3116 Et
1179 3060 1230 3116 si
1252 3059 1523 3129 animam,
1552 3036 1868 3127 praesertim
1898 3076 1947 3139 ρ
1978 3068 2205 3113 carnem
2244 3051 2473 3109 Domini
2522 3048 2747 3106 conﬁci.
2782 3047 2943 3103 Sicut
2990 3042 3143 3100 enim
3175 3040 3310 3111 quis
3351 3036 3639 3094 hominem

203 3164 337 3206 cum
383 3151 459 3206 sit
496 3155 709 3221 creata,
757 3150 1115 3222 impossibile
1153 3154 1239 3206 est
1274 3123 1600 3220 depingere,
1653 3150 1866 3217 quanto
1901 3123 1947 3139 υ
1977 3144 2311 3216 depingens,
2353 3141 2479 3197 sine
2520 3139 2712 3195 anima
2751 3148 2865 3193 non
2896 3132 3035 3190 facit
3066 3129 3374 3199 hominem,
3412 3125 3507 3182 sed
3542 3123 3640 3179 ille

208 3239 390 3312 magis
414 3240 1054 3311 incomprehensibilem
1086 3246 1141 3296 et
1166 3236 1625 3311 investigabilem
1659 3234 1869 3306 unige—

209 3328 321 3383 niti
370 3329 504 3385 Filii
560 3329 924 3386 divinitatem
970 3328 1277 3402 imaginari
1332 3327 1467 3398 quis
1514 3323 1874 3381 sensibiliter

208 3420 579 3491 excogitaret,
629 3419 763 3476 licet
788 3420 969 3476 nimis
1007 3424 1165 3475 extra
1191 3432 1395 3475 sensus
1424 3414 1681 3473 existat?
1718 3414 1874 3470 Con—

209 3522 409 3565 versus
427 3514 514 3566 est
586 3523 721 3583 ergo
759 3511 924 3568 dolor
992 3523 1189 3566 eorum
1246 3510 1306 3565 in
1361 3505 1553 3578 capita
1592 3505 1871 3576 ipsorum.

210 3596 528 3656 Anathema
549 3600 703 3656 enim
722 3600 872 3671 quod
908 3600 1020 3671 ipsi
1045 3599 1236 3656 sortiti
1268 3594 1417 3672 [Gr.,
1451 3592 1682 3669 nugati]
1716 3598 1873 3665 sunt,

215 3686 275 3742 in
315 3691 458 3766 ipsis
480 3696 673 3749 manet
695 3692 754 3748 in
775 3690 1080 3762 saeculum;
1107 3702 1274 3760 porro
1308 3688 1515 3743 iterum
1537 3686 1731 3743 aiunt:

654 3802 937 3870 Gregorius
976 3800 1255 3869 episcopus
1286 3797 1414 3864 legit
1435 3813 1449 3849 :

295 3931 323 3961 α
354 3911 410 3966 Si
454 3909 592 3981 quis
627 3907 842 3964 dividit
886 3906 1109 3963 unitam
1151 3904 1250 3960 Dei
1295 3901 1453 3959 verbi
1493 3897 1884 3958 subsistentia

235 4017 261 4046 ι
292 4013 540 4072 carnem,
593 3998 654 4054 in
682 4010 855 4054 sensu
904 4008 1103 4066 puram
1146 4006 1268 4050 eam
1301 3991 1533 4059 habens,
1570 3992 1627 4045 et
1663 4001 1733 4044 ex
1777 3987 1884 4045 hoc

231 4106 256 4136 ι
290 4089 520 4161 pingere
548 4087 707 4144 illam
735 4086 792 4142 in
818 4084 1069 4157 imagine
1096 4083 1353 4148 studens,
1380 4076 1715 4135 anathema!
1747 4094 1774 4126 ››

647 4194 995 4265 Epiphanius
1035 4191 1296 4245 diaconus
1333 4189 1489 4255 legit:

301 4303 354 4358 S.
381 4301 695 4375 Gregorius
714 4302 1086 4372 c0gnomento
1106 4294 1428 4366 Theologus
1451 4292 1532 4348 ita
1552 4285 1882 4362 dicit(0rat.

238 4393 273 4450 Ξ
297 4396 361 4449 de
402 4392 588 4467 Filio):
619 4389 856 4461 Quando
900 4392 1118 4444 natura
1155 4386 1375 4441 distant
1401 4382 1460 4437 in
1497 4395 1690 4451 sensu,
1734 4392 1888 4471 sepa-
1915 4408 1970 4471 Ι)

243 4493 432 4543 rantur
469 4480 649 4541 simul
674 4484 732 4537 et
768 4477 1032 4548 nomina;
1075 4475 1169 4531 sed
1210 4478 1266 4530 et
1314 4471 1482 4529 multi
1508 4485 1577 4527 ex
1622 4468 1889 4526 Patribus

1980 3210 2110 3297 cum
2137 3210 2327 3287 avnima
2350 3232 2661 3300 permanet,
2690 3230 2747 3282 et
2772 3225 2958 3296 imago
2982 3222 3108 3291 ejus
3131 3217 3370 3283 dicitur,
3402 3228 3467 3270 eo
3489 3210 3639 3300 quod

1983 3321 2199 3379 similis
2227 3319 2280 3375 ei
2306 3297 2610 3388 appareat:
2647 3315 2726 3370 ita
2756 3318 2811 3369 et
2843 3326 2947 3368 nos
2970 3309 3278 3379 imaginem
3308 3300 3536 3359 Domini
3570 3297 3647 3353 fa-

1982 3412 2222 3477 cientes,
2259 3407 2581 3465 deiﬁcatam
2630 3415 2855 3458 carnem
2905 3397 3135 3456 Domini
3180 3394 3536 3457 conﬁtemur,
3587 3392 3644 3444 et

1985 3501 2135 3559 nihil
2170 3497 2477 3570 imaginem
2497 3494 2657 3551 aliud
2685 3492 2922 3561 scimus,
2954 3500 3124 3560 quam
3146 3483 3452 3555 imaginem
3480 3478 3645 3535 indi—

1985 3596 2205 3649 cantem
2238 3568 2580 3659 principalis
2607 3581 3005 3639 imitationem.
3039 3576 3184 3632 Hinc
3212 3578 3268 3629 et
3293 3582 3494 3628 nomen
3520 3568 3646 3637 ejus

1987 3681 2193 3738 sortita
2222 3658 2327 3748 est,
2355 3681 2411 3732 et
2439 3672 2753 3731 secundum
2784 3670 2841 3725 id
2889 3672 3110 3725 tantum
3141 3664 3194 3721 ei
3224 3658 3640 3719 communicat:

1987 3775 2044 3827 et
2069 3770 2197 3825 ideo
2220 3763 2564 3823 venerabilis
2592 3767 2679 3818 est
2706 3764 2761 3816 et
2786 3763 3002 3815 sancta.
3025 3756 3086 3812 Si
3126 3767 3255 3810 vero
3280 3749 3505 3807 scelesti
3531 3748 3645 3805 viri

1989 3860 2074 3916 vel
2110 3856 2389 3915 damonis
2427 3858 2514 3909 est
2568 3853 2775 3922 imago,
2806 3849 3023 3919 polluta
3052 3850 3109 3901 et
3132 3841 3515 3900 contaminata
3540 3842 3645 3909 est,

1995 3949 2131 4020 quia
2159 3951 2217 4002 et
2242 3942 2559 4016 principale
2610 3941 2736 4010 ejus
2771 3935 3070 4008 profanum
3101 3937 3158 3989 et
3198 3928 3648 3987 contaminatum

1992 4016 2211 4094 existit.
2237 4036 2382 4106 Ergo
2399 4031 2722 4087 laborantes
2740 4028 2799 4083 in
2823 4038 3053 4093 vanum,
3077 4022 3363 4093 colligunt
3382 4016 3648 4073 manibus

1994 4125 2377 4193 sterilitatem,
2410 4124 2466 4176 et
2505 4118 2794 4188 recipiunt
2822 4129 2855 4171 a
2887 4114 3126 4171 veritate
3168 4109 3502 4167 anathema:
3537 4118 3651 4177 quo

1992 4228 2105 4272 non
2135 4212 2410 4271 carebunt
2436 4210 2692 4266 dicentes
2718 4202 3080 4275 hujusmodi:

2423 4335 2713 4403 Gregorius
2742 4332 3022 4401 episcopus
3065 4326 3224 4395 legit:

2072 4470 2097 4501 ‹‹
2129 4448 2189 4505 Si
2226 4445 2360 4519 quis
2394 4445 2573 4499 Deum
2621 4438 2866 4498 Verbum
2915 4435 3016 4508 qui
3068 4434 3127 4491 in
3172 4431 3353 4488 forma
3392 4428 3494 4483 Dei
3526 4428 3652 4519 est,

247 4515 430 4543 rantur
469 4515 649 4541 οιιιιυιι
674 4515 732 4537 ου
769 4515 1032 4548 ιιυιιιιιιυι,
1075 4515 1169 4531 υνυ
1210 4515 1266 4530 υ..
1315 4515 1482 4529 ...ι-ι...
1509 4515 1577 4527 ν..
1624 4515 1852 4526 “nu-..

247 4575 348 4632 hoc
366 4574 451 4631 usi
472 4576 642 4630 sunt:
668 4572 725 4625 et
744 4567 897 4623 enim
927 4563 1153 4621 veritati
1178 4564 1259 4619 ita
1283 4561 1527 4618 videtur.
1556 4559 1674 4630 Ipsi
1699 4560 1852 4614 auter

2001 4559 2027 4591 ››
2058 4515 2273 4610 quique
2317 4534 2555 4591 formam
2587 4529 2735 4587 servi
2760 4528 2819 4583 in
2857 4540 2959 4583 sua
3008 4519 3383 4581 subsistentia
3428 4515 3653 4586 recipit,

2408 4623 2420 4632 .
2536 4621 2548 4632 .
2832 4616 2885 4632 ..
3177 4608 3620 4632 “unum

248 4669 376 4720 etea
415 4659 626 4734 privati
659 4662 716 4713 et
762 4653 1016 4726 paternis
1062 4649 1521 4734 deﬁnitionibus,
1562 4648 1797 4705 dicunt:
1829 4645 1889 4701 Si

2002 4648 2028 4680 ››
2060 4608 2116 4684 et
2137 4608 2235 4698 per
2269 4623 2461 4681 omnia
2503 4620 2719 4678 similis
2756 4616 2923 4674 nobis
2952 4613 3136 4671 factus
3172 4614 3258 4667 est
3285 4608 3499 4679 absque
3525 4617 3662 4676 pec-

253 4696 376 4720 σιω
455 4696 626 4718 ιιναιι
659 4696 716 4713 νυ
798 4696 1015 4711 υινυιιιιυ
1062 4696 1500 4709 υνμμιν-νιιιυκν
1565 4696 1796 4705 ν.--,...-,
1830 4696 1889 4701 η-
2139 4696 2153 4698 ν

253 4753 376 4823 quis
406 4696 620 4808 d’ividit
651 4696 873 4803 unitam
899 4743 1002 4799 Dei
1028 4728 1194 4799 Verbi
1230 4696 1623 4797 subsisteiitia
1664 4748 1891 4793 carnem
2003 4738 2029 4770 »
2058 4722 2203 4787 cato,
2247 4718 2427 4793 tentat
2466 4725 2564 4783 per
2589 4707 2913 4765 materiales
2937 4705 3157 4823 colgres
3181 4702 3444 4823 foimare.
3493 4696 3659 4823 (1αῆειῇ

2132 4819 2268 4823 νίαβ-
2304 4802 2585 4823 L-_.:..-._.
2638 4804 2687 4823 ...ι
2714 4809 2975 4823 ..ι-...νημαι
3004 4795 3018 4823 ἓ
3076 4808 3165 4823 nm
3195 4806 3221 4823 α
3288 4792 3545 4823 {nanum-un
3595 4789 3608 4823 ἰ
3643 4801 3657 4823 1

292 4786 376 4809 ...δ
406 4786 620 4808 una...
654 4786 873 4803 una...
899 4786 1002 4799 νυ.
1044 4786 1194 4799 η.-.
1230 4786 1621 4797 υ---.,--.,--π
1668 4786 1891 4793 -___-__
2196 4786 2199 4787 ν
2348 4786 2351 4793 ,

255 4786 309 4898 ξι]
332 4855 514 4898 sensu.
546 4834 936 4907 Reperiuntur
973 4845 1106 4905 ergo
1143 4844 1243 4887 nec
1275 4829 1337 4887 in
1380 4829 1493 4885 isto
1518 4830 1896 4884 consonantes
2006 4827 2032 4860 ιο
2069 4819 2276 4907 Pllf‘um
2304 4802 2612 4907 Ποπιξηξθξιξ)
2713 4809 2975 4907 ερυξνίξνθ
3004 4791 3265 4907 ίξιιιῐῐιμθῖ)
3288 4786 3662 4907 ίηδθρὶὶνὶὶξὶιί

256 4879 309 4898 ..ι
332 4879 514 4898 σωκ...
548 4879 925 4907 ..υνυη-...ω
975 4879 1103 4905 -.ον
1143 4879 1242 4887 ..η
1275 4879 1337 4887 -..
1383 4879 1488 4885 --η

254 4947 372 4989 cum
408 4933 640 4986 Patrum
663 4924 1023 4996 expositione
1050 4926 1410 4979 sanctorum:
1466 4918 1561 4977 sed
1602 4916 1852 4975 veritate!

2008 4916 2034 4949 ››
2067 4901 2124 4953 et
2152 4889 2606 4952 incommutabili
2639 4886 2963 4958 divinitate,
2986 4890 3051 4942 ut
3070 4900 3139 4941 ex
3163 4883 3271 4939 hoc
3301 4879 3666 4954 quaternita—

2078 4993 2087 4996 Α
2222 4984 2235 4996 .
2301 4983 2315 4996 1
2380 4987 2451 4996 κ-.
2477 4978 2545 4996 rn
2659 4974 2968 4996 :_-n-_--..-1
3012 4975 3069 4996 ε..
3096 4977 3344 4996 -..κιαι-...ι
3381 4976 3429 4996 ,ιι
3470 4967 3623 4996 ..ε-,ιιι
3659 4995 3665 4996 ,

256 5022 532 5081 evidenter
573 4974 935 5090 impugnant,
984 5013 1177 5071 eadem
1219 5013 1291 5069 de
1322 5010 1470 5084 ipsis
1499 5010 1635 5082 [Gr.,
1665 5005 1899 5077 iisdem]
2011 5006 2038 5038 ³ο
2073 4993 2184 5090 te"!

3012 4975 3073 5030 in
3095 4977 3350 5030 sanctam
3378 4976 3434 5029 et
3470 4967 3668 5027 viviﬁ—

256 5113 435 5183 aﬁ'ati;
502 5116 560 5168 et
617 5064 959 5166 οὲιιιῖιιίωιίι
1004 5102 1316 5161 Ecclesiam
1348 5064 1593 5159 rsimilia
1640 5098 1852 5156 Nestor!

2014 5095 2041 5129 ι)
2073 5088 2195 5132 cam
2216 5070 2575 5139 Trinitatem,
2598 5064 2932 5123 anathema!
2969 5083 2995 5114 ι)

256 5204 555 5274 pradicare
569 5196 1020 5257 calumniantur.
1037 5195 1211 5251 Porro
1225 5191 1342 5250 sibi
1359 5203 1611 5265 congrua
1625 5188 1904 5259 dicentes,

255 5292 505 5351 inferunt
526 5309 541 5346 :

680 5395 964 5464 Gregorius
994 5395 1275 5463 episcopus
1314 5391 1443 5459 legit
1464 5408 1476 5444 :

2440 5195 2783 5266 Epiphanius
2801 5192 3064 5247 diaconus
3082 5191 3239 5260 legit:

2086 5310 2132 5367 Ο
2177 5306 2483 5366 amentiam
2532 5304 2789 5375 ipsorum
2847 5304 2904 5357 et
2948 5296 3303 5357 vecordiam!
3359 5308 3471 5351 non
3518 5292 3669 5349 enim

2019 5402 2346 5457 reverentur
2387 5394 2657 5467 colligere
2717 5391 3036 5448 anathema.
3082 5388 3185 5443 Sed
3239 5391 3303 5442 ut
3348 5396 3563 5440 vermes
3611 5380 3669 5435 in

324 5532 349 5560 α
374 5508 436 5565 Si
476 5505 615 5579 quis
636 5517 817 5562 unum
848 5502 1141 5559 Christum
1161 5499 1375 5556 dividit
1400 5498 1460 5553 in
1504 5494 1912 5553 subsistentias
2019 5502 2179 5547 cano
2201 5485 2442 5544 volutati
2476 5483 2837 5552 nutriuntur,
2860 5480 2941 5536 ita
2965 5483 3021 5535 et
3054 5476 3150 5578 isti
3175 5474 3311 5530 huic
3337 5473 3456 5530 voci
3473 5468 3670 5579 .i‘pﬁrii,

252 5619 279 5652 ι
312 5557 819 5669 άιιειε,Ίδεραι·λῑὶω
869 5606 1083 5665 ponens
1108 5590 1209 5647 Dei
1243 5588 1477 5659 Filium,
1505 5590 1560 5644 et
1606 5585 1911 5658 separatim
2021 5577 2382 5637 saturitatem
2405 5573 2642 5631 minime
2660 5570 2918 5641 accipere
2959 5566 3277 5638 patiuntur,
3306 5557 3674 5619 sanctiﬁcata
