4010 6160
481 234 594 294 443

1739 253 2096 314 ANASTASII
2138 255 2679 317 BIBLIOTHECARII
3758 281 3839 346 444

410 364 416 366 ’
474 361 576 419 Dei
601 363 868 424 Ecclesia:
893 370 1230 433 maledicere
1253 383 1542 454 conantes,
1575 395 1706 440 cum
1737 383 1856 440 sint
1877 383 1989 454 ipsi
2010 395 2138 438 ma—
2177 381 2230 442 A
2262 384 2426 454 Alius
2465 391 2515 443 te
2549 387 2754 453 laudet,
2794 391 2846 444 et
2880 405 2989 446 non
3027 406 3086 446 os
3125 395 3318 447 tuum:
3361 397 3644 464 extraneas,
3678 407 3722 458 et
3757 421 3840 462 non

476 452 784 546 ledictione
807 459 1159 532 dignissimi.
1189 469 1258 524 Hi
1289 452 1535 544 namque
1562 473 1662 544 qui
1695 452 2040 530 benedicunt
2059 475 2132 546 ei,

477 547 541 599 ut
562 545 648 636 ait
689 546 1006 636 Scriptura.
1039 553 1448 617 benedicentur
1483 561 1648 632 [sunt
1688 561 2036 636 benedicti]:
2085 569 2140 621 et

475 633 575 704 qui
601 635 951 726 maledicunt
973 643 1050 714 ei,
1075 647 1363 705 maledicti
1395 655 1532 708 sunt
1554 649 1704 722 (Gen.
1736 653 1938 726 xxvn).
1963 633 2138 712 Porro

480 736 684 793 purum
701 725 990 818 hominem
1011 732 1144 790 illos
1160 738 1442 808 conjicere
1457 740 1801 798 Salvatorem
1821 743 2136 818 Christum,

475 817 531 903 et
553 827 816 903 separare
857 817 1023 876 illum
1045 837 1078 877 a
1106 823 1430 901 divinitate,
1465 830 1662 901 sicque
1701 817 2139 903 quaternitatcm

472 893 742 995 inducere
768 921 866 976 per
897 909 1198 985 picturam,
1237 917 1371 986 quis
1398 893 1587 990 putas,
1629 893 1740 978 non
1779 923 2058 995 derideat,
2085 931 2142 980 et

477 989 656 1047 risum
692 992 869 1051 latum
892 1012 1064 1070 super
1099 1015 1296 1061 eorum
1325 989 1663 1078 insipientia
1694 1024 1804 1066 non
1830 989 2136 1080 diffundat,

477 1077 593 1136 imo
618 1097 748 1140 vero
775 1085 1184 1158 blasphemiam
1215 1093 1406 1168 lugeat
1425 1077 1461 1151 ’τέ
1485 1100 1607 1154 Νοη
1629 1099 1781 1155 enim
1825 1102 2138 1158 secundum

475 1171 626 1240 quod
643 1171 702 1228 in
725 1173 975 1248 imagine
996 1179 1279 1252 ﬁguratur
1297 1184 1562 1242 Christus
1587 1188 1648 1243 in
1671 1188 1915 1246 humana
1935 1189 2136 1246 formai

475 1264 916 1330 quaternitatem
957 1271 1142 1326 credit
1170 1272 1220 1328 is
1246 1275 1346 1345 qui
1381 1275 1486 1332 hoc
1509 1276 1666 1348 facit,
1705 1279 1800 1334 sed
1833 1280 2140 1336 conﬁtetur

470 1348 644 1405 Deum
705 1355 946 1413 Verbum
1001 1359 1362 1420 incarnatum
1424 1380 1546 1422 esse
1619 1369 1859 1424 veritate
1913 1375 1968 1425 et
2027 1383 2136 1425 non

473 1438 791 1508 phantasia.
838 1447 1097 1520 Denique
1155 1454 1456 1512 Nestorius
1507 1457 1606 1528 qui
1659 1457 1815 1514 laesis
1871 1459 2138 1518 sensibus

467 1527 614 1585 duas
659 1533 1064 1594 subsistentias
1129 1541 1280 1599 sicut
1335 1545 1481 1600 duas
1525 1527 1760 1604 naturas
1809 1547 2136 1620 blaspheme

469 1616 873 1689 dogmatizavit
893 1625 951 1681 in
969 1627 1218 1703 Christo,
1243 1632 1342 1689 ille
1359 1637 1803 1705 quaternitatem
1833 1616 2133 1694 induxisse

2261 475 2408 530 labia
2457 481 2552 530 tua
2603 474 2776 550 (Prov.
2825 481 3026 555 xxvn).
3073 482 3172 538 Isti
3213 487 3396 540 autem
3424 499 3454 541 a
3483 503 3734 561 quoquam
3761 509 3844 552 ne-

2259 578 2370 634 que
2398 567 2634 639 eruditi,
2669 583 2852 643 neque
2885 571 3126 644 laudati,
3159 573 3386 630 sibimet
3417 575 3620 634 laudem
3654 585 3845 656 excogi-

2258 662 2402 730 tant,
2448 662 2504 713 et
2533 661 2722 717 vocari
2765 662 2966 719 volunt
3010 662 3082 719 ab
3133 663 3458 722 hominibus
3483 667 3664 741 Rabbi,
3692 672 3844 733 Patres

2257 763 2382 806 esse
2411 751 2720 822 gestientes
2748 753 3045 810 catholicae
3087 753 3370 810 Ecclesiae.
3410 757 3554 812 lianc
3579 763 3742 816 autem
3768 777 3847 819 ca-

2261 840 2622 898 lumniantur
2657 841 2950 899 Christum
2987 844 3164 900 Deum
3206 847 3458 902 nostrum
3486 845 3842 920 derelinquere,

2259 935 2316 985 et
2346 929 2687 987 idololatria:
2719 932 3042 1002 adhaerere;
3071 947 3202 989 cum
3238 933 3357 1004 ipse
3393 935 3542 990 dicat
3568 951 3656 1006 per
3684 939 3846 996 Isaiam

2262 1020 2590 1090 prophetam
2623 1021 2690 1077 ad
2737 1021 2931 1079 illam:
2987 1023 3190 1077 Ponam
3221 1027 3271 1078 te
3307 1025 3693 1082 exsultationem
3719 1033 3848 1084 acter-

2259 1125 2407 1172 nam,
2459 1112 2699 1167 thitiam
2739 1115 3146 1180 generationum
3176 1116 3600 1182 generationibus
3630 1115 3740 1188 (Isa.
3773 1132 3844 1188 ις,

2257 1213 2359 1253 sec.
2389 1201 2562 1274 LXX).
2590 1202 2658 1257 Et
2698 1215 2796 1271 per
2821 1201 3217 1258 Salomonem:
3273 1205 3403 1258 Tota
3450 1205 3581 1258 bona
3606 1209 3848 1276 es,proa:i-

2255 1305 2345 1344 ma
2368 1306 2506 1353 mea,
2544 1295 2595 1344 et
2628 1292 2844 1345 macula
2880 1307 2987 1345 non
3019 1297 3095 1347 est
3132 1295 3191 1346 in
3233 1297 3282 1347 te
3305 1291 3476 1365 (Cant.
3509 1293 3598 1366 iv).
3631 1296 3851 1366 Inspicia-

2261 1395 2388 1436 mus
2413 1394 2546 1453 ergo
2579 1381 2973 1451 insipientiam
3002 1381 3294 1454 ipsorum:
3328 1383 3462 1454 quia
3501 1398 3655 1454 quam
3681 1384 3851 1440 calum-

2261 1469 2497 1526 niantur
2519 1470 2882 1542 idololatriae,
2937 1471 3110 1541 hujus
3130 1485 3190 1528 se
3219 1472 3535 1544 gloriantur
3550 1487 3661 1530 esse
3700 1475 3850 1546 magi—

2257 1560 2384 1616 stri.
2415 1563 2484 1616 Et
2512 1561 2562 1618 si
2596 1561 3032 1618 idololatrarum
3059 1567 3196 1618 sunt
3222 1567 3428 1634 patres,
3459 1563 3669 1619 dicant:
3700 1563 3848 1618 Partis

2250 1651 2502 1722 alicujus
2532 1665 2658 1722 quin
2690 1651 3078 1707 idololatriam
3111 1652 3368 1708 exercuit
3400 1653 3458 1709 in
3494 1653 3722 1709 Ecclesia
3743 1652 3849 1710 sunt

467 1706 849 1778 dignoscitur-
889 1715 1092 1774 Sancta
1123 1735 1254 1778 vero
1295 1723 1394 1779 Dei
1437 1725 1687 1782 Ecclesia
1727 1739 1898 1783 unam
1931 1727 2132 1784 subsi-
2172 1737 2218 1795 Β
2251 1706 2640 1815 ιητιςίέιπί,”εη
2673 1740 2898 1796 totius?
2927 1744 2982 1796 et
3011 1741 3062 1796 si
3099 1741 3332 1812 quidem
3366 1743 3558 1813 partis,
3588 1742 3850 1798 debuerant

466 1798 733 1856 stentiam
755 1803 970 1861 Christi
997 1807 1055 1863 in
1082 1809 1306 1868 duabus
1333 1814 1557 1870 naturis
1579 1821 1727 1872 recte
1757 1815 2034 1889 confessa,
2057 1818 2126 1874 ad

465 1895 1060 1976 commemorationem
1084 1899 1358 1958 salutaris
1377 1904 1502 1974 ejus
1520 1905 1974 1976 dispensationis
1992 1907 2126 1964 ima-

464 1975 736 2046 ginaliter
765 1979 1010 2042 formare
1041 1987 1207 2046 illum
1243 1990 1531 2049 divinitus
1561 1975 1788 2052 erudita
1819 2001 1923 2053 est.
1951 1997 2125 2054 Porro

463 2063 713 2124 volentes
737 2074 1074 2145 semetipsos
1101 2078 1368 2148 probatos
1383 2083 1702 2149 ostendere,
1729 2085 1902 2142 etiam
1928 2100 2122 2144 verum

462 2153 601 2224 quid
631 2167 916 2236 asserunt,
949 2165 1028 2222 ita
1047 2167 1334 2228 dicentes:

885 2290 1176 2359 Gregorius
1215 2298 1496 2368 episc0pus
1531 2300 1687 2368 legit:

534 2409 560 2440 «
592 2389 650 2446 Si
679 2393 812 2463 quis
840 2409 953 2454 non
984 2401 1292 2460 confitetur
1309 2411 1562 2462 sanctam
1589 2420 1810 2478 semper
1827 2409 2117 2483 Virginem

462 2495 488 2526 ι)
520 2478 757 2538 Mariam
786 2487 1014 2556 prOprie
1041 2503 1106 2545 ac
1127 2505 1254 2548 vere
1277 2495 1377 2550 Dei
1407 2496 1764 2568 genitricem,
1806 2478 2120 2556 sublimio—

462 2583 486 2614 »
523 2580 638 2623 rem
678 2584 802 2628 esse
833 2577 988 2632 omni
1034 2579 1255 2636 visibili
1301 2589 1356 2638 et
1403 2584 1689 2642 invisibili
1728 2593 2008 2657 creatura,
2063 2599 2120 2648 et

461 2673 486 2703 ι)
516 2669 644 2714 cum
675 2659 898 2719 sincera
921 2665 1028 2722 fide
1060 2669 1248 2738 ipsius
1274 2686 1384 2728 non
1415 2675 1630 2743 expetit
1657 2675 2114 2749 intercessiones,

459 2761 485 2795 »
521 2751 791 2820 tanquam
816 2754 1083 2814 fiduciam
1122 2759 1388 2844 habentis
1411 2764 1480 2819 ad
1504 2765 1681 2822 Deum
1715 2775 1973 2825 nostrum
2013 2770 2114 2842 qui

459 2851 486 2884 λ)
517 2853 586 2896 ex
618 2840 719 2896 illa
751 2843 978 2914 genitus
999 2853 1104 2918 est,
1149 2840 1482 2908 anathemal
1513 2871 1540 2904 ι)

878 2972 1224 3042 Epiphanius
1245 2977 1505 3033 diaconus
1527 2979 1680 3048 legit:

2248 1837 2303 1886 et
2336 1832 2446 1903 ipsi
2479 1831 2779 1888 concinere
2812 1830 2992 1902 plenit
3035 1830 3162 1886 dini
3193 1831 3479 1903 Ecclesiie,
3509 1837 3562 1887 et
3587 1831 3684 1888 sub
3711 1831 3850 1902 hujus

2242 1924 2372 1994 jure
2403 1921 2736 1992 subsistere,
2769 1927 2825 1978 et
2853 1921 3077 1978 fructus
3104 1921 3370 1978 veritatis
3393 1922 3537 1992 apud
3568 1935 3622 1978 se
3653 1918 3778 1996 [Gr.,
3795 1921 3849 1976 ab

2244 2009 2338 2088 ea]
2372 2025 2626 2085 carpere:
2683 2011 3156 2082 quemadmodum
3206 2024 3405 2068 omnes
3459 2011 3657 2083 egregii
3695 2012 3850 2067 Patres

2244 2103 2448 2173 nostri,
2509 2101 2610 2172 qui
2671 2101 2984 2157 incorrecta
3027 2100 3413 2173 corrigebant,
3463 2107 3518 2157 et
3563 2100 3849 2172 coaptabanl

2240 2193 2502 2251 discissa.
2541 2191 2645 2248 Sed
2695 2190 2832 2263 quia
2861 2189 3143 2246 catholica
3173 2190 3430 2247 Ecclesia
3461 2191 3560 2246 hac
3589 2191 3848 2247 traditione

2237 2283 2560 2353 decoratur,
2591 2281 2703 2354 ipsi
2746 2280 2818 2336 ab
2842 2293 2906 2336 ea
2947 2280 3126 2336 excisi
3171 2285 3382 2351 putant
3425 2277 3569 2356 [Gr.,
3599 2281 3826 2336 videntur
3835 2291 3846 2350 ,l

2115 2362 2130 2378 ’
2239 2379 2412 2430 totam
2457 2373 2728 2428 damnare
2765 2377 3037 2443 tanquam
3090 2383 3426 2443 erroneam;
3467 2376 3522 2427 et
3565 2375 3701 2426 certe
3739 2371 3850 2426 hor-

2240 2465 2476 2520 rendum
2520 2465 2608 2518 est
2652 2461 2861 2533 dicere,
2909 2465 2965 2517 et
3013 2467 3216 2533 tacere,
3267 2461 3577 2518 damnatio.
3633 2457 3848 2516 Procedit

2237 2553 2386 2611 enim
2421 2558 2618 2609 contra
2645 2552 2802 2623 ipsos
2834 2549 2982 2626 [G-r.,
3015 2552 3169 2608 Perit
3187 2552 3348 2608 enim
3371 2551 3668 2608 secundum
3693 2544 3846 2620 ipsos]

2236 2658 2364 2700 vera
2400 2643 2456 2698 in
2500 2643 2792 2698 Christum
2826 2641 3125 2714 professio,
3159 2646 3216 2698 et
3247 2641 3534 2714 pernicies
3565 2637 3853 2697 universita.

2235 2739 2345 2790 tem
2389 2733 2670 2804 arripuit:
2709 2733 2804 2789 sed
2847 2732 3044 2804 procul
3066 2733 3185 2788 sint
3226 2731 3372 2804 haec,
3405 2738 3659 2802 tanquam
3692 2729 3742 2784 in
3767 2741 3848 2783 va-

2237 2835 2372 2879 num
2414 2822 2570 2878 dicta
2597 2825 2655 2877 et
2693 2821 2818 2878 sine
2863 2834 3036 2878 causa
3080 2823 3476 2892 pronuntiata.
3527 2823 3706 2890 Itaque
3740 2817 3846 2872 hinc

2231 2918 2288 2968 et
2320 2912 2453 2970 inde
2500 2911 2887 2983 impellentur,
2937 2911 3072 2982 quia
3121 2911 3540 2968 venerabilium
3579 2907 3844 2980 imaginum

2233 3003 2459 3073 pictura
2505 3017 2573 3058 ex
2615 3000 3016 3072 superioribus
3055 3001 3227 3057 annis
3271 3001 3488 3058 tradita
3530 2999 3586 3055 in
3610 2995 3844 3054 catholica

525 3075 584 3130 In
613 3073 705 3130 his
730 3075 988 3136 stabilita
1007 3087 1062 3136 et
1087 3083 1398 3142 certiﬁcata
1436 3085 1720 3144 catholica
1745 3089 2017 3164 Ecclesia,
2040 3091 2112 3148 ab
2150 3069 2196 3129 (ἶ
2230 3069 2502 3165 Ecclesia,
2551 3097 2606 3148 et
2663 3069 2724 3148 in
2773 3090 3197 3147 venerabilibus
3276 3090 3510 3162 templis
3566 3087 3842 3153 informata,

453 3161 546 3218 bis
571 3166 670 3234 qui
697 3167 868 3223 aliter
897 3170 1129 3241 sapiunt
1155 3188 1324 3244 quam
1350 3177 1476 3246 ejus
1502 3177 1560 3232 in
1585 3179 1699 3235 Deo
1744 3180 1982 3238 traditio
2006 3161 2110 3239 dor

451 3258 558 3324 cet,
589 3267 695 3310 non
726 3255 948 3330 indiget
972 3261 1110 3331 quid
1141 3265 1362 3320 audire.
1404 3267 1628 3324 Etenim
1661 3269 1942 3328 Dominus
1969 3271 2106 3328 dum

449 3353 481 3396 a
501 3341 858 3404 daemonibus
882 3349 1307 3423 praedicaretur,
1343 3355 1444 3412 hos
1473 3355 1770 3429 abigebat:
1805 3365 1860 3416 et
1893 3359 2106 3419 Paulus

446 3429 684 3522 divinus
710 3436 1019 3506 Apostolus
1033 3449 1089 3498 et
1117 3444 1356 3501 comites
1384 3447 1866 3520 peregrinationis
1889 3452 2016 3522 ejus
2033 3451 2104 3508 ab

447 3519 532 3578 eis
561 3525 956 3584 testimonium
981 3530 1270 3604 habentes,
1315 3535 1463 3606 quod
1503 3519 1763 3594 homines
1786 3519 1974 3595 essent
2003 3541 2103 3597 Dei

445 3612 675 3686 excelsi,
707 3621 763 3670 et
802 3617 949 3673 viam
978 3619 1186 3677 salutis
1221 3622 1629 3680 denuntiarent
1659 3623 1798 3697 (Act.
1851 3627 1970 3700 xvx)
2007 3643 2104 3686 eos

447 3700 766 3774 pellebant;
800 3705 881 3762 ita
903 3711 960 3762 et
977 3706 1072 3764 isti
1099 3709 1474 3783 licetaliquid
1497 3727 1689 3770 verum
1705 3717 2096 3792 pronuntient,

443 3794 630 3847 tamen
667 3805 700 3847 a
748 3799 943 3851 sancta
985 3796 1084 3852 Dei
1127 3798 1380 3856 Ecclesia
1428 3803 1844 3872 propelluntur.
1883 3807 2102 3864 Rursus

441 3883 630 3934 autem
655 3879 832 3936 veluti
855 3896 1022 3939 canes
1041 3887 1248 3942 reversi
1275 3888 1344 3944 ad
1373 3904 1541 3946 suum
1563 3893 1859 3967 vomitum,
1892 3901 1948 3950 et
1969 3909 2100 3952 sues

445 3965 546 4022 loti
581 3967 638 4023 in
676 3969 975 4029 volutabro
1013 3973 1122 4030 luti
1156 3974 1234 4048 (Π
1275 3978 1418 4034 Petr.
1449 3979 1512 4053 ιι)
1560 3965 2102 4057 grunniunthujus-

441 4057 659 4113 cemodi
685 4075 698 4112 :

867 4167 1159 4238 Gregorius
1193 4176 1473 4246 cpiscopus
1501 4177 1664 4245 legit:

513 4289 540 4322 ς(
571 4270 630 4326 Si
655 4273 788 4344 quis
833 4277 1232 4338 universorum
1278 4291 1605 4342 sanctorum
1632 4285 1844 4360 eﬂigies
1876 4287 1933 4345 in
1963 4290 2099 4347 ima-

438 4377 464 4409 »
499 4359 734 4432 ginibus
775 4366 1111 4426 inanimatis
1128 4379 1184 4428 et
1213 4374 1408 4430 surdis
1435 4388 1504 4431 ex
1529 4359 1926 4435 materialibus
1950 4380 2098 4436 colo-

439 4469 464 4500 »
499 4449 663 4510 ribus
687 4455 910 4514 titulari
936 4459 1245 4536 studuerit,
1273 4463 1497 4521 nullum
1519 4465 1834 4536 profectum
1854 4467 2095 4528 ferentes

435 4559 462 4591 »
494 4540 722 4613 (vanum
751 4549 903 4605 enim
939 4555 1026 4606 est
1055 4557 1456 4625 commentum,
1490 4561 1546 4611 et
1583 4556 1884 4614 diabolica:
1929 4574 2096 4634 argu-

435 4647 461 4680 ››
499 4635 868 4694 mentationis
900 4639 1173 4713 inventio)
1193 4646 1249 4696 et
1277 4655 1388 4698 non
1418 4645 1600 4717 magis
1621 4645 1824 4703 horum
1849 4647 2093 4707 virtutes

435 4737 460 4768 »
497 4735 596 4790 per
626 4737 690 4779 ea
733 4741 858 4797 quae
882 4727 940 4784 in
983 4729 1300 4800 Scripturis
1338 4732 1408 4788 de
1435 4731 1556 4792 illis
1591 4736 1984 4811 insinuantur,
2009 4755 2094 4796 ve-

435 4826 458 4858 »
497 4809 602 4866 luti
633 4818 906 4884 quasdam
930 4819 1211 4878 animatas
1237 4822 1516 4896 imagines
1556 4826 1615 4884 in
1641 4842 1701 4884 se
1729 4809 2010 4902 depingit,
2033 4837 2088 4888 et

433 4916 457 4948 ››
493 4901 562 4958 ad
604 4903 849 4962 similem
892 4907 1014 4966 illis
1051 4923 1121 4966 ex
1155 4911 1261 4969 hoc
1300 4915 1548 4985 erigitur
1584 4918 1788 4990 zelum,
1822 4901 2093 4991 quemad»

433 5005 458 5038 »
494 4992 720 5049 modum
743 4995 927 5054 divini
953 4999 1148 5059 Patres
1170 5003 1350 5060 nostri
1367 5005 1660 5079 dixerunt,
1687 5009 2024 5066 anathema!
2057 5029 2084 5061 ι)

853 5125 1197 5194 Epiphanius
1215 5129 1478 5184 diaconus
1497 5131 1652 5199 legit:

495 5224 690 5282 Dlvini
740 5227 934 5286 Patres
981 5233 1164 5289 nostri
1211 5234 1324 5290 tale
1355 5237 1494 5306 quid
1533 5250 1714 5306 neque
1743 5238 2079 5312 docuerunt,

428 5328 609 5386 neque
640 5317 1109 5394 praedicaverunt,
1138 5323 1233 5378 sed
1276 5323 1508 5380 sibimet
1546 5325 1652 5382 hoc
1683 5339 1886 5384 nomen
1908 5329 2084 5402 impo-

425 5412 668 5464 suerunt
695 5407 1024 5481 falsiloqui:
1073 5415 1130 5467 et
1168 5412 1424 5483 ipsorum
1478 5419 1612 5471 sunt
1661 5415 1786 5472 istae
1829 5417 2078 5494 ineptiai,

427 5497 696 5570 quoniam
734 5499 793 5556 in
826 5500 1310 5572 subsequentibus
1331 5503 1628 5574 septimam
1655 5521 1776 5564 sese
1801 5511 2079 5580 synodum

426 5593 778 5660 nuncupant,
804 5590 876 5646 Et
904 5591 1135 5662 quidem
1163 5588 1314 5668 [Gr.,
1347 5591 1614 5672 quidam]
1638 5597 1877 5670 Sapiens
1899 5600 2076 5658 dicit:

2233 3197 2399 3256 quam
2449 3183 2632 3239 sancti
2681 3182 2876 3239 Patres
2925 3187 2980 3237 et
3033 3181 3404 3239 tradiderunt
3450 3185 3505 3237 et
3537 3179 3841 3248 receperunt,

2225 3278 2281 3330 et
2358 3287 2524 3331 omne
2605 3271 3066 3328 Christianorum
3144 3271 3499 3344 collegium:
3585 3268 3686 3340 ipsi
3757 3277 3840 3321 non

2225 3364 2412 3421 solum
2461 3363 2532 3420 ab
2585 3363 2679 3419 his
2722 3360 2992 3419 omnibus
3039 3365 3174 3418 sunt
3235 3359 3507 3418 frustrati
3576 3352 3838 3430 [abducti],

2223 3455 2320 3511 sed
2345 3453 2492 3525 quod
2535 3457 2621 3509 est
2655 3453 2863 3508 saevius
2905 3456 2961 3508 et
3003 3449 3360 3518 terribilius,
3410 3450 3622 3507 clamor
3658 3443 3844 3502 anathe-

2211 3543 2394 3600 ‘matis
2417 3555 2612 3599 eorum
2636 3540 2974 3598 sodomitice
2997 3546 3054 3598 et
3074 3541 3446 3614 gomorrhice
3470 3535 3842 3608 multiplicatus

2220 3637 2306 3688 est
2334 3629 2483 3704 (Gen.
2541 3631 2681 3703 xui).
2729 3631 2874 3686 Hinc
2919 3635 2976 3686 et
3023 3634 3323 3698 peccatum
3370 3643 3566 3686 eorum
3620 3634 3842 3721 magnum

2219 3725 2306 3777 est
2361 3721 2568 3777 nimis:
2619 3725 2674 3776 et
2723 3721 2856 3792 quis
2912 3719 3122 3790 poterit
3171 3719 3420 3777 suiferre
3464 3719 3632 3790 hujus
3666 3714 3844 3770 furoris

2220 3809 2525 3881 insaniam,
2582 3810 2900 3880 harumque
2957 3809 3344 3880 satyricarum
3403 3805 3843 3866 turbulentiarum

2218 3900 2474 3956 scenicas
2517 3898 2736 3956 facies?
2792 3899 2949 3970 Quod
3011 3899 3061 3956 si
3109 3901 3521 3972 cognovissent
3569 3896 3840 3958 veritatem,

2217 4003 2343 4060 quae
2374 3989 2674 4046 manifesta
2703 3995 2786 4045 est
2835 3988 3104 4046 omnibus
3133 3989 3232 4060 qui
3283 3990 3381 4052 pie
3423 3987 3742 4080 intelligere
3760 3993 3845 4080 vo-

2217 4077 2364 4150 lunt,
2397 4079 2612 4136 scirent
2644 4079 2844 4150 utique
2879 4078 3037 4150 quia,
3065 4079 3219 4136 sicut
3252 4093 3358 4150 per
3391 4092 3456 4136 ea
3488 4091 3611 4150 qua:
3631 4076 3686 4130 in
3712 4072 3844 4128 Scri-

2217 4167 2406 4238 pturis
2445 4169 2516 4224 de
2559 4168 2775 4224 sanctis
2812 4167 3166 4238 indicantur,
3214 4181 3504 4226 memores
3553 4163 3842 4260 passionum

2213 4270 2409 4314 eorum
2439 4255 2737 4326 efﬁcimur,
2769 4261 2826 4312 et
2853 4257 2923 4314 ad
2950 4256 3200 4312 similem
3228 4258 3422 4314 zelum
3453 4255 3750 4327 erigimur:
3781 4251 3844 4302 ita

2215 4352 2271 4402 et
2288 4359 2386 4416 per
2415 4347 2778 4419 imaginalem
2825 4345 3272 4416 descriptionem
3331 4346 3626 4418 passiones
3670 4341 3840 4398 horum

2129 4421 2183 4482 D
2213 4435 2488 4505 videntes,
2550 4436 2610 4492 in
2653 4436 3246 4494 commemorationem
3295 4437 3540 4494 virtutis
3582 4443 3761 4491 eorum
3799 4427 3842 4480 et

2213 4526 2326 4580 Deo
2361 4525 2538 4596 plenae
2579 4525 2712 4582 vitae
2754 4526 3031 4582 venimus.
3082 4527 3302 4584 Deinde
3335 4541 3544 4584 rursus
3579 4523 3710 4581 bene
3731 4527 3842 4574 sen-

2213 4617 2388 4688 tiunt,
2419 4616 2677 4673 dicentes
2708 4617 2822 4672 ita:

2637 4740 2928 4810 Gregorius
2971 4743 3252 4812 episcopus
3275 4742 3446 4811 legit:

2283 4850 2397 4906 «Si
2452 4849 2584 4922 quis
2634 4862 2745 4906 non
2801 4849 3106 4906 conﬁtetur
3155 4863 3358 4906 omnes
3403 4851 3630 4906 sanctos
3679 4839 3839 4940 qui_a

2210 4960 2235 4990 »
2270 4939 2477 4997 saeculo
2530 4953 2712 5012 usque
2759 4953 2908 4996 nunc
2959 4945 3113 5005 sunt,
3161 4939 3260 5010 qui
3309 4943 3446 4995 ante
3471 4939 3666 5010 legem,
3707 4945 3766 4988 ac
3791 4939 3839 4982 in

2207 5047 2233 5078 »
2270 5029 2389 5100 lege
2417 5033 2474 5086 et
2512 5030 2572 5086 in
2593 5029 2779 5102 gratia
2805 5029 2918 5086 Deo
2955 5029 3317 5100 placuerunt,
3347 5024 3710 5084 honorabiles
3737 5027 3838 5074 esse

2207 5137 2232 5166 »
2267 5131 2456 5174 coram
2511 5119 2636 5190 ipso
2679 5118 2872 5175 anima
2927 5123 2985 5175 et
3039 5131 3298 5190 corpore,
3351 5116 3441 5174 vel
3509 5115 3704 5172 horum
3744 5117 3838 5165 non

2205 5225 2231 5257 »
2268 5209 2519 5278 postulat
2545 5207 2852 5279 orationes,
2893 5212 3166 5280 tanquam
3214 5207 3495 5264 fiduciam
3537 5199 3837 5262 habentium

2206 5317 2232 5347 »
2267 5311 2367 5368 pro
2408 5297 2618 5355 mundo
2661 5297 3031 5368 intercedere,
3059 5297 3381 5356 secundum
3409 5288 3836 5369 jecclesiasticam

2206 5407 2230 5437 »
2267 5387 2653 5460 traditionem,
2683 5388 3015 5446 anathemal
3051 5405 3078 5438 ››

2625 5497 2968 5567 Epiphanius
2990 5497 3266 5553 diaconus
3284 5496 3446 5564 legit:

2269 5605 2406 5662 Cum
2459 5605 2904 5662 ecclesiasticam
2936 5606 3328 5662 traditionem
3375 5603 3650 5668 dixerint,
3696 5605 3847 5666 θρον-
