4010 6160
188 267 281 328 445
954 265 1503 327 ΙΝΤΕΒΡΒΕΤΑΤΙΟ
1540 264 1791 325 SYNODI
1826 267 1830 274 ’

1957 265 2363 326 GENERALIS.
2380 296 2455 308 —
2488 266 2691 324 ACTIO
2728 269 2817 325 VI.

3480 265 3588 325 446

191 395 330 452 lebat
356 409 459 452 eos
498 394 893 467 promulgare:
925 394 985 450 Si
1019 394 1153 466 quis
1194 398 1250 450 et
1280 393 1617 467 imaginales
1642 393 1833 464 pictu-
1857 393 1913 453 A
1941 394 2080 451 dum
2127 377 2251 452 sese
2279 399 2562 465 vocantes,
2602 395 2767 466 quasi
2820 395 2891 451 de
2918 394 3056 450 aliis
3086 397 3297 464 septem
3353 392 3589 465 synodis

187 499 268 542 ras
294 499 406 542 non
441 484 675 556 recipit,
724 484 1023 540 anathema
1053 484 1148 539 sit.
1191 484 1444 555 Antiqua
1485 483 1697 556 quippe
1735 496 1833 539 re—

182 588 297 631 vera
349 575 542 631 estin
586 573 871 630 catholica
926 572 1181 630 Ecclesia
1239 574 1498 644 traditio,
1558 578 1614 629 et
1669 571 1832 629 valde

176 666 314 735 juste
388 664 453 718 in
516 662 1115 720 commemorationem
1192 662 1360 719 nobis
1420 662 1829 733 principalium

177 753 398 825 agnita:
430 751 532 807 sed
580 752 944 822 impudenter
994 751 1140 807 hanc
1168 752 1460 823 mysticam
1511 750 1830 822 projicien—

178 849 252 898 tes
304 841 635 904 scientiam,
668 840 1009 897 catholicam
1053 840 1433 912 alloquuntur
1474 840 1789 909 Ecclesiam
1810 856 1823 893 :

176 932 297 987 l‘ias
327 936 464 986 tuas
490 930 761 989 nolumus
787 926 805 1003 [
827 929 941 993 Gr.,
969 930 1118 986 scire
1149 927 1479 1005 nolumus].
1514 929 1670 985 Unde
1702 930 1830 998 post

175 1020 310 1076 hanc
357 1020 679 1076 editionem
728 1032 911 1082 suam,
966 1025 1022 1075 et
1054 1020 1531 1077 intercessiouum
1561 1020 1675 1074 Deo
1722 1031 1827 1074 ac—

173 1110 509 1180 ceptabilem
568 1108 914 1165 oblationem
967 1108 1319 1179 ahjecerunt,
1380 1109 1633 1166 delentes
1683 1110 1829 1166 hanc

173 1214 232 1255 ex
276 1201 383 1255 hoc
435 1199 656 1270 scripto
685 1212 820 1255 suo:
878 1199 1028 1269 quod
1078 1204 1274 1254 omnes
1322 1204 1619 1256 noverunt.
1653 1199 1829 1256 Moris

174 1291 315 1346 enim
345 1294 440 1345 est
480 1288 791 1359 haereticis,
824 1292 889 1345 ut
913 1302 1042 1344 cum
1085 1287 1339 1344 viderint
1384 1284 1532 1361 [Gr.,
1566 1295 1830 1346 contem-

178 1375 418 1453 pserint]
471 1378 563 1433 vel
595 1378 657 1434 in
714 1392 830 1435 uno
861 1391 1119 1434 sermone
1163 1377 1418 1449 pietatis,
1468 1383 1523 1433 et
1565 1379 1829 1435 veritatis

180 1470 312 1524 viam
344 1472 711 1524 revertantur
737 1463 755 1541 [
787 1466 956 1523 verbo
988 1467 1275 1538 pietatem,
1298 1472 1356 1522 et
1385 1481 1418 1523 a
1444 1468 1708 1523 veritatis
1736 1469 1829 1523 via

185 1554 628 1631 aberraverint],
661 1557 722 1612 in
750 1556 928 1612 multa
966 1562 1023 1612 et
1048 1557 1273 1613 diversa
1300 1554 1560 1614 fallentes
1611 1554 1834 1632 [labi].

185 1647 419 1717 Simplex
445 1651 535 1702 est
575 1646 729 1701 enim
755 1646 1001 1702 veritas:
1036 1649 1095 1701 at
1118 1660 1249 1701 vero
1282 1647 1639 1703 mendacium
1671 1648 1831 1703 mul-

1942 498 2068 555 qua:
2102 482 2264 541 facta:
2295 482 2551 557 fuerunt,
2571 482 3105 541 anathematismum
3135 497 3303 540 suum
3327 495 3582 553 posuere,

1937 573 2228 630 dicentes:
2263 572 2580 630 Anathema
2609 574 2688 630 sit
2740 587 2772 629 a
2801 573 3019 629 sanctis
3058 577 3115 629 et
3164 570 3587 628 universalibus

1939 667 2150 733 septem
2199 664 2467 735 synodis:
2529 667 2726 720 etnon
2770 662 2950 735 magis
2982 661 3318 718 deridentur
3360 662 3590 731 propter

1940 752 2553 825 indisciplinationem,
2569 767 2737 824 quam
2749 767 2871 809 com
2882 751 3168 822 passionis
3178 750 3594 821 aﬁectulugen-

1938 846 2034 898 tur
2082 848 2312 913 pr0pter
2359 843 2728 913 impietatem.
2784 841 3091 899 Veritatem
3138 840 3293 896 enim
3340 837 3584 894 ferentes

1940 926 2342 1006 [deferentes],
2366 937 2422 988 et
2448 948 2479 987 ει
2510 931 2656 988 bona
2678 932 2879 987 semita
2909 936 2964 987 et
2991 930 3145 1002 regia
3161 930 3254 985 via
3284 926 3489 998 aversi,
3520 925 3579 981 in

1938 1019 2151 1077 foveam
2184 1027 2241 1077 et
2271 1022 2467 1079 hiatus
2485 1026 2656 1092 atque
2696 1021 3015 1092 praecipitia
3048 1019 3333 1077 incidunt.
3361 1015 3585 1086 Quibus

1936 1117 1993 1168 et
2018 1111 2395 1181 proverbialis
2416 1126 2600 1167 sermo
2618 1111 2980 1181 pronuntiat:
3006 1113 3066 1166 In
3087 1109 3215 1166 axis
3238 1105 3328 1182 [In
3344 1101 3579 1179 axibus]

1936 1200 2060 1273 agri
2088 1201 2180 1257 sui
2206 1206 2559 1269 erraverunt,
2588 1206 2644 1256 et
2673 1200 3025 1272 collegerunt
3050 1198 3315 1255 manibus
3333 1194 3586 1252 infecun-

1936 1289 2174 1345 ditatem
2207 1289 2393 1361 (Prov.
2426 1291 2540 1365 x1).
2570 1292 2807 1360 Pr0ptcr
2837 1290 2984 1360 quod
3035 1294 3091 1344 et
3119 1293 3317 1343 acutas
3346 1284 3586 1356 sagittas

1939 1393 2092 1450 suas,
2122 1385 2176 1435 et
2204 1386 2393 1435 tensos
2415 1394 2603 1449 arcus,
2634 1394 2778 1450 quos
2803 1378 3074 1433 adversus
3104 1375 3410 1431 Ecclesium
3429 1374 3585 1442 jacu-

1940 1468 2041 1525 lati
2074 1475 2229 1541 sunt,
2262 1469 2321 1525 in
2353 1471 2520 1526 corde
2553 1470 2807 1540 ipsorum
2830 1467 3090 1524 veritatis
3114 1472 3393 1522 amatores
3412 1468 3468 1517 et
3480 1463 3586 1531 ju—

1939 1561 2114 1617 stitia:
2136 1559 2474 1631 quaesitores
2504 1560 2818 1615 inﬁxerunt
2843 1577 2858 1629 ;
2881 1565 2936 1613 et
2955 1562 3259 1613 assumunt
3278 1553 3454 1609 David
3474 1565 3586 1607 mo-

1936 1651 2230 1707 dulantem
2269 1651 2328 1705 in
2360 1649 2572 1721 spiritu
2603 1648 2618 1719 (
2645 1649 2785 1704 Psui.
2818 1647 2968 1720 vu):
3003 1648 3209 1702 Lacum
3239 1646 3587 1715 aperuerunt

189 1736 362 1807 tiplex.
397 1735 604 1791 Ariani
628 1735 839 1806 quippe
854 1741 1173 1792 creaturam
1201 1736 1455 1792 dicentes
1474 1738 1652 1793 Deum
1682 1738 1829 1793 Ver-
1860 1736 1910 1796 Β
1941 1740 2115 1809 hujus
2137 1739 2439 1810 pravitatis
2470 1739 2853 1806 institutores,
2877 1742 2933 1793 et
2957 1735 3224 1793 foderunt
3241 1747 3392 1804 eum,
3418 1735 3476 1787 et
3507 1730 3590 1785 in-

186 1825 478 1895 bum,cum
530 1824 636 1880 hac
690 1824 867 1895 impia
919 1824 1276 1895 blasphemia
1323 1839 1427 1885 sua
1456 1826 1581 1881 sine
1634 1825 1825 1882 anima

191 1914 322 1969 hunc
371 1915 735 1970 incarnatum
789 1913 970 1971 fuisse
1037 1914 1219 1970 delire
1272 1914 1497 1970 mentiti
1546 1921 1701 1972 sunt.
1757 1917 1824 1971 Et

187 2003 450 2074 Eutychos
476 2001 682 2058 infelix
713 2017 881 2059 unam
915 2009 1178 2061 naturam
1205 2004 1450 2074 opinans
1496 2005 1554 2061 in
1580 2005 1825 2075 dispen-

189 2094 390 2148 satione
406 2092 659 2161 Domini,
680 2092 1128 2164 blasphemabat,
1147 2093 1492 2150 diviniorem
1517 2096 1819 2164 quamdam

188 2196 395 2239 carnem
434 2181 636 2237 dicens
666 2195 795 2239 eum
822 2183 1163 2256 suscepisse,
1195 2189 1251 2240 et
1295 2198 1406 2240 non
1438 2184 1824 2240 consubstan—

192 2272 365 2328 tialem
398 2277 620 2328 natura:
669 2278 895 2329 nostrae.
950 2272 1235 2329 Similiter
1263 2287 1398 2345 ergo
1449 2277 1505 2328 et
1535 2273 1827 2329 antistites

189 2361 350 2431 hujus
366 2362 649 2418 hiereseos
670 2363 776 2418 hos
792 2361 1142 2434 aamulantes,
1175 2377 1286 2420 una
1315 2363 1565 2419 novitate
1591 2363 1828 2419 minime

189 2452 450 2523 contenti,
481 2457 541 2507 et
565 2451 884 2507 satietatem
926 2452 1061 2507 mali
1095 2467 1207 2508 non
1251 2452 1542 2523 habentes,
1570 2458 1625 2509 et
1653 2453 1826 2508 aliam

192 2540 420 2595 vicinam
444 2541 621 2610 hujus
641 2542 1030 2611 arripuerunt.
1054 2542 1359 2613 Sequentia
1376 2538 1822 2617 [Consentanea]

194 2642 311 2685 vero
335 2630 589 2701 eloquia,
617 2636 881 2701 putantes
915 2631 1131 2686 sanctis
1155 2631 1424 2687 Patribus
1443 2632 1750 2703 cozequari,
1772 2638 1830 2689 et

191 2719 469 2790 hypocrisi
499 2720 842 2777 simulantes
872 2721 1159 2794 pietatem,
1188 2720 1502 2792 proferunt.

580 2847 865 2915 Gregorius
918 2847 1197 2917 episcopus
1247 2848 1375 2915 legit
1402 2865 1419 2901 :

242 2972 267 3002 ‹
293 2951 351 3008 Si
379 2952 518 3023 quis
550 2966 663 3009 non
691 2953 997 3010 conﬁtetur
1040 2955 1517 3011 resurrectionem
1564 2958 1829 3012 mortuo-

1935 1830 2203 1886 ciderunt
2235 1830 2295 1885 in
2322 1827 2539 1885 foveam
2570 1841 2738 1899 quam
2771 1826 3059 1883 fecerunt:
3087 1830 3145 1882 et
3172 1836 3479 1881 conversus
3501 1823 3587 1876 est

1932 1919 2099 1975 dolor
2126 1932 2323 1975 eorum
2366 1919 2429 1975 in
2460 1924 2632 1988 caput
2672 1930 2889 1986 eorum,
2918 1922 2974 1971 et
3004 1917 3064 1972 in
3094 1914 3361 1972 verticem
3391 1922 3587 1967 eorum

1934 2008 2220 2079 iniquitas
2248 2021 2445 2064 eorum
2475 2007 2795 2063 descendet.
2852 2006 3132 2075 Quoniam
3192 2004 3396 2060 dicunt
3424 2012 3588 2055 ama-

1931 2112 2057 2154 rum
2084 2096 2269 2167 dulce,
2297 2103 2353 2152 et
2380 2096 2548 2152 dulce
2591 2111 2886 2152 amarum:
2933 2102 2990 2151 et
3016 2098 3235 2164 ponunt
3282 2092 3465 2147 lucem
3493 2093 3587 2144 te-

1936 2186 2158 2257 nebras,
2187 2193 2243 2242 et
2262 2185 2525 2242 tenebras
2568 2186 2749 2242 lucem
2771 2184 2944 2258 (Psul.
2976 2184 3055 2256 v),
3083 2183 3338 2238 dicentes
3367 2180 3473 2236 ita:

2365 2311 2650 2380 Gregorius
2690 2312 2967 2381 episcopus
2993 2311 3156 2379 legit:

2011 2458 2036 2490 (ι
2064 2434 2166 2493 llis
2194 2437 2376 2509 igitur
2399 2453 2432 2492 a
2458 2435 2626 2492 nobis
2650 2450 2779 2493 cum
2802 2435 2958 2490 omni
2993 2433 3362 2491 districtione
3380 2434 3436 2487 et
3455 2430 3588 2487 dili-

1940 2547 1965 2577 »
1996 2527 2186 2600 gentia
2216 2526 2481 2597 decretis,
2518 2525 2828 2581 deﬁnimus
2856 2524 3029 2580 aliam
3062 2523 3226 2579 ﬁdem
3273 2521 3489 2578 nemini
3525 2520 3590 2575 li-

1940 2638 1965 2669 »
1997 2631 2123 2674 cere
2151 2615 2421 2687 proferre,
2453 2616 2509 2672 id
2536 2619 2623 2671 est
2669 2614 3030 2671 conscribere
3088 2612 3175 2668 vel
3228 2623 3588 2681 componere-

1938 2727 1963 2756 »
1997 2713 2099 2763 aut
2128 2719 2325 2776 sapere
2350 2718 2450 2761 seu
2479 2705 2683 2761 docere
2711 2704 2900 2760 aliter.
2932 2702 3006 2758 At
3033 2715 3165 2758 vero
3195 2700 3295 2772 qui
3322 2700 3448 2756 ausi
3473 2696 3590 2754 fue-

1938 2815 1965 2846 »
2000 2796 2121 2852 rint
2144 2808 2481 2865 componere
2503 2794 2669 2850 ﬁdem
2712 2794 2908 2865 aliam,
2936 2792 3023 2849 vel
3055 2790 3326 2862 proferre,
3357 2793 3459 2845 aut
3476 2786 3590 2843 do-

1940 2904 1966 2935 »
1997 2900 2143 2955 cere,
2175 2888 2276 2941 aut
2302 2885 2523 2940 tradere
2547 2884 2640 2939 his
2661 2883 2762 2954 qui
2789 2883 2991 2939 volunt
3015 2880 3217 2939 reverti
3241 2880 3310 2935 ad
3340 2876 3582 2949 agnitio,

1940 2994 1965 3025 »
2002 2989 2127 3031 nem
2159 2974 2422 3030 veritatis
2449 2988 2482 3029 a
2514 2987 2857 3045 quacunque
2888 2970 3090 3028 haeresi
3115 2989 3129 3042 ;
3156 2974 3257 3025 aut
3280 2967 3585 3025 novitatem

183 3060 205 3088 ⁸
235 3056 381 3137 "‘{ni
414 3045 491 3137 ,εί
539 3040 857 3137 Ῑυβίθίξπηλ
894 3048 950 3137 εῗῖ
997 3042 1434 3137 Γείτξδιξίςίοηθω
1486 3044 1826 3116 condignam
1857 3070 1905 3130 C.
1940 3084 1964 3113 »
1998 3078 2220 3127 vocum,
2254 3063 2311 3118 id
2339 3068 2426 3119 est
2454 3040 2734 3137 dictionis
2756 3040 3237 3129 adiuventionem,
3266 3058 3334 3114 ad
3362 3056 3589 3113 subver-

177 3149 199 3177 β
232 3131 553 3202 unicuique
599 3131 778 3201 justis
824 3132 923 3187 Dei
988 3132 1339 3203 ponderibus
1388 3146 1825 3204 recompensan-

176 3222 388 3293 sdum,
442 3228 645 3277 etnon
699 3220 819 3278 fore
874 3223 1177 3280 terminum
1235 3223 1533 3295 supplicii,
1588 3224 1684 3279 sed
1728 3237 1829 3279 nec

176 3332 195 3358 ε
226 3311 482 3367 celestis
522 3310 712 3391 regni,
749 3310 805 3366 id
860 3317 946 3368 est
981 3312 1080 3368 Dei
1138 3311 1637 3384 deliciarum(non
1687 3314 1830 3368 enim

174 3420 196 3446 β
230 3406 309 3456 est
338 3417 573 3469 regnum
617 3402 868 3457 calorum
914 3418 1034 3457 esca
1080 3407 1131 3458 et
1168 3408 1354 3473 potus,
1396 3404 1492 3458 sed
1508 3404 1755 3474 justitia,
1779 3408 1831 3458 et

174 3509 195 3537 ι,
220 3507 362 3561 pum,
396 3496 449 3546 et
476 3491 747 3559 gaudium
774 3493 835 3546 in
854 3492 1068 3563 Spiritu
1095 3497 1282 3547 sancto
1307 3489 1491 3567 [Rom
1535 3507 1631 3548 XIV
1661 3493 1703 3565 ],
1732 3506 1831 3549 se—

171 3596 193 3627 »
226 3582 487 3638 cundum
521 3580 786 3638 divinum
816 3582 1190 3657 Apostolum)
1217 3583 1517 3639 anathema
1542 3582 1555 3637 !
1582 3601 1610 3634 ››

563 3707 912 3778 Epiphanius
955 3709 1218 3765 diaconus
1263 3710 1431 3777 legit:

208 3815 363 3870 .Hazc
397 3813 714 3884 primatum
745 3828 888 3870 vera:
923 3813 1054 3871 ﬁdei
1087 3820 1313 3886 nostrae,
1347 3822 1674 3872 sanctorum
1707 3815 1832 3871 sci-

169 3905 301 3962 licet
323 3904 746 3976 apostolorum,
773 3908 829 3960 et
855 3905 1218 3977 egregiorum
1251 3906 1482 3962 Patrum
1509 3911 1595 3961 est
1633 3920 1832 3978 segre—

170 3997 321 4067 gatio
351 3991 723 4069 [deﬁnitio].
750 3995 877 4049 Haec
902 3994 1202 4051 catholicae
1228 3995 1494 4051 Ecclesia:
1515 4001 1619 4063 est,
1642 4000 1699 4052 et
1719 4010 1831 4052 non

173 4085 581 4142 haereticorum
603 4082 907 4141 confessio.
945 4084 1104 4155 Quod
1136 4098 1266 4141 vero
1292 4085 1685 4158 subsequitur,
1712 4100 1835 4155 pro-

174 4175 360 4245 prium
402 4179 493 4231 est
522 4187 743 4245 eorum,
771 4174 1043 4245 quoniam
1093 4174 1627 4246 indisciplinatione
1656 4189 1721 4231 ac
1754 4175 1838 4230 in-

177 4265 503 4321 eruditione
529 4263 761 4335 plenum
801 4267 907 4337 est,
931 4264 1068 4321 dum
1096 4264 1177 4321 ita
1208 4264 1660 4321 circumbombat
1692 4261 1838 4339 [cir-

177 4353 440 4411 cumboat
457 4350 500 4429 ].

588 4459 878 4528 Gregorius
925 4462 1204 4531 episcopus
1254 4462 1411 4529 legit:

252 4589 277 4619 α
307 4568 364 4624 Si
396 4568 533 4640 quis
556 4582 669 4624 non
702 4568 908 4640 recipit
941 4572 1194 4625 sanctam
1217 4569 1363 4627 hanc
1382 4572 1439 4626 et
1456 4569 1835 4628 universalem

194 4658 541 4728 aseptimam
601 4658 883 4731 synodum
936 4663 1209 4731 nostram,
1262 4660 1358 4718 sed
1415 4659 1552 4716 huic
1606 4674 1836 4731 quoquo

197 4766 219 4793 ε
250 4748 407 4804 modo
438 4749 704 4820 derogat,
730 4752 919 4805 etnon
940 4763 1069 4805 cum
1102 4749 1257 4805 omni
1285 4748 1679 4806 satisfactione
1707 4763 1839 4805 am—

200 4854 219 4879 s
251 4836 512 4906 plectitur
532 4852 596 4895 ea
620 4852 746 4909 quae
770 4837 841 4893 ab
865 4838 988 4909 ipsa
1011 4838 1325 4895 secundum
1349 4839 1636 4896 divinitus
1660 4838 1838 4909 inspi-

200 4944 221 4972 ε
254 4932 380 4982 rata:
408 4928 721 4997 Scriptura:
741 4927 1059 4985 doctrinam
1095 4927 1332 4985 deﬁnita
1358 4932 1514 5002 sunt,
1536 4928 1836 4984 anathema

200 5034 222 5060 ι
250 5015 375 5072 sita
402 5019 566 5073 Patre
590 5023 648 5073 et
670 5017 823 5073 Filio
852 5023 907 5073 et
936 5018 1161 5088 Spiritu
1185 5024 1403 5090 sancto,
1436 5034 1501 5076 ac
1532 5018 1838 5075 universa—

202 5122 221 5151 ι
247 5103 395 5164 libus
433 5112 651 5179 septem
682 5107 953 5178 synodis!
989 5126 1017 5159 ››

573 5232 921 5303 Epiphanius
963 5234 1223 5289 diaconus
1266 5235 1420 5302 legit:

252 5340 526 5399 Veritatis
545 5341 891 5413 ignorantia,
910 5355 1183 5399 sensuum
1200 5343 1477 5399 etmentis
1490 5343 1831 5407 estczecitas.

190 5430 307 5487 Haec
328 5432 482 5488 enim
507 5445 708 5488 eorum
739 5432 1018 5488 sententia
1046 5432 1177 5503 plus
1209 5432 1531 5489 inscientiae
1555 5438 1612 5489 et
1635 5446 1839 5489 amen—

187 5521 278 5577 tia:
298 5535 468 5592 quam
492 5520 815 5592 impietatis
836 5521 1022 5578 habet.
1053 5523 1175 5579 Non
1193 5522 1346 5579 enim
1370 5522 1659 5594 sapientes
1677 5528 1833 5593 sunt,

184 5611 300 5667 nisi
327 5611 486 5668 circa
514 5609 1131 5682 indiscipliuationem.
1164 5612 1472 5684 Septimum
1498 5612 1650 5669 enim
1677 5625 1840 5685 syno~

1939 3173 1965 3202 »
1999 3153 2216 3210 sionem
2271 3152 2636 3223 praesentium
2688 3151 3090 3207 deﬁnitionum
3143 3162 3270 3219 qua:
3333 3145 3387 3202 a'
3420 3143 3586 3200 nobis

1941 3262 1965 3293 »
2001 3242 2371 3314 promulgata:
2410 3247 2563 3313 sunt,
2616 3240 3075 3298 introduxerint:
3138 3235 3425 3307 siquidem
3455 3232 3587 3303 epi-

1941 3352 1965 3382 »
1997 3333 2154 3403 scopi
2188 3331 2427 3403 fuerint,
2456 3332 2541 3388 vel
2567 3331 2788 3400 clerici,
2810 3330 3030 3385 alienos
3049 3340 3171 3384 esse
3194 3325 3493 3395 episcopos
3515 3321 3586 3377 ab

1941 3442 1965 3472 »
1998 3422 2354 3493 episcopatu,
2409 3426 2466 3477 et
2494 3420 2738 3476 clericos
2762 3432 2795 3474 a
2818 3418 3005 3487 clero;
3036 3416 3088 3472 si
3141 3428 3272 3471 vero
3321 3411 3584 3469 monachi

1938 3533 1965 3562 »
2002 3512 2217 3569 fuerint
2255 3516 2356 3569 aut
2387 3510 2544 3579 laici,
2575 3506 3065 3565 anathematizari.
3102 3524 3129 3555 »

2352 3635 2696 3706 Epiphanius
2727 3633 2988 3687 diaconus
3028 3630 3186 3699 legit:

2007 3762 2172 3819 Illusi
2189 3761 2260 3818 ab
2279 3758 2814 3831 indisciplinatione
2831 3758 2949 3814 haec
2964 3755 3035 3812 ab
3055 3753 3303 3827 egregiis
3318 3752 3587 3809 Patribus

1939 3853 2153 3909 nostris
2173 3857 2553 3922 extorserunt,
2572 3864 2638 3905 ac
2658 3848 2837 3905 veluti
2862 3846 3093 3919 propria
3119 3846 3581 3915 composuerunt.

1939 3944 2173 4013 Propter
2198 3942 2348 4013 quod
2375 3948 2429 3997 et
2452 3940 2643 3996 inanis
2673 3943 2730 3995 et
2748 3938 2971 3995 otiosus
2991 3940 3079 3992 est
3097 3948 3282 3992 sermo
3310 3934 3584 4005 ipsorum,

1940 4037 1996 4089 et
2025 4046 2125 4089 nec
2152 4030 2523 4102 responsione
2551 4030 2782 4102 dignus.

2367 4156 2655 4225 Gregorius
2685 4155 2962 4225 episcopus
2996 4150 3124 4219 legit
3145 4168 3158 4204 :

2015 4287 2041 4318 α
2073 4264 2201 4321 Divi
2235 4264 2606 4335 imperatores
2635 4259 3046 4318 Constantinus
3065 4262 3122 4313 et
3152 4258 3259 4312 Leo
3282 4254 3585 4310 dixerunt:

1948 4376 1971 4405 »
2004 4355 2169 4411 Dicat
2194 4360 2388 4410 sancta
2409 4356 2463 4409 et
2484 4350 2830 4410 universalis
2852 4348 3121 4420 synodus,
3147 4346 3197 4401 si
3226 4358 3324 4416 per
3343 4354 3592 4399 consen-

1863 4428 1920 4491 D
1949 4465 1973 4495 »
2009 4458 2134 4502 sum
2153 4444 2410 4501 omnium
2443 4440 2938 4500 sanctissimorum
2961 4437 3356 4507 episcOporum
3395 4429 3594 4488 deﬁni-

1949 4555 1973 4586 »
2008 4534 2090 4591 tio
2122 4548 2247 4605 qua:
2278 4548 2430 4589 nunc
2462 4532 2602 4588 lecta
2642 4533 2746 4601 est,
2778 4525 3135 4599 promulgata
3163 4523 3261 4579 sit.

2019 4643 2045 4675 α
2074 4623 2141 4678 Sa
2152 4628 2275 4679 acta
2293 4621 2545 4692 synodus
2565 4616 2929 4676 exclamavit:
2954 4614 3160 4671 Omnes
3182 4612 3262 4668 ita
3278 4609 3588 4673 credimus,

1948 4732 1973 4763 »
2007 4725 2203 4768 omnes
2234 4711 2486 4781 idipsum
2508 4709 2794 4779 sapimus;
2832 4717 3027 4762 omnes
3046 4704 3424 4759 consonanter
3442 4703 3499 4755 et
3528 4698 3595 4755 li-

1948 4823 1972 4852 »
2006 4801 2204 4857 benter
2225 4799 2695 4869 subscripsmus,
2722 4810 2918 4854 omnes
2942 4792 3257 4851 orthodoxe
3280 4790 3592 4860 credimus,

1949 4912 1971 4939 »
2001 4905 2195 4948 omnes
2214 4887 2664 4961 intelligibiliter
2683 4883 3111 4958 intelligibilem
3127 4881 3489 4938 divinitatem
3501 4878 3597 4934 ad-

1948 5000 1972 5029 »
2006 4978 2270 5036 oramus!
2303 4980 2428 5033 Haec
2478 4982 2564 5033 est
2611 4976 2750 5031 ﬁdes
2783 4973 3190 5045 apostolorum,
3241 4971 3358 5026 haec
3403 4974 3489 5025 est
3520 4967 3597 5023 ﬁ-

1948 5091 1972 5120 »
2004 5071 2104 5127 des
2139 5071 2389 5135 Patrum,
2424 5067 2543 5123 haec
2572 5070 2656 5123 est
2683 5065 2821 5121 ﬁdes
2850 5063 3296 5120 orthodoxorum
3323 5059 3335 5114 l
3360 5059 3452 5115 Sic
3482 5071 3600 5113 om-

1947 5181 1971 5212 »
2006 5175 2106 5218 nes
2134 5159 2447 5217 servientes
2475 5159 2590 5214 Deo
2628 5152 2978 5212 adorabunt!
3008 5151 3217 5209 Multos
3246 5164 3427 5207 annos
3475 5148 3596 5225 im—

1947 5270 1971 5299 »
2006 5255 2332 5321 peratorum
2363 5247 2374 5302 !
2408 5246 2739 5304 Luminaria
2793 5242 2969 5315 pacis,
3002 5240 3260 5311 Domine,
3322 5236 3589 5294 custodi:

1947 5359 1972 5389 »
2008 5340 2181 5413 piam,
2228 5338 2485 5409 Domine,
2517 5338 2693 5394 vitam
2726 5337 2883 5395 illis!
2919 5336 3090 5394 Leoni
3118 5337 3174 5387 et
3218 5330 3592 5393 Constantino

1948 5449 1973 5479 »
2006 5435 2217 5487 aeterna
2246 5429 2556 5485 memoria!
2588 5429 2697 5485 Vos
2725 5429 2865 5485 estis
2897 5443 3003 5499 pax
3028 5428 3186 5486 orbis
3212 5432 3409 5483 terrm:
3446 5434 3592 5477 con-

1948 5524 1973 5569 )3
2009 5525 2193 5577 servet
2219 5535 2320 5577 vos
2368 5520 2505 5577 ﬁdes
2556 5520 2778 5576 vestra!
2831 5519 3126 5574 Christum
3172 5509 3587 5578 honoriﬁcatis,

1948 5630 1973 5662 »
2004 5610 2126 5683 ipse
2155 5624 2253 5668 vos
2276 5607 2670 5667 conservabit!
2698 5606 3111 5664 Orthodoxiam
3141 5619 3242 5662 vos
3278 5600 3592 5660 conﬁrma-
