4010 6160
446 269 550 332 447

1679 267 2038 326 ANASTASII
2075 267 2620 328 BIBLIOTHEGARII

3759 263 3860 326 με

446 419 474 452 »
511 398 658 456 stis!
691 398 874 470 Piam,
913 397 1174 468 Domine,
1215 397 1392 455 vitam
1421 397 1510 455 eis
1533 398 1546 454 ι
1573 398 1740 456 Absit
1780 397 2004 455 invidia
2031 393 2103 454 ab
2128 386 2185 447 A
2214 397 2386 469 cepti,
2412 395 2745 454 adulatione
2781 393 3016 451 intincti
3047 388 3330 468 [demersi
3355 387 3376 466 ]
3399 392 3576 448 sunt:
3616 392 3674 446 et
3703 393 3862 462 aptas

449 507 476 541 ιο
513 489 758 560 imperio
772 501 970 544 eorum
986 487 999 542 ι
1019 490 1170 554 Deus
1182 487 1474 545 custodiat
1492 488 1802 560 imperium
1819 491 2070 544 vestrum
2087 485 2100 540 ι

451 596 478 629 »
512 580 665 634 Deus
715 577 1022 648 imperium
1076 581 1328 634 vestrum
1359 577 1656 648 paciﬂcetl
1712 578 1908 633 Vestra
1964 575 2102 647 vita,

450 686 476 717 ιο
513 667 967 748 orthodoxorum
988 666 1106 728 vita
1129 665 1142 720 l
1165 666 1426 722 Caelestis
1453 680 1553 722 rex
1571 672 1827 722 terrenos
1845 664 2102 722 custodi!

451 776 478 807 υ
517 771 616 828 per
655 771 756 813 vos
804 755 1151 812 universalis
1194 755 1446 811 Ecclesia
1479 755 1773 826 paciﬁcata
1819 754 1942 811 est!
1996 755 2107 810 Vos

451 862 478 896 »
510 845 827 902 luminaria
849 844 1206 900 orthodoxia:
1221 843 1390 900 estisl
1417 843 1752 901 Luminaria
1784 843 1964 913 orbis,
1988 845 2110 899 Do—

451 952 478 984 »
510 935 684 1007 mine,
707 933 1013 991 conserva!
1047 935 1274 990 Eterna
1324 934 1598 990 memoria
1636 933 2016 991 Constantino
2053 936 2109 988 et

452 1044 478 1076 ››
513 1025 722 1082 Leoni!
757 1027 912 1081 Novo
959 1023 1336 1082 Constantino
1377 1023 1644 1094 piissimo
1699 1024 2108 1094 imperatorum

451 1133 478 1165 »
515 1115 730 1171 multos
781 1113 1003 1171 annos!
1064 1113 1112 1169 Α
1143 1127 1346 1185 genere
1393 1113 1796 1184 orthodoxum,
1849 1111 2106 1176 Domine,

451 1222 479 1256 »
515 1204 781 1262 custodi:
814 1205 986 1275 piam,
1017 1203 1277 1274 Domine,
1309 1203 1485 1260 vitam
1531 1203 1584 1258 ei
1611 1221 1624 1256 :
1654 1201 1922 1258 abscebat
1953 1200 2113 1257 invi-

452 1312 479 1344 »
508 1293 654 1350 diaa
677 1307 850 1366 regno
867 1293 1020 1364 ejus!
1044 1293 1330 1349 Piissimaa
1353 1292 1625 1366 Augustae
1653 1291 1865 1348 multos
1893 1303 2074 1346 annos
2094 1289 2106 1344 ι

453 1402 480 1434 υ
513 1383 648 1440 Eam
677 1398 804 1454 qua:
829 1383 940 1454 pia,
975 1397 1102 1454 quae
1131 1382 1448 1439 orthodoxa
1469 1385 1574 1453 est,
1597 1384 1748 1438 Deus
1781 1379 2107 1437 conservet!

453 1488 480 1522 ››
513 1470 797 1528 Abscedat
823 1471 1042 1528 invidia
1071 1484 1103 1526 a
1148 1485 1321 1543 regno
1364 1470 1588 1527 vestro!
1631 1471 1782 1526 Deus
1823 1468 2113 1525 custodiat

456 1577 484 1611 »
522 1559 829 1630 imperium
877 1565 1150 1622 vestrum,
1198 1561 1351 1615 Deus
1404 1558 1664 1629 paciﬁcet
1722 1571 1959 1630 regnum
2011 1570 2116 1613 ve—

2216 502 2282 544 ac
2309 488 2573 544 decentes
2610 485 2929 542 declamare
2970 481 3416 554 imperatoribus
3464 479 3666 537 laudes
3695 494 3867 537 recu-

2215 582 2427 648 santes,
2459 591 2524 633 ea
2556 589 2682 648 quae
2713 576 2774 632 in
2797 575 3092 631 Christum
3118 574 3296 629 Deum
3323 574 3586 628 nostrum
3617 569 3871 626 referun-

2216 669 2314 722 tur
2335 666 2422 721 eis
2449 666 2960 735 deprompserunt:
2991 675 3122 720 cum
3157 661 3339 733 magis
3365 663 3653 730 oporteret
3693 658 3871 716 forti—

2215 754 2448 811 tudines
2479 754 2684 810 horum
2715 753 2958 822 edicere,
2987 755 3186 807 contra
3205 749 3398 806 hostes
3422 748 3718 821 victorias,
3748 747 3873 803 bar-

2217 843 2442 912 baricas
2462 843 2866 914 subjectiones,
2893 855 3035 913 quas
3058 841 3118 897 in
3147 837 3502 910 imaginibus
3521 843 3580 894 et
3609 838 3668 893 in
3693 837 3878 908 parie-

2215 932 2376 990 tibus
2407 932 2467 988 in
2489 931 2819 988 memoriam
2853 928 3206 986 narrationis
3237 927 3406 984 multi
3453 927 3790 999 pinxerunt,
3819 931 3877 981 et

2217 1023 2474 1079 videntes
2503 1021 2570 1078 ad
2597 1035 2845 1078 amorem
2872 1025 2929 1077 et
2966 1020 3151 1076 zelum
3182 1021 3518 1074 traxerunt:
3561 1015 3878 1086 subjicien-

2219 1113 2423 1170 dorum
2445 1111 2862 1182 acquisitiones
2883 1104 3300 1183 [subjectorum
3323 1101 3876 1179 conservationem],

2220 1201 2486 1272 consilia,
2515 1207 2745 1273 treptea,
2771 1199 3090 1256 mundanos
3105 1202 3311 1268 status,
3338 1196 3541 1252 civiles
3559 1195 3889 1252 ordinatio-

2222 1305 2341 1363 nes,
2373 1291 2673 1347 civitatum
2699 1289 3066 1346 directiones.
3100 1288 3194 1342 llze
3225 1289 3363 1342 sunt
3389 1284 3556 1341 laude
3589 1283 3788 1355 dignae
3817 1296 3886 1338 ac

2221 1380 2383 1436 bona:
2433 1379 2734 1436 oil‘erendaa
2793 1375 3241 1448 imperatoribus
3283 1373 3467 1445 famae,
3523 1387 3622 1444 per
3653 1385 3804 1444 quas
3833 1377 3889 1427 et

2221 1483 2386 1526 omne
2402 1470 2552 1540 quod
2580 1468 2876 1526 subditum
2899 1471 3049 1524 esset
3075 1466 3182 1537 eis,
3207 1468 3612 1536 provocaretur
3635 1464 3710 1520 ad
3729 1477 3893 1518 men-

2191 1562 2333 1619 .tem
2367 1555 2492 1632 [est
2518 1558 2623 1630 eis,
2677 1561 3018 1628 provocatur
3043 1556 3115 1612 ad
3161 1549 3672 1628 benevolentiam].
3706 1553 3890 1610 Porro

457 1667 483 1700 »
519 1648 739 1705 struml
769 1646 1132 1704 lnconfusam
1165 1648 1225 1704 in
1245 1647 1474 1704 Christo
1504 1647 1990 1717 dispensationem
2014 1659 2114 1702 vos
2147 1715 2188 1720 _
2225 1647 2456 1720 linguas
2484 1647 2675 1704 adhuc
2701 1654 2902 1702 acutas
2931 1645 3226 1716 habentes,
3259 1648 3316 1700 et
3343 1644 3490 1700 iram
3521 1655 3588 1698 ac
3631 1655 3894 1698 accusa-

456 1761 483 1792 »
519 1741 659 1796 bene
681 1737 1077 1796 dlSCl‘eVlStiSl
1141 1715 1692 1808 Inseparabilitatem
1747 1737 1996 1792 duarum
2050 1734 2111 1790 in
2144 1715 2197 1777 Β
2226 1715 2438 1793 tionem
2495 1735 2799 1807 spirantes,
2853 1734 2912 1790 in
2959 1715 3220 1791 obscura
3264 1732 3402 1790 luna
3444 1745 3506 1789 se
3537 1735 3748 1802 putant
3788 1743 3896 1787 sa—

458 1848 484 1881 »
515 1829 746 1886 Christo
777 1833 1111 1884 naturarum
1161 1826 1386 1882 firmius
1414 1840 1514 1882 vos
1545 1823 1938 1896 praedicastisl
1967 1824 2118 1880 San-

457 1938 485 1971 »
514 1927 738 1976 ctorum
767 1923 824 1974 et
853 1917 1268 1974 universalium
1299 1930 1396 1972 sex
1420 1915 1801 1972 conciliorum
1848 1915 2116 1982 dogmata

458 2026 486 2060 »
514 2021 614 2063 vos
644 2006 960 2063 roborastis
987 2005 1000 2060 l
1034 2005 1267 2062 Omnem
1298 2004 1685 2060 idololatriam
1718 2017 1814 2060 vos
1839 2001 2120 2059 extermi-

459 2116 486 2148 ››
521 2096 741 2152 nastisl
779 2095 1082 2167 Magistros
1129 2093 1462 2164 hujusmodi
1483 2093 1701 2150 erroris
1731 2107 1830 2149 vos
1862 2091 2116 2164 publica-

461 2203 487 2236 »
522 2184 668 2242 stis!
699 2184 998 2242 Contraria
1020 2183 1332 2240 sentientes
1361 2197 1461 2240 vos
1491 2181 1870 2254 propalastisl
1907 2200 1938 2234 iv

852 2327 1200 2399 Epiphanius
1251 2327 1514 2382 diaconus
1568 2327 1722 2396 legit:

530 2452 978 2510 Pronuntiantes
1027 2451 1474 2522 imperatoribus
1503 2455 1794 2524 consueta,
1832 2451 2116 2508 mendacii

465 2541 766 2599 furoribus
795 2541 960 2611 quasi
995 2539 1220 2597 facibus
1247 2541 1498 2596 animam
1524 2541 1890 2598 exardescere
1913 2538 2120 2597 facien-

461 2635 566 2703 tes,
590 2644 658 2686 ex
675 2630 798 2700 ipsa
815 2629 1034 2685 diaboli
1057 2630 1551 2700 argumentatione
1567 2629 1906 2701 loquuntur,
1929 2629 2122 2686 dicen-

461 2725 580 2778 tes:
615 2719 850 2776 Omnem
883 2717 1272 2774 idololatriam
1299 2732 1398 2775 vos
1419 2719 1866 2775 exterminastis.
1891 2719 2118 2775 Utinam

464 2809 654 2866 surdae
680 2807 880 2863 ﬂerent
904 2820 1072 2863 aures
1098 2811 1326 2878 nostrae,
1365 2820 1436 2863 ne
1465 2807 1736 2864 audirent
1760 2821 2124 2879 corrumpen-

460 2903 573 2955 tem
605 2896 829 2953 animas
848 2909 1058 2952 vocem.
1107 2895 1264 2967 Noli,
1289 2895 1482 2967 inquit
1504 2896 1882 2966 proverbialis
1912 2911 2117 2970 sermo,

460 2985 735 3043 assiduus
763 2997 886 3041 esse
915 2998 1046 3041 cum
1079 2985 1319 3041 muliere
1352 2983 1854 3057 meretrice(Prov.
1887 2999 1941 3041 v.
1964 2985 1999 3060 ).
2029 2987 2122 3043 Sa-

463 3076 709 3134 lutarem
735 3088 982 3145 namque
1025 3073 1482 3146 dispensationis
1525 3075 1804 3132 rationem
1849 3076 2118 3133 demoliri
2149 3083 2200 3149 ο

461 3165 734 3236 volentes,
752 3164 812 3220 in
825 3176 1048 3220 omnem
1060 3163 1430 3234 blasphemia:
1441 3177 1735 3220 excessum
1747 3165 2116 3224 devenerunt.

463 3255 534 3311 Et
561 3253 699 3325 quid
733 3253 803 3308 ad
837 3252 983 3308 hanc
1009 3251 1314 3324 lugendam
1354 3251 1570 3308 rabiem
1600 3253 1880 3325 dicemus,
1911 3255 2025 3311 nisi
2055 3269 2121 3312 ea

465 3357 655 3416 quaea
706 3341 932 3414 Spiritu
980 3346 1178 3398 sancto
1233 3355 1332 3412 per
1381 3343 1558 3399 David
1620 3342 2120 3416 psalmograpbum

464 3433 685 3502 prolata
710 3431 894 3489 sunt?
944 3433 1222 3488 Venenum
1263 3433 1520 3502 aspidum
1559 3433 1662 3488 sub
1711 3434 1872 3489 labiis
1900 3451 2121 3501 eorum;

462 3524 773 3594 sepulcrum
790 3527 988 3592 patens
1017 3526 1097 3578 est
1118 3527 1312 3591 guttur
1335 3538 1554 3589 eorum;
1582 3523 1786 3591 linguis
1807 3526 1922 3579 suis
1943 3525 2124 3580 dolose

463 3613 699 3682 agebant
719 3610 898 3684 (Psal.
924 3610 1078 3684 xm).
1107 3611 1251 3666 Hinc
1269 3614 1326 3666 et
1359 3611 1698 3666 deciderunt
1712 3624 1744 3666 a
1760 3611 2126 3683 cogitationi-

465 3700 574 3756 bus
604 3700 748 3766 suis,
774 3698 1022 3769 judicati
1053 3711 1084 3752 a
1110 3697 1341 3753 Christo
1371 3699 1486 3753 Deo
1511 3704 1730 3769 nostro,
1758 3699 1860 3770 qui
1888 3713 1993 3756 nos
2016 3701 2126 3756 eri-

466 3788 596 3860 puit
623 3787 694 3843 ab
727 3785 1014 3841 idolorum
1057 3797 1268 3841 errore.
1305 3787 1428 3854 Ipse
1456 3785 1610 3841 enim
1641 3787 1810 3843 homo
1841 3786 2126 3858 perfectus

471 3881 704 3949 pr0pter
731 3873 972 3930 salutem
995 3879 1246 3930 nostram
1275 3873 1399 3928 ﬁeri
1429 3874 1721 3946 dignatus,
1757 3889 1978 3932 omnem
2009 3877 2126 3934 ido-

465 3963 754 4021 lolatriam
792 3961 1210 4020 exterminavit.
1244 3961 1406 4018 Dixit
1437 3961 1591 4018 enim
1627 3977 1727 4034 per
1760 3964 2117 4036 prophetam:

463 4055 599 4109 Ecce
641 4051 758 4107 dies
797 4052 1042 4114 veniunt,
1064 4055 1116 4105 et
1156 4051 1340 4106 delebo
1387 4053 1609 4106 nomina.
1649 4053 2067 4110 simulacrorum
2090 4072 2125 4110 a

465 4147 632 4212 terra,
656 4145 706 4195 et
737 4141 862 4210 jam
904 4156 1014 4195 non
1059 4141 1163 4195 erit
1206 4155 1390 4195 eorum
1440 4144 1698 4197 memoria
1725 4140 1919 4214 (Zach.
1954 4144 2120 4220 xm).

464 4231 693 4288 Certum
717 4242 852 4302 ergo
876 4233 963 4284 est
994 4229 1144 4300 quod
1179 4229 1478 4300 prOphetia
1506 4230 1566 4287 in
1595 4231 1785 4300 ipsum
1823 4230 2121 4306 referatur,

468 4323 526 4376 et
556 4331 668 4375 non
695 4317 870 4375 sicuti
900 4317 1012 4389 ipsi
1033 4318 1324 4385 dixerunt,
1352 4319 1420 4375 ad
1443 4319 1749 4390 imperium
1770 4320 2119 4393 principum.

2225 1825 2434 1898 gittare
2464 1821 2772 1900 [videntur
2817 1819 2974 1899 sag.]
3011 1827 3197 1880 rectos
3245 1822 3436 1894 corde,
3483 1821 3749 1898 dicentes
3811 1819 3895 1875 ita

2229 1911 2444 1990 [ista]:

2615 2019 2906 2089 Gregorius
2971 2019 3250 2090 episcopus
3293 2019 3422 2088 legit
3455 2035 3470 2072 :

2297 2145 2574 2208 Germani,
2607 2143 2826 2212 Georgii
2861 2148 2913 2198 et
2943 2144 3196 2206 Mansur,
3225 2143 3383 2198 mala:
3415 2141 3696 2212 opinionis
3730 2141 3899 2196 viro-

2225 2250 2349 2290 rum
2371 2249 2587 2290 sensum
2623 2249 2716 2288 vos
2751 2233 3094 2288 dissolvistis.

2299 2323 2566 2379 Germano
2605 2322 2814 2392 duplici
2854 2337 3016 2376 sensu
3063 2325 3113 2376 et
3143 2321 3282 2389 ligni
3317 2319 3531 2384 cultori,
3571 2319 3896 2374 anathema.

2298 2411 2524 2481 Georgio
2569 2414 2924 2466 consentaneo
2973 2410 3112 2479 ejus,
3156 2413 3207 2465 et
3249 2409 3484 2479 falsario
3526 2412 3903 2480 paternorum

2227 2501 2685 2570 magisteriorum,
2743 2499 3050 2554 anathema.

2300 2591 2532 2644 Mansur
2567 2604 2804 2658 nequam
2838 2589 3093 2652 nominis,
3126 2591 3178 2643 et
3201 2587 3408 2643 similia
3441 2586 3738 2643 Saracenis
3763 2601 3904 2642 sen-

2231 2679 2408 2742 tienti,
2431 2678 2740 2732 anathema.

2301 2769 2612 2835 Imaginum
2634 2767 2884 2822 servitori
2903 2769 2955 2822 et
2991 2767 3142 2834 falsa
3180 2765 3439 2821 scribenti
3461 2766 3722 2828 Mansur,
3747 2781 3906 2820 ana—

2235 2856 2434 2911 thema.

2301 2945 2692 3002 Contumelioso
2743 2947 2804 3001 in
2848 2945 3142 3009 Christum,
3209 2949 3262 3001 et
3315 2945 3634 3000 insidiatori
3677 2945 3909 3016 imperii

2229 3037 2481 3099 Mansur,
2505 3036 2816 3091 anathema.

2299 3126 2600 3195 Impietatis
2621 3125 2828 3180 doctori
2849 3129 2900 3180 et
2909 3124 3051 3180 malo
3063 3125 3351 3194 interpreti
3369 3123 3571 3179 divinae
3585 3122 3906 3195 Scriptura

2229 3216 2482 3278 Mansur,
2503 3215 2810 3270 anathema.

2306 3305 2548 3360 Trinitas
2572 3308 2680 3360 tres
2721 3305 2853 3360 istos
2889 3303 3155 3374 deposuit.

2656 3411 3004 3482 Epiphanius
3025 3410 3290 3465 diaconus
3330 3409 3458 3478 legit
3478 3425 3492 3462 :

2301 3517 2571 3573 Dicamus
2594 3516 2664 3572 ad
2696 3516 2813 3572 haec
2841 3516 2984 3572 illud
3020 3515 3339 3587 prophetae:
3367 3517 3550 3572 Facies
3584 3517 3905 3570 meretricis

2229 3610 2380 3677 facta
2401 3611 2480 3662 est
2503 3608 2622 3670 tibi,
2663 3622 2896 3662 renuens
2926 3607 3234 3661 erubescere
3261 3607 3338 3661 ad
3365 3621 3542 3660 omnes
3565 3602 3711 3676 (Jcr.
3771 3621 3843 3662 ιιι
3871 3607 3906 3679 ).

2232 3696 2454 3753 Etenim
2486 3695 2602 3752 illa:
2628 3696 2688 3752 in
2715 3710 2820 3752 sua
2847 3696 3157 3768 opprobria
3187 3703 3240 3753 et
3270 3696 3464 3767 turpia
3494 3695 3697 3752 studia
3726 3711 3914 3753 venu-

2233 3791 2411 3858 stataa,
2443 3799 2540 3842 eos
2569 3786 2669 3858 qui
2702 3786 2910 3857 pudice
2948 3785 3168 3859 vivunt,
3206 3785 3564 3842 subsannare
3588 3799 3912 3844 consueve-

2235 3880 2388 3932 runt.
2421 3873 2790 3932 Abominatio
2819 3875 2974 3932 enim
3007 3875 3404 3947 peccatoribus
3431 3875 3530 3930 Dei
3559 3875 3795 3933 cultus.
3825 3880 3910 3934 Ita

2233 3969 2288 4021 et
2306 3964 2404 4022 isti
2425 3963 2578 4021 labia
2597 3963 2866 4020 habentes
2881 3964 3100 4037 dolosa,
3132 3964 3310 4021 locuti
3327 3969 3465 4021 sunt
3481 3969 3683 4021 contra
3701 3966 3909 4035 justos

2236 4052 2602 4124 iniquitatem
2624 4052 2684 4108 in
2711 4051 2984 4123 superbia
3011 4058 3065 4108 et
3091 4059 3456 4124 comtemptu.
3477 4052 3582 4110 Sed
3607 4053 3915 4111 Dominus

2231 4141 2534 4198 abscondit
2548 4155 2646 4199 eos
2665 4141 2723 4197 in
2745 4140 2944 4198 abdito
2971 4140 3169 4198 vultus
3188 4141 3303 4212 sui,
3321 4147 3380 4198 et
3397 4154 3430 4198 a
3448 4141 3912 4200 conturbatione

2231 4245 2430 4288 eorum
2451 4230 2704 4287 contexit
2731 4243 2848 4300 eos,
2879 4235 2935 4286 et
2975 4243 3009 4286 a
3051 4231 3508 4288 contradictione
3556 4230 3911 4305 linguarum

2235 4319 2494 4390 ipsorum
2524 4319 2680 4376 eruit
2733 4333 2855 4376 eos.
2896 4318 2967 4375 Ut
3022 4319 3334 4376 luminaria
3382 4320 3534 4376 enim
3581 4319 3642 4375 iu
3678 4323 3912 4378 mundo

465 4407 785 4480 Apostasiae
811 4407 1025 4481 quippe
1056 4409 1351 4479 pr0prium
1403 4414 1510 4479 est,
1563 4409 1708 4465 hanc
1739 4411 1981 4483 gratiam
2021 4427 2122 4469 seu
2149 4409 2206 4473 D
2235 4407 2526 4480 luxerunt,
2559 4408 2790 4464 verbum
2819 4408 2950 4465 vitae
2978 4408 3364 4466 continentes:
3395 4408 3720 4466 Germanus
3749 4413 3916 4468 vide.

468 4499 683 4557 donum
707 4499 846 4555 aliis
857 4498 1155 4569 acquirere
1171 4494 1189 4571 [
1204 4493 1510 4572 tribuere].
1528 4497 1786 4555 Clamant
1804 4499 2122 4557 Christiani

470 4603 540 4646 ex
571 4587 905 4660 magnivoco
933 4586 1080 4642 Isaia
1106 4585 1283 4654 potati
1309 4603 1321 4639 :
1350 4587 1473 4642 Non
1495 4587 1724 4658 legatus,
1743 4604 1852 4643 non
1873 4591 2124 4658 angelus,

464 4678 562 4734 sed
580 4679 695 4747 ipse
713 4677 974 4730 Dominus
1007 4674 1244 4729 salvavit
1266 4689 1364 4728 nos
1389 4671 1527 4747 (Isa.
1571 4689 1712 4732 Lxm
1736 4676 1770 4751 ).
1795 4677 1854 4734 Si
1879 4692 2032 4751 vero,
2063 4685 2128 4737 ut

468 4765 582 4836 ipsi
614 4763 886 4833 fatentur,
913 4762 1312 4833 episcoporum
1342 4763 1652 4838 collegium
1677 4765 1760 4823 vel
1799 4781 1997 4840 regum
2025 4768 2128 4824 im-

467 4853 691 4926 perium
721 4852 876 4908 eruit
919 4864 1021 4907 nos
1047 4849 1121 4907 ab
1149 4865 1342 4909 errore
1394 4853 1704 4928 idolorum,
1752 4855 2046 4914 aberravit
2092 4871 2125 4914 a

466 4942 706 5000 veritate
737 4941 1052 4997 humanum
1079 4953 1258 5013 genus
1285 4947 1376 5014 get
1401 4956 1514 5000 non
1538 4943 1839 5016 salvantes,
1869 4946 1966 5002 sed
1991 4945 2128 5003 alte-

468 5029 596 5088 rius
625 5042 829 5102 magna
853 5028 1184 5087 extollentis
1208 5035 1296 5088 est
1331 5031 1436 5088 hoc
1464 5033 1692 5090 credere
1717 5033 1937 5092 salvum
1968 5031 2125 5110 [Gr.,

467 5119 586 5177 alio
605 5117 859 5175 salvante
877 5117 1003 5189 hoc,
1023 5124 1080 5174 et
1094 5119 1212 5176 alio
1234 5119 1512 5177 salvatum
1529 5134 1562 5176 a
1578 5135 1638 5177 se
1661 5121 1806 5180 illud
1818 5121 2120 5199 jactante].

463 5209 549 5266 Ab
573 5207 860 5264 idolorum
881 5207 1036 5263 enim
1061 5221 1258 5266 errore
1283 5223 1350 5264 ac
1387 5209 1724 5280 deceptione
1752 5211 1985 5269 Christo
2008 5213 2123 5271 Deo

467 5303 664 5356 nostro
692 5301 926 5354 eruente
951 5309 1075 5366 nos,
1102 5297 1214 5366 ipsi
1240 5311 1441 5370 magna
1464 5297 1767 5370 extollunt,
1792 5299 2034 5359 fatentes
2065 5317 2124 5361 se

467 5385 915 5458 redemptionem
948 5383 1170 5441 fecisse.
1201 5386 1247 5442 Ο
1270 5386 1658 5459 arrogantiam
1697 5393 1755 5444 et
1776 5391 2118 5448 amentiam!

467 5476 752 5536 Frustrati
775 5475 989 5548 quippe
1019 5474 1276 5546 veritate,
1299 5479 1357 5531 et
1374 5479 1558 5532 mente
1571 5490 1638 5534 ac
1663 5478 1930 5537 sensibus
1953 5495 2124 5538 excae-

465 5567 578 5627 cati
605 5571 777 5638 sunt;
825 5564 1192 5638 propriisque
1214 5566 1564 5637 conjecturis
1587 5573 1643 5625 et
1667 5570 1990 5641 phantasiis
2014 5571 2124 5630 de—

2237 4499 2390 4570 licet,
2421 4498 2520 4569 qui
2555 4497 2613 4552 in
2647 4497 2830 4554 sacris
2876 4498 3092 4555 litteris
3119 4499 3432 4572 enutritus,
3474 4506 3529 4556 et
3567 4506 3633 4556 ut
3662 4500 3912 4558 Samuel

2234 4588 2304 4644 ab
2334 4585 2576 4642 infantia
2593 4588 2706 4644 Deo
2722 4589 3050 4660 deputatus,
3077 4594 3248 4660 atque
3273 4589 3493 4646 sanctis
3512 4589 3805 4647 Patribus
3821 4597 3912 4648 est

2236 4676 2560 4733 consimilis
2588 4677 3007 4748 comprobatus.
3039 4679 3218 4749 Cujus
3249 4679 3414 4750 sequi
3460 4679 3916 4750 disputationes

2235 4767 2620 4824 necessarium
2645 4780 2788 4839 esse,
2819 4768 3144 4840 conscripta
3172 4769 3301 4839 ejus
3329 4767 3610 4825 afﬁrmant
3643 4783 3756 4841 per
3789 4772 3914 4843 [θοι

2235 4856 2449 4913 lebrata
2479 4856 2612 4928 per]
2659 4856 2990 4914 universum
3040 4857 3256 4914 orbem.
3308 4858 3704 4916 Exaltationes
3741 4861 3916 4917 enim

2232 4947 2331 5003 Dei
2365 4947 2426 5003 in
2458 4945 2726 5004 faucibus
2753 4948 2898 5019 ejus,
2932 4951 2990 5003 et
3017 4947 3196 5020 gladii
3229 4948 3590 5019 ancipitesiu
3619 4951 3917 5006 manibus

2233 5037 2359 5106 ejus
2389 5035 2567 5108 (Psal.
2598 5049 2762 5093 cxux
2781 5037 2817 5110 ),
2839 5037 3080 5107 jaculati
3110 5043 3309 5094 contra
3336 5039 3693 5097 dissidentes
3709 5043 3922 5098 eccle-

2233 5126 2483 5183 siastica:
2503 5126 2826 5184 traditioni.
2859 5128 2928 5183 Et
2953 5127 3239 5200 Georgius
3279 5129 3464 5198 patria
3486 5129 3762 5204 Cyprius,
3796 5133 3910 5204 qui

2232 5217 2553 5289 evangelice
2603 5215 3016 5288 patrimonium
3073 5219 3408 5276 venundans
3438 5219 3656 5290 [vitam
3713 5221 3921 5280 iusti-

2232 5306 2455 5378 tuens],
2485 5311 2542 5363 et
2569 5306 2862 5362 Christum
2881 5308 3060 5363 Deum
3092 5314 3373 5380 nostrum,
3402 5309 3500 5382 qui
3533 5309 3702 5367 dedit
3727 5313 3918 5368 uobis

2232 5409 2487 5452 normam
2508 5394 2994 5466 dispensationem
3019 5411 3204 5470 suam,
3237 5397 3504 5470 imitans;
3529 5411 3644 5455 non
3664 5407 3921 5458 conten-

2229 5484 2338 5558 dit,
2365 5497 2477 5542 non
2492 5483 2788 5542 clamavit:
2817 5499 2948 5542 cum
2972 5486 3426 5560 malediceretur,
3452 5501 3568 5544 non
3588 5489 3922 5549 maledice-

2231 5574 2358 5646 hat;
2391 5589 2522 5631 cum
2555 5579 2866 5648 pateretur,
2892 5589 3004 5633 non
3032 5576 3918 5650 comminabatur;percutienti
