4016 6168
187 280 275 338 449

945 283 1490 340 INTERPRETATIO
1525 281 1773 340 SYNODI
1813 281 1846 338 ν

1956 279 2343 342 ΞΕΝΕΒΑΙᾸΒ.
2367 316 2440 327 -
2466 286 2668 343 ACTIO
2696 289 2783 343 VI.

3490 283 3596 344 450

185 427 234 470 se
259 411 542 467 maxillam
572 411 823 469 vertebat
851 416 908 469 et
929 414 1188 484 alteram,
1214 415 1539 486 angarianti
1567 428 1628 470 se
1659 413 1818 469 mille
1842 409 1903 472 A
1926 413 2120 470 dimus
2141 413 2332 486 gladio
2357 415 2634 486 spiritus:
2662 429 2764 488 age
2795 420 3344 487 nunc,1nstruamus
3368 416 3592 473 animos

187 516 370 573 passus
414 502 730 572 apponebat
765 507 820 558 et
849 503 1129 574 duplum:
1163 503 1521 575 tulitjugum
1547 517 1578 558 a
1609 504 1820 572 juven—

185 596 286 648 tute
331 605 436 647 sua
472 591 690 662 (Thren.
747 592 849 665 lli),
902 593 1113 649 bonum
1149 594 1465 650 arbitratus
1505 594 1818 650 secundum

185 680 495 750 prophetam
516 681 894 753 singulariter
918 683 1132 755 sedere,
1160 687 1217 738 et
1237 683 1424 738 silere.
1452 683 1635 753 Atque
1661 684 1822 738 Joan-

181 785 281 840 nes,
312 771 412 840 qui
445 770 514 826 ab
544 771 629 827 eis
657 772 937 840 injuriose
957 774 1190 829 Mansur
1213 773 1534 843 appellatus
1563 777 1668 841 est,
1698 772 1824 842 qui-

181 873 271 929 que
294 859 562 915 dimissis
585 860 856 917 omnibus
874 861 1199 917 Matthaaum
1222 861 1631 932 evangelistam
1655 875 1824 916 aemu-

178 947 337 1014 latus,
367 947 662 1003 Christum
697 955 930 1004 secutus
960 954 1064 1020 est,
1100 951 1342 1018 majores
1379 949 1617 1004 divitias
1659 949 1826 1003 arbi-

179 1041 353 1091 tratus
395 1036 666 1093 thesauro
713 1051 879 1108 quem
927 1039 984 1093 in
1023 1038 1233 1093 Arabia
1280 1038 1595 1108 dereliquit
1645 1033 1822 1110 [omni

176 1122 464 1199 Arabum],
489 1126 861 1195 opprobrium
878 1127 1094 1182 Christi
1122 1146 1134 1181 :
1159 1132 1216 1182 et
1234 1127 1409 1197 elegit
1432 1126 1627 1196 petius
1645 1125 1823 1197 affligi

177 1227 289 1269 cum
323 1213 487 1282 plebe
506 1215 628 1284 Dei,
661 1229 826 1285 quam
861 1215 1225 1285 temporalem
1253 1215 1599 1284 voluptatem
1621 1215 1827 1270 habere

180 1302 408 1372 peccati.
440 1305 564 1372 Ipse
585 1303 778 1374 itaque
805 1317 1032 1360 crucem
1063 1318 1223 1360 suam
1255 1309 1310 1359 et
1329 1303 1544 1359 Christi
1573 1311 1824 1374 portans,

179 1397 225 1446 et
242 1396 482 1448 secutus
500 1406 651 1462 eum,
686 1407 788 1462 pro
810 1393 1040 1449 Christo
1070 1393 1142 1449 ab
1161 1393 1394 1448 Oriente
1411 1407 1508 1463 per
1534 1393 1827 1448 Christum

178 1481 549 1550 tubicinavit;
602 1495 713 1538 non
743 1481 1096 1538 tolerabilem
1143 1482 1358 1538 ducens
1388 1495 1587 1538 vocum
1618 1480 1833 1536 novita-

179 1578 294 1640 tem,
328 1585 460 1642 quae
487 1571 718 1627 diverso
742 1569 926 1628 fuerat
959 1572 1123 1627 modo
1146 1570 1291 1627 facta
1317 1567 1465 1645 [Gr.,
1491 1571 1551 1625 in
1571 1570 1760 1630 aliena
1787 1568 1826 1625 f.

181 1662 403 1732 regione
425 1660 628 1730 facta],
658 1675 757 1716 seu
785 1661 1299 1731 pracvaricatricem
1323 1659 1648 1728 factionem,
1684 1659 1832 1714 rabi-

1927 505 2309 562 audientium.
2345 505 2550 560 Omnia
2572 519 2707 576 ergo
2739 506 3038 574 prmsentia
3065 511 3202 561 sunt
3224 504 3593 575 intelligenti-

1929 593 2055 666 bus,
2088 600 2145 650 et
2200 600 2386 650 erecta
2431 595 2522 650 his
2558 595 2659 666 qui
2695 595 2997 650 inveniunt
3035 594 3357 665 scientiam,
3415 593 3589 648 sicuti

1932 683 2345 754 proverbiatori
2388 684 2527 741 bene
2588 682 2762 755 (Prov.
2817 683 2959 756 Vill),
3013 697 3229 740 necnon
3270 688 3325 738 et
3363 681 3592 738 veritati

1931 773 2175 829 videtur.
2221 775 2425 830 Sancta
2469 774 2621 829 enim
2653 774 2752 830 Dei
2801 773 3083 829 catholica
3114 772 3366 828 Ecclesia
3396 784 3466 826 ex
3494 771 3596 826 di—

1932 863 2114 919 versis
2151 868 2208 918 et
2236 864 2416 918 variis
2449 863 2620 918 rebus
2658 877 2754 919 eos
2784 863 2882 933 qui
2916 863 3030 918 sibi
3064 862 3183 918 nati
3230 867 3384 932 sunt,
3414 861 3597 918 trahit

1934 952 2002 1006 ad
2036 953 2429 1022 paenitentiam
2462 959 2517 1008 et
2541 954 2608 1008 ad
2651 953 3001 1024 agnitionem
3049 952 3448 1007 mandatorum
3494 950 3593 1006 Dei

1935 1041 2251 1111 custodim;
2283 1046 2340 1097 et
2375 1056 2569 1098 omnes
2601 1056 2803 1098 sensus
2835 1046 3060 1097 nostros
3090 1039 3597 1110 festinatdirigere

1935 1130 2003 1184 ad
2049 1130 2290 1201 gloriam
2336 1132 2462 1200 ejus
2497 1131 2597 1202 qui
2631 1136 2717 1187 est
2747 1145 2918 1200 super
2952 1131 3144 1186 omnia
3192 1131 3380 1199 Deus;
3425 1134 3597 1199 atque

1940 1231 2038 1287 per
2075 1219 2339 1275 auditum
2372 1225 2427 1274 et
2460 1220 2645 1275 visum
2691 1220 3100 1276 correctionem
3132 1217 3290 1290 facit,
3323 1218 3445 1287 ipsa
3473 1231 3598 1287 qua:

1939 1311 2094 1376 gesta
2123 1313 2280 1376 sunt,
2315 1307 2576 1364 vultibus
2599 1322 2795 1364 eorum
2819 1308 2919 1378 qui
2951 1306 3254 1378 accedunt,
3279 1319 3594 1376 apponens.

1937 1394 2174 1463 Quando
2214 1409 2457 1466 namque
2485 1411 2553 1452 ex
2605 1397 2850 1453 avaritia
2898 1401 2954 1451 et
2996 1410 3190 1453 amore
3226 1395 3598 1466 pecuniarum

1939 1485 2092 1554 rapit
2112 1498 2472 1556 quemquam,
2502 1487 2752 1542 ostendit
2780 1487 2832 1541 ei
2866 1487 2927 1541 in
2959 1486 3209 1557 imagine
3240 1485 3593 1553 Matthaaum,

1940 1575 2040 1646 qui
2072 1587 2141 1629 ex
2171 1574 2472 1630 telonariis
2496 1575 2792 1645 apostolus
2813 1574 3018 1642 factus,
3052 1575 3309 1630 avaritia:
3331 1572 3484 1628 furia
3510 1573 3604 1628 de-

1941 1663 2157 1732 relicta,
2185 1663 2479 1719 Christum
2511 1669 2743 1720 secutus
2768 1668 2886 1720 est:
2923 1668 2979 1719 et
2996 1663 3320 1718 lacchzeum
3345 1662 3404 1717 in
3432 1675 3603 1732 syco-

176 1751 410 1820 damque
446 1750 756 1819 insaniam,
784 1764 910 1820 qua:
935 1751 1208 1806 adversus
1239 1755 1490 1806 sanctam
1517 1748 1617 1804 Dei
1641 1747 1831 1804 catho-
1859 1734 1913 1798 Β
1941 1767 2162 1808 morum
2181 1755 2596 1822 ascendentem,
2625 1753 3042 1809 desiderantem
3064 1753 3356 1808 Christum
3385 1751 3598 1819 videre,

177 1840 336 1896 licam
389 1839 700 1894 Ecolesiam
739 1845 862 1895 erat
891 1845 1126 1896 armata.
1174 1840 1277 1894 Sed
1319 1840 1462 1894 hanc
1503 1838 1829 1910 publicans,

177 1943 364 1985 omnes
401 1929 756 1984 exhortando
787 1934 842 1984 et
870 1929 1245 1998 admonendo,
1294 1934 1494 1984 cautos
1534 1926 1825 1993 reddebat,

178 2033 234 2074 ne
249 2019 681 2074 adducerentur
699 2032 828 2074 cum
851 2018 1222 2088 operantibus
1246 2017 1613 2088 iniquitatem
1638 2036 1653 2087 ;
1686 2031 1834 2086 qua:-

177 2123 293 2164 rens
348 2109 407 2162 in
456 2107 735 2163 Ecclesiis
777 2108 1074 2178 antiquam
1122 2107 1539 2179 legislationem
1572 2106 1751 2162 teneri
1779 2108 1835 2161 et

179 2198 466 2268 pacificam
495 2197 988 2266 constitutionem,
1024 2209 1194 2268 quam
1214 2196 1495 2252 Dominus
1519 2195 1834 2264 discipulis

180 2288 294 2343 suis
341 2287 600 2342 nominis
659 2287 749 2342 sui
795 2285 1131 2342 vocabulum
1183 2285 1562 2342 sortientibus
1598 2284 1835 2340 donavit

181 2373 336 2451 [suis
359 2382 635 2447 tanquam
661 2376 886 2447 insigne
903 2376 1186 2447 donavit],
1209 2375 1434 2431 dicens:
1457 2377 1648 2429 Pacem
1662 2390 1835 2428 meam

179 2468 236 2520 do
260 2467 436 2537 vobis,
475 2482 667 2536 pacem
706 2482 878 2520 meam
908 2466 1155 2535 relinquo
1187 2465 1336 2520 vobis
1357 2463 1531 2534 (Joan.
1563 2463 1702 2537 xw).
1737 2463 1838 2522 His

178 2570 298 2628 ergo
318 2556 652 2612 reverendis
680 2555 824 2612 viris
851 2561 908 2618 et
938 2556 1045 2612 fide
1069 2555 1266 2626 dignis
1283 2553 1475 2609 taliter
1511 2554 1569 2608 in
1585 2552 1839 2610 Ecclesia

181 2647 457 2702 catholica
483 2645 916 2717 demonstratis,
951 2660 1078 2716 quae
1108 2648 1194 2700 est
1221 2645 1493 2700 adversus
1522 2656 1619 2698 eos
1653 2643 1840 2699 insur-

181 2750 308 2806 gens
351 2736 671 2806 accusatio,
724 2739 779 2790 et
822 2749 990 2806 quam
1043 2735 1159 2790 haec
1201 2738 1286 2790 est
1322 2733 1624 2802 horrenda,
1667 2746 1838 2803 quam

181 2827 344 2881 etiam
372 2825 523 2881 ferre
550 2826 688 2897 quis
719 2826 952 2882 omnino
986 2839 1097 2882 non
1126 2824 1384 2895 poterit?
1408 2824 1548 2879 Vere
1578 2823 1842 2895 ignoran-

182 2916 314 2970 tiam
349 2917 767 2988 ignoraverunt
812 2915 1032 2986 miseri,
1064 2915 1362 2985 propriam
1396 2913 1649 2985 linguam
1684 2912 1845 2968 inho-

1938 1857 2004 1899 ac
2034 1842 2086 1898 ei
2134 1843 2618 1911 repromittentem
2649 1843 2961 1898 dimidium
2993 1842 3331 1899 substantia:
3356 1855 3417 1897 se
3449 1855 3604 1911 pra;—

1941 1931 2072 1987 bere
2098 1930 2465 2002 pauperibus,
2499 1936 2554 1986 et
2583 1931 2632 1986 si
2663 1932 2758 1987 cui
2789 1931 3013 2002 aliquid
3055 1931 3318 2001 abstulit,
3372 1930 3605 1986 reddere

1943 2019 2556 2091 quadruplum(Matth.
2574 2034 2654 2091 ix,
2678 2023 2848 2074 Marc.
2873 2035 2935 2091 II,
2959 2022 3086 2074 Luc.
3103 2034 3158 2090 v,
3183 2019 3426 2090 x1x.):et
3443 2019 3603 2074 sitad

1943 2109 2264 2165 custodiam
2295 2109 2690 2165 conversionis
2719 2114 2775 2164 et
2798 2111 2990 2180 jugem
3022 2109 3373 2179 memoriam,
3406 2106 3611 2178 imagi-

1947 2197 2165 2254 nalium
2193 2196 2600 2253 formationum
2623 2197 2900 2254 continua
2919 2197 3088 2267 visio,
3124 2211 3192 2252 ne
3211 2196 3512 2266 repedetur
3533 2195 3605 2252 ad

1947 2287 2242 2358 proprium
2263 2288 2562 2344 vomitum.
2603 2287 2816 2358 Rapuit
2847 2301 3075 2342 rursum
3103 2286 3282 2342 alium
3315 2284 3608 2341 desiderio

1946 2376 2271 2432 meretricio
2299 2375 2629 2446 depressum
2654 2395 2669 2446 ;
2700 2376 2895 2446 pudici
2925 2377 3129 2446 .loseph
3176 2376 3484 2447 imaginem
3514 2388 3608 2444 ap-

1948 2467 2130 2536 ponit,
2163 2466 2264 2536 qui
2308 2465 2744 2522 fornicationem
2775 2467 3132 2537 abominans,
3161 2471 3217 2522 et
3249 2466 3394 2521 hanc
3428 2463 3608 2534 pudi—

1948 2556 2088 2611 citia
2115 2556 2351 2611 vincens
2371 2553 2519 2626 (Gen.
2546 2555 2768 2628 χχχιχ),
2805 2555 2949 2612 illud
2973 2555 3124 2626 quod
3143 2555 3364 2610 dicitur
3383 2555 3453 2610 ad
3479 2553 3616 2608 ima-

1951 2646 2140 2718 ginem
2185 2645 2521 2714 custodivit,
2564 2645 2733 2714 cujus
2772 2644 3082 2715 participes
3145 2642 3476 2700 efficiuntur
3510 2641 3613 2712 qui

1951 2734 2096 2790 hanc
2121 2733 2466 2790 dilexerunt.
2497 2736 2708 2790 Iterum
2739 2733 2881 2789 alibi
2908 2733 3125 2788 beatam
3150 2733 3466 2788 Susannam
3492 2744 3617 2801 pro-

1952 2823 2115 2893 ponit
2137 2823 2421 2892 pudicitia
2443 2827 2724 2892 ornatam,
2742 2827 2798 2878 et
2824 2822 3090 2878 manibus
3120 2820 3372 2878 extensis
3395 2820 3462 2875 ad
3466 2821 3622 2890 jutO'

1952 2914 2103 2969 rium
2137 2913 2208 2968 ab
2248 2912 2472 2969 excelso
2522 2913 2898 2983 invocantem,
2941 2916 2996 2968 et
3023 2911 3315 2969 Danielem
3354 2910 3612 2980 judicem

185 3009 332 3061 neste
358 3006 745 3077 denudantes,
777 3006 1241 3075 Germanumque
1279 3001 1581 3074 mysticum
1613 2999 1843 3057 sacrifl—
1877 3066 1918 3077 Α
1953 3003 2372 3074 praesidentem,
2415 3006 2472 3057 et
2511 3002 2656 3057 hanc
2685 3007 2973 3057 eruentem
2999 3002 3070 3057 de
3102 3001 3368 3056 manibus
3415 2999 3620 3055 senio—

183 3100 423 3149 catorem
448 3100 509 3151 et
539 3066 886 3151 sacerdotem
908 3066 1398 3162 Christijdupli'ci
1421 3105 1592 3148 sensu
1619 3094 1674 3146 et
1695 3089 1840 3161 ligni
1871 3066 1921 3130 G
1953 3066 2080 3148 rum
2114 3066 2446 3161 iniquorum
2471 3089 2631 3162 (Dan.
2665 3091 2823 3160 xm):
2859 3095 2913 3146 et
2945 3091 3023 3146 sit
3050 3089 3384 3162 imaginalis
3404 3088 3620 3145 titula—

187 3184 518 3239 servitorem
548 3183 943 3253 nominantes;
975 3183 1252 3238 similiter
1271 3180 1581 3252 Georgium
1608 3185 1664 3234 et
1695 3179 1845 3234 Man-

185 3288 317 3342 sur;
340 3287 471 3329 cum
494 3273 808 3344 aliquando
836 3287 936 3329 nec
956 3271 1322 3342 principibus
1347 3271 1654 3341 quisquam
1676 3267 1844 3324 talem

186 3361 598 3433 blasphemiam
616 3363 668 3418 ei
692 3363 790 3432 qui
818 3363 995 3419 unius
1015 3361 1146 3418 fidei
1166 3375 1358 3417 secum
1381 3364 1521 3430 erat,
1549 3357 1842 3427 injecerit:

188 3451 250 3506 ab
297 3452 547 3507 llebrazis
588 3455 779 3507 autem
828 3455 884 3506 et
909 3450 1210 3523 Agarenis,
1240 3453 1296 3506 et
1341 3448 1480 3504 aliis
1513 3445 1851 3502 infidelibus

191 3541 416 3611 querela
459 3541 564 3596 tali
615 3545 727 3596 tam
771 3554 942 3610 super
983 3540 1181 3596 divino
1248 3543 1380 3610 typo
1433 3536 1645 3608 crucis,
1681 3548 1850 3606 quam

192 3646 357 3702 super
392 3629 826 3687 venerabilibus
866 3629 1218 3702 imaginibus
1238 3633 1294 3684 et
1321 3627 1459 3684 aliis
1493 3625 1677 3682 sacris
1702 3627 1856 3680 Deo-

193 3736 297 3792 que
345 3721 566 3777 dicatis
612 3720 800 3791 rebus,
850 3733 997 3790 sape
1035 3718 1353 3775 Christiani
1394 3715 1647 3773 accusati
1694 3717 1848 3771 sunt.

192 3812 322 3866 Nam
380 3810 752 3866 Christianus
786 3809 1116 3864 Christiano
1165 3803 1857 3878 hujusmodiaccusatio—

195 3915 314 3956 nem
383 3900 724 3958 nullatenus
783 3899 1021 3955 intulit:
1075 3899 1171 3955 sed
1235 3897 1466 3954 inutilis
1526 3900 1612 3952 est
1658 3895 1857 3965 justus

198 3990 432 4060 injuste,
516 3988 992 4059 quemadmodum
1062 3987 1242 4057 lippis
1302 3986 1492 4043 oculis
1566 3983 1669 4040 sol.
1741 3981 1853 4052 Ipsi

197 4080 404 4150 quippe
473 4076 760 4149 fugientes
806 4091 839 4132 a
894 4077 1156 4148 veritate,
1201 4081 1372 4148 atque
1448 4074 1520 4130 ab
1579 4071 1860 4129 ecclesia—

199 4169 332 4223 stica
371 4169 496 4240 lege
529 4167 772 4237 repulsi,
805 4166 1008 4222 traditi
1055 4171 1191 4222 sunt
1234 4163 1592 4234 falsiloquiis
1638 4165 1694 4217 et
1731 4172 1860 4215 ma—

201 4257 464 4328 ledictis;
502 4261 559 4312 et
602 4256 752 4312 nihil
799 4256 957 4313 aliud
1011 4255 1320 4327 colligunt,
1365 4266 1536 4324 quam
1582 4255 1646 4307 ut
1679 4263 1861 4305 accu—

201 4353 318 4403 sent
363 4346 730 4402 Christianos
761 4349 817 4401 et
857 4345 1087 4401 Domini
1136 4343 1498 4412 sacerdotes;
1541 4339 1707 4412 quasi
1756 4339 1864 4394 ἀθο-

1956 3180 2137 3237 tionis
2165 3180 2436 3235 memoria
2465 3179 2534 3234 ad
2557 3180 2877 3236 custodiam
2912 3180 3133 3249 pudicae
3155 3179 3303 3234 vitae.
3329 3179 3544 3248 Rapuit
3563 3177 3622 3233 in

1955 3269 2188 3326 deliciis
2210 3269 2588 3325 substantiam
2611 3283 2772 3324 suam
2795 3274 3243 3339 consumentem,
3267 3273 3323 3323 et
3345 3267 3622 3323 mollibus

1958 3358 2317 3414 vestimentis
2360 3357 2652 3428 vestitum,
2695 3372 2820 3427 qua:
2852 3362 3076 3426 oportet
3113 3357 3310 3428 egenis
3347 3357 3617 3427 praebere,

1965 3447 2269 3515 in_talibus
2299 3445 2554 3502 vestibus
2583 3445 3010 3516 expendentem,
3043 3449 3099 3500 et
3117 3446 3421 3501 delicatam
3443 3445 3618 3500 vitam

1961 3536 2391 3607 amplectentem
2416 3553 2431 3605 ;
2455 3539 2512 3590 et
2531 3534 2783 3590 ostendit
2811 3534 2864 3589 ei
2887 3534 3069 3588 Eliam
3094 3533 3298 3589 melote
3321 3534 3623 3602 amictum,

1962 3631 2018 3681 et
2047 3623 2351 3680 sufficienti
2384 3637 2512 3679 esca
2549 3626 2912 3678 contentum:
2955 3627 3012 3676 et
3038 3623 3308 3677 Joannem
3358 3621 3497 3691 pilis
3525 3635 3631 3676 ca—

1965 3715 2099 3770 meli
2136 3714 2423 3784 indutum,
2451 3716 2508 3767 et
2547 3711 2758 3783 agresti
2786 3711 2948 3767 melle
2974 3712 3282 3782 nutritum,
3315 3711 3632 3766 Christum-

1968 3818 2079 3875 que
2136 3802 2324 3874 digito
2376 3802 2880 3872 demonstrantem,
2944 3805 3000 3856 et
3053 3800 3409 3870 profitentem
3471 3800 3626 3856 hunc

1967 3893 2503 3962 tollere,peccatum
2536 3890 2734 3946 mundi
2780 3887 2992 3961 (Matth.
3043 3904 3128 3962 In,
3173 3892 3346 3945 Marc.
3379 3890 3446 3962 1):
3500 3901 3631 3944 cum

1970 3983 2064 4038 his
2108 3982 2279 4038 etiam
2327 3994 2594 4052 magnum
2647 3979 2947 4050 Basilium,
2993 3984 3164 4050 atque
3209 3984 3528 4035 ascetarum
3575 3980 3632 4034 et

1969 4071 2381 4128 monachorum
2437 4069 2890 4140 multitudinem,
2936 4083 3174 4139 corpore
3229 4067 3630 4125 arefactorum.

1968 4164 2048 4218 Ne
2068 4175 2198 4218 vero
2238 4160 2613 4216 extendamus
2643 4173 2980 4228 sermonem,
3028 4172 3338 4228 paucorum
3381 4157 3636 4213 mentio-

1972 4265 2098 4307 nem
2166 4249 2458 4320 facientes,
2543 4249 2766 4318 reliqua
2849 4248 3183 4303 dimisimus
3259 4247 3636 4304 audientibus

1974 4340 2409 4411 perscrutanda.
2484 4337 2768 4394 Habemus
2828 4338 2981 4393 enim
3046 4351 3268 4394 omnem
3342 4333 3634 4407 Evangelii

205 4436 546 4508 reliquerint
605 4437 783 4491 Deum
831 4435 1024 4492 vivum
1069 4438 1124 4489 et
1181 4446 1398 4502 verum,
1456 4436 1628 4501 atque
1677 4427 1863 4485 iconis
1895 4441 1950 4504 Β
1975 4429 2361 4486 narrationem
2389 4427 2695 4498 depictam,
2722 4430 2777 4481 et
2805 4426 2876 4482 ad
2910 4425 3360 4482 recordationem
3399 4425 3499 4480 Dei
3534 4438 3639 4480 nos

204 4525 565 4581 deserviant:
619 4523 882 4580 maledici
936 4523 1168 4594 quidam
1218 4526 1275 4577 et
1330 4520 1473 4591 laesi,
1526 4515 1862 4587 multiloqui

211 4612 342 4687 (Gn,
356 4615 795 4684 conviciatores,
813 4614 1098 4670 locutores
1115 4611 1427 4682 temerarii,
1451 4615 1505 4666 et
1523 4602 1860 4681 linguaces],

209 4711 263 4760 et
282 4706 479 4762 horum
509 4708 816 4760 sectatores
839 4702 1022 4759 effecti
1050 4707 1106 4758 et
1131 4701 1265 4773 quis
1308 4700 1636 4757 timentium
1664 4699 1863 4765 Deum,

210 4799 264 4849 et
287 4795 672 4852 deridentium
696 4808 805 4850 non
829 4793 1007 4849 latum
1035 4792 1218 4848 risum
1246 4805 1414 4848 suum
1443 4786 1750 4845 effundat?
1781 4784 1868 4840 vel

215 4886 402 4954 potius
422 4900 534 4942 non
559 4884 715 4940 tristi
742 4884 988 4939 lamento
1016 4883 1296 4938 induatur
1320 4886 1375 4937 et
1397 4885 1558 4936 nocte
1586 4875 1868 4948 profunda

217 4989 380 5044 super
412 4977 517 5030 hac
544 4975 801 5044 ipsorum
832 4972 1126 5042 impietate
1147 4971 1174 5024 ‘2
1222 4973 1290 5026 Et
1317 4971 1453 5040 quia
1483 4981 1613 5024 cum
1642 4967 1762 5022 sint
1789 4965 1870 5020 in-

218 5069 469 5121 ventores
521 5064 800 5119 malorum
848 5063 1162 5118 secundum
1193 5061 1454 5116 divinum
1508 5055 1865 5128 Apostolum,

219 5153 874 5210 defeceruntscrutantes
895 5151 1199 5218 scrutinia,
1221 5147 1662 5222 garrulitatibus
1675 5157 1872 5201 eorum

223 5243 357 5299 bene
384 5245 570 5301 valere
600 5242 860 5312 fatentes,
893 5241 1241 5297 sufficienter
1281 5239 1380 5295 Dei
1414 5238 1598 5308 gratia
1639 5235 1708 5291 ad
1739 5248 1877 5306 per-

228 5331 415 5390 fectam
463 5333 914 5390 destructionem
963 5343 1237 5388 vanarum
1281 5327 1698 5401 cogitationum
1741 5323 1874 5380 falsi

231 5424 470 5481 nominis
498 5436 697 5480 eorum
725 5421 983 5478 scientia:
1005 5417 1428 5491 [disputatione
1460 5415 1719 5488 peracta]
1747 5426 1880 5470 con-

238 5519 590 5579 summantes,
642 5517 698 5568 et
741 5524 870 5568 cum
920 5509 1212 5567 veteribus
1271 5506 1588 5564 haeresibus
1627 5518 1878 5564 errorem

242 5592 415 5660 inanis
436 5601 740 5674 pravitatis
763 5601 1020 5672 ipsorum
1041 5601 1538 5669 connumerantes,
1567 5595 1718 5652 hunc
1735 5597 1886 5654 exci-

1973 4519 2349 4575 adducentem
2388 4522 2443 4573 et
2473 4516 2684 4589 gaudio
2716 4529 2820 4572 nos
2851 4514 3176 4585 replentem.
3203 4514 3304 4569 His
3333 4513 3485 4569 enim
3517 4511 3641 4569 vul-

1977 4608 2136 4663 tibus
2168 4607 2384 4662 nostris
2403 4606 2706 4677 appositis,
2735 4619 2834 4661 cor
2865 4604 3191 4660 timentium
3214 4603 3521 4659 Dominum
3550 4602 3641 4659 11c.

1978 4697 2255 4766 tiflcatur,
2286 4696 2449 4750 floret
2477 4694 2670 4765 facies,
2705 4695 2896 4750 anima
2927 4694 3096 4750 tmdio
3121 4692 3318 4748 affecta
3359 4693 3418 4748 in
3439 4692 3644 4748 alacri-

1979 4790 2151 4842 tatem
2183 4783 2550 4855 transfertur,
2584 4788 2641 4839 et
2671 4785 2866 4854 psallit
2912 4797 3024 4840 una
3053 4797 3183 4840 cum
3211 4783 3312 4837 Dei
3347 4787 3506 4852 patre
3525 4783 3643 4837 Da-

1979 4876 2113 4931 vid:
2161 4877 2365 4931 Memor
2384 4876 2472 4941 fui
2510 4875 2608 4928 Dei
2638 4877 2687 4927 et
2731 4874 3022 4928 delectatus
3060 4889 3181 4928 sum
3217 4873 3381 4944 (Psal.
3427 4871 3637 4944 LXXVI).

1983 4964 2314 5020 Memoriam
2345 4976 2479 5034 ergo
2500 4961 2598 5017 Dei
2633 4976 2731 5032 per
2760 4977 2856 5018 eos
2882 4978 3101 5034 semper
3127 4963 3419 5019 habemus.
3451 4961 3642 5018 Lectio

1981 5055 2136 5111 enim
2167 5054 2360 5110 minus
2388 5065 2801 5122 nonnunquam
2835 5053 3107 5110 recitatur
3131 5053 3191 5109 in
3212 5051 3640 5109 venerabilibus

1983 5145 2232 5214 templis,
2269 5142 2601 5215 imaginalis
2643 5156 2773 5199 vero
2813 5142 3076 5200 formatio
3106 5158 3355 5216 vespere,
3398 5156 3558 5198 mane
3589 5145 3648 5198 et

1987 5234 2226 5290 meridie
2274 5237 2545 5304 tanquam
2584 5231 2642 5288 in
2687 5233 2773 5288 eis
2815 5232 3093 5305 stabilita,
3137 5239 3332 5290 narrat
3376 5233 3542 5289 nobis
3591 5233 3648 5286 et

1985 5324 2294 5381 annuntiat
2350 5323 2648 5379 veritatem
2694 5327 3000 5394 gestorum.
3065 5324 3462 5395 Suscipiamus
3511 5335 3647 5394 ergo

1987 5415 2358 5470 traditionem
2406 5413 2693 5484 Ecclesiae,
2730 5413 3075 5472 honoremus
3101 5413 3550 5486 legislationem;
3576 5422 3646 5464 ne

1989 5508 2313 5561 scrutemur
2334 5504 2487 5575 piam
2512 5508 2568 5560 et
2597 5503 2914 5576 legitimam
2945 5503 3438 5573 consuetudinem,
3465 5513 3534 5555 ne
3553 5513 3650 5556 cu-

1992 5595 2146 5654 riose
2191 5608 2426 5668 agamus
2453 5594 2727 5652 adversus
2761 5594 3001 5664 antiqua
3038 5592 3191 5661 jura.
3226 5591 3403 5648 Omne
3433 5587 3651 5661 quippe
