4010 6160
446 250 542 312 454
1684 247 2043 306 ΛΝΛΞΤΑΞΙΙ

2196 245 2632 306 lLlOTIIECARII
3199 271 3211 278 ’
3713 257 3797 317 ιὸἓ

447 379 596 454 quod
630 380 690 436 in
727 377 1320 436 commemorationem
1350 377 1450 434 Dei
1479 377 1753 435 conditur
1775 373 2089 447 [dicatur],
2113 372 2172 433 A
2198 374 2435 432 adorare
2452 375 2482 430 ?
2504 374 2670 430 habet
2696 374 2849 431 enim
2899 374 3232 446 prophetia:
3264 375 3400 432 Ecce
3419 379 3561 448 virgo
3590 383 3642 437 in
3675 389 3797 442 utero

445 475 738 541 acceptum
763 471 850 525 est
881 467 990 523 illi.
1024 467 1132 537 Qui
1159 481 1291 523 vero
1322 471 1524 537 praeter
1551 467 1694 522 hanc
1721 465 2090 521 traditionem
2200 464 2436 528 habebit,
2469 469 2519 520 et
2535 467 2718 535 pariet
2744 465 2920 534 ﬁlium
2948 463 3081 533 {Isa.
3123 463 3248 534 vn).
3285 465 3432 523 Hanc
3455 481 3578 542 ergo
3601 474 3794 543 prophe-

446 560 792 630 eﬁiciuntur,
837 558 1006 628 cujus
1055 557 1364 628 participes
1399 555 1534 612 facti
1573 559 1711 613 sunt
1751 568 1948 612 omnes
1991 552 2090 624 qui
2204 553 2340 609 tiam
2375 553 2436 609 in
2477 553 2726 626 imagine
2752 567 2855 611 nos
2889 553 3166 625 videntes,
3203 553 3259 610 id
3289 559 3374 612 est
3405 557 3669 630 Virginem
3693 575 3796 620 eum

447 663 710 726 germane
731 648 984 705 ﬁliorum
1001 647 1365 718 adoptionem
1385 641 2092 717 receperuntincatholica
2201 643 2614 714 amplexantem
2666 657 2834 716 quem
2894 644 3132 715 peperit,
3169 645 3446 716 quomodo
3487 631 3795 724 sufferemus,

445 739 718 810 Ecclesia,
744 737 948 793 merito
985 735 1146 793 nothi
1178 740 1332 807 sunt,
1365 740 1421 792 et
1445 749 1556 792 non
1589 735 1720 791 ﬁlii.
1749 737 1944 804 Itaque
1973 745 2095 788 sen-
2202 746 2316 803 quo
2337 733 2531 789 minus
2555 733 2857 790 adoremus
2881 737 2936 790 et
2961 733 3313 790 salutemus?
3341 735 3480 805 Quis
3521 737 3801 796 ineruditus

447 830 660 887 tiamus
694 827 906 883 bonum
945 831 1002 882 et
1029 824 1308 896 optimum
1336 837 1480 894 esse,
1513 823 1926 881 venerabilium
1959 821 2096 876 ima-

445 919 643 992 ginum
670 915 1011 987 positionem
1043 913 1104 968 in
1133 912 1387 969 Ecclesia
1427 913 1573 984 ﬁeri,
1621 916 1678 968 et
1707 909 2095 982 spiritualiter

446 1005 642 1064 reduci
677 1018 775 1076 per
795 1003 898 1059 has
921 1003 988 1058 ad
1023 1001 1434 1072 principalium
1475 1015 1707 1058 suorum
1739 998 2090 1067 memoriam,

445 1101 618 1168 atque
654 1094 794 1150 istas
837 1097 1068 1164 propter
1123 1091 1450 1148 earumdem
1500 1087 1994 1146 honoriﬁcentiam
2038 1091 2096 1143 et

446 1185 698 1242 salutare
734 1185 791 1239 et
836 1181 1124 1252 amplecti,
1175 1194 1241 1236 ac
1282 1179 1532 1237 debitam
1559 1179 1949 1236 adorationem
1977 1176 2096 1232 im-

2204 825 2388 878 mente
2413 821 2644 878 diﬁ'erre
2695 821 2902 878 audeat
2929 822 2998 878 ad
3031 821 3362 892 huiusmodi
3391 823 3797 883 salutationem?

2201 909 2418 982 Dignos
2457 911 2839 982 nosmetipsos
2878 911 3212 968 adoratione
3248 910 3535 984 faciamus,
3581 929 3645 971 ne
3667 929 3804 973 acce-

2201 999 2399 1056 dentes
2422 999 2678 1074 indigne,
2708 1000 2857 1057 Ozan
2882 1000 2962 1070 [in
2987 1000 3130 1072 Ozaa]
3157 1001 3236 1071 (II
3262 1004 3388 1071 Reg.
3430 1001 3486 1074 6)
3515 1017 3712 1074 pmnam
3737 1005 3806 1062 in-

2202 1088 2480 1146 cidamus.
2529 1092 2654 1161 Ipse
2689 1090 2902 1162 quippe
2953 1095 3190 1162 tangens
3233 1104 3440 1163 arcam,
3484 1093 3662 1149 eadem
3693 1095 3804 1150 hora

2203 1177 2396 1249 periit,
2446 1178 2681 1249 indigne
2715 1179 3093 1250 approprians
3131 1179 3242 1236 illi.
3273 1181 3598 1251 Quanquam
3621 1187 3671 1237 et
3705 1182 3804 1253 ipsa

2201 1266 2448 1323 diversis
2488 1267 2691 1340 ﬁguris
2713 1267 2950 1340 variata,
2979 1275 3034 1324 et
3061 1283 3130 1324 ex
3161 1269 3340 1342 lignis
3377 1274 3683 1326 constructa
3700 1269 3810 1326 fue-

2203 1356 2302 1428 rit,
2353 1357 2834 1427 quemadmodum
2864 1363 2921 1414 et
2959 1357 3278 1430 imaginum
3319 1358 3551 1415 factura.
3582 1361 3738 1416 Porro
3757 1359 3802 1416 hi

447 1275 706 1347 pendere.
752 1271 884 1328 Sive
923 1284 1056 1343 ergo
1085 1269 1265 1326 alicui
1313 1269 1390 1326 sit
1415 1268 1818 1325 salutationem
1869 1269 2092 1338 gratum

443 1377 662 1436 vocare,
682 1361 802 1418 sive
820 1360 1210 1417 adorationem
1233 1358 1358 1432 (hoc
1386 1359 1572 1430 ipsum
1596 1357 1749 1414 enim
1765 1360 1852 1413 est
1878 1361 2094 1412 utrum-

443 1467 586 1526 que;
627 1451 744 1508 nisi
793 1449 940 1506 forte
976 1449 1110 1521 quis
1157 1448 1549 1505 adorationem
1590 1461 1720 1518 qua:
1776 1445 2090 1502 secundum
2203 1445 2530 1516 quidicunt
2555 1445 2896 1518 imaginales
2935 1445 3308 1504 formationes
3340 1446 3588 1504 sufﬁcere
3620 1449 3673 1505 in
3691 1463 3810 1505 com-

443 1543 670 1600 latriam
691 1539 1013 1610 exhibetur,
1045 1538 1362 1609 intelligat:
1407 1537 1524 1592 alia
1555 1535 1710 1593 enim
1736 1539 1822 1592 est
1853 1535 1991 1600 haec,
2028 1536 2092 1589 ut
2203 1536 2664 1592 memorationem
2693 1541 2914 1592 tantum
2947 1536 3165 1608 haberi,
3207 1542 3262 1594 et
3286 1551 3396 1594 non
3445 1538 3606 1595 etiam
3631 1538 3688 1594 ad
3729 1552 3811 1594 sa—

443 1630 850 1702 multipliciter
891 1633 978 1685 est
1019 1625 1327 1700 ostensum)
1375 1630 1596 1682 tantum
1639 1626 1854 1698 dignus
1898 1624 1948 1680 is
1988 1622 2090 1694 qui
2201 1623 2560 1697 lutationem,
2595 1638 2774 1681 unum
2802 1625 3162 1698 recipientes,
3189 1625 3434 1684 alterum
3467 1626 3807 1698 reprobantes,

441 1720 678 1792 accedit,
739 1719 820 1776 sit
857 1717 1209 1775 adoratione.
1255 1717 1328 1772 At
1365 1717 1416 1772 si
1467 1729 1576 1772 non
1625 1713 1804 1771 fuerit
1852 1715 2088 1785 dignus,
2125 1717 2174 1778 Β
2203 1727 2302 1784 per
2333 1713 2438 1770 hoc
2475 1713 2634 1784 pravi
2679 1713 2818 1786 [Gr.,
2855 1715 3185 1786 semipravi]
3225 1715 3483 1788 quidam,
3526 1715 3809 1787 partimque

440 1810 778 1882 puriﬁcctur
817 1807 1087 1878 primum,
1131 1810 1189 1862 et
1231 1805 1312 1862 ita
1335 1805 1562 1860 demum
1585 1804 1818 1860 accedat
1843 1804 1912 1859 ad
1955 1803 2096 1858 ima-
2207 1803 2503 1874 mendaces
2561 1807 2618 1860 et
2656 1804 2864 1874 partim
2903 1817 3130 1861 veraces
3172 1805 3654 1861 demonstrantur:
3693 1805 3813 1860 alias

441 1899 688 1974 ginalem
713 1896 1091 1953 venerabilem
1113 1895 1372 1952 formam.
1390 1896 1502 1949 Nec
1525 1893 1801 1950 instantia
1827 1892 2087 1949 satanica
2205 1892 2436 1963 quidem
2465 1906 2595 1949 vera
2628 1893 2980 1966 conﬁtentes,
3006 1899 3062 1950 et
3086 1893 3232 1950 alias
3256 1895 3622 1964 depravantes
3643 1890 3715 1968 [id
3729 1898 3809 1958 est,

441 1989 524 2046 sit
550 2001 682 2060 erga
709 1985 1100 2042 adorationem
1126 1997 1343 2056 earum,
1387 1997 1572 2054 neque
1602 1981 1848 2039 formido
1877 1983 2093 2055 iniquae
2171 2016 2176 2022 -
2203 1979 2635 2056 vituperantes].
2657 1983 2791 2054 Et,o
2810 1983 3325 2040 insensibilitatem
3349 1981 3572 2039 horum!
3595 1996 3712 2055 ergo
3729 1980 3809 2053 qui

441 2075 795 2148 suspicionis
826 2075 1046 2130 habens
1085 2073 1442 2130 occasionem
1485 2091 1497 2127 :
1533 2072 1670 2144 quia
1719 2072 1769 2128 si
1801 2085 2093 2130 accessero
2203 2071 2516 2142 aliquando
2561 2085 2789 2128 eramus
2827 2073 3186 2129 orthodoxia:
3231 2087 3304 2128 ac
3342 2072 3594 2128 veritatis
3625 2071 3814 2128 calum—

441 2167 750 2239 imaginem
769 2165 914 2220 hanc
942 2163 1320 2230 salutaturus,
1341 2162 1606 2218 invenior
1632 2163 1860 2218 latriam
1883 2177 2011 2234 qum
2033 2162 2092 2218 in
2203 2161 2474 2234 uiatores,
2508 2175 2662 2218 nunc
2689 2161 2893 2219 horum
2911 2161 3227 2218 eﬁiciamur
3246 2162 3640 2231 advocatores;
3667 2164 3716 2216 et
3733 2174 3813 2231 pro

441 2255 658 2327 spiritu
681 2258 768 2310 est
794 2252 932 2310 huic
963 2252 1306 2323 impendere.
1338 2250 1506 2306 Absit
1541 2251 1798 2322 suspicio
1826 2252 1961 2308 haec.
1991 2253 2094 2308 Im-
2203 2251 2603 2322 reprobatione
2622 2250 3142 2308 ecclesiasticarum
3187 2250 3569 2308 traditionum
3597 2257 3812 2324 petamus

443 2348 789 2418 pugnatores
816 2343 970 2398 enim
991 2341 1092 2397 Dei
1115 2345 1287 2412 atque
1307 2340 1604 2412 vaniloqui
1625 2346 1941 2412 serpentem
1969 2340 2096 2396 imi-
2201 2341 2422 2399 veniam
2453 2345 2834 2412 peccatorum.
2871 2343 2931 2397 In
2961 2341 3232 2398 omnibus
3265 2341 3365 2398 his
3393 2341 3641 2398 mandata
3663 2344 3814 2396 custo-

439 2438 646 2505 tantes,
697 2432 816 2488 haec
849 2429 1102 2502 garrulis
1146 2429 1367 2501 linguis
1394 2428 1659 2485 eﬁ‘antur.
1705 2429 1926 2485 Etenim
1967 2430 2094 2500 ipse
2199 2431 2430 2487 diamus
2461 2445 2560 2501 per
2577 2445 2644 2487 ca
2679 2446 2807 2503 quae
2831 2435 3106 2503 praecepta
3136 2436 3319 2490 sunt:
3355 2432 3690 2490 ambulemus
3715 2443 3816 2500 pro-

436 2523 710 2610 accedens
740 2519 969 2576 mulieri
1001 2519 1328 2576 susurravit
1353 2518 1734 2574 mendaciter:
1767 2518 1938 2590 Quid,
1969 2533 2094 2590 per-
2199 2522 2482 2592 pheticam
2504 2535 2696 2578 vocem
2725 2521 3049 2592 audientes,
3079 2535 3207 2593 qua:
3231 2522 3421 2579 dicit:
3466 2523 3525 2579 Si
3545 2521 3811 2576 annuntia-

439 2605 664 2682 hibens,
689 2605 844 2665 dixit
878 2607 1073 2664 Deus?
1104 2607 1184 2662 Ex
1204 2607 1357 2662 omni
1399 2606 1558 2680 ligno
1588 2609 1739 2678 quod
1770 2611 1858 2664 est
1887 2609 1946 2664 in
1981 2621 2092 2679 pa-
2195 2614 2334 2668 verit
2366 2613 2487 2676 tibi,
2537 2612 2690 2666 homo
2719 2611 3132 2684 [annuntiatum
3151 2618 3249 2678 est,
3285 2629 3315 2668 ο
3343 2610 3535 2689 homo],
3582 2611 3703 2683 quid
3734 2611 3814 2665 bo-

440 2700 654 2773 radiso,
680 2697 976 2755 comedes:
1016 2697 1087 2752 de
1117 2696 1276 2769 ligno
1295 2701 1484 2752 autem
1511 2698 1666 2768 quod
1697 2703 1784 2754 est
1804 2698 1865 2753 in
1901 2697 2086 2757 medio
2194 2719 2348 2768 num,
2395 2707 2494 2758 aut
2514 2703 2653 2774 quid
2673 2705 2922 2774 requirat
2956 2705 3218 2758 Dominus
3243 2705 3354 2760 abs
3389 2709 3457 2768 te,
3493 2719 3645 2774 quam
3662 2705 3714 2756 ut
3733 2703 3814 2770 fa—

440 2789 716 2862 paradisi,
756 2800 868 2843 non
894 2786 1205 2844 comedetis
1229 2785 1382 2858 (Gen.
1415 2785 1487 2861 v).
1532 2789 1614 2843 Ita
1649 2792 1706 2844 et
1733 2787 1830 2843 isti
1861 2787 2090 2844 eifemi-
2194 2797 2307 2850 cias
2340 2794 2637 2866 judicium,
2697 2799 2746 2849 et
2794 2794 2995 2862 diligas
3038 2797 3500 2860 misericordium,
3543 2799 3591 2850 et
3619 2796 3812 2865 paratus

438 2884 572 2937 nata
595 2879 768 2936 corda
787 2877 1089 2948 seducunt,
1111 2876 1398 2934 dicentes:
1428 2875 1574 2946 Quia
1601 2878 1701 2949 qui
1728 2879 1928 2935 adorat
1951 2879 2088 2936 ima—
2194 2887 2270 2941 sis
2299 2885 2580 2941 ambulare
2609 2899 2731 2940 cum
2757 2887 2985 2940 Domino
3008 2887 3112 2940 Deo
3141 2889 3234 2940 tuo
3276 2885 3471 2956 (Mich.
3505 2887 3582 2958 vi)
3605 2884 3630 2934 ν
3667 2884 3812 2952 Super

437 2969 628 3042 ginem
664 2966 914 3039 Domini,
964 2970 1066 3022 aut
1105 2965 1453 3022 intemerata:
1491 2966 1738 3024 dominae
1778 2973 1986 3026 nostra:
2019 2983 2086 3026 ac
2197 2975 2315 3032 haec
2341 2973 2592 3032 furorem
2614 2975 2932 3050 scpiamus,
2981 2975 3240 3048 linguam
3295 2976 3650 3048 refrenemus,
3679 2985 3814 3030 men—

435 3071 564 3115 vere
609 3055 911 3130 genitricis
938 3055 1060 3126 Dei,
1102 3054 1188 3111 vel
1231 3061 1558 3113 sanctorum
1601 3057 1956 3132 angelorum,
1986 3063 2088 3115 aut
2115 3055 2164 3118 C
2195 3064 2360 3122 dacio
2381 3079 2445 3122 ac
2467 3065 2850 3138 turpiloquio,
2873 3069 2930 3122 et
2956 3065 3272 3124 maledicto
3309 3066 3611 3123 retinentes
3641 3061 3812 3136 [absti—

436 3149 780 3220 cujusquam
823 3149 1172 3217 sanctorum,
1213 3145 1441 3201 latriam
1481 3161 1607 3218 qua:
1635 3145 1694 3202 in
1743 3148 1958 3218 spiritu
2001 3151 2088 3206 est
2195 3151 2436 3232 nentes].
2476 3155 2721 3212 Oculum
2751 3161 3148 3226 temperemus,
3194 3159 3458 3214 ventrem
3504 3154 3807 3220 erudiamus,

438 3239 576 3295 huic
606 3235 789 3294 offert.
836 3238 918 3292 Ne
939 3235 1301 3306 decipiamur
1328 3249 1462 3308 ergo
1490 3249 1750 3294 sermone
1788 3238 2081 3309 ipsorum:
2195 3245 2528 3315 psalmodiis
2550 3258 2616 3302 ac
2658 3244 2906 3302 orationi
2951 3244 3252 3317 instemus,
3291 3247 3354 3302 in
3393 3245 3650 3304 omnibus
3673 3257 3702 3298 a
3723 3244 3811 3297 Deo

436 3326 756 3385 admonitio
797 3325 951 3382 enim
993 3329 1050 3382 et
1083 3339 1253 3396 prava
1286 3325 1505 3382 diaboli
1544 3333 1632 3384 est
1657 3327 1775 3384 haec
1817 3330 2079 3388 assertio.
2192 3333 2348 3390 datis
2373 3334 2540 3391 nobis
2570 3333 2788 3406 gratias
2811 3346 3067 3408 agamus,
3089 3334 3430 3405 juramento
3469 3349 3536 3392 ne
3562 3335 3810 3390 assuetum

435 3421 574 3475 Nam
606 3421 663 3474 et
690 3415 992 3488 theologus
1036 3415 1352 3488 Gregorius
1387 3416 1532 3472 hanc
1559 3417 1811 3475 destruit
1853 3417 2086 3476 fabula—

435 3508 672 3578 tionem,
685 3505 954 3564 omnibus
972 3505 1137 3562 nobis
1148 3505 1376 3578 jubens,
1396 3506 1865 3579 cumdicit(0rat.
1889 3509 1955 3563 de
1965 3513 2082 3564 nat.

432 3596 666 3671 Dom.):'
697 3595 1022 3652 Bethlehem
1067 3594 1206 3662 cole,
1261 3608 1509 3664 praesepe
1553 3595 1745 3651 adora.
1791 3596 1931 3653 Cum
1977 3597 2086 3654 hoc

433 3691 622 3744 autem
647 3688 705 3741 et
733 3683 1015 3741 Maximus
1036 3682 1454 3756 memorandus,
1479 3683 1647 3753 cujus
1667 3683 1794 3741 laus
1816 3685 1876 3740 in
1907 3685 2089 3742 omni-

433 3776 543 3833 bus
557 3778 646 3832 est
666 3771 960 3841 Ecclesiis,
978 3771 1114 3827 dum
1136 3784 1266 3826 cum
1285 3771 1434 3827 viris
1459 3771 1804 3844 quibusdam
1824 3775 1895 3832 de
1914 3777 2089 3833 eccle-

433 3862 690 3921 siasticis
712 3860 960 3934 negotiis
975 3859 1318 3932 disputaret,
1340 3859 1605 3918 divinum
1618 3863 1882 3934 pretiosae
1892 3866 2085 3924 crucis

313 3983 322 3988 -
431 3957 650 4024 typum,
685 3954 944 4006 sanctum
969 3947 1340 4020 Evangelium
1369 3953 1426 4006 ct
1451 3952 1826 4010 venerandam
1859 3954 1911 4012 ic
1952 3969 2080 4012 nam

430 4040 695 4113 praecipit
724 4039 784 4096 in
815 4037 1066 4096 medium
1094 4036 1308 4111 aﬁerri,
1333 4043 1391 4096 et
1421 4039 1538 4098 haec
1561 4055 1691 4098 cum
1720 4043 1842 4100 illis
1867 4046 1936 4103 ad
1967 4060 2086 4104 cer-

425 4129 736 4188 tltudinem
766 4141 963 4186 eorum
1003 4141 1130 4199 quae
1156 4127 1312 4184 dicta
1334 4134 1490 4203 sunt,
1523 4131 1812 4190 salutavit.
1838 4134 2086 4192 Athana-

432 4221 558 4278 sius
595 4223 804 4292 autem,
852 4217 954 4290 qui
993 4217 1065 4274 ab
1111 4217 1542 4276 immortalitate
1591 4236 1794 4280 nomen
1837 4226 2078 4300 accepit,

435 4310 764 4384 expressius
787 4308 956 4366 nobis
997 4308 1305 4366 annuntiat
1330 4308 1390 4364 in
1419 4309 1663 4380 epistola
1692 4313 1761 4368 ad
1789 4315 2084 4372 Marcelli—

2195 3436 2260 3480 os
2287 3431 2546 3480 nostrum
2573 3421 2872 3496 faciamus,
2903 3423 2996 3480 sed
3031 3424 3402 3482 Dominicam
3429 3438 3610 3483 vocem
3635 3422 3810 3479 audia-

2195 3527 2324 3570 mus
2351 3514 2634 3570 dicentem
2665 3531 2678 3568 :
2729 3515 2846 3582 Ego
2883 3518 3064 3569 autem
3093 3515 3213 3570 dico
3272 3517 3444 3581 vobis,
3477 3516 3632 3571 nolite
3649 3513 3810 3584 jurare

2193 3605 2408 3658 omnino
2438 3602 2654 3673 (Matth.
2689 3603 2771 3676 v.)
2795 3603 3051 3660 Gloriam
3077 3606 3512 3676 conculcemus,
3539 3619 3656 3677 quae
3685 3602 3816 3657 deor-

2193 3707 2319 3750 sum
2336 3693 2524 3764 jacet:
2554 3691 2866 3750 maximum
2899 3693 3156 3750 omnium
3185 3693 3502 3769 bonorum,
3535 3691 3812 3750 misericor-

2192 3780 2357 3840 diam’
2377 3787 2434 3839 et
2460 3781 2795 3839 charitatem
2844 3783 3216 3855 arripiamus,
3251 3791 3318 3842 et
3343 3785 3490 3842 hanc
3529 3783 3706 3841 timori
3731 3778 3811 3836 Dei

2192 3873 2576 3944 conjunctam.
2601 3873 2736 3928 Sine
2763 3872 2968 3930 timore
2989 3873 3202 3946 quippe
3217 3875 3329 3932 Dei
3352 3875 3598 3932 charitas
3614 3869 3812 3944 reproba

2192 3967 2295 4020 est.
2339 3965 2478 4019 Nam
2527 3967 2584 4019 et
2617 3962 2889 4034 Josaphat
2924 3963 3148 4020 amicus
3193 3971 3327 4023 erat
3355 3981 3485 4024 cum
3518 3963 3712 4030 Achab,
3736 3958 3810 4017 sed

2192 4051 2454 4110 audivit:
2491 4052 2553 4108 Si
2565 4054 2842 4123 peccatori
2862 4057 2922 4108 tu
2941 4055 3186 4108 amicitia
3213 4056 3502 4126 jungcris,
3533 4057 3582 4111 si
3609 4053 3719 4108 odio
3737 4051 3813 4103 lm-

2195 4143 2302 4198 bito
2347 4159 2381 4198 a
2421 4144 2648 4198 Domino
2685 4147 2746 4198 tu
2787 4143 3152 4200 awciliaberis
3195 4133 3292 4216 (IIl
3317 4147 3450 4202 Par.
3493 4142 3658 4217 nx)?
3693 4142 3812 4212 Ergo

2193 4247 2322 4290 cum
2367 4232 2572 4290 timore
2609 4232 2709 4288 Dei
2746 4233 2938 4290 omnia
2970 4231 3275 4306 faciamus,
3323 4240 3643 4308 expetentes
3668 4231 3809 4289 etiam

2193 4321 2658 4380 intercessionem
2687 4321 3036 4379 intemeratae
3056 4324 3308 4382 dominae
3329 4331 3540 4383 nostrae
3565 4329 3618 4382 et
3641 4329 3813 4380 natura

435 4416 572 4460 num
599 4401 795 4474 missa,
823 4413 994 4472 quam
1015 4397 1422 4471 praeordinavit
1453 4399 1514 4454 in
1537 4401 1732 4458 codice
1751 4402 2086 4476 interpreta-
2111 4423 2164 4486 D
2189 4413 2292 4469 Dei
2315 4412 2616 4486 genitricis
2644 4425 2866 4484 semper
2884 4411 3145 4485 Virginis
3183 4415 3404 4487 Mariae,
3431 4421 3601 4488 atque
3630 4417 3814 4470 sancto-

433 4491 614 4550 tionis
631 4491 1002 4564 psalmorum,
1028 4489 1108 4546 ita
1126 4487 1356 4546 dicens:
1383 4489 1554 4548 Libro
1575 4491 1927 4562 psalmorum
1951 4497 2084 4568 quis

431 4585 682 4654 accepto,
698 4579 1010 4636 Salvatoris
1029 4577 1142 4650 [Gn
1153 4619 1168 4650 ,
1181 4577 1252 4633 de
1266 4576 1573 4655 Salvatore]
1604 4582 1833 4652 quidem
1849 4588 2089 4658 prophe.

433 4672 547 4730 tias
556 4675 824 4728 consuete
835 4671 989 4727 sicut
1005 4669 1066 4724 in
1077 4667 1215 4724 aliis
1233 4668 1550 4738 Scripturis
1565 4672 1858 4732 admirans
1877 4681 1935 4734 et
1953 4679 2090 4736 ado-

431 4776 491 4819 ra
501 4757 1310 4832 nsegreditur[prosequitur].
1326 4757 1569 4818 Videsne
1582 4764 1833 4835 qualiter
1845 4769 2086 4839 prophe-

433 4851 544 4908 tias
569 4849 833 4922 egregius
864 4850 1028 4904 Pater
1055 4848 1293 4905 adorare
1338 4849 1504 4908 nobis
1528 4852 1772 4924 jubeat?
1797 4857 1866 4912 Et
1895 4857 1945 4914 si
1981 4859 2084 4918 has

432 4941 592 5012 pium
609 4942 697 4996 est
709 4938 967 5004 adorare,
983 4944 1196 5012 quanto
1211 4942 1394 5016 magis
1403 4948 1710 5014 proventus
1727 4948 2086 5018 prophetica-

432 5043 560 5086 rum
589 5027 972 5086 assertionum
1005 5030 1065 5087 in
1105 5031 1356 5105 imagine
1395 5033 1550 5091 visos
1582 5038 1968 5096 necessarium
1993 5044 2082 5098 est

2195 4517 2323 4560 rvm
2349 4501 2704 4574 angelorum,
2730 4506 2786 4558 et
2809 4501 2984 4559 simul
3007 4501 3268 4560 omnium
3299 4509 3665 4564 sanctorum:
3693 4498 3818 4558 salu-

2196 4597 2379 4650 tantes
2409 4605 2637 4662 quoque
2671 4591 2938 4649 colendas
2961 4606 3159 4649 eorum
3191 4594 3500 4668 reliquias,
3546 4598 3608 4652 ut
3646 4601 3814 4648 eorum

2195 4681 2522 4739 sanctitatis
2555 4681 2870 4753 participes
2900 4682 3104 4738 simus.
3144 4682 3239 4740 Sic
3269 4685 3429 4741 enim
3461 4681 3686 4756 perfecti
3713 4677 3815 4736 eri—

2195 4787 2324 4830 mus
2347 4773 2417 4829 ad
2444 4784 2608 4828 omne
2632 4785 2778 4843 opus
2819 4771 3030 4828 bonum
3072 4771 3132 4829 in
3164 4773 3400 4832 Christo
3436 4776 3568 4832 Jesu
3605 4769 3814 4830 Domino

2195 4867 2421 4921 nostro:
2479 4875 2644 4934 quem
2687 4861 2848 4919 decet
2877 4862 3083 4936 gloria,
3118 4863 3456 4940 imperium,
3508 4863 3671 4923 latria
3706 4869 3814 4916 cum

2189 4953 2352 5009 Patre
2377 4955 2436 5008 et‘
2452 4951 2673 5024 Spiritu
2701 4957 2918 5024 sancto,
2965 4965 3118 5010 nunc
3141 4957 3198 5010 et
3220 4967 3452 5027 semper
3475 4961 3531 5012 et
3557 4955 3614 5010 in
3635 4944 3816 5008 secula

2190 5041 2550 5100 saeculorum.
2582 5040 2780 5099 Amen.

435 5135 3812 5165 Μ

1767 5211 2020 5286 ACTIO

2108 5216 2502 5288 SEPTIMA.

502 5384 564 5440 In
581 5382 1055 5441 nomineDomini
1081 5387 1139 5442 et
1159 5383 1540 5443 dominatoris
1563 5387 1694 5446 Jesu
1711 5389 1928 5448 Christi
1954 5375 2108 5452 veri~
2170 5397 2453 5456 redimitae
2499 5397 2703 5454 matris
2753 5397 2914 5470 ejus;
2954 5410 3105 5455 anno
3140 5399 3338 5454 octavo
3368 5396 3702 5454 consulatus
3725 5403 3816 5449 eo—

429 5473 531 5530 Dei
557 5473 759 5531 nostri.
786 5474 1017 5546 Imperii
1041 5475 1436 5547 piissimorum
1457 5479 1843 5538 etamicorum
1857 5481 2074 5542 Christi
2169 5503 2318 5562 rum,
2359 5487 2532 5544 tertio
2558 5487 2762 5544 Iduum
2789 5485 3220 5560 [Kalendarum]
3256 5486 3654 5544 octobriarum
3685 5479 3814 5540 indi-

429 5563 796 5624 dominorum
827 5568 1157 5625 nostrorum
1185 5565 1548 5627 Constantini
1587 5572 1644 5628 et
1688 5571 1862 5648 Irenae
1899 5587 1932 5631 a
1961 5576 2075 5634 Deo
2167 5577 2356 5636 ctione
2397 5575 2716 5634 undecima.
3319 5592 3323 5596 '
