4016 6168
207 277 279 338 457
918 277 1465 336 INTERPRETATIO
1500 275 1749 335 SYNODI
1796 274 1889 334 νιῐ
1927 273 2420 333 GENERALIS.—
2454 275 2657 332 ACTIO
2699 276 2808 332 VII.

3455 275 3562 334 458

204 407 335 476 sium,
379 403 591 459 Basilio
644 403 914 474 episcopo
965 402 1456 476 Dionysiopoleos,
1513 401 1798 473 Stephano
1825 401 1883 462 A
1915 400 2079 457 sibus
2096 400 2220 457 suis
2254 399 3324 472 pellectos,calumniatisuntsanctam
3341 401 3561 460 Christi

202 494 417 566 episcopo
439 493 674 564 Synnai,
697 493 1073 549 Constantino
1090 494 1358 564 episcopo
1379 493 1584 563 Andri,
1609 493 1804 547 Eusta-

201 585 289 641 thio
302 582 727 653 episc0poTeni,
745 583 956 638 Joanne
971 583 1236 653 episcopo
1249 583 1802 653 Decateron,Joanne

198 674 414 744 episcOpo
430 672 630 727 Nicaa
640 671 917 743 Thracia,
935 673 1278 742 Theophane
1291 673 1557 742 episcopo
1575 669 1798 739 Lebedi,

194 765 363 819 Joanne
403 762 670 832 episcopo
714 761 1142 832 Lithoprosopi,
1185 761 1504 832 Nicephoro
1535 761 1802 830 episcopo

194 851 621 922 Arcadiupoleos,
669 851 962 907 Theodoro
1009 852 1277 921 episcopo
1322 849 1800 921 HeracliOpoleos,

195 942 230 997 id
269 946 346 997 est
366 940 658 996 Thidatoa
686 936 1131 1014 [Pidachthoa].
1149 940 1523 998 Constantino
1536 940 1803 1009 episcopo

192 1032 482 1101 Metrorum,
525 1031 760 1100 Lycasto
804 1029 1073 1100 episcopo
1103 1029 1516 1099 Philadelphia
1547 1027 1806 1098 [Phylla-

189 1119 321 1190 don],
339 1118 580 1174 Michael
598 1119 866 1190 episcopo
881 1119 1285 1189 Trallensium,
1307 1120 1522 1174 Joanne
1538 1118 1805 1188 episcopo

192 1210 372 1280 Lemni,
399 1212 578 1266 Leone
602 1210 867 1280 episc0po
891 1209 1094 1279 Amisi,
1125 1209 1364 1265 Michael
1395 1209 1662 1280 episcopo
1690 1208 1802 1280 Tii,

188 1299 479 1370 Epiphanio
529 1299 798 1369 episcopo
842 1299 1219 1370 Pertensium,
1278 1300 1491 1354 Joanne
1537 1298 1805 1369 episcopo

188 1388 698 1458 Timbriadensium,
730 1389 1017 1459 Stephano
1046 1389 1315 1459 episcopo
1339 1387 1801 1459 Orymnensium,

188 1478 416 1535 Heraclio
439 1478 707 1549 episcopo
735 1478 909 1548 Sami,
940 1480 1154 1535 Joanne
1177 1479 1444 1550 episcopo
1470 1476 1731 1533 Praneti.

237 1568 750 1640 Residentibusque
778 1573 908 1624 ante
937 1568 1232 1625 ambonem
1261 1568 1641 1624 sacratissimi
1674 1573 1808 1622 tem-

187 1659 245 1728 pli
275 1657 650 1714 sanctissima
683 1670 896 1729 magna
925 1657 1180 1713 ecclesia
1211 1671 1336 1728 qua
1365 1656 1808 1729 cognominatur

1914 490 2012 545 Dei
2047 490 2228 546 nostri
2257 489 2585 560 Ecclesiam,
2612 502 2736 560 qua
2769 489 2880 559 ipsi
2909 494 2996 545 est
3023 490 3383 559 desponsata,
3415 498 3471 547 et
3503 493 3560 548 in

1915 585 2001 636 ter
2025 585 2283 636 sanctum
2323 585 2377 636 et
2420 579 2719 650 profanum
2771 593 2881 636 non
2916 578 3556 651 distinxerunt(Ezech.

1915 670 2070 741 xxii)
2106 670 2408 742 imaginem
2451 670 2677 726 Domini
2704 675 2759 725 et
2785 674 3109 727 sanctorum
3137 671 3261 740 ejus
3293 671 3566 726 similiter

1921 763 1981 814 ut
2004 763 2224 816 statuas
2249 760 2666 816 diabolicorum
2693 760 2976 816 idolorum
3007 761 3385 816 nominantes.
3419 762 3566 816 Pro-

1919 853 2043 920 pter
2074 850 2222 920 quod
2255 849 2532 905 Dominus
2555 851 2705 906 Deus
2739 863 2848 905 non
2877 849 3064 906 ferens
3105 849 3415 922 intueriab
3448 848 3567 906 hu-

1913 939 2166 1008 jusmodi
2191 944 2344 1009 peste
2369 938 2953 1011 corrumpigsubditos
2974 953 3129 1011 suos,
3157 937 3566 1009 nos’fsacerdo—

1918 1027 1986 1083 tii
2012 1029 2302 1099 principes
2322 1028 2674 1098 beneplacito
2696 1043 2800 1085 suo
2829 1029 3081 1101 undique
3107 1030 3440 1086 convocavit
3466 1028 3570 1084 di—

1916 1118 2049 1174 vino
2089 1118 2208 1174 zelo
2243 1117 2395 1189 [Gr.,
2439 1118 2639 1174 divino
2693 1119 2813 1174 zelo
2860 1123 2916 1174 et
2957 1119 3134 1188 nutu]
3181 1117 3481 1189 ferventes,
3513 1123 3568 1173 et

1917 1212 2064 1264 nutu
2087 1208 2444 1265 Constantini
2477 1213 2533 1264 et
2557 1210 2730 1264 Irena
2779 1209 3188 1278 imperatorum
3239 1213 3565 1265 nostrorum

1916 1298 2224 1354 adductos:
2255 1303 2537 1369 quatenus
2553 1298 2752 1354 deiﬁca
2775 1298 3071 1354 catholica
3097 1297 3362 1355 Ecclesia
3396 1298 3570 1354 tradi-

1918 1387 2000 1442 tio
2016 1387 2304 1443 communi
2331 1387 2556 1442 decreto
2592 1387 2833 1457 recipiat
2856 1387 3199 1443 ﬁrmitatem.
3225 1388 3410 1460 Igitur
3438 1401 3566 1445 cum

1917 1477 2073 1533 omni
2099 1472 2404 1548 diligentia
2428 1480 2848 1547 perscrutantes
2873 1481 2929 1532 et
2957 1477 3356 1544 discutientes,
3385 1482 3443 1533 et
3469 1477 3570 1533 in-

1919 1566 2229 1622 tentionem
2255 1565 2518 1621 veritatis
2548 1571 2846 1638 sectantes,
2889 1567 3039 1622 nihil
3061 1566 3391 1637 adimimus,
3420 1566 3569 1622 nihil

1921 1655 2220 1726 addimus;
2251 1656 2345 1712 sed
2391 1656 2583 1712 omnia
2621 1671 2747 1727 qua
2789 1657 3086 1712 catholica
3129 1661 3265 1712 sunt
3309 1656 3573 1713 Ecclesia

185 1727 365 1818 Sophia
399 1766 411 1801 :
451 1727 823 1817 praesentibus
855 1761 1082 1817 quoque
1113 1751 1168 1803 et
1198 1727 1573 1802 audientibus
1599 1745 1810 1817 glorio—
1837 1727 1891 1789 Β
1926 1745 2272 1802 immutilata
2305 1760 2627 1803 servamus:
2663 1751 2720 1801 et
2753 1753 3054 1814 sequentes
3085 1751 3280 1802 sancta
3307 1761 3403 1801 sex
3431 1748 3573 1802 uni-

185 1838 391 1892 sissimo
413 1843 470 1892 et
495 1835 1066 1908 magniﬁcentissimo
1095 1837 1375 1908 principe,
1403 1838 1638 1891 Petrona
1659 1834 1809 1890 vide-

187 1929 294 1982 licet
321 1925 788 1982 laudabilissimo
814 1941 880 1981 ex
909 1927 1320 1983 exconsulibus
1348 1925 1610 1997 patricio,
1644 1929 1700 1980 et
1726 1939 1813 1981 co-

184 2017 297 2072 mite
325 2017 440 2070 Deo
487 2015 750 2070 servandi
797 2016 1118 2086 imperialis
1148 2015 1434 2086 obsequii,
1467 2029 1531 2070 ac
1562 2027 1813 2070 reveren-

180 2104 422 2160 dissimis
463 2103 958 2160 archimandritis.
1008 2105 1343 2176 hegumenis
1389 2109 1444 2160 et
1493 2103 1807 2174 monachis,

179 2195 471 2250 secundum
504 2193 764 2249 ordinem
799 2198 929 2249 ante
963 2200 1214 2250 taxatum
1248 2195 1306 2249 in
1340 2194 1523 2264 prima
1548 2193 1808 2249 actione:

180 2283 474 2355 propositis
511 2283 683 2338 etiam
729 2283 947 2340 sanctis
987 2288 1045 2340 et
1089 2283 1444 2340 intemeratis
1487 2283 1588 2338 Dei
1641 2285 1814 2337 Evan-

179 2373 346 2445 geliis.

176 2463 493 2519 Theodorus
526 2462 939 2518 sanctissimus
979 2463 1285 2534 episc0pus
1321 2464 1619 2520 Tauriana
1656 2463 1812 2519 Sicu-

178 2553 345 2608 lorum
379 2551 594 2607 insula
618 2557 911 2622 acceptum
945 2566 1057 2622 pra
1085 2553 1352 2609 manibus
1382 2553 1618 2626 librum,
1649 2567 1815 2625 expo-

176 2642 332 2696 situm
355 2640 671 2697 terminum
695 2640 1039 2711 [expositam
1077 2642 1499 2714 deﬁnitionem]
1527 2643 1700 2716 legit:

266 2779 550 2821 TERHINUS
575 2779 788 2821 SANCTE
816 2780 1010 2822 M:\GN.-E
1037 2780 1101 2822 AC
1130 2781 1492 2824 UNIVERSALIS
1516 2781 1707 2823 SYNODI

563 2851 799 2893 SECUNDO
831 2852 886 2894 IN
920 2851 1094 2894 NICEA
1124 2852 1420 2895 COLLECTJE.

179 2967 372 3020 Sancta
414 2980 622 3033 magna
660 2980 723 3020 ac
761 2966 1087 3020 universalis
1126 2967 1387 3035 synodus,
1433 2983 1553 3037 qua
1579 2983 1681 3037 per
1721 2969 1821 3021 Dei

235 3040 492 3134 gratiam,
543 3041 595 3090 et
644 3039 1001 3134 sanctionem.
1020 3040 1238 3134 piorum
1283 3044 1332 3094 et
1385 3038 1817 3134 Christianorum
1850 3067 1901 3134 α

238 3113 624 3178 imperatorum
658 3108 1001 3162 Constantini
1033 3115 1083 3164 et
1105 3111 1278 3164 Irena
1304 3113 1496 3164 matris
1527 3111 1666 3179 ejus,
1697 3126 1817 3165 con-

237 3185 458 3248 gregata
502 3184 582 3234 est
617 3180 851 3234 secundo
899 3182 958 3234 in
994 3182 1310 3236 Nicensium
1350 3183 1502 3236 clara
1539 3183 1821 3252 metropoli

238 3253 675 3319 Bithyniensium
697 3253 996 3320 provincia
1026 3255 1084 3306 in
1108 3257 1301 3308 sancta
1324 3255 1424 3307 Dei
1452 3255 1672 3308 ecclesia
1701 3269 1821 3322 qua

240 3324 650 3390 cognominatur
710 3323 932 3392 SOphia,
994 3329 1197 3378 sectata
1245 3325 1593 3379 traditionem
1646 3326 1823 3380 catho-

243 3395 354 3448 lica
382 3394 657 3456 Ecclesia,
690 3394 936 3464 definivit
961 3396 1194 3463 inferius
1225 3397 1499 3449 ordinata.

242 3518 346 3587 Qui
371 3519 559 3575 lucem
587 3519 906 3592 agnitionis
928 3535 1045 3576 sua
1073 3520 1239 3577 nobis
1258 3521 1514 3594 donavit,
1539 3525 1596 3577 et
1620 3536 1650 3577 a
1678 3527 1827 3579 tene-

177 3607 294 3663 bris
319 3608 610 3664 idolorum
642 3622 706 3664 ac
739 3609 965 3665 insania
999 3624 1101 3666 nos
1132 3611 1392 3682 redemit,
1423 3611 1691 3667 Christus
1720 3611 1828 3667 sci-

179 3696 307 3753 licet
334 3700 486 3753 Deus
517 3703 735 3770 noster,
765 3698 1107 3770 desponsata
1135 3701 1248 3757 sibi
1278 3705 1475 3757 sancta
1505 3714 1608 3758 sua
1639 3701 1828 3757 catho-

181 3787 286 3842 lica
340 3788 603 3844 Ecclesia
658 3803 771 3846 non
832 3790 1071 3847 habente
1129 3791 1407 3849 maculam
1468 3806 1566 3848 seu
1626 3805 1824 3864 rugam

187 3878 384 3946 (Ephes.
410 3878 488 3950 v),
515 3878 658 3934 hanc
681 3893 740 3935 se
764 3887 1232 3937 conservaturum
1263 3882 1565 3952 promisit;
1592 3882 1830 3938 sanctis-

187 3981 286 4036 que
313 3967 634 4037 discipulis
677 3969 805 4025 suis
849 3969 1225 4040 asseverabat,
1265 3971 1497 4028 dicens:
1542 3972 1827 4028 Vobiscum

185 4071 292 4111 sum
316 4058 569 4113 omnibus
600 4058 788 4113 diebus
817 4075 987 4129 usque
1011 4060 1085 4114 ad
1109 4065 1616 4116 consummationem
1645 4061 1830 4117 saculi

185 4144 384 4217 (Matth.
445 4148 670 4220 xxviii).
727 4149 900 4205 Porro
960 4149 1105 4206 hanc
1157 4151 1659 4221 repromissionem
1715 4164 1827 4208 non

185 4237 359 4293 solum
419 4238 544 4294 illis
599 4238 853 4308 donavit,
911 4241 1006 4296 sed
1064 4246 1120 4297 et
1170 4242 1358 4314 nobis,
1420 4243 1521 4314 qui
1582 4257 1681 4313 per
1731 4257 1828 4299 eos

184 4329 535 4385 credidimus
584 4329 643 4384 in
702 4329 931 4386 nomine
987 4331 1192 4401 ipsius.
1252 4334 1399 4405 Ergo
1454 4333 1666 4389 donum
1723 4333 1829 4389 hoc

1921 1834 2162 1890 versalia
2194 1835 2462 1904 concilia,
2495 1836 2552 1890 in
2575 1835 2777 1904 primis
2798 1837 2944 1905 quod
2973 1836 3030 1890 in
3059 1835 3358 1904 splendida
3385 1836 3576 1892 Nica-

1923 1937 1993 1979 na
2044 1923 2342 1992 metropoli
2374 1925 2671 1993 convenit;
2704 1925 2891 1979 adhuc
2933 1924 3104 1979 etiam
3151 1927 3207 1977 et
3259 1924 3407 1992 quod
3451 1929 3577 1994 post

1923 2013 1983 2068 in
2064 2012 2352 2068 divinitus
2419 2013 2804 2068 conservanda
2879 2013 3034 2084 regia
3084 2012 3222 2068 urbe
3275 2013 3577 2069 collectum

1921 2104 2026 2157 est.

1993 2191 2293 2247 Credimus
2325 2191 2383 2246 in
2422 2204 2599 2247 unum
2646 2191 2824 2246 Deum
2852 2191 3071 2246 Patrem
3104 2191 3572 2261 omnipotentem,

1926 2279 2192 2336 factorem
2216 2279 2345 2336 coeli
2381 2285 2438 2336 et
2467 2285 2650 2350 terra,
2680 2279 3004 2336 visibilium
3032 2281 3288 2337 omnium
3316 2284 3373 2336 et
3417 2280 3576 2336 invi-

1924 2369 2210 2426 sibilium.
2231 2371 2300 2425 Et
2319 2371 2378 2424 in
2398 2383 2575 2425 unum
2601 2369 2907 2425 Dominum
2933 2371 3121 2425 Jesum
3151 2369 3447 2425 Christum
3475 2368 3580 2424 Fi—

1920 2459 2068 2527 lium
2085 2460 2184 2515 Dei
2210 2459 2595 2532 unigenitum,
2620 2459 2718 2530 qui
2739 2472 2805 2515 ex
2833 2460 2996 2514 Patre
3014 2463 3182 2515 natus
3197 2463 3283 2515 est
3302 2463 3432 2514 ante
3450 2473 3580 2514 om—

1924 2549 2020 2604 nia
2046 2548 2289 2605 sacula:
2327 2548 2517 2605 lumen
2553 2561 2621 2604 ex
2650 2548 2884 2619 lumine,
2919 2551 3094 2605 Deum
3127 2562 3318 2605 verum
3351 2549 3420 2604 de
3466 2549 3580 2605 Deo

1926 2651 2094 2708 vero;
2126 2643 2344 2697 natum.
2374 2652 2484 2695 non
2527 2637 2758 2709 factum,
2809 2638 3358 2694 consubstantialem
3399 2638 3576 2711 Patri,

1931 2742 2028 2798 per
2047 2742 2213 2799 quem
2237 2727 2429 2784 omnia
2453 2725 2600 2784 facta
2621 2731 2775 2784 sunt.
2796 2727 2906 2797 Qui
2933 2732 3166 2797 pr0pter
3188 2741 3291 2783 nos
3315 2728 3579 2785 homines

1927 2822 1984 2873 et
2012 2821 2241 2888 propter
2284 2823 2536 2873 nostram
2580 2816 2823 2873 salutem
2853 2816 3150 2873 descendit
3190 2817 3261 2872 de
3298 2817 3480 2889 calis,
3526 2821 3582 2873 et

1932 2907 2264 2963 incarnatus
2294 2912 2380 2962 est
2408 2907 2476 2962 de
2510 2906 2731 2977 Spiritu
2780 2911 2977 2963 sancto
3006 2920 3073 2962 ex
3099 2907 3276 2962 Maria
3322 2907 3578 2979 Virgine,

1931 3002 1986 3050 et
2019 2996 2186 3052 homo
2215 2994 2400 3052 factus
2425 3001 2541 3051 est:
2590 2995 2904 3052 cruciﬁxus
2935 2997 3107 3052 etiam
3141 3010 3242 3066 pro
3275 2997 3442 3053 nobis
3473 2996 3580 3054 sub

1934 3085 2133 3141 Pontio
2166 3084 2367 3156 Pilato,
2398 3099 2600 3155 passus
2645 3090 2701 3141 et
2739 3085 2998 3155 sepultus
3026 3089 3130 3156 est,
3181 3090 3238 3141 et
3268 3088 3584 3144 resurrexit

1933 3175 2101 3230 tertia
2131 3175 2227 3230 die
2261 3175 2573 3232 secundum
2604 3175 2966 3245 Scripturas:
3003 3175 3258 3231 ascendit
3284 3177 3352 3232 ad
3385 3176 3576 3248 caios,

1932 3265 2089 3321 sedet
2116 3264 2184 3319 ad
2243 3265 2530 3319 dexteram
2585 3264 2806 3320 Patris:
2840 3268 2898 3320 et
2943 3264 3149 3321 iterum
3193 3271 3468 3323 venturus
3498 3269 3585 3323 est

1932 3367 2061 3409 cum
2093 3353 2276 3425 gloria
2313 3353 2576 3423 judicare
2618 3353 2776 3408 vivos
2815 3358 2870 3409 et
2909 3360 3184 3415 mortuos.
3232 3356 3400 3424 cujus
3421 3356 3582 3428 regni

1935 3456 2046 3497 non
2075 3442 2189 3496 erit
2215 3441 2365 3496 ﬁnis.
2394 3443 2462 3496 Et
2507 3442 2566 3497 in
2598 3442 2877 3510 Spiritum
2910 3447 3168 3498 sanctum
3196 3443 3501 3500 Dominum
3529 3449 3585 3500 et

1933 3530 2334 3602 vivificantem,
2382 3530 2482 3600 qui
2509 3544 2578 3586 ex
2615 3531 2779 3586 Patre
2824 3530 3086 3602 Filioque
3111 3542 3132 3568 ι
3158 3533 3432 3603 procedit,
3481 3533 3581 3604 qui

1933 3634 2062 3677 cum
2085 3621 2248 3675 Patre
2271 3625 2328 3676 et
2351 3618 2499 3676 Filio
2527 3619 2700 3676 simul
2723 3621 2996 3676 adoratur
3019 3625 3076 3676 et
3095 3620 3584 3696 congloriﬁcatur,

1937 3710 2037 3780 qui
2062 3708 2288 3765 locutus
2309 3714 2394 3764 est
2421 3722 2518 3778 per
2549 3709 2871 3779 prophetas.
2907 3710 2975 3765 Et
3005 3724 3175 3766 unam
3201 3714 3452 3767 sanctam
3479 3726 3584 3768 ca-

1936 3799 2208 3855 tholicam
2238 3804 2293 3855 et
2321 3798 2691 3869 apostolicam
2731 3799 3060 3855 Ecclesiam.
3104 3799 3387 3856 Conﬁteor
3408 3815 3585 3859 unum

1935 3889 2219 3960 baptisma
2250 3890 2311 3946 in
2343 3889 2736 3946 remissionem
2773 3895 3164 3961 peccatorum:
3195 3897 3458 3961 exspecto
3489 3907 3590 3949 re—

1937 3981 2350 4039 surrectionem
2401 3985 2778 4052 mortuorum,
2815 3985 2871 4036 et
2916 3981 3090 4037 vitam
3123 3980 3305 4039 futuri
3364 3983 3582 4040 saculi.

1937 4072 2132 4128 Amen.
2205 4070 2618 4126 Abominamur
2690 4074 2878 4127 autem
2931 4077 2986 4127 et
3041 4073 3589 4131 anathematizamus

1937 4161 2140 4218 Arium
2165 4167 2222 4216 et
2266 4164 2676 4217 consentaneos
2717 4164 2773 4216 et
2824 4163 3338 4219 communicatores
3369 4177 3588 4220 vesana

1939 4251 2235 4322 Opinionis
2253 4251 2416 4320 ejus;
2448 4250 2956 4322 Macedoniumque
2985 4255 3041 4307 et
3065 4265 3161 4308 eos
3185 4253 3282 4322 qui
3301 4253 3466 4323 juxta
3491 4256 3590 4325 ip-

1939 4355 2064 4398 sum
2084 4341 2223 4397 bene
2242 4339 2739 4396 Pneumatomachi
2763 4342 3041 4398 nominati
3067 4347 3218 4398 sunt.
3243 4344 3593 4403 Conﬁtemur

184 4419 413 4488 quidam
464 4433 579 4477 non
632 4420 968 4492 cogitantes,
1019 4435 1050 4476 a
1103 4429 1333 4479 versuto
1393 4423 1629 4481 inimico
1682 4421 1910 4486 vola-D
1940 4436 2128 4488 autem
2158 4435 2214 4486 et
2254 4429 2544 4485 dominam
2590 4435 2838 4485 nostram
2877 4437 3126 4486 sanctam
3171 4432 3408 4488 Mariam
3452 4448 3591 4503 pro-

181 4507 277 4564 tici
339 4510 763 4581 quodammodo
819 4509 980 4582 facti,
1037 4526 1069 4568 a
1128 4518 1280 4569 recta
1339 4513 1561 4570 ratione
1618 4514 1832 4572 cecide-

182 4603 346 4669 runt;
401 4599 707 4656 traditioni
761 4601 934 4656 etiam
987 4602 1285 4659 catholica
1335 4604 1603 4661 Ecclesia
1656 4605 1834 4663 resul-

181 4690 364 4744 tantes
402 4689 701 4746 intellectu
737 4691 1003 4748 veritatis
1037 4691 1300 4750 frustrati
1340 4699 1513 4752 sunt:
1548 4700 1623 4767 et,
1659 4701 1723 4752 ut
1751 4697 1834 4752 ait

183 4779 564 4844 proverbialis
606 4794 812 4851 sermo,
862 4782 920 4837 in
949 4796 1052 4838 axe
1081 4784 1204 4855 agri
1233 4785 1327 4840 sui
1362 4785 1835 4858 [agricolationis

181 4880 296 4921 sua
322 4867 718 4939 jerraverunt,
752 4875 808 4926 et
837 4871 1191 4944 collegerunt
1222 4874 1487 4930 manibus
1518 4874 1643 4930 suis
1674 4877 1838 4931 steri-

182 4953 428 5016 litatem.
455 4959 594 5029 quia
625 4973 917 5017 sacrorum
951 4967 1446 5020 monumentorum
1464 4965 1577 5021 Deo
1597 4964 1834 5021 decibili

181 5054 521 5104 ornamento
567 5049 864 5106 detrahere
917 5058 1428 5125 prasumpserunt,
1478 5069 1608 5111 cum
1661 5069 1842 5112 sacer-

182 5134 342 5193 dotes
369 5139 607 5208 quidem
632 5139 985 5213 dicerentur,
1015 5156 1126 5198 non
1154 5148 1343 5199 essent
1366 5149 1591 5216 autem;
1623 5146 1692 5201 de
1719 5145 1842 5217 qui-

184 5223 286 5282 bus
319 5230 476 5284 Deus
501 5241 601 5299 per
632 5231 960 5300 prophetam
989 5232 1233 5290 clamat:
1263 5237 1513 5290 Pastores
1542 5237 1702 5290 multi
1730 5253 1840 5290 cor-

185 5324 456 5386 mperunt
496 5321 710 5374 vineam
758 5338 950 5387 meam,
995 5326 1502 5381 contaminaverunt
1537 5328 1843 5396 portionem

186 5418 358 5462 meam
389 5406 520 5479 (Jer.
565 5409 686 5482 xu).
719 5411 1030 5470 Sceleratos
1061 5413 1274 5484 quippe
1310 5416 1492 5471 secuti
1533 5417 1687 5473 viros
1723 5430 1846 5473 sen-

255 5515 524 5596 -__Julian.
556 5519 730 5596 card.
764 5524 872 5577 act.
915 5537 964 5579 v.
1000 5535 1156 5596 conc.
1205 5523 1352 5581 Flor.
1405 5529 1650 5582 testatur
1690 5525 1841 5596 apud

189 5583 426 5645 Latinos
443 5595 668 5647 exstare
683 5597 820 5649 tunc
836 5595 1110 5665 temporis
1125 5596 1378 5653 codicem
1391 5583 1743 5654 vetustissini
1751 5611 1845 5653 um

592 5699 829 5757 Parnm.
876 5701 1128 5759 CXXIX.

1942 4522 2066 4594 prie
2099 4534 2164 4576 ac
2197 4519 2474 4574 veraciter
2511 4519 2612 4574 Dei
2655 4520 3010 4592 genitricem,
3054 4522 3322 4592 quoniam
3371 4523 3593 4593 peperit

1942 4625 2112 4668 carne
2138 4624 2313 4667 unum
2349 4624 2416 4665 ex
2446 4613 2640 4666 sancta
2669 4610 2970 4680 Trinitate,
3002 4610 3293 4667 Christum
3324 4612 3594 4668 videlicet

1943 4705 2120 4759 Deum
2147 4705 2431 4771 nostrum,
2455 4700 2766 4755 secundum
2793 4701 2943 4771 quod
2971 4705 3027 4756 et
3048 4701 3393 4771 Ephesinum
3425 4703 3590 4773 prius

1943 4790 2350 4863 dogmatizavit
2386 4789 2698 4846 concilium
2749 4791 2897 4862 quod
2955 4790 3245 4848 inﬁrmum
3283 4791 3590 4865 [impium]

1943 4879 2270 4936 Nestorium
2303 4892 2431 4933 cum
2470 4878 2708 4949 collegis
2747 4879 2890 4938 suis.
2939 4886 3208 4951 tanquam
3242 4883 3590 4952 personalem

1947 4968 2283 5026 du‘tlitatem
2315 4967 2790 5038 introducentem,
2818 4970 2888 5024 ab
2911 4971 3161 5027 Ecclesia
3184 4972 3421 5043 pepulit.
3457 4973 3596 5029 Cum

1951 5061 2045 5116 his
2068 5063 2256 5116 autem
2282 5063 2337 5114 et
2356 5059 2500 5115 duas
2522 5061 2754 5113 naturas
2781 5059 3118 5114 conﬁtemur
3134 5061 3259 5129 ejus
3291 5062 3389 5132 qui
3417 5062 3604 5118 incar-

1954 5153 2122 5206 natus
2168 5153 2255 5205 est
2307 5152 2535 5218 propter
2575 5161 2676 5203 nos
2704 5161 2772 5204 ex
2814 5146 3147 5204 intemerata
3175 5150 3275 5206 Dei
3321 5151 3601 5222 genitrice

1953 5253 2173 5308 semper
2194 5237 2427 5309 Virgine
2456 5237 2653 5309 Maria,
2688 5236 2996 5307 perfectum
3021 5252 3148 5295 eum
3178 5241 3352 5295 Deum
3379 5245 3435 5295 et
3466 5253 3602 5310 per-

1951 5327 2159 5385 fectum
2195 5328 2478 5382 hominem
2538 5333 2960 5401 cognoscentes,
3013 5330 3487 5400 quemadmodum
3547 5334 3604 5385 et

1949 5417 2428 5473 Chalcedonensis
2449 5418 2699 5488 synodus
2723 5419 3125 5490 promulgavit,
3152 5419 3517 5487 Eutychetem
3547 5423 3603 5472 et

1952 5524 2286 5599 vnsynodi,
2322 5527 2382 5582 in
2429 5541 2540 5597 quo
2580 5525 2875 5599 legebatur
2909 5542 2977 5580 ea:
3027 5527 3188 5599 Patre
3216 5525 3478 5599 filioque.
3537 5524 3596 5578 ln

1955 5597 2078 5654 cod.
2100 5595 2206 5654 Jol.
2229 5616 2241 5652 :
2277 5595 2376 5668 qui
2403 5595 2470 5652 ea}
2492 5595 2661 5653 Patre
2675 5598 2940 5668 procedit,
2973 5595 3188 5651 omisso
3218 5595 3385 5649 Filio.

3329 5700 3397 5758 45
