4016 6168
419 249 524 306 459

1617 247 1972 306 ANASTASII
2047 245 2586 303 BIBLIOTHECARII

3740 244 3841 304 460

415 371 751 428 Dioscorum
771 370 1260 443 difi‘amatos[Gr.,
1293 370 1784 442 blasphemantes]
1813 384 1845 426 a
1869 369 2068 424 divino
2103 367 2155 423 Α
2196 370 2582 440 exsequimur,
2639 374 2889 426 tenentes
2939 370 3279 428 traditiones
3308 385 3453 442 quas
3489 371 3829 440 accepimus.

415 461 563 515 atrio
582 460 849 532 abigens:
872 460 1227 517 conferentes
1245 474 1373 517 cum
1403 459 1524 515 illis
1543 460 1755 530 pariter
1775 458 2062 527 Severum,

415 550 663 620 Petrum,
697 554 754 604 et
795 563 990 606 eorum
1027 548 1346 605 multifarie
1375 548 1859 619 blasphemantem
1887 546 2069 601 alter—

415 638 564 694 utris
590 637 1056 708 perplexionibus
1081 638 1275 694 restim
1318 642 1636 694 contextam
1661 655 1672 690 :
1699 650 1828 692 eum
1853 634 2066 705 quibus

411 732 468 783 et
487 726 752 798 Origenis
767 730 824 782 et
842 727 1069 798 Evagrii
1097 742 1161 782 ac
1183 727 1405 798 Didymi
1439 725 1662 782 fabulas
1696 724 2067 782 anathemati-

411 829 626 887 zamus,
659 815 836 870 sicuti
858 821 913 870 et
945 815 1440 886 Constantinopoli
1471 821 1875 888 congregatum
1901 815 2065 886 quin-

412 908 532 960 tum
558 905 870 960 concilium
897 905 1082 976 egisse
1109 905 1493 976 dignoscitur.
1517 905 1732 961 Deinde
1756 918 1982 976 quoque
2007 907 2066 959 et

409 993 554 1049 duas
573 993 894 1049 voluntates
925 999 981 1048 et
1011 994 1372 1063 operationes
1391 993 1703 1049 secundum
1728 999 2062 1049 naturarum

412 1081 812 1152 proprietatem
837 1083 894 1138 in
935 1082 1164 1138 Christo
1219 1082 1637 1153 pradicamus;
1688 1082 2065 1152 quemadmo—

407 1171 545 1226 dum
574 1176 629 1226 et
654 1171 1153 1242 Constantinopoli
1199 1177 1354 1226 sexta
1403 1169 1655 1241 synodus
1703 1170 2060 1240 exclamavit,

406 1259 684 1328 abjiciens
706 1260 986 1331 Sergium,
1013 1261 1327 1317 Honorium
1348 1270 1389 1333 ³,
1412 1261 1638 1330 Cyrum,
1670 1261 1926 1330 Pyrrum,
1956 1262 2064 1315 Ma-

405 1349 720 1417 carium,et
735 1363 831 1406 eos
848 1349 1092 1420 quisine
1127 1349 1419 1414 voluntate
1449 1355 1586 1405 sunt
1621 1348 1870 1420 pietatis,
1891 1352 2062 1418 atque

408 1439 539 1495 istis
568 1438 784 1494 similia
807 1441 1132 1495 sentientes.
1159 1441 1226 1494 Et
1248 1445 1311 1495 ut
1331 1438 1732 1509 compendiose
1755 1437 2052 1510 fateamur,

401 1540 596 1582 omnes
625 1528 1042 1584 ecclesiasticas
1069 1529 1187 1584 sive
1231 1529 1466 1599 scripto,
1519 1528 1639 1584 sive
1687 1528 1814 1584 sine
1844 1527 2063 1597 scripto

405 1617 654 1672 sancitas
675 1618 842 1673 nobis
856 1618 1198 1674 traditiones
1219 1619 1440 1676 illibate
1464 1631 1781 1674 servamus:
1815 1631 2059 1689 quarum

2177 459 2270 513 Sic
2300 459 2676 530 triumphales
2705 460 2959 516 ecclesia
3005 461 3335 530 prephetice
3368 461 3629 516 canimus
3669 461 3838 531 hym-

2181 561 2321 604 nos:
2383 549 2571 603 Gaude
2601 552 2756 613 satis,
2805 549 2924 620 ﬁlia
2977 550 3149 604 Sion:
3187 550 3452 620 pradica,
3505 551 3622 620 ﬁlia
3669 551 3833 603 Jeru-

2175 639 2377 702 salem;
2398 639 2714 706 jucundare
2743 643 2793 694 et
2818 640 2999 694 laetare
3031 655 3098 694 ea:
3141 645 3246 694 toto
3289 639 3446 694 corde
3477 644 3588 694 tuo.
3617 639 3838 693 Abstu-

2177 727 2241 780 lit
2263 729 2522 782 Dominus
2553 745 2587 782 α
2625 733 2673 783 te
2707 729 3010 796 injustitias
3053 729 3460 783 adversantium
3506 729 3645 783 tibi:
3679 729 3834 783 rede-

2174 817 2273 869 mit
2297 821 2346 870 te
2391 817 2456 870 de
2503 833 2672 870 manu
2711 819 3054 872 inimicorum
3092 823 3324 872 tuorum.
3352 818 3614 872 Dominus
3640 834 3738 871 rex:
3779 819 3834 871 in

2174 904 2349 958 medio
2380 906 2494 959 tui:
2535 921 2645 960 non
2694 907 2901 961 videbis
2939 907 3087 960 mala
3130 908 3300 970 ultra,
3333 911 3382 961 et
3415 922 3536 977 paa:
3574 907 3635 960 in
3685 910 3735 961 te
3776 908 3833 961 in

2174 998 2380 1064 tempus
2405 1000 2665 1050 aternu-m
2688 996 2890 1066 (Soph.
2927 1010 2988 1051 Ill
3002 996 3050 1066 ).

2243 1103 2353 1157 Eos
2377 1116 2509 1174 ergo
2536 1101 2635 1173 qui
2667 1103 2878 1158 audent
2914 1103 3085 1158 aliter
3109 1115 3304 1172 sapere
3332 1107 3433 1158 aut
3465 1101 3686 1173 docere,
3730 1108 3834 1159 aut

2175 1191 2488 1246 secundum
2515 1191 2784 1248 scelestos
2802 1193 3098 1248 hareticos
3123 1192 3544 1248 ecclesiasticas
3568 1192 3834 1248 traditio-

2177 1294 2278 1336 nes
2302 1294 2585 1353 spernere,
2613 1287 2668 1337 et
2694 1282 3000 1338 novitatem
3033 1281 3349 1352 quamlibet
3371 1283 3715 1353 excogitare,
3743 1281 3829 1337 vel

2177 1370 2456 1440 projicere
2478 1371 2702 1441 aliquid
2728 1385 2797 1426 ex
2824 1371 2915 1426 his
2941 1385 3067 1442 qua
3092 1375 3228 1426 sunt
3250 1371 3516 1426 Ecclesia
3531 1372 3828 1443 deputata,

2176 1459 2294 1514 sive
2314 1459 2701 1532 Evangelium,
2741 1460 2859 1516 sive
2886 1459 3123 1532 figuram
3150 1459 3360 1529 crucis,
3390 1460 3512 1515 sive
3537 1460 3832 1531 imagina-

2177 1547 2282 1602 lem
2314 1549 2614 1618 picturam,
2658 1549 2777 1605 sive
2820 1555 3045 1605 sanctas
3081 1549 3360 1620 reliquias
3392 1549 3691 1619 martyris;
3727 1555 3832 1604 aut

2175 1637 2497 1709 excogitare
2524 1652 2690 1708 prave
2713 1642 2814 1694 aut
2837 1643 3024 1694 astute
3048 1639 3116 1694 ad
3154 1638 3594 1694 subvertendum
3646 1638 3830 1708 quid-

408 1719 517 1760 una
548 1711 634 1761 est
654 1707 825 1762 etiam
859 1707 1188 1779 imaginalis
1221 1708 1458 1777 pictura
1489 1705 1775 1777 formatio,
1805 1721 1930 1778 qua
1957 1707 2053 1761 hi-

2189 1705 2346 1796 quam
2368 1741 2435 1782 ex
2464 1705 2741 1798 legitimis
2769 1728 3185 1784 traditionibus
3209 1728 3474 1784 Ecclesia
3494 1705 3827 1796 catholica;

404 1795 595 1850 storia
616 1797 952 1868 evangelica
972 1797 1400 1865 pradicationis
1420 1795 1696 1864 concinit,
1717 1797 1785 1852 ad
1807 1797 2056 1852 certitu-

401 1884 592 1939 dinem
620 1899 764 1940 vera
796 1891 851 1939 et
876 1899 987 1940 non
1011 1887 1325 1941 secundum
1359 1886 1720 1956 phantasiam
1761 1885 1857 1940 Dei
1884 1885 2053 1941 Verbi

406 1971 896 2029 inhumanationis
909 1973 1136 2044 effecta,
1152 1975 1282 2030 etad
1301 1975 1548 2047 similem
1567 1975 1731 2031 nobis
1747 1974 2057 2030 utilitatem

401 2063 691 2117 commode
709 2063 1030 2132 proficiens.
1053 2065 1187 2132 Qua
1206 2078 1449 2134 namque
1469 2077 1528 2118 se
1550 2069 1747 2120 mutuo
1773 2064 2051 2135 indicant,

405 2151 1267 2224 incunctanter[indubitanter]
1290 2153 1461 2208 etiam
1492 2159 1719 2209 mutuas
1739 2153 1946 2208 habent
1967 2153 2057 2208 si—

400 2241 816 2312 gnificationes.
843 2242 942 2297 llis
969 2243 1046 2298 ita
1066 2257 1123 2298 se
1157 2243 1520 2308 habentibus,
1552 2243 1720 2314 regia
1741 2243 1902 2314 quasi
1926 2257 2054 2298 con-

401 2331 609 2386 tinuati
630 2331 848 2386 semita
873 2332 1171 2403 [regiaque
1205 2332 1530 2388 incedentes
1551 2333 1695 2402 via],
1715 2338 2054 2402 sequentes-

401 2434 510 2491 que
533 2421 818 2477 divinitus
841 2421 1186 2492 inspiratum
1213 2426 1538 2477 sanctorum
1574 2423 1802 2477 Patrum
1832 2428 2052 2478 nostro-

403 2523 527 2565 rum
557 2510 972 2583 magisterium,
996 2509 1362 2566 etcatholica
1393 2509 1759 2565 traditionem
1782 2511 2048 2566 Ecclesia

399 2596 564 2669 (nam
594 2599 847 2668 Spiritus
873 2600 1054 2656 sancti
1089 2599 1233 2654 hanc
1263 2613 1384 2655 esse
1417 2599 1700 2654 novimus.
1738 2599 1838 2669 qui
1866 2599 2048 2654 nimi-

401 2701 526 2743 rum
549 2687 606 2743 in
631 2688 752 2759 ipsa
773 2688 1414 2761 inhabitat)definimus
1443 2688 1500 2742 in
1525 2687 1678 2742 omni
1697 2687 2046 2744 certitudine

398 2777 795 2852 acdiligentia,
813 2779 963 2835 sicut
977 2779 1214 2852 figuram
1229 2780 1491 2850 pretiosa
1503 2791 1566 2833 ac
1582 2777 2043 2841 vivificacrucis.

401 2867 479 2922 ita
509 2868 860 2924 venerabiles
913 2883 978 2924 ac
1011 2873 1236 2924 sanctas
1292 2869 1570 2940 imagines
1627 2868 2046 2940 proponendas,

399 2964 512 3014 tam
540 2972 665 3028 qua
684 2958 754 3013 de
781 2957 1075 3014 coloribus
1101 2963 1157 3013 et
1178 2958 1450 3028 tessellis,
1485 2973 1654 3029 quam
1697 2973 1822 3029 qua
1848 2972 1915 3013 ex
1935 2957 2051 3012 alia

401 3047 636 3103 materia
656 3053 1036 3120 congruenter
1061 3047 1077 3117 [
1099 3047 1219 3111 Gr.,
1247 3061 1408 3120 cong.
1435 3062 1494 3104 se
1526 3047 1802 3118 habente]
1837 3047 1897 3102 in
1929 3060 2054 3103 san-

399 3137 509 3192 ctis
532 3137 632 3191 Dei
663 3136 944 3208 ecclesiis,
982 3142 1036 3192 et
1072 3137 1252 3192 sacris
1290 3137 1463 3209 vasis,
1509 3143 1565 3192 et
1595 3137 1868 3207 vestibus,
1907 3142 1962 3193 et
1990 3137 2047 3192 in

401 3225 719 3296 parietibus
735 3240 798 3282 ac
822 3226 1056 3298 tabulis,
1090 3225 1358 3282 domibus
1383 3231 1437 3282 et
1463 3226 1602 3283 viis:
1644 3232 1756 3282 tam
1783 3226 2052 3283 videlicet

401 3316 704 3387 imaginem
738 3316 966 3372 Domini
992 3316 1091 3371 Dei
1120 3322 1174 3372 et
1199 3316 1512 3373 Salvatoris
1534 3317 1865 3372 nostriJesu
1892 3317 2054 3373 Chri-

399 3405 496 3478 sti,
527 3419 694 3477 quam
729 3406 1074 3462 intemerata
1107 3406 1353 3463 domina
1380 3413 1585 3463 nostra
1608 3412 1814 3462 sancta
1829 3407 1929 3463 Dei
1949 3422 2054 3480 ge—

401 3495 654 3566 nitricis,
707 3496 1254 3567 honorabiliumque
1301 3496 1654 3569 angelorum,
1700 3502 1755 3550 et
1792 3495 2048 3551 omnium

400 3591 726 3641 sanctorum
757 3585 931 3640 simul
955 3585 1307 3640 etalmorum
1340 3584 1616 3640 virorum.
1645 3585 1868 3652 Quanto
1894 3585 2048 3639 enim

400 3673 760 3746 frequentius
791 3687 889 3742 per
921 3673 1283 3744 imaginalem
1309 3670 1710 3727 formationem
1756 3673 2044 3745 videntur,

402 3769 558 3820 tanto
590 3763 690 3833 qui
729 3762 830 3817 has
860 3760 1340 3832 contemplantur,
1366 3759 1618 3816 alacrius
1647 3761 1952 3832 eriguntur
1978 3763 2046 3818 ad

403 3852 827 3923 primitivorum
850 3863 1044 3905 earum
1067 3849 1395 3904 memoriam
1425 3857 1480 3905 et
1507 3849 1882 3922 desiderium,
1907 3852 2046 3908 etad

401 3941 684 4012 osculum,
707 3944 762 3995 et
791 3939 859 3994 ad
881 3939 1244 3994 honorariam
1267 3939 1360 3995 his
1383 3939 1773 3997 adorationem
1797 3940 2052 3997 tribuen-

401 4029 552 4085 dam.
584 4031 705 4084 Non
738 4031 924 4083 tamen
947 4028 1014 4083 ad
1040 4041 1226 4083 veram
1255 4027 1481 4084 latriam
1507 4028 1658 4101 [Gr.,
1690 4035 1746 4085 et
1769 4029 1861 4085 his
1891 4045 2052 4086 oscu-

405 4117 524 4173 lum
551 4125 607 4173 et
645 4116 1009 4173 honorariam
1045 4115 1262 4172 adorat.
1317 4117 1452 4174 trib.
1489 4132 1600 4174 non
1632 4123 1817 4174 tamen
1861 4133 2049 4175 veram

405 4207 502 4262 lat.
527 4206 566 4278 ],
601 4221 726 4277 qua
747 4207 1060 4264 secundum
1093 4205 1257 4262 fidem
1283 4211 1389 4278 est,
1424 4221 1665 4279 quaque
1690 4208 1868 4264 solam
1891 4209 2054 4264 divi—

405 4311 532 4353 nam
564 4303 824 4354 naturam
863 4297 1042 4368 decet,
1077 4296 1547 4367 impartiendam:
1587 4299 1666 4353 ita
1698 4301 1763 4353 ut
1785 4297 1936 4369 istis,
1961 4299 2052 4354 si-

2170 1815 2253 1870 vel
2283 1816 2452 1870 etiam
2478 1817 2643 1887 quasi
2671 1817 3074 1873 communibus
3095 1817 3178 1872 uti
3211 1817 3394 1873 sacris
3415 1817 3586 1884 vasis,
3615 1822 3716 1871 aut
3741 1829 3832 1871 ve-

2171 1904 2526 1961 nerabilibus
2560 1906 2956 1961 monasteriis:
2987 1906 3279 1976 siquidem
3303 1905 3556 1975 episcopi
3584 1910 3685 1960 aut
3716 1905 3832 1960 cle-

2169 1993 2273 2047 rici
2305 1991 2542 2065 fuerint,
2582 1995 2790 2064 deponi
2837 1995 3222 2065 pracipimus,
3275 1993 3582 2050 monachos
3630 1997 3826 2049 autem

2173 2084 2256 2138 vel
2286 2083 2462 2139 laicos
2482 2097 2514 2138 a
2543 2085 2944 2141 communione
2974 2084 3281 2157 segregari.

2239 2190 2438 2246 Petrus
2465 2191 2740 2263 indignus
2759 2192 2982 2261 primus
3000 2191 3292 2262 presbyter
3309 2191 3462 2246 sedis
3479 2190 3664 2246 sancti
3692 2203 3832 2259 apo-

2164 2279 2297 2334 stoli
2324 2281 2492 2350 Petri,
2517 2287 2574 2336 et
2598 2281 2783 2337 locum
2807 2282 3080 2352 supplens
3104 2281 3345 2336 Adriani
3389 2293 3544 2350 papa
3569 2280 3833 2335 senioris

2164 2369 2353 2424 Roma
2381 2369 2662 2426 definiens
2686 2371 3028 2440 subscripsi.

2231 2475 2431 2531 Petrus
2479 2476 2754 2546 indignus
2801 2475 3091 2547 presbyter
3119 2479 3174 2530 et
3218 2475 3569 2547 hegumenus
3613 2487 3833 2529 mona—

2159 2565 2322 2620 sterii
2342 2567 2523 2621 sancti
2555 2567 2737 2623 Patris
2759 2567 2939 2622 nostri
2967 2566 3163 2622 Sabba
3189 2567 3290 2622 siti
3317 2568 3520 2637 Roma,
3545 2570 3602 2621 et
3625 2566 3825 2622 locum

2161 2656 2432 2727 supplens
2456 2656 2694 2712 Adriani
2721 2671 2874 2728 papa
2896 2657 3144 2713 senioris
3161 2658 3368 2728 Roma,
3387 2655 3670 2712 definiens
3689 2656 3831 2712 sub-

2163 2746 2394 2815 scripsi.

2163 2893 2182 2918 ,
2231 2834 2521 2901 Tarasius,
2559 2835 2956 2891 misericordia
2981 2835 3082 2891 Dei
3129 2835 3434 2905 episcopus
3474 2834 3826 2890 Constanti-

2163 2924 2431 2995 nopoleos
2489 2937 2644 2980 nova
2687 2925 2893 2995 Roma,
2957 2930 3189 2996 paterna
3252 2926 3515 2996 degmata
3565 2938 3826 2995 sequens

2161 3019 2216 3070 et
2259 3015 2625 3071 traditionem
2671 3015 2968 3072 catholica
3007 3015 3298 3085 Ecclesia,
3339 3015 3621 3071 definiens
3664 3016 3824 3072 sub—

2085 3078 2134 3141 C
2161 3105 2391 3175 scripsi.

2229 3196 2491 3267 Joannes,
2540 3194 2935 3250 misericordia
2976 3195 3074 3250 Dei
3129 3195 3420 3266 presbyter
3446 3199 3503 3250 et
3557 3196 3828 3264 patriar—

2161 3284 2346 3340 chalis
2370 3284 2676 3356 syncellus,
2719 3285 2905 3341 locum
2956 3284 3207 3340 retinens
3248 3285 3423 3340 trium
3462 3284 3830 3354 apostolica-

2164 3389 2290 3430 rum
2339 3375 2580 3446 sedium,
2635 3373 3053 3445 Alexandrina,
3100 3375 3468 3430 Antiochena
3516 3381 3572 3429 et
3607 3375 3832 3432 Hiero-

2161 3463 2536 3535 solymitana,
2589 3469 2820 3534 paterna
2868 3464 3131 3536 dogmata
3198 3477 3442 3535 sequens
3501 3468 3558 3519 et
3623 3466 3829 3521 tradi-

2161 3552 2372 3608 tionem
2394 3553 2688 3608 catholica
2714 3553 2999 3623 Ecclesia,
3026 3552 3305 3609 definiens
3327 3553 3669 3624 subscripsi.

2231 3657 2492 3727 Thomas,
2547 3659 2944 3714 misericordia
2995 3659 3096 3714 Dei
3153 3658 3442 3730 presbyter
3499 3663 3555 3714 et
3631 3658 3834 3730 hegu-

2162 3759 2363 3802 menus
2389 3747 2721 3803 monasterii
2755 3749 2938 3804 sancti
2967 3748 3152 3804 Patris
3210 3748 3393 3803 nostri
3441 3746 3669 3802 Arsenii
3721 3749 3827 3803 siti

2162 3835 2221 3890 in
2251 3835 2486 3908 Egypto
2514 3851 2686 3907 super
2725 3837 3083 3909 Babylonem,
3132 3837 3385 3893 retinens
3418 3836 3602 3893 locum
3638 3837 3829 3894 trium

2159 3926 2603 3995 apostolicarum
2627 3925 2870 3998 sedium,
2910 3925 3328 3997 Alexandrina,
3365 3925 3748 3982 Antiochena
3775 3932 3832 3982 et

2159 4015 2705 4088 llierosolymitana,
2761 4020 2991 4085 paterna
3048 4015 3311 4087 dogmata
3360 4014 3724 4085 subsequens
3776 4022 3830 4070 et

2166 4104 2530 4161 traditionem
2597 4105 2893 4161 catholica
2966 4104 3252 4172 Ecclesiae,
3319 4104 3600 4161 definiens
3669 4106 3834 4162 sub—

2164 4194 2391 4264 scripsi.

2235 4284 2346 4355 Aga
2358 4283 2488 4354 pius
2515 4283 2789 4355 indignus
2809 4283 3114 4354 episcopus
3132 4284 3408 4351 Casaria,
3441 4289 3673 4354 paterna
3709 4285 3831 4342 do—

405 4387 524 4443 cuti
575 4388 772 4461 figura
828 4387 1090 4458 pretiosa
1125 4400 1191 4443 ac
1233 4385 1474 4442 vivifica
1515 4387 1707 4443 crucis
1743 4392 1798 4444 et
1836 4389 2052 4445 sanctis
2077 4403 2131 4467 D
2164 4379 2349 4467 gmata
2371 4373 3077 4467 SCQP9“5_0t_tP3ditionem
3099 4373 3397 4430 οίίῐῒιοιίοίε
3417 4373 3711 4445 Εοειθείεεν
3737 4375 3832 4432 ἀθ-

403 4479 749 4551 EVangeliis,
782 4482 838 4533 et
863 4476 1107 4548 reliquis
1150 4475 1332 4532 sacris
1363 4476 1768 4548 monumentis,
1799 4477 2052 4536 incenso-

407 4584 531 4626 rum
553 4576 608 4625 et
638 4568 926 4625 luminum
944 4565 1160 4622 oblatio
1179 4565 1246 4620 ad
1275 4565 1475 4620 harum
1506 4566 1774 4622 honorem
1798 4566 2053 4624 efﬁcien-

403 4659 540 4714 dum
566 4657 922 4726 exhibeatur,
957 4653 1430 4725 quemadmodum
1451 4661 1505 4710 et
1522 4655 1782 4726 antiquis
1800 4657 1906 4727 pia
1923 4671 2052 4715 con-

405 4747 736 4802 suetudinis
754 4749 892 4802 erat.
920 4741 1193 4812 lmaginis
1222 4743 1375 4799 enim
1395 4743 1576 4800 honor
1595 4745 1664 4800 ad
1691 4746 2051 4816 primitivum

407 4837 648 4893 transit:
674 4841 730 4892 et
748 4838 846 4908 qui
869 4835 1068 4892 adorat
1100 4833 1426 4907 imaginem,
1452 4835 1652 4890 adorat
1671 4836 1729 4891 in
1749 4849 1812 4890 ea
1833 4835 2049 4906 depicti

406 4925 855 4982 subsistentiam.
886 4925 978 4981 Sic
1025 4924 1176 4980 enim
1225 4923 1401 4980 robur
1456 4923 1677 4980 obtinet
1725 4930 2049 4981 sanctorum

406 5019 634 5072 Patrum
668 5020 990 5072 nostrorum
1021 5014 1302 5084 doctrina,
1340 5013 1396 5069 id
1447 5019 1532 5069 est
1563 5014 1800 5070 traditio
1839 5021 2047 5071 sancta

407 5106 703 5163 catholica
755 5105 1038 5177 Ecclesia,
1086 5119 1210 5176 qua
1252 5117 1284 5158 a
1315 5102 1530 5159 finibus
1569 5119 1749 5175 usque
1795 5105 1864 5160 ad
1913 5104 2052 5162 fines

408 5203 572 5252 terra
609 5196 863 5266 suscepit
914 5193 1282 5266 Evangelium
1317 5189 1372 5262 (Ι
1418 5193 1597 5246 Thess.
1635 5195 1726 5266 ιι).
1773 5194 1866 5249 Sic
1901 5197 2050 5252 Pau-

409 5287 547 5358 lum,
583 5286 682 5356 qui
735 5285 794 5340 in
839 5284 1068 5339 Christo
1119 5283 1347 5338 locutus
1386 5287 1490 5352 est,
1521 5286 1578 5336 et
1625 5296 1844 5338 omnem
1889 5284 2050 5339 divi-

409 5391 544 5434 num
575 5376 952 5447 apostolicum
985 5379 1212 5444 catum,
1245 5377 1301 5428 et
1351 5376 1638 5442 paternam
1692 5372 2046 5429 sanctitatem

479 5501 502 5528 ι
527 5488 769 5542 Sanctus
799 5483 1079 5539 Maximus
1097 5483 1328 5554 Gracus
1356 5479 1506 5554 doct.
1530 5483 1585 5534 et
1609 5479 1916 5554 confessor,
1947 5483 2048 5554 qui

410 5566 658 5629 tempore
688 5555 920 5612 llonorii
957 5556 1035 5608 PP
1084 5552 1338 5624 scripsit,
1367 5551 1532 5607 illum
1554 5553 1776 5624 egregie
1796 5551 2052 5611 defendit

2167 4461 2372 4518 finiens
2402 4461 2742 4532 subscripsi.

2238 4551 2479 4606 Joannes
2506 4551 2778 4622 indignus
2804 4551 3107 4622 episcopus
3152 4551 3383 4623 Ephesi,
3419 4555 3656 4622 paterna
3704 4551 3830 4609 do-

2165 4646 2351 4715 gmata
2390 4654 2633 4712 sequens
2675 4644 2731 4696 et
2783 4641 3150 4698 traditionem
3181 4641 3476 4698 catholica
3523 4641 3828 4713 Ecclesia,

2159 4730 2439 4786 definiens
2467 4728 2805 4800 subscripsi.

2230 4837 2661 4908 Constantinus,
2682 4835 3078 4893 misericordia
3093 4835 3193 4891 Dei
3214 4835 3490 4908 indignus
3505 4835 3831 4908 episc0pus

2161 4926 2505 4983 Constantia
2566 4927 2903 4997 Cypriorum
2969 4924 3192 4996 insula,
3244 4929 3482 4996 paterna
3545 4925 3830 4998 dogmata

2163 5030 2406 5087 sequens
2430 5020 2485 5071 et
2506 5016 2873 5072 traditionem
2895 5015 3193 5072 catholica
3212 5014 3500 5086 Ecclesia,
3533 5015 3832 5072 definiens

2160 5104 2500 5174 subscripsi.

2231 5197 2360 5264 Leo,
2389 5192 2784 5250 misericordia
2814 5193 2913 5249 Dei
2953 5193 3256 5264 episcopus
3298 5193 3573 5250 Heraclia
3626 5194 3829 5250 Thra—

2159 5286 2283 5355 cia,
2314 5291 2545 5354 paterna
2577 5284 2840 5356 dogmata
2865 5297 3108 5354 sequens
3138 5288 3194 5338 et
3221 5283 3591 5340 traditionem
3620 5284 3829 5340 catho-

2159 5377 2286 5433 lica
2309 5373 2592 5430 Ecclesia.
2635 5372 2914 5429 definiens
2961 5373 3301 5444 subscripsi.

2164 5487 2223 5542 in
2249 5483 2477 5556 dialogo
2507 5495 2635 5539 cum
2667 5481 2899 5554 Pyrrho,
2929 5486 2992 5538 ut
3026 5481 3217 5538 videre
3245 5485 3334 5538 est
3357 5481 3560 5554 synodi
3586 5482 3832 5540 actione

2155 5574 2237 5628 v1,
2275 5555 2360 5614 43.
