4010 6160
220 291 312 352 469

969 297 1514 360 INTERPRETATIO
1550 301 1798 360 SYNODI
1836 303 1930 360 VII
1964 302 2365 364 GENERALIS.
2406 338 2481 351 —
2515 309 2716 367 ACTIO
2753 313 2866 368 VII.

3521 314 3625 375 470

270 419 592 491 Stephanus
622 424 900 498 indignus
929 428 1235 498 episcopus
1265 430 1677 502 Philadelphia
1702 431 1862 488 simi-
1883 432 1938 490 Α
1971 446 2042 488 no
2073 440 2444 506 cegnomento
2467 438 2751 510 Crithino,
2797 443 2853 496 et
2883 439 2981 510 qui
3018 455 3148 497 cum
3179 455 3244 499 eo
3279 443 3452 501 simul
3478 457 3626 515 apo—

211 513 347 570 liter.

267 604 575 661 Zacharias
593 605 872 679 indignus
888 607 1194 679 episcopus
1208 608 1772 668 Cardabundensium
1784 611 1859 668 si-

206 692 429 749 militer.

262 783 590 853 Stephanus
615 785 895 858 indignus
913 788 1220 859 episcopus
1247 789 1456 860 Synnai
1486 790 1778 846 similiter.

258 872 542 930 Constans
565 873 846 947 indignus
875 877 1180 948 episcopus
1216 879 1449 951 Ancyra
1484 879 1775 936 similiter.

256 963 594 1020 Theodorus
621 964 898 1037 indignus
918 967 1224 1038 episcopus
1241 968 1377 1024 Cadi
1409 967 1702 1026 similiter.

254 1053 502 1109 Joannes
530 1054 808 1127 indignus
836 1055 1140 1127 episcopus
1168 1057 1343 1114 Azani
1371 1059 1666 1116 similiter.

255 1142 719 1214 TheOphylaetus
765 1137 1044 1218 indignus
1073 1147 1376 1219 episcopus
1426 1150 1846 1221 Mosynensium

191 1230 479 1288 similiter.

253 1321 501 1378 Joannes
549 1323 829 1396 indignus
859 1325 1162 1398 episcopus
1200 1327 1645 1385 Pranetensium
1673 1328 1850 1385 simi-

193 1414 288 1465 ter.

256 1499 456 1556 Sancta
479 1502 738 1572 synodus
776 1504 1148 1562 exclamavit:
1184 1506 1393 1563 Omnes
1425 1507 1505 1564 ita
1534 1507 1840 1579 credimus,

195 1601 375 1644 omnes
417 1591 676 1662 idipsum
707 1594 982 1668 sapimus,
1025 1610 1220 1653 omnes
1247 1599 1667 1654 consentientes
1701 1597 1848 1654 sub-

1969 526 2128 579 stata
2159 523 2292 580 facti
2343 531 2496 590 sunt,
2539 529 2873 584 anathema!

2034 614 2236 669 Joanni
2298 617 2664 688 Nicomedia,
2712 619 3090 676 Constantino
3138 621 3404 692 Nacolia,
3440 623 3625 678 hare—

1965 700 2215 759 siarchis
2245 707 2581 762 anathema!
2629 708 2710 764 Ad
2754 709 3005 765 nihilum
3028 709 3625 784 deduxeruntimagi~

1965 805 2089 848 nem
2122 795 2349 851 Domini
2384 802 2440 853 et
2468 804 2797 856 sanctorum
2819 801 2977 870 ejus:
3005 801 3073 857 ad
3099 801 3352 857 nihilum
3382 801 3620 859 deduxti

1964 894 2061 937 eos
2089 883 2387 941 Dominus.

2031 971 2088 1026 Si
2123 973 2257 1044 quis
2288 990 2630 1049 quemquam
2665 979 2944 1037 hareseos
2971 981 3332 1040 Christianos
3357 995 3628 1039 accusan-

1960 1058 2058 1131 tis,
2105 1061 2189 1117 vel
2234 1063 2289 1118 in
2327 1078 2390 1120 ea
2440 1066 2613 1122 vitam
2663 1082 2823 1125 suam
2866 1071 3274 1143 transigentem
3326 1067 3463 1148 [vita
3516 1087 3618 1129 sua

1959 1147 2242 1226 functum]
2275 1153 2549 1228 defendit,
2573 1158 2904 1214 anathema!

2023 1239 2084 1295 Si
2109 1241 2242 1311 quis
2263 1243 2554 1302 Christum
2583 1248 2758 1303 Deum
2779 1249 3282 1322 circumscriptum
3303 1252 3616 1309 secundum

1960 1327 2370 1389 humanitatem
2401 1349 2512 1392 non
2551 1337 2876 1406 conﬁtetur,
2913 1341 3211 1398 anathema
3244 1341 3258 1396 ι

2025 1418 2082 1473 Si
2109 1420 2242 1491 quis
2271 1424 2626 1496 evangelicas
2655 1429 3013 1485 narrationes
3033 1428 3228 1486 titulis
3257 1429 3618 1504 picturisque

1955 1505 2132 1564 factas
2160 1524 2268 1566 non
2301 1513 2577 1585 admittit,
2603 1517 2935 1574 anathema!

2026 1598 2082 1652 Si
2109 1601 2243 1670 quis
2274 1616 2385 1658 non
2417 1605 2712 1663 osculatur
2738 1607 2839 1662 has
2865 1613 3134 1680 tanquam
3169 1610 3226 1666 in
3261 1611 3490 1667 nomine
3514 1613 3620 1669 D0'

197 1677 564 1767 scripsimus!
615 1683 740 1738 Hac
777 1689 862 1739 est
898 1685 1036 1741 ﬁdes
1079 1687 1465 1756 apostolorum
1501 1683 1657 1761 [hac
1709 1687 1847 1744 ﬁdes
1873 1763 1915 1767 _
1957 1687 2099 1743 mini
2127 1696 2182 1746 et
2213 1698 2538 1750 sanctorum
2588 1696 2714 1766 ejus
2740 1696 2935 1767 factas,
2983 1677 3327 1756 anathema!

200 1766 490 1843 Patrum];
522 1771 645 1826 hac
667 1771 806 1828 ﬁdes
831 1775 1315 1841 orthodoxorum;
1344 1776 1460 1832 hac
1492 1777 1629 1833 ﬁdes
1651 1777 1842 1833 orbem
1873 1763 1924 1822 Β
2026 1778 2083 1833 Si
2128 1781 2261 1850 quis
2319 1796 2539 1840 omnem
2593 1763 2960 1843 traditionem
3002 1789 3444 1846 ecclesiasticam
3495 1792 3616 1848 sive

203 1860 465 1913 terrarum
501 1860 750 1918 ﬁrmavit
774 1863 785 1916 !
813 1863 1116 1922 Credentes
1138 1865 1197 1920 in
1219 1879 1398 1922 unum
1421 1867 1596 1922 Deum
1630 1867 1688 1921 in
1709 1867 1846 1922 Tri—

206 1947 367 2003 nitate
385 1948 759 2023 laudandum,
782 1953 1148 2012 honorabiles
1172 1956 1450 2029 imagines
1470 1957 1800 2012 osculamur
1824 1939 1837 1994 ε

202 2035 294 2104 Qui
325 2039 408 2093 sic
437 2053 496 2094 se
542 2054 653 2096 non
683 2041 910 2114 habent,
954 2046 1255 2102 anathema
1286 2046 1440 2102 sint!
1483 2047 1578 2117 qui
1609 2046 1693 2102 sic
1726 2060 1836 2102 non

205 2128 458 2198 sentiunt,
484 2131 682 2198 procul
707 2130 776 2186 ab
796 2131 1048 2189 Ecclesia
1069 2135 1381 2204 pellantur!
1405 2137 1519 2192 Nos
1539 2136 1835 2206 antiquam

206 2213 600 2285 legislationem
659 2220 925 2278 Ecclesia
995 2223 1291 2279 catholica
1347 2224 1672 2295 sequimur!
1724 2226 1836 2280 Nos

207 2302 334 2375 leges
352 2307 582 2362 Patrum
615 2310 1014 2368 custodimus!
1041 2312 1152 2369 Nos
1192 2325 1289 2368 eos
1319 2312 1420 2384 qui
1452 2313 1672 2369 addunt
1695 2313 1833 2383 quid

206 2393 275 2448 vel
324 2395 585 2452 adimunt
640 2399 710 2454 de
771 2400 1042 2472 Ecclesia,
1088 2402 1668 2459 anathematizamus!
1723 2405 1840 2458 Nos

207 2482 583 2541 subinductam
645 2489 950 2545 novitatem
1020 2491 1382 2549 Christianos
1445 2491 1840 2548 accusantium

209 2572 765 2633 anathematizamus!
804 2580 916 2634 Nos
946 2581 1295 2636 venerandas
1336 2581 1614 2654 imagines
1641 2581 1844 2651 recipi-

211 2662 342 2716 mus!
382 2665 496 2719 Nos
521 2679 619 2720 eos
643 2667 741 2736 qui
765 2668 850 2723 sic
874 2682 983 2724 non
1007 2684 1066 2724 se
1091 2669 1320 2740 habent,
1344 2671 1839 2726 anathematismis

208 2749 619 2809 snbmittimus!
654 2754 755 2811 His
788 2757 884 2828 qui
921 2763 1222 2814 assumunt
1246 2759 1401 2814 dicta
1441 2773 1565 2829 qua
1589 2759 1839 2818 adivina

204 2837 473 2910 wiptura
504 2848 704 2900 contra
757 2845 909 2901 idola
957 2845 1346 2918 proferuntur,
1396 2848 1453 2904 in
1486 2848 1838 2905 venerabiles

205 2925 477 3002 imagines,
511 2933 849 2990 anathema!
902 2936 1002 2991 His
1050 2938 1148 3007 qui
1186 2951 1295 2993 non
1331 2937 1586 2993 salutant
1611 2943 1836 2994 sanctas

197 3023 242 3071 et
279 3020 629 3077 venerabiles
661 3023 962 3096 imagines,
995 3025 1332 3081 anathema!
1367 3026 1467 3081 His
1498 3027 1596 3097 qui
1633 3032 1834 3082 vocant

1954 1867 2246 1940 scriptam,
2320 1871 2438 1927 sive
2478 1887 2590 1929 non
2652 1875 2950 1948 scriptam,
3002 1877 3225 1935 irritam
3265 1877 3422 1951 facit,
3469 1893 3616 1936 ana—

1951 1955 2138 2012 thema
2161 1959 2173 2011 !
2987 1963 3000 1976 ‘

2019 2047 2287 2104 Germani
2315 2050 2617 2107 orthodoxi
2668 2057 2876 2110 aterna
2909 2056 3178 2112 memoria
3203 2056 3216 2110 ι

2014 2136 2248 2193 Joannis
2307 2144 2363 2194 et
2409 2141 2671 2212 Gregorii
2723 2139 2836 2217 [Gr.
2885 2148 2936 2198 et
2983 2160 3082 2198 ms.
3153 2146 3281 2208 Jol.,
3353 2143 3608 2227 Georgii]

1946 2228 2152 2280 aterna
2197 2229 2470 2285 memoria
2489 2230 2502 2284 l

2020 2315 2457 2374 Pradicatorum
2489 2320 2750 2376 veritatis
2778 2326 2984 2378 aterna
3017 2322 3319 2379 memoria!

2019 2403 2274 2461 Trinitas
2296 2406 2400 2462 hos
2423 2409 2537 2464 tres
2586 2409 2928 2482 gloriﬁcavit
2955 2428 2968 2465 :
3003 2424 3246 2481 quorum
3271 2411 3614 2482 disputatiO‘

1952 2504 2050 2547 nes
2077 2494 2238 2563 sequi
2265 2508 2598 2568 mereamur,
2644 2499 3116 2556 miserationibus
3136 2504 3192 2555 et
3221 2500 3403 2571 gratia
3435 2499 3606 2570 primi

1951 2585 2007 2635 et
2037 2582 2224 2653 magni
2277 2585 2568 2654 pontiﬁcis
2590 2587 2804 2643 Christi
2833 2588 2933 2643 Dei
2976 2589 3180 2660 nostri,
3229 2588 3612 2644 intercedente

1952 2666 2285 2726 intemerata
2331 2674 2557 2743 pomina
2595 2680 2789 2731 nostra
2838 2681 3026 2732 sancta
3059 2677 3160 2732 Dei
3211 2677 3521 2747 Genitrice,
3554 2679 3611 2733 et

1949 2759 2221 2816 omnibus
2249 2763 2463 2819 sanctis
2487 2765 2648 2834 ejus:
2682 2765 2824 2821 Fiat.
2872 2764 3068 2822 Amen.

1944 2916 2212 2995 Piisstmts
2263 2926 2316 2995 et
2389 2922 2869 2979 Chrtstianissimis
2919 2926 3336 2995 imperatoribus
3402 2926 3608 2980 nostris

2018 2988 2372 3065 Constantino
2398 2998 2449 3047 et
2489 2996 2660 3050 frena
2701 2998 2868 3050 matri
2897 2988 3015 3065 ejus
3059 2999 3318 3052 Tarasius
3346 2998 3609 3064 indignus

2016 3063 2294 3132 episeOpus
2321 3065 2587 3119 divinitus
2626 3063 3008 3122 conservanda
3032 3071 3194 3136 regia
3235 3069 3387 3122 urbis
3415 3063 3608 3123 vestra

196 3119 363 3163 sacras
410 3109 692 3182 imagines
735 3112 908 3180 idola,
953 3114 1289 3170 anathema!
1335 3115 1437 3170 His
1477 3116 1576 3184 qui
1630 3116 1830 3172 dicunt

2014 3109 2165 3187 n‘ova
2185 3109 2398 3198 ‘Homa,
2446 3141 2496 3190 et
2525 3141 2635 3191 tota
2665 3143 2854 3191 sancta
2885 3109 3146 3206 synodus,
3190 3155 3312 3208 qua
3360 3140 3608 3208 benepla-

195 3198 310 3266 quia
343 3205 404 3253 ut
425 3200 492 3254 ad
526 3201 663 3256 deos
690 3201 1008 3258 Christiani
1032 3205 1100 3259 ad
1126 3205 1406 3276 imagines
1445 3212 1826 3277 accesserunt,

191 3290 510 3344 anathema!
559 3286 696 3364 [His
733 3293 831 3362 qui
863 3295 1289 3350 communicant
1330 3294 1576 3351 scienter
1620 3295 1698 3351 iis
1727 3296 1827 3366 qui

192 3380 447 3449 injuriam
479 3385 536 3434 et
582 3382 986 3439 contumeliam
1019 3385 1446 3441 venerabilibus
1477 3385 1830 3457 imaginibus

189 3469 448 3541 inferunt,
499 3469 876 3547 anathema!]
927 3475 1027 3530 His
1059 3474 1156 3546 qui
1187 3475 1410 3546 dicunt,
1462 3475 1599 3546 quia
1626 3479 1830 3545 praeter

183 3561 460 3620 Christum
483 3566 640 3622 alius
668 3564 822 3620 eruit
852 3577 955 3619 nos
983 3563 1053 3620 ab
1103 3563 1321 3634 idolis,,
1365 3563 1698 3619 anathema!
1728 3565 1829 3620 His

182 3652 268 3721 qui
299 3655 517 3710 audent
555 3655 747 3711 dicere
776 3653 1115 3710 catholicam
1155 3652 1465 3708 Ecclesiam
1513 3653 1826 3724 aliquando

183 3741 319 3797 idola
352 3743 662 3812 recepisse,
693 3741 991 3798 anathema
1017 3741 1029 3795 l
1067 3741 1278 3797 Multos
1301 3755 1482 3798 annos
1514 3742 1831 3812 imperato—

178 3843 292 3885 rum
315 3831 326 3884 !
353 3831 721 3887 Constantini
747 3835 803 3885 et
821 3833 996 3886 Irena
1024 3831 1226 3886 matris
1245 3831 1372 3900 ejus
1393 3829 1822 3886 multosannos!

177 3919 461 3976 Victorum
511 3921 919 3991 imperatorum
967 3921 1176 3977 multos
1219 3920 1434 3976 annos!
1476 3922 1631 3976 Novo
1673 3920 1828 3976 Con-

176 4012 422 4066 stantino
451 4015 510 4066 et
540 4024 695 4066 nova
725 4010 944 4066 Helena
973 4015 1183 4065 aterna
1210 4010 1516 4066 memoria!
1550 4009 1828 4065 Dominus

177 4101 456 4157 custodiat
486 4101 794 4170 imperium
833 4100 1076 4156 eorum?
1119 4099 1379 4156 Calestis
1408 4114 1526 4170 rex,
1573 4105 1828 4156 terrenos

178 4191 431 4246 custodi!
484 4190 768 4246 Omnibus
814 4190 1100 4246 hareticis
1160 4189 1496 4246 anathema!
1542 4189 1825 4245 Frementi

181 4281 416 4336 concilio
469 4284 671 4336 contra
723 4279 1076 4336 venerabiles
1137 4279 1436 4352 imagines,
1487 4280 1822 4336 anathema!

180 4368 238 4423 Ei
269 4372 364 4440 qui
397 4370 607 4440 recipit
628 4369 836 4439 impias
859 4369 1136 4426 hareseos
1158 4369 1516 4426 ratiunculas
1545 4370 1822 4443 ipsorum,

2013 3207 2116 3278 cito
2139 3207 2358 3274 quidem
2409 3209 2526 3270 Dei,
2573 3213 2932 3278 p—raceptione
2978 3226 3101 3264 vero
3156 3207 3325 3264 Deum
3367 3207 3606 3264 amantis

2011 3274 2227 3346 imperii
2279 3280 2445 3332 vestri
2490 3274 2723 3334 secimdo
2747 3274 3007 3336 convenit
3047 3286 3105 3336 tn
3161 3283 3262 3335 hac
3312 3282 3605 3350 splendida

2016 3351 2317 3406 Nicaoram
2345 3352 2642 3420 metropoli.

2007 3473 2378 3530 Gloriﬁcatur
2440 3472 2707 3528 Ecclesia
2766 3478 2956 3545 caput,
3013 3474 3283 3530 Chaistus
3329 3475 3598 3531 videlicet

1935 3565 2087 3620 Deus
2152 3566 2363 3632 noster,
2429 3562 2632 3631 optimi
2685 3562 2992 3633 principes.
3044 3564 3314 3634 quoniam
3371 3579 3470 3621 cor
3516 3579 3602 3620 ve-

1938 3661 2121 3712 strum
2153 3653 2303 3724 quod
2334 3652 2391 3707 in
2432 3666 2604 3708 manu
2633 3653 2758 3721 ejus
2809 3653 3154 3722 custoditur,
3199 3654 3440 3723 protulit
3469 3669 3606 3710 ver-

1939 3745 2074 3802 bum
2105 3743 2314 3799 bonum
2341 3759 2354 3795 :
2402 3740 2738 3811 pracipiens
2763 3741 2984 3798 scilicet
3013 3742 3231 3814 erigere
3263 3739 3403 3817 [Gr.,
3453 3758 3600 3800 con-

1939 3829 2151 3907 venire]
2201 3845 2306 3887 nos
2350 3830 2411 3885 in
2455 3829 2685 3885 nomine
2729 3829 2935 3902 ipsius,
2969 3835 3033 3886 ut
3076 3831 3592 3889 ecclesiasticorum

1936 3926 2263 3996 dogmatum
2298 3921 2704 3975 inconcussum
2741 3923 2797 3974 et
2827 3919 3174 3976 immobilem
3221 3934 3286 3977 ac
3332 3922 3594 3978 divinum

1937 4013 2169 4070 alfatum
2223 4008 2551 4066 ﬁrmissime
2603 4014 2910 4065 teneamus.
2967 4011 3186 4066 Etenim
3235 4011 3389 4067 sicut
3430 4018 3605 4082 caput

1937 4107 2184 4158 vestrum
2231 4111 2372 4155 auro
2413 4101 2470 4153 et
2516 4097 2810 4167 lapidibus
2851 4097 3093 4170 fulgidis
3143 4107 3469 4171 coronatur,
3525 4101 3604 4159 ita

1936 4196 1992 4248 et
2031 4203 2234 4246 sensus
2261 4187 2435 4244 vestri
2481 4186 2827 4258 evangelicis
2855 4192 2912 4243 et
2951 4189 3204 4258 paternis
3249 4189 3605 4261 magisteriis

1936 4281 2309 4336 adornantur.
2358 4277 2498 4332 Cum
2529 4276 2680 4331 enim
2730 4289 2949 4348 eorum,
3000 4292 3243 4347 quorum
3273 4279 3331 4333 in
3378 4292 3600 4335 omnem

1937 4376 2142 4426 terram
2186 4367 2366 4423 exivit
2405 4380 2599 4438 sonus,
2634 4365 2838 4421 essetis
2865 4365 3140 4436 discipuli
3181 4372 3237 4421 et
3265 4367 3592 4437 participes,

185 4459 459 4514 anathema
489 4460 502 4512 !
536 4459 856 4515 Theodosio
896 4458 1026 4514 falsi
1059 4459 1312 4515 nominis
1341 4460 1608 4530 episcopo
1633 4461 1826 4531 Ephe—
1854 4471 1909 4533 D
1937 4461 2232 4530 totiusque
2251 4457 2465 4514 Christi
2492 4457 2723 4512 nomine
2754 4462 3090 4526 nuncupata
3116 4456 3300 4526 plebis
3327 4458 3396 4512 ad
3433 4458 3605 4528 pieta-

187 4545 302 4602 sino
327 4547 660 4604 anathema!
714 4549 971 4605 Sisinnio
1002 4554 1372 4621 cognomento
1402 4548 1650 4606 Pastilla
1679 4563 1826 4606 ana-

189 4634 389 4692 thema!
421 4639 639 4695 Basilio
670 4639 768 4710 qui
801 4639 1063 4695 obscaena
1096 4640 1564 4709 pronuntiatione
1588 4641 1826 4697 Tricacv

189 4725 348 4782 cabus
373 4728 692 4799 appellatus
720 4734 823 4798 est,
851 4729 1149 4784 anathema
1175 4728 1186 4782 l

251 4815 492 4874 Trinitas
521 4818 724 4873 horum
750 4817 926 4874 trium
956 4818 1219 4889 dOgmata
1259 4819 1564 4889 deposuit!
1593 4819 1827 4876 Anasta-

194 4902 287 4973 sio,
327 4906 713 4963 Constantino.
749 4911 804 4962 et
841 4907 1073 4980 Niceta,
1125 4908 1222 4978 qui
1271 4922 1370 4978 per
1411 4909 1827 4966 successionem

197 4993 375 5053 throno
415 4997 1052 5068 ConstantinOpolitano
1079 4999 1482 5069 prasederunt,
1516 5012 1580 5054 ac
1610 4999 1658 5055 si
1683 5013 1826 5058 novo

194 5080 328 5156 Ario,
376 5088 640 5144 Nestorio
669 5092 725 5142 et
751 5088 1045 5159 Dioscoro,
1096 5087 1431 5144 anathema!

249 5174 438 5234 Sancta
483 5178 741 5235 Trinitas
767 5179 972 5234 horum
1009 5178 1184 5234 trium
1215 5179 1473 5250 dogmata
1520 5180 1822 5250 deposuit!

195 5257 302 5334 ἶϐτ.
334 5269 464 5322 add.
499 5267 576 5324 lis
607 5273 925 5339 praterrea,
961 5269 1059 5338 qui
1092 5269 1461 5340 tergeminam
1492 5271 1825 5339 pravitatem

190 5353 450 5414 dictorum
488 5358 796 5428 prasulum
829 5359 1340 5415 haresiarcharum
1372 5361 1624 5416 amulati
1667 5367 1823 5431 sunt,

186 5446 498 5503 anathema!
541 5447 856 5519 Theodoro,
905 5447 1157 5505 Antonio
1194 5453 1251 5504 et
1281 5449 1506 5522 Joanni,
1555 5454 1824 5522 tanquam

185 5535 397 5608 Maneti,
447 5536 810 5608 Apollinario
857 5542 912 5594 et
936 5538 1176 5609 Eutychi
1233 5538 1602 5609 phantastica
1644 5554 1829 5610 appa—

181 5628 364 5683 rentia
395 5627 802 5700 assertoribus,
835 5629 1169 5686 anathema!
1197 5630 1491 5687 Theodoro
1514 5631 1828 5701 Syracusa-

1935 4560 2044 4612 tem
2075 4550 2360 4618 ductores,
2388 4546 2647 4603 veritatis
2667 4545 2814 4617 style
2839 4546 3234 4616 descripsistis
3263 4559 3600 4619 sermonem,

1933 4645 1990 4696 et
2018 4637 2373 4697 orthodoxia
2411 4650 2470 4692 sc
2508 4636 2742 4706 pietatis
2773 4635 3123 4705 depinxistis
3176 4636 3600 4708 characterem;

1935 4735 1990 4786 et
2032 4727 2209 4784 veluti
2244 4725 2554 4782 luminaria
2600 4722 2937 4796 prafulgida
2987 4723 3256 4782 ﬁdelibus
3294 4727 3599 4785 illuxistis.

1935 4827 1991 4877 et
2021 4831 2247 4874 manum
2277 4813 2740 4886 periclitantlbus
2768 4813 3032 4870 ecclesiis
3073 4817 3432 4886 porrexistis,
3467 4829 3605 4874 sana

1936 4912 2199 4981 dogmata
2252 4903 2671 4974 conﬁrmantes,
2713 4908 2768 4959 et
2828 4917 3167 4961 consensum
3230 4920 3426 4962 eorum
3477 4921 3605 4978 qua

1941 5000 2089 5056 inter
2134 5011 2193 5052 se
2231 4995 2530 5051 dissonent
2575 4988 2697 5066 [qui
2739 4991 2889 5048 inter
2927 5007 2985 5050 se
3036 4993 3451 5070 dissonabant],
3505 4996 3606 5052 in-

1938 5092 2279 5144 staurantes.
2307 5083 2462 5139 Licet
2487 5082 2670 5153 igitur
2698 5096 2827 5138 cum
2856 5083 3065 5139 ﬁducia
3107 5084 3333 5142 dicere:
3369 5086 3607 5143 Pietatis

1938 5179 2083 5234 bona
2131 5175 2420 5232 voluntate
2448 5172 2546 5227 Dei
2585 5186 2684 5243 per
2723 5186 2819 5228 vos
2843 5174 3123 5230 correctio
3170 5176 3425 5232 stabilita
3459 5174 3600 5247 [Gr.,

1940 5268 2165 5340 insigne
2199 5279 2344 5335 opus
2390 5259 2733 5320 stabilituml
2783 5269 2900 5318 est:
2948 5268 3002 5319 et
3053 5264 3270 5321 idcirco
3324 5263 3602 5333 repletum

1937 5364 2023 5415 est
2049 5355 2258 5430 gaudio
2279 5368 2343 5410 os
2369 5359 2650 5425 nostrum,
2682 5350 2743 5407 ef
2763 5352 2961 5426 lingua
2983 5360 3177 5410 nostra
3205 5351 3588 5410 exsultatione

1936 5448 2104 5532 (Psal.
2161 5444 2362 5515 cxxv):
2418 5448 2474 5498 et
2529 5456 2626 5514 per
2693 5442 3030 5514 inscriptam
3086 5456 3281 5498 vocem
3343 5444 3596 5532 nostram

1936 5527 2026 5592 res
2054 5535 2265 5606 lingua
2292 5537 2498 5589 nostra
2528 5532 2866 5601 loquuntur.
2895 5532 3040 5599 Quid
3072 5530 3227 5584 enim
3257 5527 3600 5584 ecclesiasti-

1935 5639 2133 5683 corum
2184 5622 2539 5694 negotiorum
2608 5621 2899 5675 ﬁrmitatis
2951 5617 3210 5673 custodia
3258 5613 3596 5689 jucundius,
