4010 6160
439 283 534 341 471
1663 273 2016 333 ANASTASII
2067 272 2097 327 Ε

2207 272 2607 331 .IOTHECARII
3691 284 3774 343 472

437 419 494 470 et
521 413 590 469 ad
637 410 896 468 laetitiam
945 406 1216 480 gratius?
1275 406 1422 476 Quia
1468 417 1599 461 vero
1655 397 2166 458 insurrexeruntA
2198 411 2358 469 mus;
2404 404 2461 456 et
2501 413 2622 455 eam
2667 413 2836 470 quam
2876 413 3059 470 nuper
3102 401 3461 458 intexuerunt
3507 418 3566 460 ex
3595 408 3773 478 spinejs

440 503 674 575 quidam
739 500 873 569 viri,
927 497 1165 554 formam
1230 495 1457 568 quidem
1509 492 1742 564 pietatis
1797 489 2086 558 habentes,

441 593 712 666 quoniam
755 588 1059 647 sacerdotii
1099 587 1382 660 dignitate
1428 581 1847 639 circumamicti
1915 583 2086 647 sunt;

441 685 710 740 virtutem
749 685 939 736 autem
982 679 1108 748 ejus
1136 676 1498 747 abnegantes,
1522 677 1580 729 et
1613 668 2090 742 Babylonensium

442 771 798 829 sacerdotum
822 768 1168 824 calumniam
1213 759 1676 839 [accusationem]
1705 759 2087 830 arripientes;

445 874 589 932 quos
614 864 670 914 et
696 857 996 928 prophetia
1028 853 1284 926 publicat
1319 853 1551 909 dicens:
1599 852 1832 918 Egressa
1868 851 1944 902 est
1973 847 2093 900 ini—

445 951 628 1020 quitas
645 964 678 1001 a
707 945 1078 1001 sacerdotibus
1103 943 1400 1012 Babylonis
1420 940 1599 1010 (Dum.
1633 952 1738 994 xm
1739 939 1782 1009 ).
1818 939 1934 993 Imo
1960 948 2092 990 vero

440 1037 812 1109 Caiphaicum
868 1034 1183 1091 concilium
1231 1035 1566 1100 statuentes,
1617 1024 1918 1101 genitores‘
1955 1023 2088 1080 facti

443 1133 578 1186 sunt
627 1128 954 1198 dOgmatum
1003 1124 1352 1194 impiorum:
1395 1127 1450 1176 et
1476 1135 1539 1176 os
1582 1115 2006 1174 maledictionis
2039 1119 2094 1170 et

442 1216 855 1274 amaritudinis
899 1214 1188 1284 habentes,
1219 1211 1522 1283 praevalere
1563 1211 1621 1266 in
1660 1208 1826 1264 malis
1852 1205 2092 1278 gloriam

443 1306 708 1363 arbitrati
750 1308 903 1360 sunt.
949 1301 1334 1372 Infamemque
1392 1301 1646 1372 linguam
1705 1303 1760 1353 et
1812 1296 2092 1352 calamum

444 1395 866 1452 ministrantem
933 1393 1073 1448 huic
1115 1391 1494 1462 possidentes,
1543 1394 1599 1443 et
1639 1401 1802 1444 voces
1853 1398 1977 1455 quae
2023 1383 2094 1438 ab

443 1487 568 1556 ipso
615 1487 729 1540 Deo
759 1484 993 1554 prolata:
1023 1487 1158 1536 sunt
1199 1481 1618 1551 impugnantes,
1650 1482 1823 1547 atque
1859 1477 2095 1544 porten-

442 1582 579 1630 tosae
606 1573 792 1644 regale
836 1570 1239 1640 sacerdotium,
1271 1573 1327 1624 et
1353 1572 1572 1639 gentem
1599 1570 1872 1634 sanctam,
1918 1568 1972 1618 et
1999 1575 2094 1616 eos

443 1665 544 1735 qui
576 1663 866 1718 Christum
895 1660 1230 1730 induerunt,
1262 1663 1319 1714 et
1339 1658 1520 1730 gratia
1547 1658 1672 1727 ejus
1701 1655 1771 1710 ab
1805 1653 2092 1709 idolorum

2201 489 2318 545 ﬁlis
2362 489 2804 562 ignominiosam
2851 502 3219 561 grossamque
3247 496 3462 562 vestem,
3505 494 3555 550 id
3590 502 3666 552 est
3687 500 3776 556 do—

2201 580 2444 635 ctrinam
2478 577 2698 648 falsam,
2738 578 3101 649 disrumpere
3145 584 3200 634 et
3229 580 3493 652 scindere,
3521 587 3572 638 et
3611 587 3781 644 ortho-

2199 668 2386 726 doxim
2459 668 2849 738 incorruptam
2907 681 3240 724 conservare
3295 668 3425 738 [Gr.,
3491 674 3780 750 expandere‘J

2202 759 2455 816 tunicam
2498 757 2847 814 studeamus.
2883 759 3078 830 Itaque
3107 757 3443 827 apostolicas
3479 765 3530 815 et
3565 767 3786 831 paternas

2203 849 2545 905 traditiones
2580 853 2900 919 sequentes,
2933 847 3210 904 audemus
3248 852 3429 904 autem
3454 848 3645 921 dicere,
3672 865 3788 908 con-

2201 939 2516 1008 spiratione
2555 937 2906 994 sanctissimi
2955 937 3207 1007 Spiritus
3254 943 3628 1008 consonantes,
3665 941 3794 996 invi-

2202 1041 2436 1098 cemque
2487 1028 2711 1084 collecti
2792 1027 3230 1098 [convenientes]
3292 1027 3536 1084 universi
3590 1043 3794 1086 concor-

2202 1117 2428 1172 dantem
2521 1117 2687 1172 nobis
2777 1116 3048 1172 habentes
3126 1116 3485 1172 traditionem
3573 1118 3796 1173 Ecclesia

2203 1206 2517 1276 catholicae,
2604 1205 3001 1261 consonantiis
3073 1220 3199 1276 qua:
3285 1203 3527 1260 formatze
3600 1212 3718 1262 sunt
3771 1221 3797 1262 a

2204 1296 2420 1351 sanctis
2497 1309 2596 1352 sex
2680 1294 3108 1351 universalibus
3191 1295 3456 1350 conciliis
3536 1295 3801 1351 concordes

2202 1385 2385 1440 effecti
2461 1399 2679 1455 sumns,
2743 1385 3289 1440 anathematizantes
3350 1384 3465 1439 Arii
3533 1385 3799 1451 vesaniam,

2201 1475 2519 1530 Macedonii
2598 1473 2833 1545 rabiem,
2899 1472 3248 1544 Apollinarii
3316 1473 3652 1529 insensatum
3707 1488 3807 1528 sen-

2204 1579 2352 1634 sum,
2381 1563 2632 1620 Nestorii
2657 1563 2960 1618 humanam
2997 1562 3282 1619 culturam
3318 1562 3611 1632 [culturam
3647 1562 3807 1617 homi—

2207 1654 2337 1723 nis],
2360 1652 2693 1724 Eutychetis
2717 1658 2774 1707 et
2801 1651 3060 1708 Dioscori
3084 1649 3488 1707 confusibilem
3522 1650 3806 1718 vanitatem,

445 1719 635 1810 errore
654 1751 858 1808 salvati
883 1755 1038 1821 sunt,
1069 1719 1405 1805 idololatras
1421 1719 1848 1819 vocantes[Gr.,
1875 1746 2101 1813 porten-
2127 1719 2174 1779 Β
2205 1749 2262 1799 et
2299 1719 2428 1799 cum
2475 1719 2596 1798 illis
2654 1742 3061 1813 polycephalon
3105 1742 3378 1813 hydram;
3428 1741 3692 1813 Origenis,
3738 1740 3812 1794 Di-

441 1849 583 1913 tose,
612 1847 742 1908 etc.,
771 1840 1103 1897 idololatras
1127 1835 1447 1911 vocarunt].
1473 1839 1540 1891 Et
1557 1848 1802 1906 nequam
1823 1830 2092 1902 operatio-

443 1934 537 1990 nis
567 1933 838 1989 habentes
881 1934 1094 1998 votum-,
1127 1942 1329 1983 manus
1358 1927 1427 1982 ad
1471 1925 1679 1981 illicita
1711 1922 2097 1996 immiserunt,

442 2022 712 2081 demoliri
739 2021 961 2092 opinati
985 2017 1402 2074 venerabilium
1449 2015 1731 2084 picturam
1760 2013 2096 2086 imaginum.

442 2117 511 2172 Et
558 2113 791 2185 quidem
851 2121 1206 2181 quaecunque
1252 2107 1322 2163 de
1362 2104 1612 2162 tessellis
1650 2103 1885 2160 fuerunt
1931 2102 2097 2171 facta,

444 2202 798 2259 effoderunt:
829 2211 956 2268 quae
979 2209 1111 2251 vero
1136 2208 1204 2250 ex
1233 2207 1361 2249 cera
1388 2191 1544 2248 fuere
1585 2191 1815 2262 perfuso
1844 2191 2100 2248 colorum

443 2303 631 2360 opere,
663 2285 1018 2354 deleverunt,
1047 2281 1576 2350 venerabiliumque
1609 2279 1925 2350 imaginum
1958 2275 2098 2352 [Gr.,

445 2373 810 2448 templorum]
856 2375 1033 2430 decus
1071 2372 1127 2426 in
1179 2371 1428 2427 dedecus
1479 2368 1921 2425 transtulerunt.
1960 2369 2098 2424 Cum

447 2468 539 2523 his
561 2471 752 2522 autem
778 2468 834 2519 et
856 2476 920 2518 ea
952 2475 1078 2532 qua:
1105 2461 1166 2515 in
1196 2458 1414 2514 tabulis
1441 2458 1499 2512 in
1533 2457 1861 2512 memoriam
1882 2455 2098 2512 Christi

442 2556 545 2612 Dei
578 2553 763 2610 nostri
792 2557 845 2607 et
877 2554 1203 2607 sanctorum
1227 2549 1352 2616 ejus
1381 2546 1749 2616 exstiterunt,
1779 2545 1899 2617 igni
1928 2545 2101 2600 tradi-

441 2645 673 2701 derunt.
720 2641 790 2696 Et
820 2644 883 2697 ut
922 2639 1182 2710 apertius
1224 2636 1506 2704 dicamus,
1557 2635 1828 2690 ecclesias
1877 2637 2102 2690 nostras

445 2728 778 2802 depOpulati
809 2725 1334 2785 conturbaverunt:
1383 2728 1438 2779 et
1469 2721 1606 2778 facti
1635 2728 1771 2778 sunt
1814 2723 2098 2777 haereseon

446 2819 758 2893 principes,
801 2817 903 2887 qui
934 2818 1098 2870 erant
1134 2813 1426 2884 principes
1475 2812 1868 2883 sacerdotum;
1901 2815 1956 2866 et
1997 2824 2100 2881 pro

444 2923 580 2982 pace
625 2907 857 2979 quidem
887 2903 1306 2961 contentionem
1350 2900 1562 2972 populo
1605 2900 2092 2964 acclamaverunt;

444 3012 614 3071 porro
661 3010 762 3067 pro
810 2993 1096 3051 frumento
1135 2991 1355 3048 zizania
1383 2991 1441 3046 in
1495 2989 1905 3047 ecclesiasticis
1947 2990 2101 3046 arvis

2206 1834 2360 1905 dymi
2392 1838 2448 1889 et
2476 1832 2703 1904 Evagrii
2725 1832 3075 1902 desipientes
3117 1831 3535 1897 tabulationes;
3565 1829 3748 1901 Sergii,
3769 1834 3813 1884 et

2209 1925 2471 1994 Honorii,
2519 1929 2576 1980 et
2619 1923 2771 1995 Cyri,
2805 1926 2860 1979 et
2898 1923 3124 1993 Pyrrhi,
3169 1928 3226 1978 et
3271 1921 3610 1978 asseclarum
3652 1934 3813 1976 eorum

2211 2015 2407 2085 unius,
2451 2013 2567 2069 imo
2599 2026 2841 2082 nequam
2893 2013 3070 2068 moris
3116 2011 3505 2068 voluntatem:
3557 2023 3748 2066 necnon
3773 2014 3816 2063 et

2215 2103 2307 2159 his
2341 2102 2590 2158 similem
2633 2101 2961 2173 vanitatem,
2996 2115 3121 2173 quae
3150 2107 3283 2172 post
3315 2101 3420 2156 has
3448 2113 3581 2156 vane
3618 2098 3820 2171 garrivit

2211 2198 2408 2249 contra
2433 2190 2786 2247 venerabiles
2838 2191 3138 2263 imagines,
3169 2195 3551 2248 consonanter
3579 2195 3630 2244 et
3654 2187 3819 2244 unani-

2212 2281 2382 2337 miter
2422 2279 2492 2336 ab
2530 2280 2752 2350 Spiritu
2802 2285 3088 2336 sumentes
3121 2280 3385 2351 verbum,
3413 2284 3469 2335 et
3504 2278 3572 2334 ab
3611 2291 3671 2334 eo
3715 2279 3826 2332 hau-

2213 2371 2425 2426 rientes
2448 2371 2714 2426 mundam
2745 2383 2975 2441 aquam,
3004 2370 3250 2442 spongia
3289 2370 3613 2443 dogmatum
3636 2367 3825 2422 divino-

2213 2474 2338 2515 rum
2381 2459 2736 2528 delevimus;
2780 2463 2837 2514 et
2881 2459 3203 2515 inventores
3255 2456 3716 2532 tergiversatoria:
3755 2467 3828 2509 vo-

2209 2562 2338 2605 cum
2365 2547 2640 2604 novitatis
2662 2547 2996 2618 [novatricis
3034 2548 3336 2619 vanitatis]
3364 2549 3435 2604 ab
3463 2542 3825 2604 ecclesiasticis

2209 2636 2513 2693 vestibulis
2532 2637 2728 2706 procul
2755 2637 3076 2694 emisimus.
3106 2639 3174 2694 Et
3202 2639 3366 2694 sicut
3396 2650 3593 2693 manus
3615 2641 3667 2691 et
3691 2632 3829 2704 pedes

2209 2726 2570 2783 concorditer
2607 2726 2813 2782 animae
2855 2727 3105 2784 motibus
3149 2728 3475 2800 agitantur,
3508 2727 3585 2782 ita
3624 2725 3688 2780 ab
3717 2722 3828 2794 Spi-

2209 2816 2330 2872 ritu
2350 2821 2580 2885 accepta
2611 2816 2796 2888 gratia
2824 2821 2879 2872 et
2901 2816 3271 2889 fortitudine,
3301 2817 3592 2888 vestrique
3615 2826 3829 2871 concur—

2209 2921 2308 2962 sus
2327 2906 2536 2975 pietate
2559 2904 2772 2975 pariter
2791 2906 3078 2962 etauxilio
3099 2906 3329 2980 habito,
3353 2905 3528 2964 simul
3545 2900 3832 2960 acclamavi-

2209 3009 2358 3064 mus,
2387 2994 2796 3065 veritatemque
2824 2995 3270 3066 praedicavimus
3299 3017 3311 3053 :
3348 2993 3687 3053 omnimodis
3711 2990 3833 3046 vide<

441 3088 903 3153 seminaverunt;
950 3084 1148 3140 vinum
1199 3082 1556 3138 miscuerunt
1599 3095 1781 3152 aquae,
1814 3085 1871 3136 et
1896 3080 2096 3152 proxi-
2129 3059 2178 3124 α
2210 3085 2345 3140 licet
2375 3083 2732 3154 recipiendas
2757 3059 3110 3141 venerabiles
3135 3084 3660 3160 imaginesDomini
3682 3077 3831 3138 nostri

443 3193 598 3235 mum
648 3179 987 3248 potaverunt
1030 3173 1402 3231 subversnone
1447 3171 1818 3243 turbulenta,
1866 3177 1923 3227 et
1969 3185 2098 3227 cum

441 3266 566 3338 lupi
625 3264 856 3321 Arabici
888 3267 1096 3333 essent,
1153 3261 1300 3332 pelle
1347 3260 1540 3317 ovium
1590 3273 1649 3315 se
1683 3260 2104 3316 simulaverunt

441 3369 565 3412 esse
616 3355 886 3412 indutos:
937 3357 992 3408 et
1034 3351 1272 3407 veritate
1317 3350 1655 3420 parvipensa
1696 3344 2100 3423 [defraudata],

443 3445 800 3502 mendacium
824 3443 1230 3512 arripuerunt;
1261 3440 1355 3496 sed
1380 3454 1482 3496 ova
1502 3439 1770 3510 aspidum
1799 3445 2096 3512 ruperunt,

440 3543 497 3595 et
543 3536 712 3592 telam
775 3546 996 3590 aranea:
1055 3530 1371 3588 secundum
1416 3529 1749 3600 prophetam
1794 3534 2101 3586 texuerunt

445 3628 578 3699 (Isa.
613 3625 765 3695 LIX):
797 3629 853 3678 et
880 3621 980 3692 qui
1027 3625 1388 3676 comesturus
1417 3621 1523 3686 est,
1557 3632 1725 3673 ovum
1751 3630 1947 3672 eorum
1973 3631 2102 3674 con-

442 3724 653 3786 terens,
687 3709 1023 3767 calefactum
1053 3703 1395 3780 [putridum]
1427 3705 1698 3774 inveniet,
1730 3709 1786 3760 et
1812 3705 1870 3760 in
1901 3720 1966 3762 eo
2001 3721 2099 3762 re-

443 3805 642 3878 gulum
669 3813 792 3856 esse
811 3809 1024 3852 veneno
1055 3800 1110 3850 et
1136 3795 1350 3864 spiritu
1392 3793 1686 3849 mortifero
1726 3792 1975 3863 plenum.
2022 3795 2091 3850 Et

443 3892 580 3963 quia
609 3889 726 3944 hmo
752 3887 833 3942 ita
870 3885 1302 3954 disposuerunt,
1331 3887 1386 3938 et
1425 3882 1721 3938 veritatem
1742 3883 2099 3940 mendacium

439 3977 689 4049 depavit,
742 3987 852 4030 non
887 3972 1236 4043 indulsistis,
1281 3971 1730 4028 mansuetissimi
1781 3978 1951 4044 atque
1976 3971 2103 4030 for-

441 4065 660 4126 tissimi
685 4065 1055 4134 imperatores
1091 4062 1293 4133 nostri,
1345 4061 1701 4132 temporibus
1730 4062 1936 4118 vestris
1966 4077 2102 4134 per-

445 4169 671 4212 manere
714 4159 830 4209 tam
876 4151 1232 4223 pestilentem
1278 4156 1333 4207 et
1371 4151 1596 4208 animas
1642 4156 2098 4222 corrumpeutem

443 4258 691 4302 errorem
717 4261 732 4314 ;
759 4241 856 4299 sed
881 4243 1032 4297 hunc
1053 4255 1193 4296 aura
1217 4241 1402 4297 divini
1425 4240 1696 4310 Spiritus,
1723 4239 1824 4310 qui
1852 4241 1911 4295 in
1938 4240 2101 4296 vobis

447 4335 686 4406 habitat,
715 4332 1094 4390 exterminare
1121 4330 1510 4401 procurastis:
1548 4333 1830 4400 quatenus
1869 4329 2099 4386 stabilis

2206 3174 2338 3229 Jesu
2389 3171 2627 3243 Christi,
2677 3173 2991 3229 secundum
3041 3174 3190 3245 quod
3249 3175 3540 3246 perfectus
3577 3181 3658 3229 est
3696 3171 3833 3226 homo

2210 3261 2429 3331 factus;
2475 3267 2530 3316 et
2554 3275 2910 3332 quaecunque
2938 3262 3214 3320 historice
3239 3266 3562 3321 secundum
3583 3257 3837 3331 evangeli-

2209 3365 2332 3407 cam
2393 3352 2780 3408 narrationem
2846 3352 3222 3410 scribuntur:
3287 3361 3466 3426 atque
3530 3353 3836 3410 intemerata:

2207 3442 2454 3499 dominae
2481 3448 2687 3498 nostra:
2709 3447 2916 3498 sanctae
2935 3444 3036 3498 Dei
3063 3443 3413 3517 Genitricis,
3439 3450 3841 3509 sanctorumque

2209 3532 2541 3604 angelorum
2577 3529 2663 3600 (ut
2704 3533 2856 3588 enim
2903 3533 3165 3590 homines
3201 3540 3606 3607 apparuerunt
3645 3533 3727 3589 his
3757 3526 3840 3599 qui

2207 3621 2372 3692 digni
2442 3619 2580 3676 facti
2620 3627 2755 3676 sunt
2812 3622 3173 3691 apparitione
3231 3625 3526 3696 ipsorum)
3587 3637 3689 3680 una
3736 3631 3840 3676 cum

2211 3708 2480 3766 omnibus
2543 3710 2796 3766 sanctis:
2860 3724 3079 3768 necnon
3143 3718 3199 3768 et
3247 3715 3635 3771 certaminum
3678 3719 3844 3766 eorum

2210 3812 2420 3870 agones
2446 3799 2776 3870 ﬁgurandos
2803 3801 3160 3859 decrevimus
3189 3807 3313 3860 tam
3345 3805 3408 3861 in
3439 3803 3652 3861 tabulis
3679 3807 3727 3857 et
3763 3811 3850 3870 pa—
3948 3865 3949 3868 η

2213 3887 2480 3959 rictibus,
2507 3901 2676 3959 quam
2720 3889 2777 3944 in
2811 3890 2992 3947 sacris
3017 3891 3171 3948 vasis
3195 3898 3257 3949 et
3285 3894 3570 3964 vestibus,
3605 3886 3849 3962 quemad—

2211 3977 2441 4033 modum
2473 3991 2505 4032 a
2550 3977 2761 4048 priscis
2807 3980 3161 4050 temporibus
3191 3989 3402 4040 sancta
3453 3983 3554 4039 Dei
3606 3976 3852 4037 catholica

2208 4065 2460 4121 Ecclesia
2512 4067 2742 4136 recepit,
2793 4071 2850 4123 et
2903 4069 2963 4124 in
3008 4069 3185 4142 legem
3228 4073 3466 4142 accepit
3516 4078 3628 4126 tam
3669 4063 3852 4124 sanctis

2211 4153 2531 4225 primisque
2556 4155 2833 4212 doctrinae
2870 4164 3081 4214 nostra:
3121 4161 3455 4234 magistris,
3491 4173 3660 4232 quam
3689 4155 3751 4212 ab
3773 4167 3856 4209 eo—

2212 4259 2336 4300 rum
2366 4245 2796 4304 successoribus
2827 4249 3189 4320 egregiisque
3218 4252 3506 4308 Patribus
3540 4248 3776 4307 nostris:
3813 4247 3857 4296 et

2213 4335 2315 4390 has
2335 4336 2674 4404 adorandas,
2726 4337 2781 4393 id
2809 4343 2895 4394 est
2921 4339 3288 4396 salutandas:
3323 4342 3592 4414 idipsum
3631 4337 3775 4395 enim
3792 4334 3862 4388 est

446 4399 770 4497 permaneat
799 4420 1066 4477 Ecclesiae
1088 4399 1268 4476 costus
1284 4425 1341 4475 et
1359 4399 1697 4474 cunctorum
1733 4417 2098 4476 subditorum
2131 4399 2184 4462 Ῑ)
2214 4431 2557 4496 utrumque:
2591 4399 2763 4476 xuve’iv
2804 4429 3017 4499 quippe
3062 4431 3310 4502 antiqua
3339 4399 3543 4488 Graeca
3585 4431 3789 4500 lingua,
3817 4426 3862 4477 et

445 4515 654 4573 collato
693 4507 1021 4588 [collectio],
1051 4517 1222 4580 atque
1262 4509 1567 4580 imperium
1607 4513 1857 4564 vestrum
1890 4522 2103 4564 secum-

445 4607 581 4662 dum
623 4615 930 4676 cognomen
975 4605 1222 4656 vestrum
1262 4598 1495 4669 paciﬁce
1518 4598 1826 4670 dirigatur.
1866 4601 1977 4655 Nec
2006 4605 2104 4656 to—

449 4692 685 4750 lerabile
725 4691 812 4747 vel
858 4688 1138 4761 portabile
1193 4687 1467 4751 duxistis,
1517 4702 1626 4760 quo
1686 4688 1878 4746 minus
1922 4703 2100 4746 unum

452 4779 593 4856 [Gr.,
628 4785 690 4836 ut
723 4782 782 4836 in
806 4778 945 4835 aliis
987 4778 1219 4848 quidem
1264 4792 1463 4848 unum,
1489 4775 1622 4854 etc.]
1659 4779 2023 4850 sentiremus,
2047 4784 2103 4834 et

452 4872 513 4927 in
556 4871 808 4941 idipsum
848 4868 1303 4940 conveniremus,
1335 4873 1391 4924 et
1427 4882 1559 4941 erga
1587 4869 1718 4925 vita:
1754 4874 1962 4926 nostra:
1999 4882 2102 4924 ca—

454 4959 724 5032 pitulum,
750 4958 806 5014 id
829 4963 916 5014 est
936 4971 1127 5029 pacem
1150 4954 1696 5032 Ecclesiarum[G1'.,
1714 4958 1890 5030 Eccl.,
1913 4963 2103 5015 essent

453 5051 604 5107 inter
643 5061 747 5104 nos
784 5045 1082 5122 dissidia],
1117 5061 1281 5104 nemo
1317 5061 1385 5103 ex
1416 5047 1633 5104 nostris
1658 5061 1716 5103 se
1749 5047 2102 5104 discinderet

451 5145 509 5197 et
535 5136 894 5197 abscinderet
917 5155 932 5206 ;
959 5151 1088 5192 cum
1108 5137 1373 5193 Christus
1392 5137 1471 5192 sit
1492 5141 1662 5208 caput
1689 5142 1969 5206 nostrum,
1998 5151 2102 5194 nos

453 5235 641 5286 autem
681 5230 1094 5296 consequenter
1139 5225 1389 5281 membra
1431 5229 1488 5281 et
1527 5239 1706 5282 unum
1745 5239 1957 5296 corpus
2002 5239 2101 5296 per

453 5323 622 5374 mutae
637 5331 704 5373 ac
730 5315 905 5374 unius
922 5313 1217 5384 opinionis
1240 5313 1424 5370 ﬁdem.
1455 5315 1686 5384 Propter
1708 5315 1856 5385 quod
1880 5328 2099 5371 sacram

454 5412 704 5465 nostram
729 5411 786 5462 et
811 5403 1142 5476 populosam
1174 5403 1506 5474 congregari
1523 5402 1788 5472 jussistis
1816 5409 2100 5464 catervam

457 5498 515 5554 in
544 5498 648 5553 hac
671 5493 1003 5552 Nicensium
1031 5491 1353 5563 metropoli,
1381 5495 1446 5548 ut
1473 5492 1852 5549 Ecclesiarum
1883 5495 2100 5554 dissen-

457 5588 674 5645 sionem
713 5584 1070 5656 repellentes,
1114 5582 1405 5652 disjuncta
1446 5583 1515 5638 ad
1568 5581 1844 5640 unitatem
1896 5588 2099 5643 traha—

1789 5773 1802 5798 \

2211 4514 2462 4570 salutare
2500 4521 2556 4571 et
2595 4516 2846 4573 osculari
2892 4518 3216 4591 signiﬁcat:
3271 4528 3332 4578 et
3377 4513 3512 4595 πρὸς
3561 4512 3862 4593 prmpositio

2210 4608 2578 4675 augmentum
2607 4607 2890 4676 quoddam
2913 4609 3203 4679 signiﬁcat
3227 4612 3498 4677 amoris;
3527 4607 3866 4681 quemadmo~

2211 4692 2347 4748 dum
2379 4682 2522 4765 φέρω
2563 4700 2618 4750 et
2657 4690 2958 4770 προσφέρῶ,
2999 4693 3144 4772 κυρῶ
3185 4705 3242 4754 et
3286 4695 3618 4775 προσκυρεῖ),
3649 4689 3781 4748 κυνῶ
3820 4696 3867 4747 et

2211 4777 2489 4854 προσκυνῶ
2528 4783 2677 4854 quod
2712 4784 3115 4842 salutationem
3163 4787 3418 4863 indicat,
3465 4796 3524 4846 et
3579 4783 3866 4845 secundum

2212 4873 2634 4942 protensionem
2655 4874 3004 4931 amicitiam:
3040 4877 3187 4948 quod
3213 4878 3378 4934 enim
3405 4879 3548 4952 quis
3573 4875 3868 4938 osculatur,

2210 4966 2265 5017 et
2297 4962 2530 5018 adorat:
2581 4966 2637 5018 et
2681 4964 2832 5034 quod
2880 4966 3102 5036 adorat,
3146 4965 3418 5038 paofecto
3461 4973 3521 5025 et
3561 4966 3869 5025 osculatur:

2211 5052 2363 5108 sicut
2387 5057 2639 5109 tentatur
2665 5053 2913 5111 humana
2942 5055 3186 5122 ati‘ectio,
3216 5073 3351 5128 quae
3378 5072 3412 5114 a
3457 5058 3634 5115 nobis
3653 5056 3721 5113 ad
3741 5049 3876 5109 ami—

2209 5155 2306 5197 cos
2351 5140 2610 5213 habetur,
2658 5148 2715 5199 et
2753 5143 2923 5200 lectio
2972 5144 3112 5216 [Gr.,
3162 5147 3483 5206 obviorum
3528 5137 3874 5220 congressus]

2211 5231 2328 5286 hac
2375 5229 2538 5286 ambo
2579 5230 2895 5300 perﬁciens.
2945 5234 3060 5292 Hoc
3102 5242 3292 5293 autem
3345 5251 3470 5294 non
3524 5237 3716 5294 solum
3743 5226 3874 5304 apud

2211 5333 2333 5390 nos,
2361 5319 2456 5376 sed
2487 5320 2636 5390 apud
2669 5326 2883 5378 veteres
2915 5323 2974 5379 in
3023 5325 3219 5382 divina
3243 5325 3575 5398 Scriptura
3615 5327 3878 5395 scriptum

2212 5410 2544 5481 reperimus.
2576 5413 2637 5466 In
2666 5410 2932 5469 historiis
2972 5428 3214 5486 namque
3249 5429 3582 5488 regnorum
3619 5415 3882 5486 scriptum

2209 5506 2326 5557 est:
2379 5503 2451 5555 Et
2485 5501 2668 5556 David
2696 5506 2940 5559 surrexit
2981 5508 3030 5559 et
3083 5506 3276 5560 cecidit
3330 5509 3400 5562 in
3439 5510 3674 5575 faciem,
3697 5511 3745 5561 et
3789 5499 3884 5556 ad-

2210 5592 2387 5644 oravit
2412 5591 2567 5644 tertio
2591 5591 2904 5656 Ionatham,
2941 5597 2992 5648 et
3037 5594 3394 5651 deosculatus
3434 5603 3521 5652 est
3552 5613 3678 5652 eum
3697 5596 3748 5663 [Ι
3767 5595 3883 5656 Περ·
