4016 6168
216 321 308 383 4⁵73

968 315 1516 375 INTERPRETATIO
1551 313 1800 372 SYNODI
1839 314 1935 371 VII
1972 313 2376 373 GENERALIS.
2398 348 2472 358 —
2509 317 2709 374 ACTIO
2745 319 2859 374 VII.

3511 312 3618 372 474

214 448 313 520 xx).
343 446 492 517 Quid
520 448 711 502 autem
739 442 1020 500 Dominus
1047 442 1116 498 de
1137 438 1670 496 Pharisaeis'rursus
1696 453 1858 495 evan-
1881 438 1934 498 A
1963 439 2403 511 citum'constat,
2425 441 2762 514 imaginales
2782 441 3150 498 formationes
3166 441 3616 510 dispensationis

209 538 372 610 gelice
402 536 517 591 ait:
549 534 758 588 Amant
791 534 996 603 primos
1026 531 1299 584 recubitus
1335 531 1394 583 in
1424 531 1606 592 caenis,
1633 532 1684 582 et
1712 528 1856 582 salu-

209 629 426 683 tationes
453 627 512 678 in
540 626 660 692 foro
704 620 918 693 (Matth.
963 619 1150 692 χχιιι).
1187 619 1415 674 Certum
1460 622 1546 674 est
1577 617 1725 688 quod
1759 616 1854 670 hic

208 715 600 773 salutationem
626 711 1021 768 adorationem
1046 709 1310 779 appellet.
1341 707 1614 764 Pharisaei
1644 706 1854 778 quippe

205 808 498 878 iactantem
555 815 786 858 sensum
849 798 1139 871 habentes,
1210 811 1445 869 seseque
1495 798 1684 867 justos
1737 795 1857 866 opi-

207 897 416 964 nantes,
435 891 664 948 adorari
697 889 769 945 ab
794 889 1064 945 omnibus
1103 887 1469 958 festinabant,
1512 900 1623 942 non
1652 899 1748 941 ore
1782 884 1850 940 ad

203 999 258 1040 os
280 981 572 1039 osculari:
610 981 715 1036 hoc
736 979 887 1035 enim
917 983 1004 1034 est
1037 978 1230 1048 potius
1259 975 1627 1046 humilitatis,
1655 979 1710 1030 et
1742 987 1852 1030 non

203 1071 512 1127 Pharisaici
541 1069 788 1126 tumoris
828 1067 1136 1123 indicium.
1176 1068 1383 1122 Iterum
1415 1069 1603 1120 autem
1647 1063 1854 1120 Paulus

203 1161 434 1217 divinus
463 1158 778 1229 apostolus,
809 1157 962 1213 sicut
998 1159 1178 1212 Lucas
1215 1155 1273 1210 in
1312 1154 1552 1210 Actibus
1575 1153 1853 1222 apostolo-

202 1265 314 1306 rum
350 1248 651 1305 describit.
700 1249 839 1313 Quia
880 1263 1000 1300 cum
1040 1247 1370 1299 venissemus
1405 1244 1847 1310 Hierosolymam,

201 1340 422 1393 libenter
464 1341 788 1406 exceperunt
832 1351 929 1390 nos
967 1338 1188 1403 fratres.
1246 1334 1505 1402 Sequenti
1542 1337 1722 1386 autem
1765 1331 1850 1384 die

200 1427 455 1481 introibat
491 1427 698 1480 Paulus
747 1441 866 1478 cum
914 1425 1066 1478 nobis
1097 1425 1172 1478 ad
1219 1423 1511 1486 Iacobum;
1566 1435 1849 1489 omnesque

201 1518 395 1570 collecti
423 1520 555 1570 sunt
593 1516 842 1569 seniores.
893 1514 1033 1580 Quos
1077 1529 1198 1566 cum
1237 1513 1547 1574 salutassst,
1583 1509 1850 1564 narrabat

195 1622 280 1676 per
298 1606 527 1672 singula
572 1620 693 1672 quae
719 1605 932 1671 fecisset
964 1606 1106 1657 Deus
1136 1604 1194 1656 in
1217 1602 1467 1669 gentibus
1485 1617 1587 1671 per
1614 1600 1851 1654 ministe-

199 1697 324 1748 rium
360 1695 540 1762 ipsius
569 1692 712 1764 (Act.
747 1692 886 1764 χχι).
923 1693 1068 1763 Ergo
1106 1698 1161 1746 et
1187 1691 1282 1746 hic
1307 1689 1709 1746 salutationem
1739 1689 1850 1744 ho-

1964 531 2194 588 Domini
2225 533 2408 588 nostri
2441 534 2571 588 Jesu
2600 531 2838 600 Christi,
2875 535 2930 585 et
2970 531 3314 586 intemeratae
3333 531 3432 585 Dei
3466 531 3618 601 geni-

1965 620 2131 676 tricis
2174 635 2506 694 semperque
2549 621 2806 694 Virginis
2843 621 3056 691 Mariaa,
3099 634 3163 675 ac
3190 619 3613 674 honorabilium

1963 710 2317 781 angelorum,
2344 717 2400 767 et
2423 711 2680 768 omnium
2726 715 3074 780 sanctorum,
3115 709 3352 764 adorare
3376 714 3431 763 et
3456 721 3617 763 oscu-

1965 799 2072 855 lari
2106 818 2118 854 :
2167 806 2223 856 et
2249 802 2518 872 quisquis
2543 803 2628 858 sic
2666 815 2725 858 se
2761 815 2872 858 non
2905 800 3189 869 habuerit,
3217 799 3312 854 sed
3338 798 3616 868 discepta-

1963 889 2128 958 verit,
2175 891 2258 946 vel
2292 891 2462 946 etiam
2502 891 2822 963 elanguerit
2860 904 2991 962 erga
3035 887 3447 944 venerabilium
3481 886 3617 941 ima-

1965 978 2162 1050 ginum
2233 980 2646 1051 adorationem,
2702 979 2847 1035 hanc
2910 977 3352 1034 anathematizat
3419 980 3614 1030 sancta

1965 1073 2156 1124 nostra
2182 1074 2237 1124 et
2261 1069 2603 1125 universalis
2623 1069 2893 1140 synodus,
2928 1083 3053 1138 qua:
3082 1067 3302 1122 munita
3320 1070 3407 1121 est
3425 1063 3611 1120 divini

1960 1157 2215 1226 Spiritus
2260 1159 2606 1230 operatione,
2649 1173 2713 1215 ac
2777 1159 3030 1227 paternis
3093 1162 3146 1212 et
3205 1153 3614 1211 ecclesiasticis

1962 1247 2393 1302 traditionibus.
2427 1250 2598 1304 Porro
2624 1248 2920 1303 anathema
2952 1246 3098 1302 nihil
3127 1246 3284 1301 aliud
3317 1250 3421 1314 est,
3443 1256 3611 1314 quam

1961 1337 2243 1406 separatio
2269 1351 2300 1392 a
2331 1339 2460 1393 Deo.
2494 1338 2551 1392 Si
2579 1337 2729 1392 enim
2763 1337 2994 1407 quidam
3027 1334 3242 1391 fuerint
3275 1334 3614 1390 altercantes

1957 1431 2013 1481 et
2050 1431 2246 1482 contra
2295 1441 2358 1482 ea
2402 1442 2528 1498 quae
2569 1427 2804 1482 deﬁnita
2851 1430 2987 1482 sunt
3018 1439 3127 1480 non
3158 1424 3505 1493 obedientes,
3552 1421 3611 1476 in

1959 1517 2227 1573 stimulos
2249 1517 2570 1586 calcitrant,
2599 1523 2653 1572 et
2682 1531 2817 1572 suas
2846 1517 3099 1586 ipsorum
3126 1515 3346 1570 animas
3374 1513 3602 1579 laedunt,

1957 1606 2246 1662 Christum
2296 1606 2661 1676 offendentes,
2694 1612 2750 1661 et
2784 1604 3047 1661 Ecclesia:
3089 1604 3274 1674 ipsius
3304 1600 3614 1658 calumniis

1959 1695 2246 1768 delectati,
2308 1695 2706 1766 impugnantes
2780 1709 2979 1750 vesane
3064 1695 3348 1764 pietatem,
3421 1696 3615 1760 utpote

200 1784 544 1841 noratoriam
589 1782 978 1838 adorationem
1013 1795 1181 1852 quam
1216 1781 1456 1836 invicem
1487 1779 1844 1851 exhibemus,
1881 1769 1931 1830 Β
1964 1785 2283 1854 priscorum
2334 1785 2730 1841 haereticorum
2800 1783 3348 1841 communicationes
3395 1784 3450 1836 et
3488 1791 3617 1835 con-

199 1873 546 1943 apostolicus
575 1886 778 1928 sensus
827 1870 1143 1940 describit;
1186 1870 1659 1941 quemadmodum
1697 1875 1751 1924 et
1779 1869 1849 1924 de

196 1961 354 2018 Jacob
385 1961 506 2016 ait:
543 1961 816 2015 Adoruvit
854 1961 1145 2027 fastigium
1172 1960 1340 2026 virgae
1372 1959 1489 2026 ejus
1516 1958 1703 2027 (Hebr.
1741 1959 1846 2028 χι).

197 2052 455 2108 Consona
481 2063 613 2105 vero
638 2049 770 2105 istis
812 2053 868 2104 et
897 2048 1210 2119 Gregorius
1255 2052 1626 2120 c0gnomento
1654 2047 1852 2102 Deilo—

199 2156 346 2212 quus
367 2140 548 2196 dicit:
581 2139 901 2194 Bethlehem
928 2138 1067 2208 cole,
1101 2143 1156 2194 et
1188 2151 1432 2208 prasepe
1457 2137 1629 2194 adora
1653 2137 1846 2207 (Se-rm.

198 2234 251 2285 in
272 2236 388 2285 nat.
426 2230 672 2298 Christi).
701 2229 862 2298 Quis,
900 2232 1083 2298 putas,
1113 2241 1308 2283 eorum
1333 2227 1432 2297 qui
1461 2232 1609 2283 recte
1638 2232 1694 2282 et
1723 2226 1854 2282 sin—

197 2335 312 2376 cere
346 2319 690 2390 intelligunt
720 2332 844 2388 qua:
884 2318 1082 2373 divina
1119 2317 1415 2388 Scriptura
1460 2315 1848 2387 proferuntur,

199 2409 489 2480 intelligat
535 2408 683 2478 quod
727 2406 844 2462 haac
883 2407 954 2462 de
995 2407 1330 2463 adoratione
1369 2421 1494 2477 quae
1535 2407 1594 2462 in
1639 2406 1853 2476 spiritu

201 2499 273 2568 ﬁt,
293 2495 794 2569 pronuntientur?
819 2497 933 2552 nisi
963 2495 1106 2553 forte
1121 2497 1191 2552 de
1215 2497 1526 2552 insensatis
1546 2497 1643 2567 sit,
1672 2496 1756 2552 vel
1787 2510 1856 2552 ex

199 2588 282 2644 his
303 2588 411 2659 qui
448 2587 631 2643 totius
672 2587 1039 2657 scripturalis
1073 2586 1331 2644 scientia:
1365 2600 1429 2642 ac
1478 2592 1723 2656 paterna:
1747 2587 1859 2642 do-

196 2680 392 2734 ctrina:
441 2677 766 2746 inexpertes
821 2677 1095 2734 existunt.
1165 2675 1573 2748 Nunquidnam
1623 2673 1858 2747 fastigio

196 2768 366 2840 virga
397 2766 640 2822 servivit
683 2765 852 2822 Jacob
873 2766 901 2820 ?
937 2771 1038 2823 aut
1071 2765 1308 2836 praesepi
1349 2766 1616 2836 praecepit
1650 2764 1863 2821 theolo-

196 2871 294 2927 gus
327 2855 656 2928 Gregorius
693 2855 978 2911 deservire
1000 2855 1028 2910 ‘l
1069 2857 1137 2911 Et
1168 2870 1371 2912 rursus
1396 2869 1622 2926 quoque
1657 2869 1761 2911 nos
1785 2854 1865 2910 vi-

194 2946 416 3001 viﬁcam
467 2958 694 3002 crucem
742 2944 1058 3002 salutantes
1103 2959 1349 3002 consone
1387 2945 1678 3002 canimus:
1725 2945 1864 3000 Cru-

195 3048 303 3090 cem
333 3041 502 3090 tuam
529 3035 862 3107 adoramus,
899 3035 1158 3106 Domine,
1189 3039 1245 3090 et
1277 3035 1583 3091 adoramus
1609 3035 1858 3092 lanceam

196 3139 314 3194 quae
362 3124 602 3194 aperuit
652 3099 942 3180 viviﬁcum
975 3099 1290 3181 latus'tua:
1341 3124 1654 3195 bonitatis;
1707 3125 1854 3196 quod
1886 3099 1934 3161 Ο

200 3215 525 3270 certissime
545 3213 818 3270 salutatio
841 3220 926 3270 est
941 3215 1243 3284 etdicitur,
1264 3215 1417 3270 sicut
1437 3215 1653 3270 indicat
1685 3215 1852 3287 illud,

196 3306 340 3372 quod
374 3305 498 3359 haec
540 3304 793 3374 propriis
833 3304 1005 3360 labiis
1031 3305 1247 3360 nostris
1272 3305 1681 3376 contingimus.
1716 3307 1856 3361 Nam

195 3399 246 3448 et
263 3395 310 3449 si
337 3393 640 3449 multoties
658 3393 951 3458 invenitur
971 3393 1232 3449 adoratio
1249 3395 1307 3449 in
1323 3394 1521 3449 divina
1533 3394 1851 3464 Scriptura,

194 3487 243 3538 et
268 3483 495 3539 urbane
525 3482 897 3553 loquentibus
922 3482 1188 3539 Patribus
1220 3483 1434 3539 nostris
1457 3497 1556 3552 pro
1582 3483 1856 3540 servitute

195 3589 313 3644 qua:
342 3577 436 3628 est
486 3572 548 3627 in
579 3572 814 3642 spiritu,
857 3587 985 3629 cum
1030 3587 1138 3629 vox
1170 3573 1350 3629 multa
1390 3573 1697 3644 signiﬁcet,
1746 3585 1857 3629 una

196 3668 378 3719 tamen
438 3661 868 3733 signiﬁcatione
913 3663 1040 3732 ejus
1106 3663 1499 3719 tantummodo
1551 3663 1853 3732 reperitur,

195 3765 316 3821 quae
357 3750 590 3808 scilicet
637 3751 758 3807 sola
808 3749 1135 3808 manifestat
1177 3751 1567 3807 adorationem
1621 3756 1859 3822 quaeest

195 3841 513 3897 secundum
565 3839 794 3895 latriam
841 3835 1052 3914 [unum
1099 3854 1167 3896 ex
1223 3839 1569 3912 signiﬁcatis
1615 3841 1741 3910 ejus
1773 3847 1860 3898 est

193 3929 456 3986 adoratio
483 3928 799 3984 secundum
833 3927 1113 4003 latriam].
1146 3928 1348 3986 Adhuc
1378 3935 1567 3986 autem
1598 3930 1856 3988 adoratio

195 4025 274 4073 est
299 4025 358 4075 et
399 4032 465 4073 ea
497 4032 624 4088 qua:
671 4031 769 4088 per
811 4017 1082 4073 honorem
1129 4023 1186 4074 et
1218 4032 1314 4088 per
1335 4033 1580 4075 amorem
1608 4033 1672 4075 ac
1701 4021 1863 4077 timo.

196 4123 308 4164 rem
346 4107 440 4164 ﬁt:
495 4107 672 4163 sicuti
711 4121 814 4163 nos
851 4107 1156 4164 adoramus
1197 4113 1254 4163 et
1292 4108 1779 4180 gloriosissimum
1806 4116 1861 4166 et

196 4197 732 4252 mansuetissimam
772 4197 1076 4266 imperium
1107 4203 1374 4253 vestrum.
1405 4199 1504 4253 Est
1527 4202 1582 4254 et
1611 4198 1725 4254 alia
1766 4212 1862 4269 per

195 4285 464 4342 timorem
517 4290 760 4342 tantum.
795 4286 948 4342 sicut
992 4285 1162 4342 Jacob
1213 4286 1472 4343 adoravit
1513 4289 1660 4343 Esau
1703 4287 1858 4358 (Gen.

195 4375 433 4443 χχχιιι).
463 4374 534 4429 Et
564 4379 651 4429 est
683 4388 780 4443 per
805 4375 1068 4446 gratiam,
1115 4375 1269 4432 sicut
1295 4374 1578 4432 Abraham
1604 4376 1866 4433 adoravit

1961 1875 2214 1929 sentanei
2263 1879 2320 1930 et
2383 1874 2738 1930 contribules
2793 1888 2890 1944 per
2951 1873 3320 1944 impietatem.
3390 1870 3616 1926 Fratres

1959 1967 2148 2018 autem
2175 1968 2231 2018 et
2257 1963 2686 2019 comministros
2735 1969 2960 2018 nostros
3003 1964 3114 2016 Deo
3162 1959 3439 2016 amabiles
3484 1957 3617 2028 epi—

1961 2066 2161 2122 scopos
2227 2053 2492 2108 misimus
2550 2067 2678 2108 cum
2753 2052 3057 2107 abbatibus
3120 2055 3176 2105 et
3235 2048 3486 2112 clericis,
3552 2051 3616 2102 ut

1962 2142 2217 2198 omnium
2242 2156 2368 2212 quae
2405 2143 2463 2197 in
2497 2142 2662 2197 nobis
2710 2147 2863 2213 gesta
2902 2146 3058 2208 sunt,
3097 2136 3614 2194 manifestationem

1961 2231 2576 2288 denuntientdeisonis
2603 2231 2846 2288 auribus
2875 2229 3098 2285 vestris.
3129 2230 3303 2284 Porro
3332 2226 3400 2281 ad
3429 2225 3615 2296 signa-

1964 2321 2158 2376 culum
2180 2326 2237 2376 et
2259 2321 2432 2377 robur
2448 2335 2644 2379 eorum
2659 2335 2834 2392 quaaa
2855 2319 3023 2376 nobis
3039 2318 3273 2374 deﬁnita
3299 2320 3454 2386 sunt,
3473 2313 3615 2384 quin

1963 2410 2132 2466 etiam
2163 2411 2231 2466 ad
2262 2410 2708 2467 satisfactionem
2733 2409 2984 2480 piissimi
3011 2407 3236 2477 imperii
3265 2405 3458 2474 vestri,
3489 2401 3619 2459 sub-

1959 2500 2205 2570 jecimus
2232 2505 2456 2570 paterna
2491 2500 2818 2556 testimonia
2839 2513 2907 2554 ex
2931 2499 3129 2553 multis
3156 2509 3332 2567 pauca
3357 2493 3612 2560 collecta,

1966 2595 2021 2645 et
2039 2588 2300 2645 claritate
2324 2589 2584 2645 veritatis
2607 2589 3011 2645 certitudincm
3047 2584 3417 2642 illustrantia.
3451 2581 3618 2636 Caete-

1971 2694 2097 2735 rum
2124 2679 2381 2736 omnium
2408 2685 2665 2735 nostrum
2689 2678 2945 2734 Salvator
2969 2676 3070 2748 qui
3095 2675 3256 2731 vobis
3285 2673 3616 2742 coimperat,

1973 2767 2188 2838 quique
2214 2782 2312 2838 per
2339 2782 2439 2824 vos
2480 2767 2753 2824 Ecclesiis
2779 2779 2969 2837 pacem
2996 2777 3157 2822 suam
3183 2761 3489 2819 concedere
3517 2771 3623 2813 vo—

1971 2856 2104 2928 luit,
2155 2871 2253 2928 per
2301 2857 2512 2914 multos
2548 2871 2728 2914 annos
2756 2855 3044 2912 custodiat
3093 2865 3328 2924 regnum
3370 2854 3622 2906 vestrum

1969 2960 2098 3002 cum
2137 2951 2336 3004 senatu
2379 2953 2435 3003 et
2476 2946 2840 3018 principibus
2880 2950 2937 3000 et
2985 2942 3320 3000 ﬁdelissimo
3367 2937 3623 2996 exercitu

1970 3041 2155 3093 vestro
2209 3042 2379 3108 atque
2423 3037 2688 3094 universa
2754 3035 3088 3105 republica:
3133 3033 3420 3103 donetque
3462 3028 3624 3085 vobis

1969 3126 2286 3182 victoriam.
2313 3129 2436 3197 Ipse
2473 3126 2684 3197 quippe
2708 3125 2822 3180 ait:
2869 3127 2999 3179 Vivo
3025 3139 3140 3191 ego,
3179 3123 3312 3176 dicit
3339 3121 3621 3180 Dominus,

1968 3222 2100 3285 quia
2129 3218 2491 3286 gloriﬁcantes
2520 3231 2602 3270 me
2638 3213 2949 3283 gloriﬁcabo
2980 3212 3032 3281 (Ι
3073 3214 3202 3279 Reg.
3259 3211 3344 3279 ιι).
3371 3212 3494 3278 Ipse
3539 3210 3627 3262 est

1969 3306 2068 3377 qui
2101 3307 2400 3376 praecinxit
2424 3320 2522 3361 vos
2569 3305 2801 3374 virtute,
2831 3308 2887 3358 et
2911 3303 3113 3358 tundet
3149 3305 3386 3356 cunctos
3413 3299 3622 3368 hostes,

1967 3402 2022 3451 et
2046 3394 2282 3450 donabit
2321 3395 2482 3451 vobis
2513 3407 2707 3450 omnes
2733 3391 3060 3448 obedientes
3091 3387 3110 3462 [
3125 3390 3391 3460 plangent
3413 3388 3622 3455 hostes,

1967 3491 2024 3541 et
2043 3484 2372 3557 gaudebunt
2388 3480 2662 3556 subditi].
2683 3481 2878 3538 Gaude
2892 3494 3046 3552 ergo,
3068 3479 3274 3535 civitas
3293 3475 3440 3552 [Gr.,
3463 3482 3518 3532 et
3539 3483 3624 3546 tu,

1969 3572 2232 3648 civitas],
2282 3573 2491 3645 laetare,
2535 3586 2676 3629 nova
2709 3571 2864 3638 Sion,
2915 3569 3075 3626 orbis
3099 3575 3263 3624 terra:
3310 3566 3627 3637 speculatio

1973 3661 2292 3740 [specula].
2315 3665 2454 3720 Nam
2480 3668 2537 3719 et
2564 3663 2644 3718 ibi
2669 3661 2846 3718 David
2866 3659 3142 3731 regnavit,
3160 3664 3216 3715 et
3239 3658 3336 3713 hic
3359 3655 3628 3713 Davidice

1970 3760 2025 3812 te
2043 3755 2155 3826 ipsi
2174 3753 2512 3810 custodiunt
2531 3749 2642 3826 [pii
2665 3752 3034 3821 imperatores
3062 3762 3249 3805 rerum
3269 3743 3624 3820 potiuntur].

1969 3846 2248 3902 Dominus
2273 3845 2332 3899 in
2360 3843 2546 3900 medio
2564 3842 2683 3904 tui;
2710 3847 2766 3897 et
2788 3841 2866 3897 sit
2887 3854 3089 3897 nomen
3115 3840 3241 3910 ejus
3265 3837 3627 3894 benedictum

1974 3935 2034 3990 in
2062 3934 2269 3991 saecula
2295 3933 2654 3990 saeculorum.
2681 3930 2876 3986 Amen.

1972 4063 2080 4114 Deo
2123 4060 2450 4114 amabilibus
2497 4058 2868 4112 sacerdotibus
2910 4060 2959 4110 ct
2992 4056 3202 4109 clericis
3234 4058 3346 4108 tam
3387 4051 3630 4106 sanctis-

2043 4133 2193 4186 sima:
2232 4133 2331 4184 Dei
2377 4146 2589 4197 magna:
2626 4130 2894 4191 Ecclesia,
2941 4143 3104 4197 quam
3149 4126 3389 4179 omnium
3439 4123 3631 4197 Eccle-

2043 4205 2250 4258 siarum
2271 4204 2376 4256 Deo
2401 4194 2726 4255 conservatae
2761 4203 2924 4266 regia:
2948 4194 3225 4260 'civitatis,
3267 4199 3457 4252 sancta
3478 4194 3632 4262 Syn—

2045 4274 2182 4328 odus
2203 4273 2355 4344 apud
2373 4275 2611 4328 Nicaeam
2636 4272 2868 4326 secundo
2890 4271 3126 4325 collecta.

2044 4380 2310 4436 Christus
2351 4381 2502 4436 Deus
2553 4384 2762 4450 noster,
2809 4378 2909 4449 qui
2942 4391 3068 4433 vere
3115 4379 3201 4432 est
3244 4374 3475 4438 veritas,
3525 4387 3633 4442 pa—

195 4462 352 4519 ﬁlios
400 4465 504 4519 llet
533 4478 634 4534 pro
668 4476 804 4536 agro
847 4478 1014 4535 quem
1044 4465 1264 4534 accepit
1307 4465 1376 4520 ab
1398 4465 1483 4521 eis
1527 4466 1586 4521 in
1614 4467 1866 4537 sepultu-
1890 4459 1946 4521 D
1978 4475 2314 4540 ternumque
2341 4469 2531 4526 lumen
2561 4474 2616 4525 et
2659 4468 2958 4539 splendor:
2993 4467 3093 4536 qui
3137 4465 3208 4520 de
3244 4463 3497 4518 tenebris
3528 4475 3632 4517 nos

208 4566 328 4607 ram
368 4554 524 4608 Sara:
551 4554 752 4610 uxoris
799 4569 915 4610 suae
965 4555 1120 4623 (Gen.
1169 4557 1359 4625 χχιιι).
1414 4557 1620 4612 Iterum
1673 4561 1863 4612 autem

210 4648 619 4712 exspectantes
675 4643 908 4714 quidam
959 4658 990 4699 a
1040 4644 1481 4701 sublimioribus
1528 4645 1865 4701 beneﬁcium

205 4733 511 4802 consequi,
544 4733 785 4789 adorant
808 4747 926 4805 eos,
957 4734 1110 4790 sicut
1132 4733 1300 4790 Jacob
1332 4735 1678 4792 Pharaonem
1710 4735 1866 4805 (Gen.

210 4822 415 4891 χιγιι).
468 4821 614 4877 Hinc
669 4822 823 4877 enim
877 4822 1073 4879 divina
1124 4823 1420 4894 Scriptura
1471 4824 1679 4881 docens
1734 4839 1864 4888 nos;

218 4910 512 4964 Dominum
566 4913 738 4965 Deum
781 4917 934 4966 tuum
983 4913 1256 4968 adorabis.
1309 4919 1360 4968 et
1411 4915 1498 4968 illi
1535 4915 1638 4968 soli
1673 4917 1871 4972 servies

204 4997 361 5061 (Luc.
399 5001 513 5069 1v):
557 5000 943 5056 adsrationem
977 4998 1266 5076 [absolute
1297 5003 1476 5073 ponit,
1509 5008 1566 5060 et
1597 5018 1705 5060 non
1729 5005 1873 5076 adji-

199 5086 304 5157 cit,
349 5088 473 5150 soli,
526 5093 592 5144 ut
626 5089 950 5162 signiﬁcata
999 5091 1178 5148 multa
1227 5091 1546 5163 habentem,
1599 5098 1655 5150 et
1680 5107 1867 5151 vocem

202 5176 583 5246 equivocam.
610 5176 810 5254 Porro]
836 5181 962 5236 sine
988 5181 1378 5250 prohibitione
1397 5183 1568 5254 dixit,
1595 5187 1867 5256 tanquam

197 5263 464 5324 diversas
521 5268 754 5340 quidem
816 5269 1286 5341 signiﬁcationes,
1331 5272 1425 5328 sed
1471 5272 1866 5345 homonymam

198 5371 396 5414 vocem
440 5357 761 5429 habentem,
803 5363 860 5414 et
895 5373 1004 5415 non
1034 5360 1138 5414 soli
1164 5361 1408 5417 addidit.
1449 5363 1625 5418 Porro
1655 5365 1868 5420 servies

205 5448 298 5504 illi
335 5448 651 5504 solidixit:
698 5449 907 5505 etenim
942 5449 1052 5506 soli
1083 5452 1196 5507 Deo
1234 5451 1568 5508 servitutem
1613 5458 1866 5511 nostram

208 5535 537 5594 referimus.
584 5537 686 5594 His
731 5552 865 5610 ergo
911 5539 999 5595 sic
1043 5539 1449 5612 comprobatis,
1495 5543 1772 5600 veraciter
1815 5550 1871 5601 et

206 5627 616 5684 incunctanter
657 5641 780 5685 esse
822 5643 1012 5687 coram
1053 5630 1168 5688 Deo
1195 5636 1489 5704 acceptum
1518 5636 1574 5688 et
1598 5632 1873 5706 benepla—

1975 4559 2197 4616 vocavit
2228 4559 2286 4614 in
2313 4559 2652 4615 admirabile
2681 4572 2849 4614 suum
2882 4557 3092 4625 lumen,
3125 4560 3181 4609 et
3204 4553 3274 4608 ab
3307 4551 3518 4608 idolica
3548 4564 3635 4605 ve-

1980 4649 2142 4706 sania
2187 4663 2288 4706 nos
2334 4650 2520 4719 eruit;
2577 4649 2676 4720 qui
2729 4647 2940 4704 delevit
2987 4645 3216 4701 nomina
3271 4642 3556 4699 idolorum
3599 4655 3633 4696 a

1980 4743 2152 4808 terra,
2183 4743 2239 4793 et
2265 4738 2596 4809 repromisit
2621 4752 2730 4794 non
2772 4750 2968 4793 eorum
3006 4733 3253 4790 ulterius
3280 4745 3404 4787 esse
3433 4743 3635 4788 memo~

1983 4827 2162 4895 riam;
2188 4826 2371 4883 voluit
2395 4839 2646 4882 annuere
2686 4826 2812 4896 pios
2841 4829 2896 4880 et
2927 4837 3025 4894 per
3049 4826 3254 4879 cuncta
3285 4819 3635 4876 orthodoxos

1979 4929 2045 4972 ac
2064 4914 2259 4971 ﬁdeles
2278 4914 2649 4984 imperatores
2676 4918 2920 4980 nostros,
2948 4910 3017 4965 ad
3045 4909 3505 4980 congregandum
3533 4919 3636 4960 nos

1982 5006 2041 5061 in
2067 5005 2294 5060 Nicaana
2340 5003 2495 5058 clara
2526 5000 2846 5071 metropoli.
2878 5000 3031 5055 sicut
3074 4998 3288 5054 nostis:
3321 5002 3383 5053 ut
3406 4996 3637 5052 distan-

1981 5093 2127 5150 tium
2164 5089 2580 5148 dissonantiam
2614 5088 2676 5144 in
2713 5087 3144 5143 consonantiam
3172 5085 3629 5155 perduceremus,

1977 5188 2034 5238 et
2060 5181 2282 5237 medius
2308 5178 2497 5251 paries
2524 5176 2820 5233 tolleretur
2850 5175 3195 5247 inimicitiae,
3224 5181 3282 5231 et
3303 5175 3542 5244 antiqua
3565 5172 3640 5227 le-

1979 5273 2068 5345 gis
2093 5270 2304 5343 positio
2328 5267 2625 5325 catholicte
2649 5267 2918 5324 Ecclesia:
2944 5266 3272 5323 firmitatem
3301 5266 3629 5321 resumeret.

1976 5364 2159 5436 Igitur
2186 5359 2353 5416 nobis
2383 5358 2440 5414 in
2476 5357 2729 5429 idipsum
2757 5357 2940 5414 sancti
2971 5357 3228 5428 Spiritus
3255 5351 3636 5424 inspiratione

1976 5462 2033 5512 et
2051 5450 2448 5524 cooperatione
2465 5448 2958 5517 convenientibus,
2976 5461 3172 5504 omnes
3193 5443 3634 5503 consonuimus;

1981 5549 2038 5601 et
2060 5542 2284 5612 Oriens,
2323 5539 2552 5612 Arctus,
2593 5539 2872 5596 Occidens
2902 5541 2959 5592 et
3001 5533 3335 5592 Mesembria
3378 5533 3436 5586 in
3466 5541 3634 5586 unam

1981 5610 2300 5692 unitionem
2327 5610 2763 5688 concurrimus:
2797 5632 2853 5684 et
2881 5625 3262 5696 triumphavit
3293 5619 3636 5695 [constituta
