4010 6160
435 288 542 348 475
1581 271 1586 274 ’
1666 294 2022 353 ANASTASII
2075 292 2618 352 BIBLIOTHECARII
3686 304 3766 365 us

432 418 547 496 est]
579 425 903 478 sanctarum
943 424 1326 480 Ecclesiarum
1376 425 1608 496 paciﬁca
1661 424 1950 482 ordinatio
1989 436 2088 493 per
2113 416 2485 515 A'sanctitatc
2502 426 2789 494 etjustitia
2808 427 3056 480 omnibus
3081 424 3268 480 diebus
3306 429 3422 482 vita
3453 433 3624 484 nostra
3647 431 3768 499 (Luc,

432 509 666 565 alterna
713 511 1009 581 opinionis
1051 514 1342 570 veritatem
1388 519 1442 571 et
1493 517 1676 587 fidem,
1720 529 1846 586 qua
1874 513 2090 570 direxit
2186 509 2260 586 '1).
2294 517 2362 571 Et
2401 531 2639 572 rursus:
2691 519 2976 571 Excitatus
3015 521 3095 571 est
3135 521 3389 585 tanquam
3411 518 3650 574 dormiens
3682 524 3775 576 Do-

435 599 694 655 semitam
740 603 943 671 pedum
998 610 1350 661 nostrorum:
1401 611 1573 676 atque
1615 619 1714 675 per
1762 605 1866 659 hoc
1909 603 2114 673 stirps-
2195 608 2396 669 minus,
2422 611 2684 676 tanquam
2705 612 2898 678 potens
2936 607 3307 676 crapula—tusa
3338 609 3473 660 vino.
3498 609 3559 662 Et
3586 625 3775 679 percus-

434 687 668 746 haresis
697 706 822 761 qua
863 705 930 760 ex
973 695 1200 764 antiqui
1234 695 1418 751 hostis
1454 695 1694 751 zizaniis
1722 693 2083 766 germinavit,
2196 699 2268 750 sit
2297 698 2543 750 inimicos
2586 713 2709 751 suos
2752 700 2810 751 in
2831 699 3153 768 posteriora,
3183 697 3510 766 opprobrium
3539 702 3778 768 sempiter-

433 779 720 838 eradicata
771 785 873 838 est.
928 785 999 839 Et
1042 799 1172 840 ecce
1218 785 1670 857 evangelizamus
1710 783 1873 839 vobis
1915 796 2088 853 super
2196 799 2326 838 num
2363 785 2514 840 dedit
2542 786 2656 838 illis
2697 785 2864 854 (Psal.
2908 787 3149 855 Lxxvu).
3177 784 3234 840 Si
3274 784 3616 854 opprobrium
3655 800 3780 842 sem-

433 874 680 926 montem
728 872 1013 928 excelsum
1054 879 1268 930 stantes
1297 874 1696 930 ecclesiastica
1752 873 1907 943 pacis
1955 885 2088 943 gau-
2197 873 2484 943 piternum
2515 875 2711 932 datum
2732 880 2818 931 est
2841 875 3100 932 inimicis
3119 875 3346 946 nostris,
3381 874 3534 930 malis
3560 875 3778 932 videlicet

429 960 591 1017 dium
617 965 672 1016 et
716 961 1003 1031 publicam
1043 963 1432 1019 festivitatem.
1469 964 1616 1034 Quid
1657 963 1807 1018 enim
1838 963 1944 1016 hoc
1967 973 2088 1031 gra—
2194 963 2530 1034 virtutibus,
2555 979 2654 1035 per
2678 967 3149 1021 resurrectionem
3171 966 3311 1035 ejus,
3332 964 3593 1035 quomodo
3613 964 3778 1020 iterum

431 1049 745 1106 tius?Isaia
770 1052 1344 1126 ﬁducialiteragente,
1369 1058 1424 1109 et
1443 1054 1673 1111 calitus
1697 1047 2082 1126 [antiquitus]
2193 1051 2509 1110 Christiani
2546 1055 2721 1111 idolis
2740 1055 3104 1111 servierunt?
3129 1055 3176 1110 Ο
3194 1059 3248 1110 et
3276 1054 3610 1110 inscientiam
3637 1057 3683 1108 et
3703 1054 3782 1108 im-

432 1139 802 1210 pradicente:
863 1141 1036 1208 Quam
1108 1146 1336 1212 speciosi
1386 1144 1548 1214 pedes
1601 1142 2084 1211 cvangelizantium

421 1245 632 1299 pacem,
665 1232 1151 1300 evangelizantium
1186 1235 1366 1288 bona!
1413 1234 1543 1302 {Isa.
1579 1248 1692 1303 LII;
1723 1237 1871 1290 Rom.
1899 1231 1984 1301 Χ.)
2017 1238 2086 1291 Et

425 1319 662 1391 dignnm
689 1326 809 1376 erat
848 1325 903 1376 et
933 1321 1094 1378 valde
1129 1323 1424 1395 placitum,
1456 1329 1627 1396 atque
1655 1329 1854 1381 vestra
1889 1326 2088 1383 decen-

426 1410 506 1464 tis
527 1423 813 1480 sacraque
832 1412 946 1466 Deo
970 1412 1350 1469 amabilitatis
1369 1414 1654 1484 specimen
1675 1419 1732 1470 et
1750 1414 2078 1487 exsultatio,

426 1502 490 1553 ut
509 1499 698 1555 omnis
727 1501 839 1556 Deo
863 1500 1038 1556 electa
1061 1503 1261 1559 concio
1285 1510 1470 1559 vestra
1497 1502 1668 1559 simul
1703 1503 2077 1577 inveniretur,

423 1590 480 1642 et
499 1590 982 1659 contemplaretur
1010 1592 1278 1647 virtutem
1318 1607 1513 1649 eorum
1542 1608 1667 1664 qua
1694 1607 1792 1663 per
1827 1592 1926 1648 Dei
1961 1608 2083 1665 gra-

424 1675 561 1729 tiam
588 1675 739 1731 dicta
771 1683 824 1732 et
843 1685 996 1750 gesta
1019 1685 1172 1749 sunt,
1205 1685 1318 1736 tam
1347 1681 1572 1736 scilicet
1601 1695 1772 1752 super
1803 1682 2084 1754 legitima-

2196 1143 2460 1213 pietatem
2491 1145 2744 1214 ipsorum
2770 1146 2782 1200 l
2816 1147 3039 1202 Utinam
3069 1143 3476 1200 intellexissent
3501 1143 3633 1214 quod
3661 1157 3783 1198 scan-

2194 1233 2444 1289 dalizare
2470 1249 2644 1290 unum
2673 1250 2739 1291 ex
2775 1234 3034 1291 minimis
3059 1233 3158 1305 qui
3189 1234 3540 1290 crediderunt
3572 1233 3622 1287 in
3644 1231 3784 1287 Chri-

2196 1329 2369 1396 stum,
2421 1326 2840 1397 importabilem
2897 1324 3098 1381 habeat
3129 1322 3563 1394 indignationem
3606 1321 3782 1390 (Matth.

2195 1416 2396 1486 xvm):
2434 1420 2646 1487 quanto
2681 1416 2860 1488 magis
2900 1415 3090 1471 orbem
3127 1412 3439 1470 sollicitum
3486 1410 3689 1466 reddere
3729 1409 3780 1464 si~

2193 1504 2536 1562 multatibus
2555 1504 2584 1558 ?
2610 1504 2712 1560 Sed
2737 1505 2803 1559 ad
2835 1503 3084 1559 nihilum
3115 1501 3348 1558 verbum
3372 1499 3583 1555 Domini
3609 1497 3788 1567 redege-

2191 1599 2346 1657 runt,
2368 1593 2733 1664 reprobantes
2763 1592 3181 1648 ecclesiasticas
3206 1590 3562 1647 traditiones:
3585 1591 3788 1657 propter.

2189 1697 2252 1739 ea
2292 1685 2358 1738 ad
2400 1681 2646 1739 nihilum
2678 1681 2896 1755 redegit
2942 1695 3038 1738 eos
3080 1680 3393 1749 Dominus;
3418 1684 3472 1733 et
3508 1690 3623 1732 cum
3661 1674 3786 1741 Ario,

425 1779 550 1819 rum
577 1765 1468 1846 correctione[comprobatione]
1496 1772 1870 1828 traditionum
1896 1772 2081 1828 Eccle-
2113 1754 2160 1814 Β
2193 1773 2490 1840 Eunomio,
2538 1754 2888 1842 Macedonio,
2953 1769 3334 1841 Apollinario,
3375 1766 3633 1833 Nestorio,
3656 1765 3790 1833 Euty-

423 1852 522 1907 sia
550 1854 865 1927 catholica,
893 1872 1058 1928 quam
1096 1859 1152 1915 in
1184 1861 1630 1916 destructionem
1662 1867 1717 1916 et
1746 1860 2080 1917 subversio—

423 1956 547 1998 nem
580 1957 775 2002 eorum
809 1948 907 2018 qui
933 1946 1581 2006 fremueruntadversus
1605 1951 1920 2022 veritatem,
1953 1965 2076 2007 nec-

423 2045 533 2087 non
559 2035 904 2103 apostolicas
934 2043 988 2092 et
1010 2043 1272 2108 paternas
1306 2040 1570 2095 Ecclesia
1593 2037 1891 2096 catholica
1916 2055 2080 2096 com-

420 2126 785 2179 mutaverunt
824 2126 1182 2200 traditiones,
1233 2129 1316 2184 vel
1361 2129 1532 2185 etiam
1568 2131 1731 2200 juxta
1759 2129 1907 2200 quod
1959 2129 2072 2186 sibi

419 2212 605 2268 visum
631 2218 736 2284 est,
767 2215 825 2270 in
851 2218 1256 2274 exterminium
1281 2219 1635 2290 redegerunt.
1665 2219 1768 2275 Sed
1803 2219 2073 2290 quoniam

421 2300 720 2358 humidum
754 2303 864 2359 iter
899 2305 955 2360 in
991 2307 1177 2362 medio
1223 2312 1330 2378 est,
1364 2323 1680 2378 rursusque
1713 2313 1936 2364 terrena
1961 2308 2073 2379 via,

416 2389 642 2446 duabus
667 2392 838 2448 rebus
861 2408 1006 2463 Opus
1029 2403 1169 2467 erat,
1200 2397 1440 2452 navibus
1465 2397 1690 2452 scilicet
1713 2399 1782 2453 ad
1813 2398 2076 2468 navigan-

415 2479 574 2549 dum,
625 2485 680 2534 et
721 2482 1002 2550 jumentis
1049 2485 1322 2555 congruis
1369 2487 1438 2541 ad
1485 2486 1830 2542 vehendum:
1891 2486 2078 2541 utris—

417 2581 527 2637 que
547 2581 744 2624 carens
765 2572 1156 2628 sacratissima
1179 2580 1363 2629 vestra
1389 2581 1632 2644 caterva,
1662 2580 1857 2630 mutua
1883 2580 2074 2630 nostra

417 2657 788 2713 conventione
815 2659 1033 2728 privata
1063 2668 1166 2717 est.
1197 2664 1400 2718 Verum
1446 2663 1774 2734 specialiter
1810 2669 1865 2719 et
1897 2664 2077 2719 intel—

415 2744 724 2816 ligibiliter
753 2751 956 2819 prasto
985 2750 1126 2806 estis
1157 2753 1386 2822 [eratis]
1413 2752 1731 2822 nobiscum,
1753 2752 1806 2808 id
1833 2753 2078 2808 sentien-

417 2839 500 2890 tes
537 2836 683 2905 quod
720 2842 775 2892 et
800 2839 1096 2894 catholica
1147 2841 1412 2896 Ecclesia
1472 2843 1800 2912 plenitudo:
1835 2849 1890 2897 et
1939 2842 2074 2913 quia

418 2923 658 2980 invicem
713 2941 914 2982 sumus
948 2929 1194 2985 membra
1236 2930 1451 2986 Christi
1497 2931 1595 2986 Dei
1634 2932 1845 3002 capitis
1889 2933 2069 2988 nostri

417 3013 673 3083 [Christo
711 3017 823 3072 Deo
867 3017 1051 3087 capite
1096 3017 1341 3094 nostro],
1370 3034 1566 3076 eorum
1607 3035 1733 3091 qua
1779 3021 1928 3092 apud
1972 3035 2073 3078 nos

415 3104 526 3158 Deo
551 3103 798 3160 donante
837 3113 959 3162 acta
1001 3114 1155 3179 sunt,
1190 3111 1574 3166 necessarium
1604 3111 1873 3166 ducimus
1911 3110 2074 3166 vobis
2102 3136 2151 3201 Ο

415 3191 662 3248 breviter
702 3196 1083 3252 narrationem
1131 3198 1495 3254 mittendam:
1553 3200 1871 3270 loquuntur
1920 3200 2072 3255 enim

411 3281 582 3337 etiam
625 3299 724 3353 per
771 3285 992 3341 litteras
1037 3287 1248 3359 lingua
1299 3303 1520 3361 causas,
1571 3295 1625 3346 et
1669 3295 2073 3360 reprasentant

413 3372 578 3442 quasi
611 3373 903 3430 videndas.
945 3377 1081 3432 Cum
1113 3378 1266 3433 enim
1307 3379 1772 3437 convenissemus
1800 3394 1868 3436 ex
1895 3385 2074 3450 pater-

413 3474 613 3517 narum
649 3463 980 3535 magisterio
1011 3481 1362 3540 normarum,
1407 3468 1466 3523 in
1509 3483 1686 3525 unum
1718 3469 2072 3525 confirmavi-

413 3563 539 3606 mus
561 3555 710 3622 quod
733 3560 790 3610 et
806 3555 1104 3625 sapuimus
1132 3554 1485 3630 [confirmati
1505 3574 1725 3628 sumus,
1750 3573 1927 3614 unum
1950 3573 2071 3613 sen-

410 3640 628 3716 simus]
651 3644 892 3710 ;cantici
914 3648 1132 3716 Moyses
1148 3649 1367 3717 docuit,
1386 3662 1494 3702 non
1510 3647 1863 3717 obliti,quod
1891 3648 2062 3703 dicit:

407 3733 690 3800 Interroga
720 3737 938 3801 patrem
972 3739 1144 3798 tuum,
1189 3741 1239 3789 et
1279 3739 1635 3790 annuntiabit
1664 3737 1783 3798 tibi,
1833 3739 2068 3792 seniores

409 3823 548 3880 tuos,
599 3824 649 3871 et
686 3821 866 3872 dicent
920 3813 1022 3874 tibi
1067 3824 1246 3891 (Deut,
1292 3826 1497 3893 xxxtt).
1555 3825 1647 3880 Sic
1699 3825 2066 3882 traditionem

408 3906 704 3961 catholica
746 3908 1012 3965 Ecclesia
1051 3913 1249 3966 sectati
1297 3927 1516 3980 sumus,
1553 3919 1608 3969 et
1641 3927 1820 3984 neque
1853 3915 2064 3988 minus,

409 4007 591 4064 neque
614 3995 744 4064 plus
778 3998 1074 4068 quidpiam
1103 3999 1376 4070 fecimus;
1415 4004 1510 4058 sed
1541 4003 1612 4058 ab
1635 4003 1905 4074 Apostolo
1934 4007 2059 4061 edo-

406 4082 508 4151 cti,
535 4087 794 4141 tenemus
820 4086 1163 4146 traditiones
1185 4105 1327 4161 quas
1349 4093 1692 4164 accepimus,
1715 4093 1906 4150 omnia
1929 4095 2071 4151 reci.

383 4171 626 4240 .pientes
652 4179 709 4229 et
737 4174 1139 4245 amplectentes
1169 4195 1523 4252 quacunque
1558 4188 1752 4238 sancta
1782 4183 2064 4240 catholica

404 4261 656 4318 Ecclesia
710 4265 1038 4335 antiquitus
1084 4269 1296 4339 scripta
1332 4277 1387 4326 et
1414 4285 1523 4327 non
1557 4273 1770 4342 scripta
1816 4273 2058 4343 recepit:

404 4365 471 4407 ex
503 4353 715 4423 quibus
747 4361 881 4411 sunt
916 4357 1088 4412 etiam
1134 4359 1505 4432 figurationes
1539 4361 1890 4430 picturarum
1929 4364 2066 4419 ima-

2185 1864 2346 1919 chete
2367 1877 2430 1918 ac
2462 1863 2751 1932 Dioscoro,
2775 1862 2992 1934 Sergio,
3030 1861 3304 1929 Honorio,
3330 1864 3493 1929 atque
3525 1869 3640 1912 cum
3663 1854 3786 1910 omni

2184 1965 2379 2008 eorum
2419 1952 2661 2021 pessima
2698 1956 2848 2006 secta
2877 1949 3314 2006 connumeravit
3351 1945 3710 2002 turbulentum
3732 1940 3790 1996 fa-

2184 2042 2398 2098 ctionis
2421 2056 2616 2098 eorum
2643 2041 2981 2098 concilium:
3025 2040 3336 2097 stultitiam
3367 2048 3593 2106 namque
3626 2035 3788 2089 horum

2188 2131 2480 2187 imitantes
2516 2127 2956 2204 [exprimentes]
3003 2129 3179 2185 stulta
3213 2126 3390 2183 locuti
3411 2129 3555 2192 sunt,
3581 2126 3632 2177 et
3650 2119 3789 2176 funda

2187 2233 2330 2273 vera
2376 2217 2756 2274 confessionis
2806 2231 2935 2274 cum
2991 2215 3134 2287 ipsis
3180 2213 3421 2286 lapidati
3463 2214 3607 2270 sunt,
3655 2213 3791 2278 atque

2187 2307 2375 2364 soluta
2404 2313 2491 2363 est
2527 2308 2681 2364 acies
2712 2307 2986 2377 ipsorum.
3018 2309 3211 2376 Neque
3244 2304 3398 2361 enim
3444 2297 3663 2370 reliquit
3700 2298 3795 2351 Do-

2188 2395 2381 2452 minus
2421 2396 2480 2451 in
2508 2400 2842 2466 perpetuum
2887 2395 3103 2466 virgam
3133 2397 3491 2464 peccatorum
3511 2399 3666 2457 super
3689 2397 3794 2439 sor-

2188 2489 2297 2540 tem
2315 2484 2615 2539 Ecclesia:
2643 2483 2911 2554 quoniam
2927 2481 3162 2538 Judaice
3183 2480 3445 2537 meditati
3476 2481 3601 2534 sunt
3617 2471 3790 2535 inania,

2184 2573 2506 2629 etsecunda
2535 2573 2699 2628 illius
2715 2573 2950 2629 concilii
2979 2571 3478 2627 hareditaverunt.
3509 2569 3612 2622 Hoc
3636 2573 3793 2630 nempe

2187 2664 2520 2735 concilium,
2565 2663 2938 2733 Caiphaicum
2977 2661 3449 2718 concibiabulum
3489 2657 3680 2712 factum
3710 2655 3792 2705 est.

2186 2753 2331 2810 Illud
2381 2754 2653 2809 adversus
2704 2753 3009 2808 Dominum
3065 2751 3267 2806 inania
3339 2748 3654 2805 meditatum
3698 2743 3790 2795 est:

2186 2844 2292 2898 hoc
2320 2844 2592 2899 adversus
2648 2842 2836 2912 ipsius
2880 2841 3185 2914 imaginem
3234 2837 3487 2896 fremuit.
3535 2836 3638 2890 Hoc
3662 2828 3794 2927 enim

2183 2932 2493 2988 concilium
2544 2931 2986 3001 redemptionem
3029 2934 3308 3000 nostram,
3355 2941 3478 2999 qua
3527 2937 3617 2994 per
3656 2918 3796 3014 Chri—

2184 3025 2336 3076 stum
2379 3019 2572 3076 eti‘ecta
2601 3025 2704 3090 est,
2750 3019 2862 3076 sibi
2891 3024 2946 3074 et
2975 3019 3112 3074 aliis
3149 3017 3447 3088 ascripsit.
3488 3015 3597 3068 lloc
3633 3019 3796 3064 conci—

2184 3110 2327 3166 lium
2357 3109 2703 3180 profundum
2734 3109 3043 3166 consilium
3077 3107 3453 3163 consiliatum
3491 3107 3590 3170 est,
3627 3102 3676 3154 et
3709 3106 3794 3150 non

2185 3213 2284 3270 per
2314 3199 2615 3254 Dominum
2637 3217 2648 3252 :
2667 3203 2723 3254 et
2749 3197 2958 3254 fadera
2990 3197 3145 3267 fecit,
3169 3202 3229 3252 et
3258 3211 3371 3253 non
3393 3192 3648 3278 spiritum
3663 3188 3795 3278 ejus:

2184 3269 2454 3359 quoniam
2482 3291 2744 3342 ornatum
2776 3285 3188 3342 venerabilium
3233 3283 3571 3354 templorum
3607 3269 3801 3359 demoli-

2183 3356 2303 3433 tum
2317 3381 2420 3432 est.
2441 3379 2500 3432 In
2519 3376 2622 3433 hoc
2647 3376 2895 3433 concilio
2909 3375 3106 3431 nullus
3139 3374 3441 3430 hominum
3460 3356 3796 3440 ,inveniturad

2184 3463 2487 3537 imaginem
2531 3467 2630 3522 Dei
2687 3465 2890 3534 factus,
2949 3465 3086 3536 quia
3131 3464 3444 3537 imaginem
3504 3452 3714 3552 Domini
3749 3459 3798 3546 at}

2179 3561 2504 3610 sanctorum
2527 3556 2652 3624 ejus
2676 3555 3114 3612 dehonestantes
3146 3558 3203 3609 et
3246 3551 3680 3621 confringentes,
3704 3551 3797 3610 ignl

2179 3644 2562 3702 tradiderunt.
2592 3648 2704 3702 Hoc
2733 3646 3044 3702 concilium
3077 3643 3233 3701 furia
3259 3650 3318 3701 et
3334 3639 3590 3699 vecordia
3617 3634 3800 3706 plenam

2180 3735 2563 3790 satanicarum
2601 3749 2801 3791 vocum
2830 3734 3169 3791 sententiam
3204 3732 3366 3790 fecit.
3395 3733 3507 3786 Hoc
3533 3721 3801 3820 concilium

2181 3823 2356 3879 solam
2385 3823 2864 3893 nuncupationem
2893 3823 3059 3878 habet
3085 3821 3518 3890 sacerdotalem,
3547 3815 3803 3872 scientiam

2179 3919 2365 3969 autem
2401 3927 2626 3984 pravam
2659 3920 2830 3984 atque
2868 3911 3180 3984 profanam.
3211 3915 3332 3970 Hoc
3364 3907 3662 3967 concilium
3689 3909 3804 3954 con—

2179 4010 2372 4058 tumax
2409 4002 2576 4058 habet
2600 4018 2682 4074 os,
2729 4008 2785 4058 et
2833 4002 3103 4072 spiritum
3137 4002 3441 4058 mendacio
3490 3994 3806 4085 delibutum:

2179 4107 2306 4149 nam
2335 4093 2627 4148 veritatem
2657 4093 2887 4164 quidem
2918 4092 3104 4163 finxit,
3133 4093 3191 4148 in
3219 4090 3454 4148 fallacia
3486 4077 3806 4159 prasumpsit

2180 4182 2199 4258 ξ
2215 4181 2518 4238 falsitatem
2538 4196 2668 4238 vero
2689 4182 2866 4238 libere
2893 4178 3147 4256 docuit].
3175 4183 3293 4238 Hoc
3311 4178 3622 4238 concilium
3647 4170 3809 4266 sancta

2177 4253 2370 4328 nostra
2422 4273 2693 4342 synodus,
2738 4276 2932 4342 utpote
2978 4253 3197 4326 zizania
3227 4270 3547 4326 Dominica
3585 4253 3805 4356 areale“?

2173 4367 2261 4417 est
2275 4361 2571 4417 catholicae
2592 4361 2878 4430 Ecclesia,
2904 4359 3222 4428 ventilavit,
3242 4365 3299 4416 et
3327 4348 3810 4415 ventilabrodivini

405 4439 602 4511 ginum
629 4461 640 4496 :
675 4449 730 4499 et
755 4457 784 4499 e
805 4451 1002 4500 contra
1019 4461 1370 4518 quacunque
1395 4448 1724 4517 abjecerunt
1745 4450 1938 4506 Patres
1967 4465 2066 4506 no-
2094 4451 2147 4512 D
2169 4449 2380 4522 judicii
2412 4451 2670 4520 projecit.
2704 4448 2906 4504 Ablata
2931 4462 3064 4520 ergo
3101 4454 3237 4504 sunt
3264 4463 3296 4503 a
3333 4443 3617 4504 catholica
3642 4434 3812 4494 Eccle-

404 4531 510 4585 stri
537 4533 773 4604 egregii,
809 4549 912 4591 nos
943 4549 1171 4606 quoque
1200 4536 1559 4608 projicimus,
1592 4545 1646 4593 et
1675 4538 1940 4595 Ecclesia
1970 4555 2060 4596 ar-

402 4618 688 4678 bitramur
733 4626 984 4680 adversa.
1019 4626 1158 4682 Cum
1212 4625 1426 4696 quibus
1472 4635 1918 4686 connumeratur
1967 4630 2066 4686 in-

402 4712 552 4763 tenta
584 4706 856 4789 [nupera]
886 4729 1086 4771 vocum
1119 4716 1340 4770 novitas
1380 4716 1740 4775 Christianos
1781 4732 2065 4776 accusan-

402 4798 570 4869 tium,
611 4801 790 4857 veluti
817 4817 1019 4859 cancer
1059 4818 1266 4875 pascua
1305 4806 1361 4861 in
1387 4807 1648 4863 ecclesiis
1680 4809 1895 4865 nostris
1917 4810 2062 4865 acci-

402 4885 600 4956 piens:
649 4890 742 4944 sed
795 4906 904 4946 non
931 4894 1192 4964 despexit
1241 4896 1518 4954 Dominus
1563 4899 1712 4958 Deus
1763 4899 1821 4955 in
1867 4901 2058 4955 tinem.

399 4978 558 5049 Nam,
589 4980 824 5037 veritate
851 4983 1114 5056 revelata,
1140 4986 1478 5044 orthodoxia
1513 4992 1738 5047 cunctis
1764 4991 1978 5063 illuxit,
2007 4996 2064 5046 et

401 5067 757 5124 mendacium
790 5084 918 5126 cum
955 5087 1144 5130 secum
1178 5077 1546 5133 nascentibus
1583 5080 1833 5136 tenebris
1878 5081 2061 5136 aboli-

402 5161 519 5211 tum
560 5165 662 5212 est.
715 5159 773 5213 Si
815 5161 987 5231 enim,
1024 5168 1086 5217 ut
1138 5164 1246 5233 ipsi
1294 5179 1433 5222 vane
1484 5168 1830 5238 garrierunt,
1882 5169 2057 5224 idolis

398 5253 760 5316 comparatur
782 5247 1096 5319 imaginum
1123 5252 1398 5320 titulatio,
1423 5261 1629 5310 nostra
1645 5256 2058 5326 redemptionis

400 5335 732 5406 mysterium
782 5339 1084 5402 evanescit,
1116 5341 1263 5408 quod
1305 5341 1403 5396 Dei
1454 5342 1638 5399 Filius
1679 5349 1944 5413 operatus
1971 5344 2058 5404 est

399 5424 698 5492 prasentia
721 5439 842 5495 sua,
893 5439 1003 5496 qua
1037 5439 1138 5496 pro
1166 5427 1332 5482 nobis
1374 5443 1542 5484 carne
1577 5440 1943 5490 conversatus
1969 5443 2056 5493 est

398 5511 611 5585 absque
643 5519 899 5584 peccato:
935 5520 991 5571 et
1015 5515 1446 5586 subsequuntur
1476 5519 1660 5589 [vana
1687 5521 1858 5595 sunt]
1880 5525 2050 5581 etiam

399 5603 766 5661 remissiones
797 5605 1158 5678 prophetica,
1203 5606 1484 5664 dicentes:
1521 5609 1832 5668 Serviamus
1871 5616 1957 5670 illi
1994 5618 2054 5672 in

2174 4541 2261 4596 sia
2288 4545 2343 4595 et
2365 4540 2667 4610 redarguta
2697 4539 2959 4610 figmenta
2985 4539 3127 4607 ejus.
3155 4539 3365 4593 Verum
3392 4535 3547 4592 enim
3571 4536 3625 4588 et
3646 4522 3811 4621 rectis.

2175 4629 2382 4685 simum
2412 4628 2676 4683 Ecclesia
2701 4627 2988 4697 judicium
3019 4641 3120 4682 nec
3161 4640 3373 4682 novum
3401 4625 3549 4694 ﬁeri,
3583 4631 3677 4676 nec
3701 4613 3813 4668 adi-

2175 4718 2252 4774 mi
2287 4719 2345 4774 in
2399 4731 2462 4774 ea
2502 4717 2815 4789 quidquam
2865 4717 3141 4790 indulget.
3188 4718 3305 4772 Nos
3361 4716 3549 4787 igitur
3581 4713 3812 4804 paternas

2175 4809 2325 4878 leges
2350 4812 2669 4878 sequentes,
2697 4807 2769 4862 ab
2797 4821 2910 4862 uno
2943 4805 3156 4876 spiritu
3199 4811 3436 4875 accepta
3487 4799 3684 4873 gratia,
3717 4799 3812 4888 ΠΨ

2174 4897 2434 4952 mutilate
2453 4893 2472 4970 [
2490 4896 2614 4951 sine
2634 4895 2748 4952 ulla
2775 4891 3171 4968 innovatione]
3190 4900 3248 4949 et
3273 4893 3628 4949 indiminute
3647 4889 3811 4940 omnia

2172 5001 2298 5056 qua
2318 4985 2584 5041 Ecclesia
2603 4991 2736 5040 sunt
2761 4985 3180 5041 custodivimus
3200 5003 3214 5053 ;
3235 4983 3479 5054 quemed
3490 4979 3706 5036 modum
3731 4981 3811 5024 sex

2171 5080 2378 5130 sancta
2407 5075 2757 5131 universales
2782 5074 2984 5146 synodi
3027 5075 3432 5129 tradiderunt:
3464 5077 3522 5127 et
3563 5073 3814 5138 quacun—

2169 5179 2279 5236 que
2320 5164 2668 5221 dimiserunt
2716 5163 3042 5219 honoranda
3093 5163 3152 5218 in
3213 5161 3504 5217 catholica
3567 5149 3811 5216 Ecclesia,

2169 5255 2384 5325 absque
2426 5255 2579 5310 omni
2612 5253 2974 5310 cunctatione
3007 5253 3337 5324 recipimus.
3374 5252 3456 5306 Ex
3503 5247 3725 5320 quibus,
3763 5244 3816 5294 ιιι

2167 5345 2383 5402 dictum
2406 5350 2509 5415 est,
2537 5344 2708 5400 etiam
2738 5343 3052 5415 imaginum
3094 5342 3264 5399 factio
3309 5347 3428 5398 est:
3484 5353 3627 5412 quas
3653 5338 3816 5392 hono—

2167 5442 2358 5503 panter
2405 5436 2752 5492 honoramus
2806 5429 2944 5507 [Gr.,
3008 5430 3347 5504 adoramus]
3401 5437 3458 5487 et
3501 5429 3812 5486 salutamus.

2165 5528 2417 5598 ldipsum
2443 5523 2652 5580 etenim
2682 5528 3017 5593 utrumque:
3044 5527 3102 5577 et
3127 5520 3399 5593 quisquis
3449 5520 3587 5577 huic
3617 5513 3816 5588 profes—

2164 5618 2316 5676 sioni
2363 5616 2610 5686 haserit,
2659 5613 2954 5671 catholica
3004 5619 3090 5670 est
3123 5612 3393 5671 Ecclesia
3432 5621 3728 5684 germanus
3770 5607 3817 5656 el
