4010 6160
180 311 262 374 477
868 311 1415 372 INTERPRETATIO
1450 313 1700 372 SYNODI
1743 313 1830 370 VII
1867 311 2269 372 GENBRALIS.
2306 342 2380 354 —
2414 312 2614 369 ACTIO
2653 315 2786 369 VIII.

3462 307 3569 368 L78

180 443 440 516 particeps
489 440 671 498 filius.
709 441 856 513 Ergo
892 441 1083 497 omnia
1123 443 1389 499 scandala
1421 446 1810 514 recesserunt;
1833 449 1890 507 Α
1921 443 2060 499 tiam
2093 442 2391 498 traductus
2411 445 2528 497 est:
2567 453 2874 496 conversus
2926 442 3012 495 est
3043 437 3304 508 planctus
3335 439 3393 494 in
3421 451 3570 510 gau-

177 534 344 591 omnia
376 532 762 588 exterminata
796 536 930 587 sunt
953 551 965 586 :
991 532 1213 588 Veritas
1233 532 1405 604 viget,
1451 533 1809 589 mendacium

176 624 304 680 foras
319 622 602 678 emissum
624 626 712 676 est
733 640 746 676 :
772 626 930 677 sator
944 621 1296 678 zizaniorum
1317 636 1552 693 prorsus
1565 621 1808 694 defecit;

177 715 505 770 frumentum
539 716 750 780 autem,
781 711 1029 782 populus
1046 711 1313 768 videlicet
1331 712 1547 768 Christi
1565 712 1808 783 amicus,

173 807 219 861 in
242 816 413 858 unum
443 801 714 857 horreum
740 801 1007 856 Ecclesiae
1034 801 1249 856 Christi
1288 801 1526 857 allatum
1551 805 1655 858 est.
1697 801 1813 858 Or—

170 891 437 948 thodoxize
469 890 572 946 lux
596 895 721 946 orta
744 894 850 962 est,
883 890 1097 946 erroris
1125 890 1368 946 tenebrae
1394 891 1634 946 sublatae
1651 895 1804 947 sunt.

168 981 420 1038 Mmstitia
447 981 511 1036 in
541 980 817 1052 gaudium
845 984 1188 1036 commutata
1215 985 1322 1053 est,
1359 981 1550 1037 luctus
1577 981 1636 1036 in
1667 981 1810 1037 laeti-

1087 1171 1404 1183 -——-

1917 533 2080 589 dium
2104 531 2289 589 nobis.
2314 530 2518 588 Omnia
2536 529 2595 586 in
2620 529 2828 585 melius
2849 532 3164 584 transvecta
3186 531 3321 582 sunt
3342 532 3569 598 prOpter

1921 625 2071 696 quod
2099 627 2156 679 et
2186 637 2288 679 nos
2318 621 2631 692 apostolice
2673 618 2836 675 vobis
2888 618 3366 688 pronuntiamus:
3414 616 3572 671 Gau—

1921 715 2039 768 dete
2085 716 2145 766 in
2196 715 2444 775 Domino,
2487 711 2738 779 gaudete,
2789 714 2840 764 et
2875 711 3070 764 iterum
3119 707 3348 775 gaudete
3380 703 3407 774 (
3432 705 3572 759 Phi-

1921 804 2054 874 lipp.
2088 804 2215 873 Ill);
2240 802 2456 856 trinum
2483 800 2635 855 enim
2655 798 2926 870 gaudium
2946 795 3200 852 Trinitas
3218 794 3384 851 nobis
3403 794 3575 850 dona-

1919 892 2038 948 vit:
2069 905 2239 962 quam
2266 891 2425 946 decet
2448 890 2629 945 honor
2656 895 2712 945 et
2745 886 3050 959 imperium
3080 885 3138 940 in
3164 883 3371 940 saecula
3401 897 3573 939 saecu-

1920 979 2127 1037 lorum.
2170 979 2364 1034 Amen.

1405 1145 3522 1186 Μ.

1449 1330 1704 1404 ACTlO
1784 1329 2124 1404 OCTAVA
2151 1306 2214 1396 ³.

229 1654 282 1707 In
334 1653 572 1709 nomine
613 1654 842 1710 Domini
890 1660 946 1710 et
986 1655 1367 1712 dominatoris
1401 1657 1532 1712 Jesu
1588 1654 1803 1711 Christi

1990 1653 2294 1710 Credentes
2313 1654 2372 1709 in
2395 1667 2571 1710 unum
2589 1654 2764 1707 Deum
2786 1651 2844 1706 in
2860 1649 3141 1705 Trinitate
3157 1645 3565 1712 collaudatum,

178 1742 277 1796 veri
326 1743 424 1797 Dei
479 1744 692 1798 nostri.
743 1744 984 1814 Imperio
1035 1745 1428 1814 piissimorum
1475 1745 1806 1816 Christique
1839 1739 1889 1800 Β
1919 1743 2726 1815 honorabilesejusimagines
2747 1737 3224 1807 salummuleui
3247 1737 3332 1791 sic
3353 1732 3574 1790 nonha-

175 1831 465 1887 amantium
537 1832 903 1889 dominorum
965 1838 1288 1890 nostrorum
1340 1834 1700 1890 Constantini
1751 1838 1805 1889 et

178 1919 337 1976 lrenes
359 1922 486 1989 ejus
506 1921 729 1993 matris,
762 1936 910 1979 anno
935 1924 1269 1980 consulatus
1298 1923 1553 1994 ipsorum
1583 1928 1801 1994 octavo,

177 2024 204 2064 ι
231 2011 496 2066 Kalendas
525 2011 878 2083 Novembris,
923 2012 1240 2068 indictione
1266 2013 1583 2070 undecima.

231 2100 508 2170 Tanquam
536 2099 796 2156 illustres
813 2101 1073 2158 veritatis
1093 2116 1396 2174 praecones,
1420 2107 1591 2174 atque
1620 2107 1804 2158 custo-

175 2188 259 2243 des
305 2190 674 2259 imperatores
722 2191 1074 2246 orthodoxize
1128 2190 1378 2248 fautores
1431 2193 1630 2247 divino
1662 2192 1800 2246 moti

176 2277 458 2350 desiderio,
495 2279 734 2334 minime
758 2277 1050 2336 ferendum
1077 2287 1477 2351 putaruntnon
1506 2281 1802 2337 considere

179 2369 385 2436 synodo.
447 2368 701 2424 Proinde
752 2369 966 2439 scripto
1015 2370 1269 2441 ipsorum
1323 2378 1662 2442 praeceptum
1715 2375 1802 2426 est

178 2459 512 2530 patriarchae,
546 2464 609 2514 ut
639 2472 832 2514 omnes
862 2460 972 2515 Deo
997 2460 1272 2516 amabiles
1297 2461 1595 2531 episcopos
1626 2460 1802 2515 addu-

174 2553 301 2602 ceret
346 2548 415 2601 ad
477 2548 920 2604 conservandam
984 2549 1270 2604 divinitus
1325 2564 1522 2605 novam
1568 2551 1799 2604 Romam

174 2635 362 2705 regiam
389 2636 649 2705 ipsorum
683 2637 898 2692 urbem.
931 2637 1152 2708 Quibus
1185 2639 1282 2694 ille
1313 2639 1526 2694 litteris
1553 2637 1802 2708 acceptis

171 2725 477 2780 mandatum
501 2727 907 2795 imperatorum
935 2728 1367 2799 exsequebatur.
1389 2731 1526 2783 Nam
1548 2733 1674 2798 post
1689 2741 1802 2782 om-

169 2813 308 2868 nium
354 2828 536 2884 supra
580 2815 973 2885 expositorum
1000 2819 1414 2888 tractationem,
1465 2816 1801 2888 felicemque

165 2902 232 2956 rei
260 2903 501 2974 exitum,
538 2904 808 2961 omnibus
852 2907 966 2962 Deo
1008 2905 1357 2962 amabilibus
1385 2907 1672 2977 episcOpis
1719 2921 1801 2963 se-

1916 1833 2069 1904 bent,
2095 1835 2393 1890 anathema
2417 1834 2562 1889 sint!
2588 1832 2696 1902 Qui
2723 1845 2833 1886 non
2856 1830 2935 1885 ita
2959 1828 3234 1895 sentiunt,
3261 1824 3570 1896 ejiciantur

1916 1923 1985 1979 ab
1999 1923 2249 1980 Ecclesia
2271 1923 2412 1979 INos
2424 1923 2727 1992 antiquum
2752 1915 3326 1975 catholicaeEcclesize
3341 1913 3572 1969 institu-

1920 2019 2040 2069 tum
2055 2013 2380 2084 sequimur!
2405 2016 2518 2068 Nos
2538 2013 2810 2069 addentes
2832 2010 2914 2066 vel
2939 2011 3226 2065 dementes
3250 2003 3565 2074 quidquam

1917 2104 1986 2160 de
2003 2103 2284 2158 catholica
2303 2102 2573 2172 Ecclesia,
2593 2099 3142 2169 anathematizamus
3160 2095 3171 2148 l
3188 2097 3300 2150 Nos
3316 2089 3565 2148 adventi-

1913 2192 2050 2247 tiam
2076 2191 2378 2247 novitatem
2413 2190 2770 2246 Christianos
2797 2186 3190 2243 accusantium
3224 2181 3562 2237 anathema-

1914 2280 2193 2336 tizamus!
2223 2283 2335 2336 Nos
2365 2279 2714 2336 venerandas
2748 2277 3026 2347 imagines
3059 2271 3371 2342 recipimus
3399 2268 3411 2322 l
3445 2270 3561 2324 Nos

1912 2371 2010 2442 qui
2033 2384 2142 2426 non
2165 2371 2244 2425 ita
2268 2370 2543 2440 sentiunt,
2569 2366 2914 2424 anathemati
2944 2359 3315 2432 subjicimus!
3341 2359 3442 2413 llis
3456 2357 3556 2429 qui

1910 2459 2205 2532 accipiunt
2243 2473 2415 2515 sacra:
2457 2458 2765 2528 Scriptura:
2811 2456 2965 2511 dicta
2996 2453 3266 2509 adversus
3307 2447 3460 2504 idola
3500 2447 3560 2501 in

1910 2549 2258 2605 venerandas
2299 2548 2598 2621 imagines,
2621 2543 2948 2602 anathema!
2980 2543 3038 2599 Ei
3073 2541 3173 2611 qui
3208 2552 3317 2594 non
3351 2537 3564 2592 salutat

1911 2643 2137 2696 sanctas
2181 2637 2480 2710 imagines,
2527 2632 2864 2692 anathema!
2911 2631 3013 2687 His
3039 2630 3138 2701 qui
3193 2640 3384 2683 sacras
3412 2625 3564 2679 ima—

1910 2729 2072 2799 gines
2094 2726 2246 2783 idola
2277 2731 2498 2796 vocant,
2522 2725 2820 2781 anathema
2846 2721 2858 2776 ι
2895 2721 2996 2776 His
3026 2719 3126 2790 qui
3167 2717 3371 2772 dicunt
3388 2713 3564 2769 Chri-

1911 2817 2130 2873 stianos
2177 2817 2441 2873 accedere
2487 2816 2555 2871 ad
2617 2813 2897 2883 imagines
2953 2816 3225 2880 tanquam
3269 2804 3337 2859 ad
3401 2804 3558 2871 deos,

1911 2907 2242 2963 anathema!
2277 2907 2377 2962 llis
2400 2906 2498 2978 qui
2531 2905 2734 2962 dicunt
2757 2917 2854 2974 per
2888 2901 3068 2957 alium
3115 2912 3237 2960 nos,
3263 2908 3430 2966 quam
3465 2905 3563 2962 per

163 3004 273 3045 cum
333 2993 592 3062 acceptis
623 2991 682 3048 in
715 2993 862 3049 viam
889 3007 948 3049 se
977 2995 1154 3065 dedit,
1197 3001 1252 3052 et
1289 2996 1347 3050 in
1381 2996 1576 3052 urbem
1627 3009 1659 3051 a
1688 2997 1801 3051 Deo
1833 3012 1881 3080 Ο
1910 2997 2202 3053 Christum
2233 2998 2409 3052 Deum
2435 2999 2693 3052 nostrum
2718 2993 2991 3049 liberatos
3016 2989 3086 3080 ab
3109 2985 3303 3080 idolis,
3332 2983 3560 3080 ana-the-

162 3081 592 3137 conservandam
623 3081 859 3152 profecti
894 3089 1027 3140 sunt
1061 3099 1275 3140 omnes.
1324 3086 1447 3155 Quo
1473 3085 1570 3141 ubi
1601 3098 1804 3156 perve—

161 3181 297 3238 nere,
341 3169 419 3224 ab
479 3171 928 3240 imperatoribus
977 3173 1218 3246 benigne
1268 3175 1482 3245 accepti
1528 3180 1680 3231 sunt.
1730 3173 1803 3230 At

158 3270 273 3313 vero
290 3274 420 3329 quae
443 3257 801 3317 faustissime
823 3261 1121 3334 praefulget
1139 3276 1171 3318 a
1191 3265 1304 3320 Deo
1319 3265 1607 3320 custodita
1631 3264 1803 3334 impe-

157 3348 324 3403 ratrix
355 3347 512 3404 bono
542 3350 688 3405 inito
704 3351 950 3407 consilio
974 3352 1125 3408 diem
1153 3358 1362 3409 statum
1383 3354 1555 3424 dixit,
1580 3367 1694 3424 quo
1718 3368 1804 3424 sy-

154 3437 346 3493 nodiee
403 3452 541 3494 cum
587 3440 876 3511 episcopis
909 3441 1266 3511 praesideret:
1301 3444 1448 3514 quod
1483 3448 1540 3499 et
1588 3442 1800 3499 factum

151 3532 227 3580 est
251 3525 309 3580 in
344 3526 568 3597 palatio
585 3529 734 3599 quod
765 3532 1071 3602 Magnaura
1088 3537 1339 3588 vocatur.
1363 3534 1558 3604 Itaque
1587 3545 1802 3603 propo—

152 3615 275 3670 sitis
298 3617 524 3672 sanctis
573 3617 673 3673 Dei
723 3617 1065 3691 Evangeliis,
1121 3621 1458 3691 praesidente
1499 3623 1622 3692 ipsa
1671 3636 1799 3678 cum

151 3703 315 3759 simul
349 3710 628 3777 regnante
661 3706 800 3776 filio,
828 3713 883 3763 et
914 3709 1178 3765 universa
1208 3711 1444 3781 synodo,
1474 3711 1798 3781 patriarcha

151 3794 425 3860 synodum
443 3793 688 3865 alloqui,
709 3795 930 3867 quibus
961 3810 1060 3866 par
1079 3804 1200 3854 erat
1221 3799 1428 3867 verbis,
1457 3800 1657 3869 jussus
1672 3804 1792 3855 est:

155 3881 308 3950 isque
340 3883 674 3938 mandatum
700 3884 1104 3955 imperatorum
1127 3887 1561 3958 exsequebatur.
1582 3889 1798 3944 Deinde

157 3965 261 4038 ipsi
292 3971 468 4027 etiam
496 3971 735 4028 vocibus
757 3987 790 4029 a
813 3975 923 4029 Deo
949 3977 1198 4044 acceptis
1225 3976 1448 4046 placido
1473 3983 1529 4032 et
1552 3977 1798 4050 eleganti

157 4071 408 4116 sermone
433 4062 717 4131 synodum
747 4062 903 4118 afi‘ati
929 4069 1064 4120 sunt
1089 4083 1100 4118 :
1129 4064 1209 4121 ita
1237 4071 1300 4121 ut
1319 4080 1513 4122 omnes
1543 4080 1671 4123 cum
1695 4080 1802 4136 pa-

161 4148 401 4205 triarcha
418 4152 536 4206 Deo
552 4150 830 4208 amabiles
843 4153 1098 4222 episcopi
1129 4155 1400 4227 congruis
1431 4155 1805 4212 acclamatio-

163 4235 324 4294 nibus
357 4239 491 4296 illos
521 4248 1020 4311 prosequerentur.
1042 4243 1142 4298 His
1163 4244 1242 4299 ita
1265 4245 1459 4316 gestis,
1483 4245 1805 4301 rursusim-

167 4334 438 4393 peratores
457 4329 531 4385 ad
563 4331 844 4400 synodum
872 4331 1088 4388 talibus
1119 4333 1210 4388 usi
1239 4339 1375 4389 sunt
1404 4332 1617 4390 verbis:
1641 4336 1806 4405 Lega-

169 4418 253 4468 t-ir
278 4417 424 4473 clara
458 4432 594 4474 voce
627 4419 783 4474 edita
807 4419 1032 4476 a‘.vobis
1077 4421 1363 4493 definitio,
1397 4428 1462 4478 ut
1490 4436 1521 4478 a
1553 4423 1719 4480 nobis
1748 4428 1803 4478 et

1915 3085 2040 3142 mal
2076 3086 2175 3142 llis
2225 3087 2324 3158 qui
2374 3085 2565 3141 dicere
2603 3085 2816 3139 audent
2868 3079 3209 3137 catholicam
3249 3072 3560 3129 Ecclesiam

1915 3175 2069 3232 idola
2091 3189 2342 3247 unquam
2386 3174 2684 3244 recepisse,
2711 3171 3009 3228 anathema
3035 3168 3047 3222 !
3072 3165 3354 3223 Omnibus
3377 3163 3563 3217 hzere-

1913 3266 2048 3321 ticis
2068 3265 2402 3321 anathema!
2437 3263 2716 3334 Concilio,
2752 3261 2900 3332 quod
2928 3261 2986 3315 in
3020 3255 3372 3313 venerandas
3395 3249 3563 3306 infre-

1913 3356 2060 3411 muit
2092 3355 2390 3426 imagines,
2424 3351 2756 3410 anathema!
2790 3351 2854 3405 Ei
2885 3349 2985 3420 qui
3018 3345 3226 3416 recipit
3249 3343 3424 3411 impia
3456 3339 3564 3394 hae-

1913 3458 2101 3501 reseos
2123 3445 2380 3514 ipsorum
2411 3443 2647 3513 scripta,
2675 3439 2975 3496 anathema
2999 3437 3011 3490 !
3035 3432 3354 3490 Theodosio
3387 3429 3560 3498 Ephe-

1911 3535 2039 3590 sino
2098 3532 2580 3604 pseudoepiscoqo
2629 3526 2970 3585 anathema!
3026 3521 3286 3580 Sisinnio
3342 3529 3560 3587 cogno-

1913 3631 2099 3680 mento
2126 3623 2373 3678 Pastillte
2413 3618 2744 3677 anathema!
2775 3615 2987 3673 Basilio
3027 3610 3266 3669 infausti
3307 3604 3561 3663 nominis

1909 3712 2270 3784 Tricaccobo,
2341 3710 2683 3767 anathema!
2753 3707 3010 3763 Trinitas
3069 3701 3249 3758 trium
3296 3697 3560 3769 dogmata

1908 3802 2142 3858 evertit!
2194 3801 2514 3871 Anastasio,
2554 3797 2928 3855 Constantino
2967 3799 3023 3850 et
3050 3792 3280 3859 Nicetze,
3330 3786 3430 3857 qui
3464 3797 3562 3854 per

1909 3891 2324 3947 successionem
2349 3891 2468 3945 sedi
2486 3883 3130 3954 Constantinopolitanaa
3153 3875 3558 3948 praesederunt,

1910 3980 2087 4036 veluti
2123 3993 2264 4035 novo
2303 3979 2460 4049 Ario,
2512 3976 2774 4033 Nestorio
2808 3980 2863 4030 et
2891 3973 3184 4039 Dioscoro,
3222 3961 3558 4021 anathema!

1910 4069 2111 4124 Joanni
2143 4068 2488 4124 Nicomedia:
2509 4072 2562 4122 et
2587 4063 2962 4122 Constantino
2983 4057 3233 4115 Nacoliae
3257 4052 3565 4110 haeresiar—

1913 4157 2060 4228 chis,
2093 4156 2426 4214 anathema!
2478 4158 2864 4227 Despexerunt
2897 4148 3203 4221 imaginem
3251 4140 3482 4200 Domini
3507 4144 3564 4196 et
3629 4188 3634 4194 .

1914 4254 2239 4304 sanctorum
2269 4249 2425 4318 ejus:
2461 4245 2835 4316 despexiteos
2870 4239 3166 4296 Dominus.

1983 4338 2041 4393 Si
2075 4339 2208 4409 quis
2236 4337 2528 4393 Christum
2553 4337 2730 4390 Deum
2763 4336 3020 4388 nostrum
3057 4320 3561 4409 circumscriptum

1917 4441 2027 4482 non
2064 4407 2368 4483 confitetur
2398 4425 2710 4481 secundum
2763 4418 3194 4484 humanitatem,
3227 4407 3556 4467 anathema!

168 4513 356 4562 cuncto
376 4511 602 4563 astante
626 4513 682 4564 et
705 4509 998 4566 Christum
1023 4517 1246 4568 amante
1273 4475 1483 4583 populo
1507 4514 1800 4586 audiatur,
1831 4475 1887 4538 Β
1985 4515 2043 4570 Si
2077 4516 2209 4586 quis
2225 4515 2580 4587 evangelicas
2602 4511 2876 4567 historias
2895 4503 3246 4578 imaginibus
3267 4509 3564 4568 expressas

165 4598 215 4646 et
239 4602 520 4653 annuente
552 4597 658 4653 hoc
687 4599 950 4654 universa
970 4602 1204 4672 synodo,
1228 4602 1458 4659 Cosmas
1486 4603 1598 4659 Deo
1641 4616 1805 4659 ama-

167 4679 296 4739 bilis
321 4687 601 4744 diaconus
625 4693 684 4743 et
707 4688 1077 4746 cubuclesius
1097 4698 1383 4762 acceptam
1408 4693 1800 4750 definitionem

169 4769 316 4843 legit.
342 4776 458 4844 Qua
508 4777 654 4832 lecta
708 4777 1078 4848 imperatores
1129 4781 1209 4837 ita
1263 4782 1798 4853 interrOgaverunt:

168 4859 317 4918 Dicat
340 4871 534 4921 sancta
560 4871 617 4922 et
644 4869 996 4924 tecumenica
1027 4871 1298 4940 synodus,
1337 4885 1471 4928 num
1506 4872 1645 4927 lecta
1673 4874 1804 4929 defi-

169 4949 304 5006 nitio
327 4959 576 5010 vestrum
604 4955 862 5012 omnium
914 4971 1194 5014 consensu
1243 4960 1320 5016 sit
1371 4961 1544 5017 edita.
1579 4961 1650 5016 At
1708 4962 1798 5018 illi

168 5040 649 5129 exclamaverunt:
678 5045 756 5100 Ita
787 5045 1094 5118 credimus,
1145 5047 1222 5103 ita
1253 5062 1447 5104 omnes
1478 5049 1796 5122 sentimus;

167 5139 346 5186 omnes
384 5133 795 5189 consentiendo
846 5133 1330 5206 subscripsimus!
1367 5139 1491 5194 Haec
1533 5144 1619 5195 est
1664 5139 1802 5195 fides

166 5220 565 5290 apostolorum,
601 5221 717 5276 haec
745 5221 884 5278 fides
909 5224 1158 5297 Patrum,
1195 5226 1310 5282 haec
1355 5225 1493 5283 fides
1524 5228 1804 5285 orthodo-

163 5320 389 5365 xorum:
454 5311 575 5366 haec
626 5311 764 5368 fides
802 5312 994 5368 orbem
1035 5319 1314 5372 terrarum
1360 5316 1802 5374 constabilivit!

220 5435 343 5491 Ἐκ
390 5449 533 5492 nova
592 5437 870 5494 versione.
903 5468 977 5478 —
1004 5440 1138 5508 Quae
1197 5421 1518 5512 sequuntur
1559 5444 1808 5500 actionis

157 5529 363 5580 octavae
394 5525 568 5581 titulo
602 5532 912 5595 praenotata
944 5528 1050 5584 hoc
1078 5528 1219 5600 loco,
1249 5531 1306 5586 in
1338 5532 1554 5588 Graecis
1584 5539 1803 5590 tantum

150 5610 425 5685 leguntur
447 5615 773 5688 codicibus,
801 5617 898 5674 sed
930 5619 1080 5690 apud
1127 5619 1492 5679 Anastasium
1518 5628 1575 5679 et
1603 5623 1808 5694 vulga—

1916 4617 2024 4661 non
2058 4605 2334 4675 admittit,
2371 4603 2670 4660 anathema
2695 4601 2707 4656 l

1983 4696 2041 4750 Si
2083 4696 2216 4765 quis
2267 4695 2419 4764 ipsas
2463 4707 2572 4748 non
2620 4692 2852 4750 salutat,
2903 4701 3031 4744 cum
3081 4685 3200 4741 sint
3230 4682 3290 4738 in
3335 4678 3564 4735 nomine

1911 4785 2140 4843 Domini
2169 4791 2225 4839 et
2263 4788 2589 4839 sanctorum
2621 4782 2767 4851 ejus,
2799 4775 3130 4835 anathema!

1982 4875 2039 4929 Si
2069 4873 2200 4936 quis
2253 4885 2472 4928 omnem
2524 4869 2970 4926 ecclesiasticam
3019 4863 3389 4922 traditionem
3443 4860 3562 4916 sive

1912 4964 2204 5034 scriptam,
2233 4962 2352 5018 sive
2401 4974 2511 5016 non
2534 4960 2804 5029 scriptam
2842 4957 3048 5025 rejicit,
3078 4954 3378 5009 anathema
3407 4949 3419 5004 !

1981 5055 2110 5109 Post
2141 5053 2243 5108 has
2272 5049 2708 5106 acclamationes
2727 5046 3050 5116 patriarcha
3079 5044 3241 5102 offert
3267 5042 3568 5112 imperato-

1916 5143 2077 5199 ribus
2100 5143 2306 5199 lectum
2331 5139 2690 5197 definitionis
2711 5144 2948 5207 tomum,
2982 5136 3406 5208 postulavitque
3431 5143 3560 5187 cum

1917 5234 2181 5289 universa
2216 5232 2449 5304 synodo,
2475 5236 2539 5286 ut
2567 5228 3004 5301 consignaretur
3033 5234 3088 5284 et
3107 5225 3560 5284 communiretur

1917 5324 2030 5394 piis
2042 5338 2237 5380 eorum
2260 5319 2806 5392 subscriptionibus.
2827 5320 2895 5376 Et
2911 5319 3202 5390 accipiens
3225 5316 3406 5372 fauste
3426 5322 3560 5382 prie-

1917 5453 2029 5502 tam
2081 5447 2390 5502 editionem
2423 5459 2534 5502 non
2581 5445 2864 5502 habentur
2914 5443 3140 5514 (excipe
3182 5449 3446 5504 canones,
3488 5430 3558 5484 de

1916 5535 2129 5606 quibus
2157 5536 2396 5608 postea).
2431 5535 2629 5591 Visum
2649 5540 2834 5590 tamen
2856 5538 2942 5587 est
2961 5545 3022 5586 ea
3052 5527 3250 5597 inseri,
3285 5522 3434 5596 quod
3455 5516 3556 5571 illa

1914 5624 2244 5680 contineant
2268 5639 2393 5696 quae
2413 5629 2548 5680 sunt
2567 5628 2692 5678 acta
2714 5626 2840 5692 post
2867 5617 3165 5688 synodum.
