4016 6168
409 289 518 350 479

1643 287 2002 347 ANASTASII
2053 290 2597 348 BIBLIOTHECARII
3708 288 3806 347 480

399 410 625 482 fulgens
668 408 1110 480 religiosissima
1151 407 1487 479 imperatrix
1518 406 1898 479 subscripsit;
1939 408 2051 463 da—
2083 405 2142 467 A
2175 409 2350 463 thema
2378 412 2486 464 sit!
2538 408 2565 478 (
2579 409 2698 464 Gal.
2726 423 2765 464 1.
2779 411 2805 479 )
2831 408 2931 464 His
2979 408 3058 465 ita
3097 421 3157 464 se
3196 406 3537 464 habentibus
3581 411 3638 463 et
3680 423 3812 479 prc-

403 500 610 570 batque
637 498 811 554 simul
842 499 1102 570 regnanti
1146 499 1286 567 ﬁlio,
1323 503 1455 555 utet
1488 499 1609 568 ipse
1643 497 2048 554 subscriberet.

401 589 560 662 Quod
591 589 690 644 ubi
743 587 978 659 factum,
1032 588 1256 644 reddita
1294 595 1381 644 est
1426 589 1765 658 patriarchae
1793 587 2054 643 deﬁnitio

402 695 502 751 per
529 679 888 734 Stauracium
910 677 1342 734 celeberrimum
1383 679 1687 749 patricium
1717 683 1773 734 et
1795 676 2060 749 logothe-

405 770 562 826 tham
598 767 806 824 dromi.

476 861 733 929 Tumque
766 857 1026 914 unanimi
1049 871 1331 914 consensu
1353 871 1547 914 omnes
1569 857 1824 928 episcopi
1857 857 1936 913 ita
1959 855 2060 911 im-

406 948 768 1020 peratoribus
789 947 1198 1004 acclamarunt.

475 1037 640 1094 Multi
673 1038 808 1093 anni
867 1037 1311 1107 imperatoruml
1363 1037 1739 1094 Constantino
1791 1040 1846 1092 et
1887 1038 2060 1091 [rente

405 1127 572 1184 matri
606 1129 733 1198 ejus
776 1127 942 1183 multi
983 1127 1154 1183 anni!
1210 1128 1560 1183 Orthodoxis
1612 1125 2059 1196 imperatoribus

407 1218 574 1274 multi
599 1217 769 1272 anni!
825 1217 1152 1272 Victoribus
1204 1216 1650 1287 imperatoribus
1681 1216 1846 1272 multi
1880 1213 2054 1269 anni!

408 1309 667 1364 Paciﬁcis
687 1306 1134 1377 imperatoribus
1155 1307 1321 1362 multi
1340 1307 1476 1361 anni
1496 1307 1506 1360 Ι
1526 1305 2059 1362 NovoConstantino

405 1404 461 1455 et
487 1411 640 1453 novae
683 1397 903 1452 Helena:
946 1401 1154 1452 :eterna
1207 1395 1515 1451 memorial
1563 1398 1712 1450 Deus
1755 1394 2060 1464 imperium

409 1488 663 1558 ipsorum
694 1486 1026 1542 conseert!
1063 1487 1342 1554 Pacatam,
1376 1486 1636 1556 Domine,
1667 1485 1843 1566 vitam
1878 1483 2056 1553 ipsis!

343 1623 348 1628 .
407 1577 706 1646 Perduret,
729 1576 990 1646 Domine,
1013 1576 1268 1646 ipsorum
1290 1575 1594 1645 imperium
1621 1574 1633 1628 ι
1657 1573 1916 1630 Caelestis
1942 1587 2059 1644 rex,

409 1672 568 1723 tuere
606 1672 904 1722 terrestres
933 1665 945 1719 l

2177 500 2542 571 testantibus,
2561 499 2912 556 exsultantes
2932 499 2988 554 in
3006 499 3091 554 eis
3107 500 3261 554 sicut
3279 498 3379 569 qui
3402 499 3620 553 invenit
3637 499 3811 568 spolia

2179 591 2378 659 multa,
2427 591 2658 647 divinos
2695 604 2939 646 canones
2984 589 3462 660 amplectabiliter
3493 589 3551 644 in
3603 594 3817 658 pectore

2178 681 2564 750 recondimus,
2608 686 2664 736 et
2716 681 2992 752 integram
3027 679 3263 736 illorum
3304 679 3734 750 praeceptionem
3757 693 3818 734 ac

2179 769 2529 826 immobilem
2577 776 2868 827 tenemus:
2905 775 3017 826 tam
3070 770 3293 826 scilicet
3339 769 3569 824 illorum
3623 768 3723 838 qui
3754 768 3819 823 ab

2176 861 2346 916 almis
2363 866 2418 916 et
2435 861 2917 917 laudabilissimis
2930 860 3208 931 apostolis
3224 859 3408 916 sancti
3425 859 3654 929 Spritus
3668 857 3821 913 tubis

2177 951 2320 1007 editi
2345 956 2497 1023 sunt,
2531 964 2700 1022 quam
2737 965 2933 1008 eorum
2961 951 3061 1021 qui
3091 963 3123 1006 a
3155 964 3252 1006 sex
3277 949 3494 1005 sanctis
3513 954 3568 1004 et
3591 948 3826 1004 univer—

2179 1041 2400 1096 salibns
2429 1041 2682 1112 synodis,
2701 1046 2871 1112 atque
2889 1041 2982 1095 his
2999 1039 3268 1096 conciliis
3291 1055 3416 1110 qua:
3440 1038 3699 1094 localiter
3720 1035 3824 1092 col-

2180 1130 2323 1185 lecta
2355 1135 2506 1200 sunt,
2539 1131 2595 1186 in
2627 1130 3040 1200 expositionem
3091 1129 3422 1198 hujusmodi
3469 1128 3826 1183 decretorum

2182 1221 2524 1291 promulgati
2550 1225 2717 1276 sunt:
2753 1234 2969 1275 necnon
2998 1226 3049 1274 et
3083 1234 3278 1274 eorum
3317 1218 3416 1288 qui
3442 1232 3474 1273 a
3497 1217 3716 1273 sanctis
3741 1217 3831 1270 Pa-

2180 1308 2369 1364 tribus
2395 1311 2609 1365 nostris
2641 1309 2844 1379 prolati
2877 1309 3056 1364 fuisse
3088 1308 3417 1378 probantur.
3439 1306 3522 1362 Ab
3547 1320 3659 1362 uno
3681 1305 3831 1360 enim

2179 1401 2488 1470 eodemque
2518 1399 2732 1470 spiritu
2775 1398 3049 1454 illustrati
3083 1397 3432 1453 deﬁnierunt
3479 1410 3606 1467 quae
3653 1408 3832 1464 expe-

2180 1490 2369 1545 diunt.
2405 1490 2470 1544 Et
2516 1489 2746 1560 quidem
2775 1503 2918 1559 quos
2939 1488 3284 1543 anathemati
3319 1486 3745 1553 transmittunt,
3779 1490 3832 1540 et

2184 1593 2288 1636 nos
2314 1579 2864 1634 anathematizamus
2900 1592 3045 1648 quos
3073 1591 3201 1633 vero
3247 1575 3619 1646 depositioni,
3644 1580 3705 1630 et
3732 1587 3834 1629 nos

2181 1669 2557 1739 deponimus:
2595 1683 2740 1740 quos
2768 1675 2956 1723 autem
3000 1667 3403 1739 segregationi,
3432 1672 3487 1721 et
3517 1679 3620 1721 nos
3659 1677 3843 1736 segre-

481 1756 548 1810 Et
575 1759 700 1824 post
753 1753 970 1810 faustas
999 1753 1438 1810 acclamationes
1470 1757 1856 1824 praeceperunt
1881 1752 2066 1822 impe—
2099 1735 2154 1800 Β
2185 1735 2401 1832 gamus.
2428 1735 2768 1830 Porro—quos
2788 1735 3110 1828 epitimio'b
3137 1800 3150 1827 ,
3171 1735 3234 1812 id
3266 1761 3350 1812 est
3373 1735 3547 1826 pennae
3580 1735 3840 1822 tradunt,

413 1849 655 1914 ratores,
683 1848 747 1899 ut
769 1845 998 1899 Patrum
1044 1843 1339 1899 sententia:
1371 1843 1717 1914 legerentur,
1750 1856 1814 1896 ex
1846 1841 1920 1896 iis
1944 1855 2066 1912 qua:

413 1935 472 1990 in
502 1934 731 1988 Niczena
757 1933 1056 2004 metropoli
1085 1934 1334 1989 recitata:
1363 1933 1583 2004 pridem
1605 1937 1790 2003 erant,
1813 1935 1866 1986 et
1887 1945 2070 2001 expo-

413 2025 538 2081 sitae
576 2029 708 2080 sunt
740 2025 964 2080 actione
995 2031 1229 2096 quarta:
1278 2024 1384 2079 hoc
1405 2029 1510 2092 est,
1551 2023 1790 2079 Joannis
1814 2022 2070 2092 Chryso-

413 2114 584 2171 stomi
611 2114 667 2168 in
711 2114 1002 2170 Meletium
1033 2114 1363 2184 episcopum
1387 2112 1830 2183 Antiochenum,
1853 2109 2067 2166 Asterii

414 2204 672 2276 episcopi
695 2203 940 2260 Amasize
969 2204 1027 2258 in
1063 2203 1436 2273 Euphemiam
1474 2207 1798 2273 martyrem,
1835 2200 2070 2256 Joannis

417 2293 674 2366 episcopi
706 2292 1234 2348 Thessalonicensis
1260 2306 1327 2347 ex
1360 2291 1722 2347 sermonibus
1750 2290 1820 2345 ab
1846 2303 1910 2345 eo
1935 2289 2073 2344 scri-

419 2385 534 2454 ptis
550 2388 746 2438 contra
770 2381 1046 2453 gentiles;
1068 2381 1248 2436 sancti
1272 2380 1566 2450 Symeonis
1588 2379 1805 2449 Stylitm
1828 2377 2073 2447 epistola

416 2472 485 2527 ad
505 2471 796 2526 Justinum
819 2470 1238 2538 imperatorem,
1266 2467 1417 2522 beati
1433 2467 1547 2522 Nili
1565 2467 1816 2522 solitarii
1831 2466 2073 2536 epistola

416 2560 486 2616 ad
527 2558 994 2628 Olympiodorum
1030 2555 1376 2626 praefectum.
1425 2558 1505 2611 Ex
1528 2555 1846 2612 canonibus
1866 2560 2075 2611 sanctae

419 2652 475 2704 et
504 2645 870 2702 oecumenicaa
902 2645 1104 2716 synodi
1127 2650 1299 2700 sexta:
1328 2650 1500 2715 caput
1537 2645 1947 2716 octogesimum
1979 2658 2076 2700 se-

417 2736 694 2794 cundum.

488 2825 712 2895 Quibus
735 2823 900 2879 lectis
922 2829 977 2880 et
993 2823 1214 2880 auditis
1235 2826 1356 2879 tum
1378 2823 1448 2877 ab
1468 2822 1634 2894 ipsis,
1659 2827 1780 2877 tum
1804 2821 1874 2877 ab
1899 2821 2077 2878 excel-

421 2914 768 2971 lentissimis
800 2913 1186 2985 principibus,
1208 2913 1543 2984 Christique
1574 2918 1802 2968 amante
1843 2912 2073 2983 populo,

417 3002 747 3072 compuncti
797 3015 992 3058 omnes
1030 3002 1201 3058 corde
1248 3001 1658 3072 acquieverunt
1704 3001 1952 3056 veritati.
2009 3001 2078 3055 Et

2186 1857 2240 1904 et
2261 1863 2361 1904 nos
2383 1862 2609 1919 quoque
2622 1847 2802 1904 simili
2830 1848 2993 1903 modo
3008 1847 3422 1904 submittimus.
3443 1845 3575 1900 Sine
3595 1843 3844 1899 avaritia

2189 1953 2432 2010 namque
2480 1939 2598 1994 sint
2645 1952 2850 2009 mores,
2897 1938 3148 1994 contenti
3195 1935 3594 2008 praesentibus,
3629 1935 3847 1992 Paulus

2187 2035 2378 2099 aperte
2409 2028 2614 2085 clamat
2670 2028 2907 2083 divinus
2953 2027 3266 2098 apostolus,
3343 2026 3441 2096 qui
3493 2025 3550 2080 in
3603 2025 3845 2080 tertium

2188 2119 2392 2176 coelum
2406 2118 2986 2189 ascendit,etaudivit
3001 2116 3314 2173 ineffabilia
3326 2115 3493 2172 verba
3505 2116 3699 2185 (Hebr.
3720 2116 3849 2185 xui)

2977 2226 3042 2280 II.

2191 2333 2344 2400 Quod
2371 2337 2614 2403 oporteat
2646 2333 3069 2388 consecrandum
3101 2334 3405 2402 episcopum.
3425 2334 3579 2384 caute
3592 2330 3854 2398 polliceri

2261 2422 2491 2460 canones
2531 2421 2786 2470 servare;
2831 2406 2918 2459 sin
2949 2410 3147 2467 autem,
3188 2406 3409 2458 minime
3447 2403 3785 2456 consecrari.

2263 2513 2540 2582 Quoniam
2573 2513 2876 2584 psallentes
2907 2512 3364 2583 repromittimus
3393 2513 3538 2566 Deo:
3585 2513 3648 2565 In
3664 2511 3858 2578 justi—

2193 2605 2536 2674 ﬁcationibus
2575 2605 2684 2657 tuis
2730 2603 3053 2666 meditabor,
3104 2619 3211 2656 non
3242 2602 3532 2656 obliviscar
3577 2615 3857 2654 sermones

2195 2698 2312 2747 tuos
2343 2693 2519 2760 (Psal.
2551 2693 2800 2762 cxvm):
2835 2706 3030 2748 omnes
3070 2692 3302 2762 quidem
3350 2689 3725 2745 Christianos
3756 2689 3858 2744 hoc

2194 2796 2418 2838 servare
2458 2783 2901 2838 saluberrimum
2929 2787 3053 2849 est;
3114 2783 3209 2838 sed
3263 2780 3546 2851 praecipue
3594 2779 3709 2834 hos
3762 2779 3858 2850 qui

2196 2873 2614 2928 hierarchicam
2669 2873 2964 2928 consecuti
3017 2870 3235 2928 fuerint
3279 2869 3638 2942 dignitatem.
3701 2869 3862 2924 Unde

2195 2961 2521 3032 deﬁnimus,
2563 2975 2785 3018 omnem
2809 2961 2909 3032 qui
2955 2962 3023 3018 ad
3065 2961 3426 3031 episcopatus
3457 2957 3864 3029 provehendus

419 3049 747 3072 -ν...,,π..ν--
800 3049 991 3058 -.-...--
1033 3049 1200 3058 πων
1248 3049 1657 3072 "-,---.------
1716 3049 1952 3056 mm---
2009 3049 2076 3055 _-
2733 3051 2743 3063 .
2947 3051 2958 3063 .
3317 3049 3329 3060 .

419 3109 624 3150 rursus
643 3095 756 3149 Deo
777 3093 1053 3150 amabiles
1073 3094 1328 3164 episcopi
1353 3093 1743 3149 acclamarunt
1776 3108 1901 3164 quae
1922 3093 2078 3148 dece-
2116 3065 2167 3132 ί]
2195 3049 3863 3164 Efﬁgjﬂﬁ'ﬂmgffﬁ‘f'ﬁf’fﬁ‘i‘P‘iiP?}{e[[“§ffﬂssf,i“ﬁf‘

419 3182 658 3238 batcum
677 3183 1054 3240 multitudine
1078 3183 1295 3254 populi.
1315 3183 1482 3239 Plena
1507 3182 1660 3236 enim
1675 3183 2078 3252 eratprzedicta

418 3274 623 3330 domus
655 3273 809 3343 regia
847 3287 1132 3328 concursu
1191 3273 1524 3329 hominum:
1571 3279 1687 3329 tota
1736 3273 1947 3344 quippe
1972 3273 2082 3327 ad—

421 3368 542 3418 erat
568 3362 776 3418 civitas
818 3376 948 3418 cum
980 3363 1287 3419 ordinibus
1320 3365 1608 3420 militum:
1643 3378 1707 3419 ac
1738 3365 1807 3419 de
1846 3362 2080 3419 sedibus

421 3455 815 3507 surrexerunt.
859 3451 969 3520 Qui
1024 3452 1197 3507 etiam
1241 3455 1354 3508 Deo
1399 3454 1641 3524 gloriam
1695 3453 1996 3518 dederunt,
2028 3455 2083 3507 et

423 3542 734 3615 gaudentes
752 3541 804 3598 ei
827 3541 1045 3614 gratias
1067 3547 1325 3614 egerunt,
1348 3543 1443 3599 cui
1463 3544 1548 3599 sic
1569 3542 1846 3613 placitum
1867 3546 1970 3598 est.

670 3681 1074 3738 CANONES
1125 3680 1800 3737 ECCLESIATICI'

785 3800 1126 3843 PROMULGATI
1171 3799 1241 3842 AB
1285 3801 1465 3842 EADEM
1499 3800 1704 3843 SYNODO

1273 3911 1315 3966 Ι.

496 4018 650 4084 Quod
670 4015 874 4087 oportet
893 4030 1074 4070 sacros
1107 4031 1338 4070 canones
1353 4031 1454 4086 per
1473 4017 1657 4069 omnia
1672 4030 2006 4071 conservare.

495 4106 597 4162 His
619 4105 718 4176 qui
737 4117 954 4160 sacram
992 4103 1187 4160 sortiti
1212 4109 1346 4160 sunt
1364 4104 1726 4176 dignitatem,
1751 4105 2081 4161 testimonia

426 4200 483 4252 et
526 4195 879 4250 directiones
921 4193 1328 4250 canonicarum
1392 4193 1835 4263 praeceptionum
1889 4192 2082 4250 formae

427 4283 776 4340 consistunt.
799 4282 951 4351 Quas
974 4281 1218 4337 libenter
1239 4281 1641 4352 suscipientes,
1665 4295 1794 4336 cum
1812 4281 2082 4352 deiloquo

426 4372 604 4428 David
638 4372 902 4428 canimus
928 4371 996 4426 ad
1036 4371 1343 4427 Dominum
1366 4372 1541 4426 Deum
1573 4369 1863 4426 dicentes:
1896 4373 1961 4425 In
1991 4373 2083 4425 via

427 4465 856 4519 testimoniorum
899 4465 1115 4516 tuorum
1147 4462 1441 4514 delectatus
1468 4475 1607 4522 sum,
1639 4462 1780 4516 sicut
1802 4463 1861 4514 in
1900 4463 2086 4515 omni—

431 4553 528 4606 bus
550 4553 781 4605 divitiis.
824 4552 893 4604 Et
934 4549 1214 4603 mandasti
1225 4549 1509 4615 justitiam
1540 4550 1846 4603 testimonia
1886 4554 1981 4604 tua
2023 4552 2084 4604 in

428 4645 706 4696 aeternum.
729 4639 1066 4694 Intellectum
1084 4637 1157 4690 da
1177 4636 1333 4698 mihi,
1360 4641 1411 4690 et
1431 4639 1644 4707 viviﬁca
1664 4654 1746 4691 me
1769 4633 1854 4711 [et
1873 4635 2080 4713 vivam]

429 4728 456 4799 (
472 4729 615 4782 Psal.
643 4740 816 4781 cxvm
833 4728 880 4796 ).
919 4728 986 4780 Et
1007 4725 1057 4780 si
1087 4724 1146 4780 in
1169 4728 1444 4781 aeternum
1465 4725 1795 4796 prophetica
1812 4740 1918 4782 vox
1936 4741 2088 4782 man-

429 4817 528 4872 dat
554 4814 721 4870 nobis
746 4813 1042 4869 custodire
1069 4813 1398 4868 testimonia
1418 4814 1540 4884 Dei,
1571 4820 1626 4870 et
1647 4815 1833 4871 vivere
1853 4815 1914 4871 in
1941 4815 2082 4886 illis,

432 4902 781 4960 immutilata
810 4897 964 4975 [Gr.,
1014 4899 1388 4976 inconcussa]
1452 4902 1701 4972 profecto
1749 4910 1804 4960 et
1854 4904 2087 4960 immota

433 4995 781 5064 permanent.
815 4991 883 5046 Et
931 4991 1066 5062 quia
1114 4991 1270 5062 [Gr.,
1328 4991 1466 5062 quia
1513 4991 1604 5063 et]
1648 4993 1747 5048 Dei
1800 4993 2088 5062 inspector

430 5083 649 5151 Moyses
681 5079 760 5135 ita
791 5079 975 5135 dixit:
1028 5083 1095 5135 In
1133 5081 1248 5134 illis
1290 5095 1399 5134 non
1424 5085 1502 5135 est
1550 5082 1885 5144 addendum,
1926 5086 1977 5136 et
2017 5083 2085 5136 ab

429 5171 506 5224 eis
527 5184 636 5223 non
657 5173 734 5222 est
761 5169 1124 5236 auferendum
1151 5168 1347 5237 (Deut.
1378 5182 1455 5224 v1.
1484 5170 1554 5224 Et
1580 5169 1816 5226 divinus
1854 5175 2088 5240 aposto-

431 5258 524 5315 lus
555 5257 614 5312 in
639 5257 724 5312 eis
751 5256 1034 5329 gloriatus
1063 5257 1307 5313 clamat:
1336 5259 1402 5312 In
1431 5273 1590 5326 quem
1647 5257 1804 5329 [Gr.,
1835 5261 1902 5314 In
1923 5256 2082 5335 qua]

431 5346 746 5401 desiderant
782 5346 967 5414 angeli
986 5347 1300 5416 prospicere
1323 5344 1389 5416 (Ι
1425 5347 1567 5400 Petr.
1600 5361 1615 5401 1
1626 5349 1672 5417 ).
1693 5348 1795 5401 Et:
1825 5347 1886 5402 Si
1909 5363 2089 5415 ange—

433 5437 518 5490 lus
547 5436 1001 5503 euangelizaverit
1028 5435 1179 5490 vobis
1201 5439 1403 5506 praeter
1428 5436 1576 5505 quod
1593 5438 1894 5506 accepistis,
1936 5453 2087 5490 ana—

503 5555 526 5584 ι
565 5542 643 5596 Ex
663 5540 925 5596 versione
956 5540 1246 5596 Anastasii
1281 5539 1718 5597 Bibliothecarii
1746 5555 1914 5612 quam
1954 5556 2083 5599 con-

435 5613 679 5672 tulimus
709 5627 838 5671 cum
869 5613 1064 5670 codice
1091 5612 1345 5684 Jolyano.

2199 3141 2304 3196 hoc
2328 3141 2498 3196 etiam
2530 3141 2720 3197 omnis
2738 3141 2986 3196 clericus
3017 3140 3115 3211 qui
3149 3139 3255 3195 sub
3284 3153 3350 3195 eo
3372 3137 3568 3207 fuerit,
3605 3137 3696 3192 ila
3737 3150 3866 3191 mo—

2199 3237 2403 3288 neatur
2429 3237 2486 3287 et
2535 3231 2847 3287 imbuatur.
2904 3231 3239 3300 Inquiratur
3280 3234 3469 3284 autem
3534 3226 3860 3298 diligenter

2197 3335 2230 3377 a
2259 3321 2640 3392 metropolita,
2675 3319 2725 3376 si
2767 3320 2828 3375 in
2862 3325 3126 3390 promptu
3166 3318 3367 3374 habeat
3407 3317 3592 3388 legere
3624 3321 3869 3372 scruta-

2201 3411 2401 3468 biliter
2441 3417 2497 3466 et
2548 3424 2659 3466 non
2720 3409 3054 3466 transitorie
3100 3414 3213 3464 tam
3263 3421 3457 3464 sacros
3504 3419 3766 3462 canones
3813 3410 3868 3459 et

2203 3506 2460 3558 sanctum
2495 3501 2884 3572 Evangelium,
2919 3513 3088 3570 quam
3122 3499 3308 3554 divini
3338 3496 3599 3568 Apostoli
3641 3496 3868 3551 librum

2201 3596 2256 3648 et
2304 3604 2525 3646 omnem
2573 3590 2829 3646 divinam
2879 3590 3270 3661 Scripturam:
3325 3595 3495 3659 atque
3539 3588 3868 3643 secundum

2201 3681 2302 3736 Dei
2352 3681 2614 3736 mandata
2662 3681 2986 3736 conversari
3035 3687 3091 3735 et
3145 3681 3348 3736 docere
3404 3677 3687 3749 p0pulum
3755 3674 3869 3732 sibi

2201 3770 2591 3827 commissum.
2625 3770 2956 3826 Substantia
2983 3770 3135 3825 enim
3175 3769 3385 3825 summi
3418 3767 3741 3824 sacerdotii
3777 3779 3868 3821 no-

2202 3859 2308 3916 stri
2332 3865 2470 3915 sunt
2517 3859 2746 3930 eloquia
2773 3859 3061 3915 divinitus
3083 3859 3314 3929 tradita,
3349 3858 3404 3912 id
3436 3860 3523 3912 est
3553 3869 3689 3912 vera
3725 3854 3874 3910 Scri-

2203 3953 2501 4021 pturarum
2549 3948 2878 4005 divinarum
2945 3947 3278 4019 disciplina,
3341 3946 3876 4018 quemadmodum-

2201 4051 2444 4110 magnus
2473 4037 2734 4108 perhibet
2777 4038 3125 4109 Dionysius:
3155 4037 3305 4107 quod
3357 4036 3407 4092 si
3451 4034 3875 4106 disceptaverit

2206 4126 2362 4212 [Gr.,
2397 4127 2764 4199 haesitaverit,
2793 4133 2849 4182 et
2879 4141 2990 4182 non
3014 4127 3094 4182 ita
3117 4125 3299 4182 facere
3322 4139 3388 4181 ac
3416 4125 3622 4181 docere
3664 4123 3873 4178 liben—

2202 4218 2288 4272 ter
2315 4216 2592 4273 voluerit:
2623 4217 2721 4280 al.,
2749 4221 2803 4272 et
2834 4216 2913 4272 ita
2935 4215 3179 4272 libenter
3204 4215 3387 4271 facere
3415 4220 3470 4270 et
3506 4215 3722 4270 docere
3751 4215 3873 4269 mi-

2202 4305 2355 4361 nime
2376 4303 2800 4380 spoponderit],
2837 4307 3165 4362 nullatenus
3181 4311 3561 4362 consecretur.
3584 4304 3688 4359 Ait
3711 4307 3873 4362 enim

2123 4440 2178 4504 D
2203 4397 2535 4466 prophetice
2577 4398 2757 4452 Deus:
2799 4399 2878 4450 Tu
2920 4398 3204 4450 scientiam
3249 4397 3523 4466 repulisti,
3563 4401 3615 4449 et
3642 4412 3749 4463 ego
3777 4412 3874 4450 re—

2196 4486 2400 4556 pellam
2421 4490 2490 4547 te,
2513 4501 2579 4540 ne
2599 4485 2901 4540 sacerdotio
2929 4487 3188 4553 fungaris
3212 4485 3350 4538 mihi
3369 4483 3526 4553 (Ose.
3551 4497 3606 4538 v1
3625 4484 3672 4553 ).

2974 4594 3061 4648 III.

2311 4700 2464 4766 Quod
2483 4716 2591 4754 non
2632 4705 2876 4770 Oporteat
2896 4703 3172 4770 principes
3203 4700 3398 4768 eligere
3421 4701 3760 4769 episcopum.

2274 4807 2474 4862 Omnis
2525 4806 2728 4862 electio
2771 4821 2802 4862 a
2854 4806 3221 4876 principibus
3267 4805 3413 4860 facta
3453 4805 3718 4875 episcopi
3772 4811 3879 4862 aut

2207 4897 2519 4967 presbyteri
2545 4901 2644 4952 aut
2674 4895 2921 4951 diaconi.
2961 4895 3126 4950 irrita
3166 4901 3387 4950 maneat
3427 4895 3757 4950 secundum
3797 4909 3883 4950 re—

2206 4987 2397 5059 gulam
2423 5001 2549 5057 qua:
2569 4985 2715 5042 dicit
2739 4985 2978 5054 (Canon.
3013 4990 3189 5054 apost,
3218 4983 3287 5040 30
3299 4987 3361 5056 )z
3395 4984 3454 5040 Si
3489 4983 3626 5054 quis
3647 4985 3882 5055 episco-

2206 5091 2313 5146 pus
2343 5075 2719 5132 szecularibus
2764 5074 3147 5146 potestatibus
3201 5089 3361 5143 usus,
3404 5073 3713 5130 ecclesiam
3774 5088 3884 5146 per

2207 5165 2362 5234 ipsos
2391 5163 2665 5236 obtineat,
2687 5165 3034 5234 deponatur:
3059 5170 3115 5220 et
3132 5168 3502 5236 segregentur
3531 5176 3741 5219 omnes
3772 5163 3881 5235 qui

2210 5248 2361 5328 [Gr.,
2407 5257 2754 5325 segregetur,
2785 5258 2841 5308 et
2884 5266 3080 5310 omnes
3111 5250 3246 5327 qui]
3283 5252 3372 5308 illi
3403 5253 3877 5309 communicant.

2205 5342 2438 5412 Oportet
2461 5342 2613 5397 enim
2647 5346 2712 5398 ut
2737 5342 2836 5413 qui
2880 5342 3277 5412 provehendus
3296 5347 3383 5398 est
3414 5341 3473 5398 in
3497 5341 3881 5412 episcopum,

2201 5429 2272 5486 ab
2291 5431 2578 5502 episcopis
2611 5431 2890 5504 eligatur;
2919 5431 3395 5502 quemadmodum
3426 5445 3458 5486 a
3497 5432 3889 5488 sanctisPa—

2273 5535 2302 5578 δ
2335 5557 2360 5590 α
2392 5538 2731 5609 Epitimium
2753 5543 2840 5594 est
2865 5551 3026 5608 paena
3067 5551 3191 5608 qua:
3219 5551 3320 5608 pro
3347 5537 3512 5609 modo
3555 5537 3769 5594 delicti
3813 5539 3880 5593 in

2195 5608 2614 5673 observantiam
2643 5611 2834 5682 datur,
2875 5610 2958 5666 ait
2985 5609 3179 5668 Anast.
3218 5609 3276 5666 in
3302 5623 3351 5665 c.
3375 5608 3632 5679 Jolyano.
