4016 6168
165 245 265 305 484

979 251 1529 309 INTERPRETATIO
1565 249 1813 308 SYNODI
1850 247 2254 308 GENBRALIS.
2275 280 2349 294 —
2383 251 2584 311 ACTIO
2637 254 2774 311 VIII.

3473 251 3580 311 482

169 373 360 431 tribus
392 373 494 446 qui
522 374 674 446 apud
701 374 948 432 Nicaeam
973 382 1384 449 convenerunt,
1411 377 1470 435 in
1500 376 1696 451 regula
1726 376 1818 433 de-
1845 373 1903 435 A
1927 389 1960 432 a
1981 378 2214 448 pr0prlo
2246 378 2596 449 resipuerint
2616 377 2857 436 fortasse
2878 392 3133 436 excessu.
3167 378 3402 450 Oportet
3429 381 3584 436 enim

169 464 396 520 ﬁnitum
430 468 539 536 est,
581 478 708 536 quae
735 465 882 521 dicit
906 463 1058 537 (Can.
1101 466 1214 540 1v):
1249 468 1594 540 Episcopum
1624 479 1819 523 conve-

170 553 253 606 nit
275 554 524 608 maxime
550 553 780 624 quidem
808 553 879 609 ab
902 554 1194 626 omnibus,
1219 556 1320 626 qui
1347 562 1482 612 sunt
1510 556 1569 611 in
1597 555 1819 625 provin-

167 644 274 710 cia,
303 643 596 714 episcopis
624 643 904 699 ordinari.
940 643 998 700 Si
1031 650 1219 700 autem
1249 646 1355 702 hoc
1381 645 1616 702 difﬁcile
1643 643 1820 700 fuerit

167 737 264 788 aut
321 737 556 802 prOpter
610 733 917 788 instantem
969 735 1388 798 necessitatem,
1439 739 1540 790 aut
1593 738 1821 804 propter

171 821 400 876 itineris
438 821 882 895 longitudinem,
928 823 1120 879 tribus
1154 829 1342 879 tamen
1384 824 1733 880 omnimodis
1762 823 1820 878 in

168 911 424 980 idipsum
449 911 950 984 convenientibus,
979 917 1035 968 et
1060 913 1198 969 aliis
1221 928 1319 984 per
1343 913 1568 969 litteras
1592 926 1825 968 consen-

171 999 476 1071 tientibus,
543 1005 680 1055 tunc
732 1002 1086 1059 consecratio
1143 1002 1258 1059 ﬁat.
1308 1003 1580 1058 Firmitas
1632 1007 1822 1057 autem

166 1102 364 1144 eorum
388 1103 517 1159 quae
537 1094 837 1161 geruntur,
862 1105 958 1161 per
981 1105 1446 1163 unamquamque
1469 1091 1824 1163 provinciam

168 1177 612 1248 metropolitano
642 1179 936 1235 tribuatur
975 1181 1250 1236 antistiti.

952 1304 1038 1360 IV.

171 1426 324 1493 Quod
368 1426 760 1481 abstinendum
805 1429 877 1482 sit
919 1429 1182 1554 episcopis
1225 1429 1296 1483 ab
1335 1430 1482 1484 omni
1529 1428 1650 1483 dati
1693 1443 1834 1482 accc-

899 1516 936 1554 υ
962 1515 1104 1554 ione.

893 1515 1104 1569 ptione.

239 1622 592 1685 Praedicator
624 1621 892 1679 Ecclesiae
930 1624 1143 1681 Paulus
1175 1624 1413 1681 divinus
1437 1622 1735 1694 apostolus
1768 1636 1833 1678 ac

174 1714 220 1768 si
268 1726 549 1770 canonem
599 1726 813 1782 ponens
857 1713 1238 1784 Ephesiorum
1294 1713 1663 1786 presbyteris,
1716 1712 1831 1768 imo

174 1816 300 1858 vero
345 1806 404 1856 et
444 1802 601 1857 omni
649 1806 882 1858 sacratae
926 1803 1314 1875 multitudini,
1361 1803 1440 1859 ita
1482 1802 1834 1859 ﬁducialiter

177 1890 477 1962 perhibuit
504 1891 704 1946 dicens
730 1909 742 1946 :
777 1892 1100 1960 Argentum,
1133 1897 1231 1947 aut
1260 1909 1478 1956 aurum,
1512 1897 1611 1947 aut
1637 1897 1834 1948 vestem

175 1981 385 2033 nullius
425 1982 744 2050 concupiui:
785 1983 967 2034 omnia
1005 1983 1218 2036 ostendi
1256 1983 1426 2045 vobis,
1469 1984 1726 2052 quoniam
1759 1985 1837 2036 sic

177 2070 490 2124 laborantes
531 2074 738 2139 oportet
776 2071 1046 2140 suscipere
1079 2073 1320 2140 inﬁrmos
1359 2072 1506 2142 (Act.
1547 2072 1680 2143 xx):
1715 2071 1839 2129 bea-

177 2159 296 2214 tius
325 2158 670 2215 existimans
697 2159 852 2215 dare.
882 2161 1116 2230 Propter
1147 2160 1294 2231 quod
1328 2165 1384 2216 et
1414 2175 1518 2217 nos
1547 2161 1734 2216 cdocti
1767 2161 1837 2217 ab

179 2262 244 2302 eo
267 2247 597 2317 deﬁnimus,
625 2248 955 2304 nullatenus
975 2249 1305 2320 episcopum
1333 2250 1522 2319 turpis
1545 2249 1692 2305 lucri
1719 2264 1840 2322 gra-

181 2338 260 2393 tia
303 2339 632 2411 excogitare
670 2339 737 2394 ad
779 2339 1134 2394 excusandas
1174 2340 1574 2396 excusationes
1620 2339 1678 2395 in
1721 2354 1841 2410 pec-

177 2428 349 2497 catis,
390 2433 449 2482 et
488 2432 746 2498 expetere
783 2442 988 2484 aurum
1037 2428 1124 2484 vel
1169 2433 1466 2501 argentum
1517 2434 1617 2485 aut
1665 2429 1839 2484 aliam

179 2517 432 2587 speciem
461 2517 531 2572 ab
557 2517 862 2589 episc0pis,
892 2517 976 2573 vel
1001 2518 1260 2591 clericis,
1288 2523 1389 2574 aut
1417 2518 1712 2575 monachis
1741 2519 1839 2590 qui

179 2607 288 2663 sub
323 2607 454 2677 ipso
486 2611 638 2663 sunt.
681 2607 779 2663 Ait
815 2607 967 2663 enim
1006 2607 1354 2678 Apostolus:
1399 2609 1590 2677 Iniqui
1617 2623 1844 2675 regnum

179 2698 279 2750 Dei
328 2711 442 2749 non
489 2696 852 2766 possidebunt
901 2696 954 2766 (Ι
998 2696 1099 2752 Cor
1150 2697 1272 2768 v1);
1324 2699 1431 2752 Et:
1482 2699 1605 2753 Non
1652 2696 1847 2750 debent

179 2786 286 2855 ﬁlii
329 2785 663 2855 parentibus
711 2785 1097 2848 thesaurizare,
1153 2785 1249 2839 sed
1288 2791 1544 2856 parentes
1590 2785 1719 2855 filiis
1767 2784 1848 2854 (II

182 2875 303 2930 Cor.
361 2874 492 2944 xu).
534 2873 817 2944 Quisquis
858 2887 992 2945 ergo
1035 2877 1267 2943 propter
1311 2873 1664 2929 exactionem
1715 2872 1844 2928 auri

183 2963 270 3020 vel
289 2963 542 3019 alterius
566 2963 880 3032 cujuslibet
904 2962 1138 3034 speciei,
1161 2966 1262 3018 aut
1287 2966 1518 3033 propter
1549 2963 1846 3033 proprium

1927 479 2024 522 eos
2055 468 2238 538 magis
2269 469 2534 524 accedere
2562 467 2630 523 ad
2663 469 2863 539 Deum,
2891 472 2946 523 et
2972 481 3101 524 cum
3135 469 3383 524 contrito
3413 470 3583 524 corde

1931 557 2325 613 remissionem
2361 558 2535 627 hujus
2573 557 2786 627 peccati
2820 561 2877 612 et
2908 557 3329 629 indulgentiam
3372 563 3580 629 petere,

1929 650 1986 700 et
2024 659 2134 702 non
2173 646 2409 717 gloriari
2449 646 2508 702 in
2547 646 2757 701 illicito
2790 646 2944 702 dato.
2983 648 3154 700 Juxta
3188 645 3340 701 enim
3378 650 3456 700 est
3490 648 3589 699 Do-

1930 736 2112 788 minus
2141 736 2225 788 his
2253 737 2350 804 qui
2374 737 2634 790 tribulato
2661 741 2789 790 sunt
2817 737 2975 790 corde
3007 736 3178 806 (Psal.
3209 737 3442 806 XXXIII).
3478 736 3591 792 Eos

1935 821 2118 894 igitur
2143 823 2242 894 qui
2266 825 2591 896 gloriantur
2616 839 2675 881 se
2701 840 2799 896 per
2818 826 3105 882 dationem
3130 826 3258 882 auri
3287 826 3589 882 ordinatos

1935 911 1996 966 in
2039 912 2302 984 ecclesia,
2351 919 2409 970 et
2455 915 2513 969 in
2560 915 2665 969 hac
2711 915 2962 987 maligna
2999 915 3417 972 consuetudine
3464 929 3590 986 quae

1935 1001 2152 1058 alienat
2197 1016 2229 1058 a
2270 1005 2382 1059 Deo
2429 1008 2484 1060 et
2530 1005 2686 1060 omni
2735 1004 3074 1076 sacerdotio,
3124 1008 3374 1076 sperant,
3423 1009 3479 1061 et
3521 1018 3588 1059 ex

1939 1089 2046 1146 hoc
2089 1090 2413 1162 impudenti
2447 1091 2592 1148 facie
2625 1096 2682 1148 et
2711 1106 2821 1149 non
2853 1099 3048 1163 operto
3077 1106 3174 1150 ore
3211 1093 3593 1164 exprobabili-

1940 1179 2048 1237 bus
2087 1181 2277 1237 verbis
2310 1195 2407 1239 eos
2440 1182 2540 1252 qui
2581 1182 2652 1238 ob
2687 1183 2960 1238 virtutem
2996 1183 3126 1239 vita:
3164 1197 3197 1239 a
3236 1188 3432 1239 sancto
3467 1183 3593 1253 Spi-

1943 1268 2062 1324 ritu
2087 1269 2251 1326 electi
2277 1274 2333 1325 et
2353 1271 2653 1326 constituti
2683 1271 2808 1326 sine
2833 1270 3065 1327 datione
3088 1272 3218 1328 auri
3247 1275 3401 1342 sunt,
3429 1271 3594 1327 inho-

1945 1360 2182 1426 norant;
2213 1357 2398 1428 primo
2420 1359 2652 1428 quidem
2675 1359 3051 1415 novissimum
3075 1361 3314 1431 gradum
3335 1359 3593 1430 accipere

1945 1445 2037 1500 sui
2086 1445 2313 1502 ordinis
2349 1445 2693 1502 deﬁnimus:
2729 1448 2880 1517 quod
2921 1448 2972 1503 si
3019 1448 3455 1518 permanserint,
3494 1461 3594 1517 per

1945 1533 2272 1604 epitimium
2300 1535 2685 1607 corrigantur.
2716 1536 2774 1592 Si
2807 1551 2940 1593 vero
2964 1537 3096 1608 quis
3121 1537 3398 1593 claruerit
3423 1550 3595 1607 super

1945 1622 2372 1679 consecratione
2412 1624 2518 1680 hoc
2556 1624 2871 1695 aliquando
2915 1623 3151 1698 faciens,
3193 1624 3476 1682 eﬁiciatur
3515 1638 3598 1681 se.

1942 1711 2193 1766 cundum
2219 1713 2590 1782 apostolicam
2623 1714 2874 1786 regulam
2905 1729 3030 1786 qua:
3054 1715 3206 1771 dixit
3235 1715 3390 1785 (Can.
3421 1716 3591 1786 xxx):

1942 1801 2000 1856 Si
2051 1802 2184 1872 quis
2229 1802 2534 1872 episcOpus
2582 1817 2681 1873 per
2725 1805 3024 1874 pecuniam
3068 1805 3408 1877 dignitatem
3452 1805 3598 1861 hanc

1945 1888 2284 1961 obtinuerit,
2333 1890 2416 1945 vel
2460 1891 2753 1962 presbyter
2798 1885 2899 1948 aut
2933 1894 3235 1966 diaconus,
3278 1894 3600 1964 deponatur

1945 1983 2001 2033 et
2032 1977 2153 2046 ipse
2183 1981 2237 2033 et
2269 1979 2369 2049 qui
2403 1993 2529 2035 eum
2577 1982 2948 2054 consecravit,
2993 1988 3047 2038 et
3084 1983 3385 2038 excidatur
3423 1981 3601 2038 omni-

1949 2066 2135 2122 modis
2167 2067 2340 2122 etiam
2377 2081 2408 2122 a
2440 2069 2860 2142 communione,
2895 2071 3372 2140 quemadmodum
3403 2070 3600 2124 Simon

1949 2158 2144 2227 Magus
2173 2169 2204 2211 a
2242 2171 2328 2212 me
2364 2159 2546 2213 Petro.
2582 2158 2866 2213 Similiter
2896 2165 2950 2214 et
2973 2160 3139 2228 juxta
3174 2160 3480 2215 secundam
3521 2172 3604 2214 re-

1950 2243 2143 2315 gulam
2190 2250 2518 2302 sanctorum
2569 2247 2800 2302 Patrum
2846 2248 2946 2318 qui
2997 2248 3144 2318 apud
3191 2248 3602 2303 Chalcedonem

1949 2339 2353 2405 convenerunt,
2400 2350 2525 2406 qua:
2553 2335 2670 2390 ait:
2709 2335 2765 2391 Si
2796 2336 2930 2406 quis
2966 2337 3269 2406 episcopus
3301 2351 3402 2407 per
3442 2350 3606 2407 pecu-

1951 2422 2080 2478 nias
2110 2424 2595 2480 consecrationem
2628 2423 2847 2493 fecerit,
2881 2430 2936 2480 et
2968 2425 3074 2481 sub
3106 2426 3289 2495 pretio
3321 2425 3606 2497 redegerit

1953 2511 2193 2583 gratiam
2225 2527 2351 2582 qua:
2404 2526 2515 2568 non
2569 2516 2755 2583 potest
2783 2513 2970 2583 vendi,
3005 2513 3472 2584 ordinaveritque
3508 2527 3608 2584 per

1955 2601 2227 2670 pecunias
2265 2601 2616 2672 episcopum,
2660 2601 2747 2656 vel
2791 2602 3286 2674 chorepiscopum,
3331 2603 3449 2658 sive
3489 2616 3614 2672 pre-

1954 2689 2211 2760 sbyteros
2240 2695 2342 2746 aut
2377 2691 2674 2762 diaconos,
2707 2696 2807 2747 aut
2837 2692 3138 2762 quemdam
3183 2705 3380 2747 eorum
3413 2691 3513 2763 qui
3548 2691 3610 2747 in

1955 2778 2107 2834 clero
2133 2785 2652 2836 connumerantur:
2684 2784 2784 2835 aut
2811 2780 3187 2851 praeposuerit
3211 2795 3312 2852 per
3339 2781 3614 2851 pecunias

1956 2880 2312 2924 oeconomum
2338 2869 2423 2924 vel
2452 2868 2829 2942 defensorem,
2862 2869 2981 2926 sive
3008 2870 3484 2940 mansionarium,
3513 2873 3616 2926 aut

1961 2971 2196 3026 prorsus
2219 2972 2560 3030 quemquam
2586 2960 2687 3031 qui
2711 2959 2818 3016 sub
2840 2959 3096 3032 regulam
3121 2964 3229 3033 est,
3254 2960 3444 3031 turpis
3462 2959 3610 3016 lucri

183 3053 398 3109 vitium
439 3049 748 3128 [aﬁ'ectum]
786 3054 1053 3109 inventus
1096 3051 1274 3109 fuerit
1303 3066 1571 3109 coercens
1608 3066 1640 3109 a
1679 3052 1847 3108 mini-
1876 3055 1931 3123 α
1961 3046 2175 3118 gratia:
2217 3048 2317 3118 qui
2362 3048 2467 3104 hoc
2504 3054 2745 3105 conatus
2785 3047 2965 3106 fuerit
2997 3063 3182 3123 agere,
3224 3049 3275 3106 si
3317 3049 3619 3105 convictus

185 3142 389 3212 sterio,
426 3141 514 3197 vel
541 3147 914 3212 sequestrans
938 3142 1189 3213 aliquem
1222 3142 1564 3198 clericorum
1603 3142 1702 3212 qui
1740 3141 1849 3198 sub

187 3231 506 3302 sedegunt,
530 3234 630 3286 aut
647 3230 970 3286 venerabile
993 3230 1265 3300 templum
1289 3230 1584 3301 claudens,
1609 3244 1680 3286 ne
1703 3231 1761 3286 in
1785 3244 1851 3286 eo

187 3321 288 3375 Dei
320 3321 652 3376 ministeria
674 3320 1053 3392 celebrentur,
1080 3320 1149 3376 ad
1173 3321 1464 3376 insensata
1487 3333 1649 3376 suam
1673 3325 1853 3376 trans—

191 3410 432 3466 mittens
470 3410 777 3480 insaniam,
814 3410 1140 3467 insensatus
1175 3409 1454 3466 veraciter
1491 3413 1614 3479 est;
1649 3423 1713 3465 ac
1755 3422 1855 3480 per

194 3498 321 3570 hoc,
371 3499 558 3555 simili
610 3513 788 3569 pinna:
833 3512 899 3554 eo
951 3498 1228 3570 subjecto,
1285 3501 1650 3554 convertatur
1690 3497 1856 3553 dolor

190 3590 323 3658 ejus
369 3588 433 3643 in
478 3591 653 3658 caput
691 3588 838 3658 ejus,
881 3590 944 3644 ut
994 3587 1052 3642 in
1095 3591 1540 3660 trangressorem
1602 3586 1854 3642 mandati

188 3679 293 3733 Dei
333 3684 392 3735 et
437 3677 838 3734 mandatorum
884 3676 1355 3748 apostolicorum.
1400 3675 1668 3746 Praecipit
1703 3676 1855 3732 enim

190 3773 250 3824 et
296 3770 504 3824 Petrus
542 3766 889 3838 principalis
935 3765 1356 3838 apostolorum‘
1377 3765 1714 3822 summitas:
1758 3767 1860 3821 Ρα-

194 3859 351 3921 scite,
395 3859 495 3928 qui
541 3859 602 3910 in
643 3858 794 3911 vobis
834 3859 931 3920 est,
973 3871 1187 3925 gregem
1229 3857 1322 3910 Dei
1363 3870 1473 3909 non
1524 3859 1720 3917 coacte,
1765 3855 1860 3910 sed

194 3950 495 4017 spontanee
538 3946 836 4000 secundum
865 3947 1072 4000 Deum:
1108 3959 1217 3998 non
1249 3945 1429 4013 turpis
1471 3944 1613 3997 lucri
1651 3946 1856 4012 gratia,

194 4035 298 4090 sed
347 4040 641 4107 prompte:
676 4051 850 4105 neque
906 4039 968 4089 ut
1024 4034 1367 4090 dominantes
1432 4036 1494 4088 in
1550 4035 1710 4098 clero,
1768 4033 1863 4089 sed

192 4128 382 4192 [arma
418 4128 560 4194 facti
593 4127 810 4194 gregis:
847 4129 896 4180 et
930 4140 1052 4180 cum
1098 4125 1421 4195 apparuerit
1449 4126 1733 4194 principes
1763 4140 1864 4194 pa-

197 4221 431 4278 storum,
474 4216 793 4286 percipietis
839 4214 1340 4270 i-mmarcessibilem
1381 4213 1570 4282 gloria?
1611 4228 1864 4268 coronam

197 4305 254 4374 (Ι
279 4305 423 4359 Petr.
452 4304 532 4375 ν).

199 4517 366 4584 Quod
401 4521 500 4588 qui
535 4517 871 4588 exprobrant
904 4518 1135 4580 clericis,
1178 4532 1236 4571 eo
1272 4515 1420 4586 quod
1444 4516 1701 4588 _ordinati
1736 4521 1864 4572 sunt

276 4592 344 4644 in
367 4585 732 4644 ecclesia—sine
757 4591 924 4652 datis,
949 4591 1188 4659 epitimio
1212 4585 1463 4663 [mutatae]
1487 4589 1788 4658 subjacent.

281 4713 582 4769 Peccatum
625 4713 694 4768 ad
747 4717 982 4769 mortem
1026 4717 1131 4781 est,
1187 4712 1415 4783 quando
1462 4711 1695 4782 quidam
1745 4725 1868 4783 pec-

203 4805 407 4857 cantes
435 4801 743 4858 incorrecti
779 4801 1119 4872 persistunt.
1158 4802 1273 4857 Hoc
1304 4815 1434 4856 vero
1464 4800 1723 4857 deterius
1757 4809 1862 4873 est,

205 4891 258 4946 si
297 4896 357 4945 et
382 4894 720 4963 arroganter
750 4890 885 4946 elati
931 4891 1243 4962 insurgunt
1281 4889 1554 4946 adversus
1598 4891 1866 4960 pietatem

204 4988 267 5038 et
321 4983 655 5050 veritatem;
712 4986 766 5038 et
819 4981 1181 5052 praeferentes
1231 4994 1548 5036 mammona
1596 4981 1694 5037 Dei
1745 4981 1872 5037 obe-

205 5071 473 5140 dientiae,
494 5073 830 5128 nullatenus
852 5071 1215 5143 regularibus
1236 5073 1362 5141 ejus
1375 5072 1671 5142 praeceptis
1692 5071 1874 5127 inten-

206 5162 383 5217 dunt.
417 5164 481 5217 In
514 5162 609 5217 his
640 5176 752 5217 non
792 5166 877 5217 est
906 5162 1183 5218 Dominus
1210 5163 1383 5234 Deus,
1424 5161 1540 5217 nisi
1573 5161 1869 5218 humiliati

283 5300 310 5326 ³
333 5286 621 5343 Anastasii
658 5285 858 5341 verba:
891 5286 970 5343 Ne
1001 5290 1050 5340 te
1084 5291 1310 5349 moveat,
1345 5287 1394 5340 si
1428 5286 1568 5340 hanc
1606 5286 1874 5356 deﬁnitio-

215 5375 345 5413 nem
385 5375 484 5414 nos
523 5361 746 5413 minime
775 5358 1088 5421 habeamus,
1125 5374 1245 5412 cum
1279 5362 1330 5413 et
1358 5374 1544 5411 earum
1578 5360 1872 5414 nonnullas

215 5446 364 5500 quas
384 5435 528 5487 inter
547 5446 778 5484 canones
808 5431 1085 5493 habemus,
1117 5432 1178 5484 in
1202 5432 1579 5486 auctoritatem
1609 5447 1717 5485 non
1741 5434 1880 5486 reci-

209 5505 462 5576 piamus,
512 5505 658 5558 sicut
704 5502 981 5576 quasdam
1020 5517 1088 5555 ea:
1135 5502 1396 5576 conciliis.
1452 5501 1598 5557 Αιεω
1632 5519 1879 5576 namque

218 5576 382 5642 apud
401 5573 614 5630 Grzcos
637 5578 872 5639 tantum,
906 5574 1019 5628 alia
1043 5589 1167 5629 uero
1192 5573 1344 5644 apud
1367 5578 1541 5629 certas
1565 5574 1738 5631 solum
1753 5573 1882 5647 pro-

1893 4384 1949 4448 D

1962 3135 2156 3207 fuerit,
2208 3137 2430 3208 proprii
2477 3139 2690 3210 gradus
2739 3139 3060 3209 periculum
3106 3138 3350 3195 subeat:
3403 3144 3458 3195 et
3514 3138 3616 3210 qui

1961 3232 2327 3283 consecratus
2357 3232 2461 3297 est,
2496 3227 2645 3283 nihil
2680 3228 2943 3298 proﬁciat
2972 3243 3040 3285 ex
3070 3229 3498 3285 consecratione
3528 3227 3616 3283 vel

1963 3315 2325 3384 promotione
2355 3331 2481 3387 quae
2512 3331 2611 3387 per
2643 3317 3087 3388 negotiationem
3118 3317 3312 3373 eﬁ‘ecta
3351 3322 3474 3373 est:
3518 3316 3615 3373 sed

1964 3403 2044 3460 sit
2075 3405 2301 3460 alienus
2334 3419 2367 3460 a
2403 3405 2687 3478 dignitate
2727 3410 2783 3461 et
2827 3402 2969 3479 [seu]
3011 3407 3408 3462 sollicitudine
3447 3419 3618 3476 quam

1971 3508 2069 3567 per
2095 3494 2369 3566 pecunias
2397 3499 2741 3550 consecutus
2771 3499 2876 3550 est.
2911 3496 2969 3551 Si
3003 3509 3134 3553 vero
3177 3495 3308 3566 quis
3341 3495 3620 3550 mediator

1965 3584 2297 3656 apparuerit
2327 3584 2387 3639 in
2422 3584 2754 3654 hujusmodi
2788 3584 3059 3655 turpibus
3097 3589 3154 3641 et
3193 3584 3424 3640 illicitis
3465 3583 3621 3642 datis

1970 3671 2230 3749 [lucris]:
2275 3673 2325 3730 si
2368 3673 2600 3744 quidem
2637 3673 2884 3730 clericus
2923 3672 3120 3743 fuerit,
3164 3675 3398 3744 proprio
3439 3674 3621 3746 gradu

1967 3764 2229 3820 decidat:
2266 3763 2316 3819 si
2350 3777 2482 3820 vero
2521 3762 2707 3820 laicus
2745 3762 2832 3820 vel
2866 3761 3198 3834 monachus,
3237 3761 3624 3819 excommuni-

1969 3858 2148 3911 cetur.

2746 3943 2835 3998 VI.

2189 4051 2258 4105 Ut
2282 4051 2558 4119 efﬁciatur
2585 4049 2771 4103 locatis
2798 4049 3040 4118 synodus
3053 4064 3157 4119 per
3181 4065 3406 4104 annum.

2043 4156 2324 4226 Quoniam
2356 4156 2584 4228 quidem
2612 4156 2809 4228 regula
2835 4161 2939 4228 est,
2965 4171 3091 4229 quae
3111 4157 3259 4214 dicit
3286 4157 3468 4229 (Cone.
3500 4158 3621 4215 Nic.

1972 4261 2096 4318 cap.
2128 4245 2179 4320 5)
2203 4266 2215 4302 :
2245 4247 2342 4303 Bis
2368 4246 2429 4302 in
2455 4260 2607 4303 anno
2639 4260 2738 4316 per
2766 4246 3026 4318 singulas
3053 4247 3379 4318 provincias
3406 4249 3629 4318 Oportet

1975 4336 2100 4393 ﬁeri
2117 4351 2214 4407 per
2224 4341 2561 4393 conventum
2581 4335 2978 4406 episcoporum
2993 4337 3283 4408 regulares
3298 4336 3630 4408 inquisitio-

1977 4441 2107 4483 nes:
2139 4431 2368 4498 propter
2395 4425 2790 4498 fatigationcm
2811 4431 2947 4481 etut
2967 4429 3288 4496 opportuno
3312 4425 3630 4482 habeantur

1971 4516 2041 4572 ad
2074 4516 2184 4572 iter
2212 4513 2353 4590 [Gr,,
2389 4515 2540 4587 quod
2570 4514 2767 4586 inopia
2799 4514 3057 4571 laborent
3084 4515 3154 4570 ad
3186 4512 3313 4590 iter]
3345 4516 3629 4588 agendum

1977 4605 2036 4662 hi
2062 4606 2161 4677 qui
2195 4605 2577 4678 congregandi
2604 4609 2759 4677 sunt,
2779 4619 2800 4646 ιι
2820 4603 3168 4661 deﬁnierunt
3198 4605 3354 4675 (Can.
3381 4603 3438 4675 8)
3459 4609 3631 4662 sextae

1975 4695 2177 4768 synodi
2210 4695 2395 4751 sancti
2427 4697 2639 4767 Patres,
2675 4694 2829 4750 omni
2865 4695 3235 4750 excusatione
3272 4699 3486 4752 remota
3519 4708 3634 4752 mo-

1976 4786 2070 4843 dis
2109 4784 2381 4841 omnibus
2419 4784 2590 4839 semel
2625 4783 2682 4838 in
2715 4797 2864 4840 anno
2905 4784 3054 4858 ﬁeri,
3093 4791 3149 4841 et
3176 4785 3480 4855 depravata
3515 4799 3637 4842 cor-

1981 4875 2113 4947 rigi.
2156 4877 2316 4930 Hunc
2354 4887 2487 4944 ergo
2535 4886 2806 4928 canonem
2847 4881 2902 4929 et
2939 4888 3043 4930 nos
3081 4889 3453 4932 renovamus:
3498 4879 3554 4931 et
3583 4875 3634 4931 si

1981 4966 2287 5039 quisquam
2327 4963 2596 5034 princeps
2627 4962 2894 5018 inventus
2936 4962 3115 5019 fuerit
3155 4965 3262 5021 hoc
3307 4966 3632 5038 prohibere,

1977 5053 2377 5112 communione
2394 5053 2668 5123 privetur.
2689 5051 2746 5107 Si
2763 5053 2896 5122 quis
2909 5067 3040 5109 vero
3059 5056 3634 5125 metropolitanorum

1983 5147 2090 5202 hoc
2119 5142 2434 5217 neglexerit
2457 5155 2644 5215 agere,
2672 5140 2887 5213 absque
2919 5144 3276 5218 necessitate,
3307 5146 3394 5204 vel
3427 5147 3502 5218 vi,
3535 5159 3638 5202 seu

1981 5289 2191 5343 vinctas
2236 5286 2297 5339 in
2347 5285 2747 5339 observantiam
2793 5286 3209 5343 ecclesiasticam
3259 5292 3635 5352 assumuntur,

1983 5363 2124 5414 sicut
2152 5361 2280 5412 sunt
2299 5357 2649 5410 Laodicensis
2669 5372 2814 5411 conc.
2840 5360 3042 5427 regula:
3065 5357 3132 5415 46
3154 5364 3204 5414 et
3231 5355 3316 5422 47,
3344 5376 3465 5429 quae
3483 5359 3637 5430 apud

1985 5431 2192 5488 Graecos
2219 5433 2430 5484 tantum
2458 5433 2768 5502 servantur,
2801 5446 3007 5486 necnon
3031 5435 3090 5502 et,
3101 5431 3498 5499 Africanorum
3521 5445 3641 5484 con-

1983 5503 2235 5558 ciliorum
2258 5504 2310 5556 et
2336 5501 2583 5571 capitula
2601 5499 2636 5556 6
2661 5505 2712 5557 et
2732 5499 2769 5556 8
2794 5517 2916 5572 quae
2936 5499 3093 5558 nulla
3104 5504 3398 5572 provincia
3423 5514 3640 5556 servare

1983 5575 2096 5631 nisi
2124 5573 2403 5642 Africana
2423 5573 2780 5642 dignoscitur.
