  <div class='ocr_page' id='page_1' title='image "/cluster/home/n/w/nwhite01/storage/ocr_20150623/129/hvd.32044054759907/247.png"; bbox 0 0 4010 6160; ppageno 0'>
   <div class='ocr_carea' id='block_1_1' title="bbox 433 243 538 305">
    <p class='ocr_par' dir='ltr' id='par_1_1' title="bbox 433 243 538 305">
     <span class='ocr_line' id='line_1_1' title="bbox 433 243 538 305; baseline 0 0"><span class='ocrx_word' id='word_1_1' title='bbox 433 243 538 305; x_wconf 72' lang='grc'><strong>483</strong></span> 
     </span>
    </p>
   </div>
   <div class='ocr_carea' id='block_1_2' title="bbox 1674 237 2607 299">
    <p class='ocr_par' dir='ltr' id='par_1_2' title="bbox 1674 237 2607 299">
     <span class='ocr_line' id='line_1_2' title="bbox 1674 237 2607 299; baseline 0 -1"><span class='ocrx_word' id='word_1_2' title='bbox 1674 239 2030 298; x_wconf 76' lang='lat' dir='ltr'><strong>ANAS&#39;I‘ASII</strong></span> <span class='ocrx_word' id='word_1_3' title='bbox 2067 237 2607 299; x_wconf 77' lang='lat' dir='ltr'><strong>BIBLIOTIIECARII</strong></span> 
     </span>
    </p>
   </div>
   <div class='ocr_carea' id='block_1_3' title="bbox 3749 241 3849 301">
    <p class='ocr_par' dir='ltr' id='par_1_3' title="bbox 3749 241 3849 301">
     <span class='ocr_line' id='line_1_3' title="bbox 3749 241 3849 301; baseline 0.01 -1"><span class='ocrx_word' id='word_1_4' title='bbox 3749 241 3849 301; x_wconf 71' lang='grc'><strong>484</strong></span> 
     </span>
    </p>
   </div>
   <div class='ocr_carea' id='block_1_4' title="bbox 434 364 3854 444">
    <p class='ocr_par' dir='ltr' id='par_1_4' title="bbox 434 364 3854 444">
     <span class='ocr_line' id='line_1_4' title="bbox 434 364 3854 444; baseline -0.002 -15"><span class='ocrx_word' id='word_1_5' title='bbox 434 373 630 444; x_wconf 88' lang='lat' dir='ltr'><strong>aliqua</strong></span> <span class='ocrx_word' id='word_1_6' title='bbox 653 367 990 426; x_wconf 74' lang='lat' dir='ltr'><strong>rationabili</strong></span> <span class='ocrx_word' id='word_1_7' title='bbox 1012 367 1331 440; x_wconf 84' lang='lat' dir='ltr'><strong>occasione,</strong></span> <span class='ocrx_word' id='word_1_8' title='bbox 1355 366 1650 423; x_wconf 86' lang='lat' dir='ltr'><strong>canonicis</strong></span> <span class='ocrx_word' id='word_1_9' title='bbox 1678 367 1862 438; x_wconf 74' lang='lat' dir='ltr'><strong>poenis</strong></span> <span class='ocrx_word' id='word_1_10' title='bbox 1892 367 2084 436; x_wconf 89' lang='lat' dir='ltr'><strong>suhja-</strong></span> <span class='ocrx_word' id='word_1_11' title='bbox 2107 364 2163 424; x_wconf 90' lang='lat' dir='ltr'><strong>A</strong></span> <span class='ocrx_word' id='word_1_12' title='bbox 2196 367 2499 424; x_wconf 86' lang='lat' dir='ltr'><strong>reticorum</strong></span> <span class='ocrx_word' id='word_1_13' title='bbox 2534 368 2720 425; x_wconf 83' lang='lat' dir='ltr'><strong>libris.</strong></span> <span class='ocrx_word' id='word_1_14' title='bbox 2755 369 2812 424; x_wconf 90' lang='lat' dir='ltr'><strong>Si</strong></span> <span class='ocrx_word' id='word_1_15' title='bbox 2846 383 2979 426; x_wconf 89' lang='lat' dir='ltr'><strong>vero</strong></span> <span class='ocrx_word' id='word_1_16' title='bbox 3020 367 3154 440; x_wconf 88' lang='lat' dir='ltr'><strong>quis</strong></span> <span class='ocrx_word' id='word_1_17' title='bbox 3185 369 3456 425; x_wconf 88' lang='lat' dir='ltr'><strong>inventus</strong></span> <span class='ocrx_word' id='word_1_18' title='bbox 3496 366 3677 425; x_wconf 88' lang='lat' dir='ltr'><strong>fuerit</strong></span> <span class='ocrx_word' id='word_1_19' title='bbox 3714 367 3854 423; x_wconf 63' lang='lat' dir='ltr'><strong>haac-</strong></span> 
     </span>
    </p>
   </div>
   <div class='ocr_carea' id='block_1_5' title="bbox 434 454 2082 531">
    <p class='ocr_par' dir='ltr' id='par_1_5' title="bbox 434 454 2082 531">
     <span class='ocr_line' id='line_1_5' title="bbox 434 454 2082 531; baseline -0.005 -12"><span class='ocrx_word' id='word_1_20' title='bbox 434 469 572 519; x_wconf 87' lang='lat' dir='ltr'><strong>ceat.</strong></span> <span class='ocrx_word' id='word_1_21' title='bbox 609 463 752 516; x_wconf 88' lang='lat' dir='ltr'><strong>Dum</strong></span> <span class='ocrx_word' id='word_1_22' title='bbox 793 464 981 515; x_wconf 91' lang='lat' dir='ltr'><strong>autem</strong></span> <span class='ocrx_word' id='word_1_23' title='bbox 1027 459 1281 530; x_wconf 86' lang='lat' dir='ltr'><strong>synodus</strong></span> <span class='ocrx_word' id='word_1_24' title='bbox 1310 457 1505 529; x_wconf 87' lang='lat' dir='ltr'><strong>agitur</strong></span> <span class='ocrx_word' id='word_1_25' title='bbox 1547 454 1686 531; x_wconf 88' lang='lat' dir='ltr'><strong>[Gr.,</strong></span> <span class='ocrx_word' id='word_1_26' title='bbox 1725 459 1948 528; x_wconf 82' lang='lat' dir='ltr'><strong>Synodo</strong></span> <span class='ocrx_word' id='word_1_27' title='bbox 1985 469 2082 511; x_wconf 89' lang='lat' dir='ltr'><strong>au-</strong></span> 
     </span>
    </p>
   </div>
   <div class='ocr_carea' id='block_1_6' title="bbox 434 545 2077 624">
    <p class='ocr_par' dir='ltr' id='par_1_6' title="bbox 434 545 2077 624">
     <span class='ocr_line' id='line_1_6' title="bbox 434 545 2077 624; baseline -0.005 -16"><span class='ocrx_word' id='word_1_28' title='bbox 434 556 545 609; x_wconf 91' lang='lat' dir='ltr'><strong>tem</strong></span> <span class='ocrx_word' id='word_1_29' title='bbox 572 546 816 624; x_wconf 89' lang='lat' dir='ltr'><strong>peracta]</strong></span> <span class='ocrx_word' id='word_1_30' title='bbox 846 562 1017 619; x_wconf 82' lang='lat' dir='ltr'><strong>super</strong></span> <span class='ocrx_word' id='word_1_31' title='bbox 1041 547 1338 604; x_wconf 88' lang='lat' dir='ltr'><strong>canonicis</strong></span> <span class='ocrx_word' id='word_1_32' title='bbox 1362 551 1418 602; x_wconf 91' lang='lat' dir='ltr'><strong>et</strong></span> <span class='ocrx_word' id='word_1_33' title='bbox 1437 547 1783 619; x_wconf 87' lang='lat' dir='ltr'><strong>evangelicis</strong></span> <span class='ocrx_word' id='word_1_34' title='bbox 1811 545 2077 616; x_wconf 83' lang='lat' dir='ltr'><strong>negotiis,</strong></span> 
     </span>
    </p>
   </div>
   <div class='ocr_carea' id='block_1_7' title="bbox 432 635 2082 712">
    <p class='ocr_par' dir='ltr' id='par_1_7' title="bbox 432 635 2082 712">
     <span class='ocr_line' id='line_1_7' title="bbox 432 635 2082 712; baseline -0.005 -14"><span class='ocrx_word' id='word_1_35' title='bbox 432 646 654 712; x_wconf 77' lang='lat' dir='ltr'><strong>oportet</strong></span> <span class='ocrx_word' id='word_1_36' title='bbox 678 644 1047 710; x_wconf 89' lang='lat' dir='ltr'><strong>congregatos</strong></span> <span class='ocrx_word' id='word_1_37' title='bbox 1072 638 1370 708; x_wconf 82' lang='lat' dir='ltr'><strong>episcopos</strong></span> <span class='ocrx_word' id='word_1_38' title='bbox 1401 637 1459 692; x_wconf 92' lang='lat' dir='ltr'><strong>in</strong></span> <span class='ocrx_word' id='word_1_39' title='bbox 1489 636 1862 692; x_wconf 78' lang='lat' dir='ltr'><strong>meditatione</strong></span> <span class='ocrx_word' id='word_1_40' title='bbox 1889 641 1946 691; x_wconf 90' lang='lat' dir='ltr'><strong>et</strong></span> <span class='ocrx_word' id='word_1_41' title='bbox 1973 635 2082 692; x_wconf 86' lang='lat' dir='ltr'><strong>sol-</strong></span> 
     </span>
    </p>
   </div>
   <div class='ocr_carea' id='block_1_8' title="bbox 433 724 2081 787">
    <p class='ocr_par' dir='ltr' id='par_1_8' title="bbox 433 724 2081 787">
     <span class='ocr_line' id='line_1_8' title="bbox 433 724 2081 787; baseline -0.005 0"><span class='ocrx_word' id='word_1_42' title='bbox 433 730 742 787; x_wconf 90' lang='lat' dir='ltr'><strong>licitudine</strong></span> <span class='ocrx_word' id='word_1_43' title='bbox 771 727 894 784; x_wconf 89' lang='lat' dir='ltr'><strong>ﬁeri</strong></span> <span class='ocrx_word' id='word_1_44' title='bbox 926 727 1433 784; x_wconf 81' lang='lat' dir='ltr'><strong>custodiendorum</strong></span> <span class='ocrx_word' id='word_1_45' title='bbox 1462 726 1792 783; x_wconf 89' lang='lat' dir='ltr'><strong>divinorum</strong></span> <span class='ocrx_word' id='word_1_46' title='bbox 1818 730 1874 781; x_wconf 93' lang='lat' dir='ltr'><strong>et</strong></span> <span class='ocrx_word' id='word_1_47' title='bbox 1901 724 2081 781; x_wconf 87' lang='lat' dir='ltr'><strong>viviﬁ-</strong></span> 
     </span>
    </p>
   </div>
   <div class='ocr_carea' id='block_1_9' title="bbox 431 815 2076 878">
    <p class='ocr_par' dir='ltr' id='par_1_9' title="bbox 431 815 2076 878">
     <span class='ocr_line' id='line_1_9' title="bbox 431 815 2076 878; baseline -0.004 -1"><span class='ocrx_word' id='word_1_48' title='bbox 431 835 626 878; x_wconf 92' lang='lat' dir='ltr'><strong>corum</strong></span> <span class='ocrx_word' id='word_1_49' title='bbox 662 818 891 874; x_wconf 90' lang='lat' dir='ltr'><strong>Domini</strong></span> <span class='ocrx_word' id='word_1_50' title='bbox 924 816 1361 872; x_wconf 85' lang='lat' dir='ltr'><strong>mandatorum:</strong></span> <span class='ocrx_word' id='word_1_51' title='bbox 1396 816 1455 871; x_wconf 93' lang='lat' dir='ltr'><strong>in</strong></span> <span class='ocrx_word' id='word_1_52' title='bbox 1493 815 1890 873; x_wconf 88' lang='lat' dir='ltr'><strong>custodiendis</strong></span> <span class='ocrx_word' id='word_1_53' title='bbox 1921 815 2076 870; x_wconf 92' lang='lat' dir='ltr'><strong>enim</strong></span> 
     </span>
    </p>
   </div>
   <div class='ocr_carea' id='block_1_10' title="bbox 433 904 2075 976">
    <p class='ocr_par' dir='ltr' id='par_1_10' title="bbox 433 904 2075 976">
     <span class='ocr_line' id='line_1_10' title="bbox 433 904 2075 976; baseline -0.004 -12"><span class='ocrx_word' id='word_1_54' title='bbox 433 909 559 964; x_wconf 88' lang='lat' dir='ltr'><strong>illis</strong></span> <span class='ocrx_word' id='word_1_55' title='bbox 589 905 898 963; x_wconf 86' lang='lat' dir='ltr'><strong>retributio</strong></span> <span class='ocrx_word' id='word_1_56' title='bbox 929 904 1107 960; x_wconf 90' lang='lat' dir='ltr'><strong>multa</strong></span> <span class='ocrx_word' id='word_1_57' title='bbox 1136 923 1150 976; x_wconf 92' lang='lat'><strong>;</strong></span> <span class='ocrx_word' id='word_1_58' title='bbox 1184 904 1321 976; x_wconf 87' lang='lat' dir='ltr'><strong>quia</strong></span> <span class='ocrx_word' id='word_1_59' title='bbox 1350 909 1406 960; x_wconf 91' lang='lat' dir='ltr'><strong>et</strong></span> <span class='ocrx_word' id='word_1_60' title='bbox 1438 905 1673 961; x_wconf 89' lang='lat' dir='ltr'><strong>lucerna</strong></span> <span class='ocrx_word' id='word_1_61' title='bbox 1705 904 2035 960; x_wconf 91' lang='lat' dir='ltr'><strong>mandatum</strong></span> <span class='ocrx_word' id='word_1_62' title='bbox 2063 921 2075 956; x_wconf 89' lang='lat'><strong>:</strong></span> 
     </span>
    </p>
   </div>
   <div class='ocr_carea' id='block_1_11' title="bbox 432 993 2084 1066">
    <p class='ocr_par' dir='ltr' id='par_1_11' title="bbox 432 993 2084 1066">
     <span class='ocr_line' id='line_1_11' title="bbox 432 993 2084 1066; baseline -0.003 -14"><span class='ocrx_word' id='word_1_63' title='bbox 432 997 522 1054; x_wconf 87' lang='lat' dir='ltr'><strong>lex</strong></span> <span class='ocrx_word' id='word_1_64' title='bbox 551 1001 739 1054; x_wconf 89' lang='lat' dir='ltr'><strong>autem</strong></span> <span class='ocrx_word' id='word_1_65' title='bbox 782 995 900 1066; x_wconf 92' lang='lat' dir='ltr'><strong>lux,</strong></span> <span class='ocrx_word' id='word_1_66' title='bbox 934 998 991 1050; x_wconf 91' lang='lat' dir='ltr'><strong>et</strong></span> <span class='ocrx_word' id='word_1_67' title='bbox 1017 994 1108 1050; x_wconf 90' lang='lat' dir='ltr'><strong>via</strong></span> <span class='ocrx_word' id='word_1_68' title='bbox 1139 994 1270 1050; x_wconf 63' lang='lat' dir='ltr'><strong>vita:</strong></span> <span class='ocrx_word' id='word_1_69' title='bbox 1299 994 1530 1066; x_wconf 87' lang='lat' dir='ltr'><strong>argutio</strong></span> <span class='ocrx_word' id='word_1_70' title='bbox 1561 1002 1618 1050; x_wconf 90' lang='lat' dir='ltr'><strong>et</strong></span> <span class='ocrx_word' id='word_1_71' title='bbox 1645 993 1960 1064; x_wconf 87' lang='lat' dir='ltr'><strong>disciplina</strong></span> <span class='ocrx_word' id='word_1_72' title='bbox 1995 995 2084 1048; x_wconf 92' lang='lat' dir='ltr'><strong>est</strong></span> 
     </span>
    </p>
   </div>
   <div class='ocr_carea' id='block_1_12' title="bbox 431 1082 2083 1157">
    <p class='ocr_par' dir='ltr' id='par_1_12' title="bbox 431 1082 2083 1157">
     <span class='ocr_line' id='line_1_12' title="bbox 431 1082 2083 1157; baseline -0.003 -16"><span class='ocrx_word' id='word_1_73' title='bbox 431 1086 609 1157; x_wconf 82' lang='lat' dir='ltr'><strong>(Prov.</strong></span> <span class='ocrx_word' id='word_1_74' title='bbox 631 1085 737 1156; x_wconf 85' lang='lat' dir='ltr'><strong>v1.)</strong></span> <span class='ocrx_word' id='word_1_75' title='bbox 754 1103 768 1154; x_wconf 89' lang='lat'><strong>;</strong></span> <span class='ocrx_word' id='word_1_76' title='bbox 788 1090 845 1140; x_wconf 92' lang='lat' dir='ltr'><strong>et</strong></span> <span class='ocrx_word' id='word_1_77' title='bbox 862 1084 1187 1139; x_wconf 89' lang='lat' dir='ltr'><strong>mandatum</strong></span> <span class='ocrx_word' id='word_1_78' title='bbox 1211 1084 1440 1140; x_wconf 90' lang='lat' dir='ltr'><strong>Domini</strong></span> <span class='ocrx_word' id='word_1_79' title='bbox 1459 1083 1719 1140; x_wconf 91' lang='lat' dir='ltr'><strong>lucidum</strong></span> <span class='ocrx_word' id='word_1_80' title='bbox 1741 1082 2083 1138; x_wconf 89' lang='lat' dir='ltr'><strong>illuminans</strong></span> 
     </span>
    </p>
   </div>
   <div class='ocr_carea' id='block_1_13' title="bbox 429 1171 2086 1244">
    <p class='ocr_par' dir='ltr' id='par_1_13' title="bbox 429 1171 2086 1244">
     <span class='ocr_line' id='line_1_13' title="bbox 429 1171 2086 1244; baseline -0.004 -11"><span class='ocrx_word' id='word_1_81' title='bbox 429 1175 629 1233; x_wconf 91' lang='lat' dir='ltr'><strong>oculos</strong></span> <span class='ocrx_word' id='word_1_82' title='bbox 666 1174 818 1242; x_wconf 84' lang='lat' dir='ltr'><strong>(Psal</strong></span> <span class='ocrx_word' id='word_1_83' title='bbox 855 1174 1045 1244; x_wconf 80' lang='lat' dir='ltr'><strong>xvm}.</strong></span> <span class='ocrx_word' id='word_1_84' title='bbox 1086 1173 1260 1229; x_wconf 90' lang='lat' dir='ltr'><strong>Porro</strong></span> <span class='ocrx_word' id='word_1_85' title='bbox 1298 1187 1410 1229; x_wconf 92' lang='lat' dir='ltr'><strong>non</strong></span> <span class='ocrx_word' id='word_1_86' title='bbox 1454 1173 1654 1229; x_wconf 87' lang='lat' dir='ltr'><strong>habeat</strong></span> <span class='ocrx_word' id='word_1_87' title='bbox 1696 1171 2086 1242; x_wconf 79' lang='lat' dir='ltr'><strong>metrOpolita&#39;</strong></span> 
     </span>
    </p>
   </div>
   <div class='ocr_carea' id='block_1_14' title="bbox 431 1260 2075 1333">
    <p class='ocr_par' dir='ltr' id='par_1_14' title="bbox 431 1260 2075 1333">
     <span class='ocr_line' id='line_1_14' title="bbox 431 1260 2075 1333; baseline -0.002 -13"><span class='ocrx_word' id='word_1_88' title='bbox 431 1278 541 1320; x_wconf 92' lang='lat' dir='ltr'><strong>nus</strong></span> <span class='ocrx_word' id='word_1_89' title='bbox 586 1263 878 1319; x_wconf 88' lang='lat' dir='ltr'><strong>licentiam</strong></span> <span class='ocrx_word' id='word_1_90' title='bbox 922 1275 990 1318; x_wconf 84' lang='lat' dir='ltr'><strong>ex</strong></span> <span class='ocrx_word' id='word_1_91' title='bbox 1024 1262 1116 1317; x_wconf 90' lang='lat' dir='ltr'><strong>his</strong></span> <span class='ocrx_word' id='word_1_92' title='bbox 1155 1276 1282 1333; x_wconf 62' lang='lat' dir='ltr'><strong>qua</strong></span> <span class='ocrx_word' id='word_1_93' title='bbox 1317 1260 1501 1318; x_wconf 84' lang='lat' dir='ltr'><strong>defert</strong></span> <span class='ocrx_word' id='word_1_94' title='bbox 1541 1262 1847 1332; x_wconf 84' lang='lat' dir='ltr'><strong>episcOpus</strong></span> <span class='ocrx_word' id='word_1_95' title='bbox 1884 1274 2075 1316; x_wconf 88' lang='lat' dir='ltr'><strong>secum</strong></span> 
     </span>
    </p>
   </div>
   <div class='ocr_carea' id='block_1_15' title="bbox 429 1349 2074 1422">
    <p class='ocr_par' dir='ltr' id='par_1_15' title="bbox 429 1349 2074 1422">
     <span class='ocr_line' id='line_1_15' title="bbox 429 1349 2074 1422; baseline -0.002 -14"><span class='ocrx_word' id='word_1_96' title='bbox 429 1353 548 1408; x_wconf 87' lang='lat' dir='ltr'><strong>sive</strong></span> <span class='ocrx_word' id='word_1_97' title='bbox 569 1353 912 1422; x_wconf 90' lang='lat' dir='ltr'><strong>jumentum,</strong></span> <span class='ocrx_word' id='word_1_98' title='bbox 939 1350 1060 1406; x_wconf 91' lang='lat' dir='ltr'><strong>sive</strong></span> <span class='ocrx_word' id='word_1_99' title='bbox 1088 1349 1259 1405; x_wconf 90' lang='lat' dir='ltr'><strong>aliam</strong></span> <span class='ocrx_word' id='word_1_100' title='bbox 1287 1351 1532 1420; x_wconf 89' lang='lat' dir='ltr'><strong>speciem</strong></span> <span class='ocrx_word' id='word_1_101' title='bbox 1564 1350 1886 1420; x_wconf 88' lang='lat' dir='ltr'><strong>expetendi.</strong></span> <span class='ocrx_word' id='word_1_102' title='bbox 1913 1349 2074 1419; x_wconf 89' lang='lat' dir='ltr'><strong>Quod</strong></span> 
     </span>
    </p>
   </div>
   <div class='ocr_carea' id='block_1_16' title="bbox 427 1438 2001 1513">
    <p class='ocr_par' dir='ltr' id='par_1_16' title="bbox 427 1438 2001 1513">
     <span class='ocr_line' id='line_1_16' title="bbox 427 1438 2001 1513; baseline -0.004 -15"><span class='ocrx_word' id='word_1_103' title='bbox 427 1443 480 1498; x_wconf 90' lang='lat' dir='ltr'><strong>si</strong></span> <span class='ocrx_word' id='word_1_104' title='bbox 505 1442 610 1498; x_wconf 92' lang='lat' dir='ltr'><strong>hoc</strong></span> <span class='ocrx_word' id='word_1_105' title='bbox 639 1441 824 1513; x_wconf 84' lang='lat' dir='ltr'><strong>egisse</strong></span> <span class='ocrx_word' id='word_1_106' title='bbox 845 1440 1142 1497; x_wconf 90' lang='lat' dir='ltr'><strong>convictus</strong></span> <span class='ocrx_word' id='word_1_107' title='bbox 1167 1438 1364 1511; x_wconf 91' lang='lat' dir='ltr'><strong>fuerit,</strong></span> <span class='ocrx_word' id='word_1_108' title='bbox 1389 1439 1570 1496; x_wconf 89' lang='lat' dir='ltr'><strong>solvat</strong></span> <span class='ocrx_word' id='word_1_109' title='bbox 1591 1439 2001 1511; x_wconf 89' lang='lat' dir='ltr'><strong>quadruplum.</strong></span> 
     </span>
    </p>
   </div>
   <div class='ocr_carea' id='block_1_17' title="bbox 1196 1563 1302 1616">
    <p class='ocr_par' dir='ltr' id='par_1_17' title="bbox 1196 1563 1302 1616">
     <span class='ocr_line' id='line_1_17' title="bbox 1196 1563 1302 1616; baseline -0.019 0"><span class='ocrx_word' id='word_1_110' title='bbox 1196 1563 1302 1616; x_wconf 71' lang='lat' dir='ltr'><strong>VII.</strong></span> 
     </span>
    </p>
   </div>
   <div class='ocr_carea' id='block_1_18' title="bbox 2191 459 3847 530">
    <p class='ocr_par' dir='ltr' id='par_1_18' title="bbox 2191 459 3847 530">
     <span class='ocr_line' id='line_1_18' title="bbox 2191 459 3847 530; baseline 0 -17"><span class='ocrx_word' id='word_1_111' title='bbox 2191 459 2496 522; x_wconf 77' lang='lat' dir='ltr'><strong>occultare.</strong></span> <span class='ocrx_word' id='word_1_112' title='bbox 2544 459 2592 514; x_wconf 91' lang='lat' dir='ltr'><strong>si</strong></span> <span class='ocrx_word' id='word_1_113' title='bbox 2641 459 2869 530; x_wconf 89' lang='lat' dir='ltr'><strong>quidem</strong></span> <span class='ocrx_word' id='word_1_114' title='bbox 2910 461 3216 530; x_wconf 88' lang='lat' dir='ltr'><strong>episcopus</strong></span> <span class='ocrx_word' id='word_1_115' title='bbox 3253 464 3354 516; x_wconf 90' lang='lat' dir='ltr'><strong>aut</strong></span> <span class='ocrx_word' id='word_1_116' title='bbox 3404 459 3717 530; x_wconf 82' lang='lat' dir='ltr'><strong>presbyter.</strong></span> <span class='ocrx_word' id='word_1_117' title='bbox 3764 459 3847 513; x_wconf 92' lang='lat' dir='ltr'><strong>vel</strong></span> 
     </span>
    </p>
   </div>
   <div class='ocr_carea' id='block_1_19' title="bbox 2189 547 3852 621">
    <p class='ocr_par' dir='ltr' id='par_1_19' title="bbox 2189 547 3852 621">
     <span class='ocr_line' id='line_1_19' title="bbox 2189 547 3852 621; baseline 0.001 -18"><span class='ocrx_word' id='word_1_118' title='bbox 2189 547 2468 604; x_wconf 89' lang='lat' dir='ltr'><strong>diaconus</strong></span> <span class='ocrx_word' id='word_1_119' title='bbox 2499 547 2691 621; x_wconf 86' lang='lat' dir='ltr'><strong>fuerit,</strong></span> <span class='ocrx_word' id='word_1_120' title='bbox 2723 550 3076 620; x_wconf 89' lang='lat' dir='ltr'><strong>deponatur:</strong></span> <span class='ocrx_word' id='word_1_121' title='bbox 3127 549 3176 605; x_wconf 88' lang='lat' dir='ltr'><strong>si</strong></span> <span class='ocrx_word' id='word_1_122' title='bbox 3223 563 3352 607; x_wconf 88' lang='lat' dir='ltr'><strong>vero</strong></span> <span class='ocrx_word' id='word_1_123' title='bbox 3402 549 3723 606; x_wconf 86' lang='lat' dir='ltr'><strong>monachus</strong></span> <span class='ocrx_word' id='word_1_124' title='bbox 3752 553 3852 605; x_wconf 88' lang='lat' dir='ltr'><strong>aut</strong></span> 
     </span>
    </p>
   </div>
   <div class='ocr_carea' id='block_1_20' title="bbox 2193 636 2964 710">
    <p class='ocr_par' dir='ltr' id='par_1_20' title="bbox 2193 636 2964 710">
     <span class='ocr_line' id='line_1_20' title="bbox 2193 636 2964 710; baseline 0.001 -18"><span class='ocrx_word' id='word_1_125' title='bbox 2193 636 2395 710; x_wconf 87' lang='lat' dir='ltr'><strong>laicus,</strong></span> <span class='ocrx_word' id='word_1_126' title='bbox 2429 639 2964 697; x_wconf 90' lang='lat' dir='ltr'><strong>anathematizetur.</strong></span> 
     </span>
    </p>
   </div>
   <div class='ocr_carea' id='block_1_21' title="bbox 2981 745 3054 801">
    <p class='ocr_par' dir='ltr' id='par_1_21' title="bbox 2981 745 3054 801">
     <span class='ocr_line' id='line_1_21' title="bbox 2981 745 3054 801; baseline 0.014 -1"><span class='ocrx_word' id='word_1_127' title='bbox 2981 745 3054 801; x_wconf 89' lang='grc' dir='ltr'><strong>Χ.</strong></span> 
     </span>
    </p>
   </div>
   <div class='ocr_carea' id='block_1_22' title="bbox 2193 850 3845 924">
    <p class='ocr_par' dir='ltr' id='par_1_22' title="bbox 2193 850 3845 924">
     <span class='ocr_line' id='line_1_22' title="bbox 2193 850 3845 924; baseline 0 -19"><span class='ocrx_word' id='word_1_128' title='bbox 2193 850 2346 917; x_wconf 85' lang='lat' dir='ltr'><strong>Quod</strong></span> <span class='ocrx_word' id='word_1_129' title='bbox 2395 868 2504 907; x_wconf 86' lang='lat' dir='ltr'><strong>non</strong></span> <span class='ocrx_word' id='word_1_130' title='bbox 2563 858 2803 924; x_wconf 79' lang='lat' dir='ltr'><strong>oporteat</strong></span> <span class='ocrx_word' id='word_1_131' title='bbox 2852 854 3104 908; x_wconf 79' lang='lat' dir='ltr'><strong>clericum</strong></span> <span class='ocrx_word' id='word_1_132' title='bbox 3159 854 3467 922; x_wconf 84' lang='lat' dir='ltr'><strong>relinquere</strong></span> <span class='ocrx_word' id='word_1_133' title='bbox 3518 852 3845 923; x_wconf 80' lang='lat' dir='ltr'><strong>parochiam</strong></span> 
     </span>
    </p>
   </div>
   <div class='ocr_carea' id='block_1_23' title="bbox 2261 926 3846 1009">
    <p class='ocr_par' dir='ltr' id='par_1_23' title="bbox 2261 926 3846 1009">
     <span class='ocr_line' id='line_1_23' title="bbox 2261 926 3846 1009; baseline -0.001 -31"><span class='ocrx_word' id='word_1_134' title='bbox 2261 939 2437 1009; x_wconf 76' lang='lat' dir='ltr'><strong>suam,</strong></span> <span class='ocrx_word' id='word_1_135' title='bbox 2497 930 2545 979; x_wconf 90' lang='lat' dir='ltr'><strong>et</strong></span> <span class='ocrx_word' id='word_1_136' title='bbox 2591 926 2666 980; x_wconf 90' lang='lat' dir='ltr'><strong>ad</strong></span> <span class='ocrx_word' id='word_1_137' title='bbox 2706 926 2875 981; x_wconf 83' lang='lat' dir='ltr'><strong>aliam</strong></span> <span class='ocrx_word' id='word_1_138' title='bbox 2922 927 3158 981; x_wconf 86' lang='lat' dir='ltr'><strong>transire</strong></span> <span class='ocrx_word' id='word_1_139' title='bbox 3218 926 3424 995; x_wconf 85' lang='lat' dir='ltr'><strong>absque</strong></span> <span class='ocrx_word' id='word_1_140' title='bbox 3480 927 3678 980; x_wconf 76' lang='lat' dir='ltr'><strong>notitia</strong></span> <span class='ocrx_word' id='word_1_141' title='bbox 3737 927 3846 994; x_wconf 77' lang='lat' dir='ltr'><strong>epi-</strong></span> 
     </span>
    </p>
   </div>
   <div class='ocr_carea' id='block_1_24' title="bbox 2264 1011 2432 1066">
    <p class='ocr_par' dir='ltr' id='par_1_24' title="bbox 2264 1011 2432 1066">
     <span class='ocr_line' id='line_1_24' title="bbox 2264 1011 2432 1066; baseline 0 -16"><span class='ocrx_word' id='word_1_142' title='bbox 2264 1011 2432 1066; x_wconf 72' lang='lat'><strong>860192.</strong></span> 
     </span>
    </p>
   </div>
   <div class='ocr_carea' id='block_1_25' title="bbox 2263 1101 3845 1174">
    <p class='ocr_par' dir='ltr' id='par_1_25' title="bbox 2263 1101 3845 1174">
     <span class='ocr_line' id='line_1_25' title="bbox 2263 1101 3845 1174; baseline -0.001 -17"><span class='ocrx_word' id='word_1_143' title='bbox 2263 1101 2543 1170; x_wconf 90' lang='lat' dir='ltr'><strong>Quoniam</strong></span> <span class='ocrx_word' id='word_1_144' title='bbox 2567 1103 2800 1174; x_wconf 89' lang='lat' dir='ltr'><strong>quidam</strong></span> <span class='ocrx_word' id='word_1_145' title='bbox 2821 1103 3165 1160; x_wconf 88' lang='lat' dir='ltr'><strong>clericorum</strong></span> <span class='ocrx_word' id='word_1_146' title='bbox 3190 1102 3662 1174; x_wconf 88' lang='lat' dir='ltr'><strong>parvipendentes</strong></span> <span class='ocrx_word' id='word_1_147' title='bbox 3683 1115 3845 1157; x_wconf 90' lang='lat' dir='ltr'><strong>cano-</strong></span> 
     </span>
    </p>
   </div>
   <div class='ocr_carea' id='block_1_26' title="bbox 2193 1191 3847 1264">
    <p class='ocr_par' dir='ltr' id='par_1_26' title="bbox 2193 1191 3847 1264">
     <span class='ocr_line' id='line_1_26' title="bbox 2193 1191 3847 1264; baseline 0.001 -19"><span class='ocrx_word' id='word_1_148' title='bbox 2193 1191 2380 1247; x_wconf 91' lang='lat' dir='ltr'><strong>nicam</strong></span> <span class='ocrx_word' id='word_1_149' title='bbox 2424 1193 2915 1257; x_wconf 73' lang='lat' dir='ltr'><strong>constitutionem,</strong></span> <span class='ocrx_word' id='word_1_150' title='bbox 2966 1193 3304 1264; x_wconf 89' lang='lat' dir='ltr'><strong>relinquunt</strong></span> <span class='ocrx_word' id='word_1_151' title='bbox 3349 1193 3676 1263; x_wconf 84' lang='lat' dir='ltr'><strong>parochiam</strong></span> <span class='ocrx_word' id='word_1_152' title='bbox 3723 1205 3847 1262; x_wconf 91' lang='lat' dir='ltr'><strong>pro-</strong></span> 
     </span>
    </p>
   </div>
   <div class='ocr_carea' id='block_1_27' title="bbox 2194 1281 3841 1354">
    <p class='ocr_par' dir='ltr' id='par_1_27' title="bbox 2194 1281 3841 1354">
     <span class='ocr_line' id='line_1_27' title="bbox 2194 1281 3841 1354; baseline 0 -18"><span class='ocrx_word' id='word_1_153' title='bbox 2194 1281 2400 1352; x_wconf 89' lang='lat' dir='ltr'><strong>priam,</strong></span> <span class='ocrx_word' id='word_1_154' title='bbox 2430 1287 2486 1337; x_wconf 93' lang='lat' dir='ltr'><strong>et</strong></span> <span class='ocrx_word' id='word_1_155' title='bbox 2513 1284 2581 1338; x_wconf 92' lang='lat' dir='ltr'><strong>ad</strong></span> <span class='ocrx_word' id='word_1_156' title='bbox 2621 1284 2766 1339; x_wconf 90' lang='lat' dir='ltr'><strong>alias</strong></span> <span class='ocrx_word' id='word_1_157' title='bbox 2811 1284 3112 1354; x_wconf 88' lang='lat' dir='ltr'><strong>parochias</strong></span> <span class='ocrx_word' id='word_1_158' title='bbox 3156 1283 3477 1352; x_wconf 89' lang='lat' dir='ltr'><strong>convolant,</strong></span> <span class='ocrx_word' id='word_1_159' title='bbox 3510 1288 3565 1337; x_wconf 91' lang='lat' dir='ltr'><strong>et</strong></span> <span class='ocrx_word' id='word_1_160' title='bbox 3593 1282 3841 1337; x_wconf 78' lang='lat' dir='ltr'><strong>maxime</strong></span> 
     </span>
    </p>
   </div>
   <div class='ocr_carea' id='block_1_28' title="bbox 2193 1371 3842 1446">
    <p class='ocr_par' dir='ltr' id='par_1_28' title="bbox 2193 1371 3842 1446">
     <span class='ocr_line' id='line_1_28' title="bbox 2193 1371 3842 1446; baseline 0 -20"><span class='ocrx_word' id='word_1_161' title='bbox 2193 1371 2250 1426; x_wconf 92' lang='lat' dir='ltr'><strong>in</strong></span> <span class='ocrx_word' id='word_1_162' title='bbox 2286 1371 2389 1427; x_wconf 92' lang='lat' dir='ltr'><strong>hac</strong></span> <span class='ocrx_word' id='word_1_163' title='bbox 2419 1374 2530 1428; x_wconf 91' lang='lat' dir='ltr'><strong>Deo</strong></span> <span class='ocrx_word' id='word_1_164' title='bbox 2559 1373 2832 1429; x_wconf 90' lang='lat' dir='ltr'><strong>servanda</strong></span> <span class='ocrx_word' id='word_1_165' title='bbox 2863 1374 3017 1446; x_wconf 88' lang='lat' dir='ltr'><strong>regia</strong></span> <span class='ocrx_word' id='word_1_166' title='bbox 3046 1373 3185 1430; x_wconf 90' lang='lat' dir='ltr'><strong>urbe</strong></span> <span class='ocrx_word' id='word_1_167' title='bbox 3214 1387 3337 1430; x_wconf 90' lang='lat' dir='ltr'><strong>sese</strong></span> <span class='ocrx_word' id='word_1_168' title='bbox 3362 1373 3511 1443; x_wconf 86' lang='lat' dir='ltr'><strong>apud</strong></span> <span class='ocrx_word' id='word_1_169' title='bbox 3544 1371 3842 1442; x_wconf 85' lang='lat' dir='ltr'><strong>principes</strong></span> 
     </span>
    </p>
   </div>
   <div class='ocr_carea' id='block_1_29' title="bbox 2189 1459 3843 1534">
    <p class='ocr_par' dir='ltr' id='par_1_29' title="bbox 2189 1459 3843 1534">
     <span class='ocr_line' id='line_1_29' title="bbox 2189 1459 3843 1534; baseline 0.001 -18"><span class='ocrx_word' id='word_1_170' title='bbox 2189 1460 2397 1534; x_wconf 89' lang='lat' dir='ltr'><strong>locant,</strong></span> <span class='ocrx_word' id='word_1_171' title='bbox 2452 1463 2510 1518; x_wconf 91' lang='lat' dir='ltr'><strong>in</strong></span> <span class='ocrx_word' id='word_1_172' title='bbox 2555 1476 2751 1519; x_wconf 92' lang='lat' dir='ltr'><strong>eorum</strong></span> <span class='ocrx_word' id='word_1_173' title='bbox 2800 1463 3072 1519; x_wconf 87' lang='lat' dir='ltr'><strong>oratoriis</strong></span> <span class='ocrx_word' id='word_1_174' title='bbox 3121 1463 3327 1518; x_wconf 91' lang='lat' dir='ltr'><strong>missas</strong></span> <span class='ocrx_word' id='word_1_175' title='bbox 3370 1459 3680 1518; x_wconf 87' lang='lat' dir='ltr'><strong>facientes:</strong></span> <span class='ocrx_word' id='word_1_176' title='bbox 3737 1461 3843 1517; x_wconf 89' lang='lat' dir='ltr'><strong>hos</strong></span> 
     </span>
    </p>
   </div>
   <div class='ocr_carea' id='block_1_30' title="bbox 2186 1552 3846 1625">
    <p class='ocr_par' dir='ltr' id='par_1_30' title="bbox 2186 1552 3846 1625">
     <span class='ocr_line' id='line_1_30' title="bbox 2186 1552 3846 1625; baseline -0.001 -17"><span class='ocrx_word' id='word_1_177' title='bbox 2186 1552 2401 1623; x_wconf 89' lang='lat' dir='ltr'><strong>absque</strong></span> <span class='ocrx_word' id='word_1_178' title='bbox 2431 1555 2662 1624; x_wconf 90' lang='lat' dir='ltr'><strong>pr0prio</strong></span> <span class='ocrx_word' id='word_1_179' title='bbox 2693 1555 2960 1625; x_wconf 89' lang='lat' dir='ltr'><strong>episcopo</strong></span> <span class='ocrx_word' id='word_1_180' title='bbox 2989 1559 3045 1610; x_wconf 92' lang='lat' dir='ltr'><strong>et</strong></span> <span class='ocrx_word' id='word_1_181' title='bbox 3073 1552 3714 1624; x_wconf 87' lang='lat' dir='ltr'><strong>Constantinopolitano</strong></span> <span class='ocrx_word' id='word_1_182' title='bbox 3744 1565 3846 1606; x_wconf 87' lang='lat' dir='ltr'><strong>an-</strong></span> 
     </span>
    </p>
   </div>
   <div class='ocr_carea' id='block_1_31' title="bbox 429 1641 3842 1755">
    <p class='ocr_par' dir='ltr' id='par_1_31' title="bbox 429 1641 3842 1755">
     <span class='ocr_line' id='line_1_31' title="bbox 429 1641 3842 1755; baseline 0 -31"><span class='ocrx_word' id='word_1_183' title='bbox 429 1669 581 1737; x_wconf 90' lang='lat' dir='ltr'><strong>Quod</strong></span> <span class='ocrx_word' id='word_1_184' title='bbox 602 1669 798 1739; x_wconf 82' lang='lat' dir='ltr'><strong>templa</strong></span> <span class='ocrx_word' id='word_1_185' title='bbox 819 1669 1028 1755; x_wconf 68' lang='lat' dir='ltr'><strong>naviter</strong></span> <span class='ocrx_word' id='word_1_186' title='bbox 1046 1670 1163 1755; x_wconf 77' lang='lat' dir='ltr'><strong>sine</strong></span> <span class='ocrx_word' id='word_1_187' title='bbox 1184 1668 1474 1755; x_wconf 76' lang='lat' dir='ltr'><strong>recondit-is</strong></span> <span class='ocrx_word' id='word_1_188' title='bbox 1495 1672 1804 1755; x_wconf 72' lang='lat' dir='ltr'><strong>sancto-rum</strong></span> <span class='ocrx_word' id='word_1_189' title='bbox 1823 1667 2072 1737; x_wconf 84' lang='lat' dir='ltr'><strong>reliquiis</strong></span> <span class='ocrx_word' id='word_1_190' title='bbox 2107 1691 2162 1755; x_wconf 82' lang='grc' dir='ltr'>Β</span> <span class='ocrx_word' id='word_1_191' title='bbox 2187 1643 2531 1755; x_wconf 28' lang='grc' dir='ltr'><strong>ξξδξίξθΆηοη</strong></span> <span class='ocrx_word' id='word_1_192' title='bbox 2548 1749 2562 1755; x_wconf 42' lang='grc'><strong>-</strong></span> <span class='ocrx_word' id='word_1_193' title='bbox 2577 1643 2730 1755; x_wconf 39' lang='lat' dir='ltr'><strong>figet.</strong></span> <span class='ocrx_word' id='word_1_194' title='bbox 2762 1641 3842 1755; x_wconf 35' lang='lat' dir='ltr'><strong>sffig‘i‘:‘indqgﬁl{bncfnﬁﬂgni‘fl</strong></span> 
     </span>
    </p>
   </div>
   <div class='ocr_carea' id='block_1_32' title="bbox 855 1740 1640 1810">
    <p class='ocr_par' dir='ltr' id='par_1_32' title="bbox 855 1740 1640 1810">
     <span class='ocr_line' id='line_1_32' title="bbox 855 1740 1640 1810; baseline 0.001 -17"><span class='ocrx_word' id='word_1_195' title='bbox 855 1740 1107 1794; x_wconf 85' lang='lat' dir='ltr'><strong>dedicata</strong></span> <span class='ocrx_word' id='word_1_196' title='bbox 1123 1744 1363 1810; x_wconf 81' lang='lat' dir='ltr'><strong>oporteat</strong></span> <span class='ocrx_word' id='word_1_197' title='bbox 1378 1740 1640 1809; x_wconf 83' lang='lat' dir='ltr'><strong>suppleri.</strong></span> 
     </span>
    </p>
   </div>
   <div class='ocr_carea' id='block_1_33' title="bbox 495 1846 2072 1917">
    <p class='ocr_par' dir='ltr' id='par_1_33' title="bbox 495 1846 2072 1917">
     <span class='ocr_line' id='line_1_33' title="bbox 495 1846 2072 1917; baseline -0.001 -13"><span class='ocrx_word' id='word_1_198' title='bbox 495 1849 592 1904; x_wconf 86' lang='lat' dir='ltr'><strong>Ait</strong></span> <span class='ocrx_word' id='word_1_199' title='bbox 612 1847 824 1904; x_wconf 88' lang='lat' dir='ltr'><strong>Paulus</strong></span> <span class='ocrx_word' id='word_1_200' title='bbox 843 1847 1078 1903; x_wconf 89' lang='lat' dir='ltr'><strong>divinus</strong></span> <span class='ocrx_word' id='word_1_201' title='bbox 1104 1847 1424 1916; x_wconf 91' lang='lat' dir='ltr'><strong>apostolus:</strong></span> <span class='ocrx_word' id='word_1_202' title='bbox 1455 1846 1822 1912; x_wconf 83' lang='lat' dir='ltr'><strong>Quorumdam</strong></span> <span class='ocrx_word' id='word_1_203' title='bbox 1845 1851 2072 1917; x_wconf 83' lang='lat' dir='ltr'><strong>peccata</strong></span> 
     </span>
    </p>
   </div>
   <div class='ocr_carea' id='block_1_34' title="bbox 425 1935 2073 2004">
    <p class='ocr_par' dir='ltr' id='par_1_34' title="bbox 425 1935 2073 2004">
     <span class='ocr_line' id='line_1_34' title="bbox 425 1935 2073 2004; baseline -0.001 -14"><span class='ocrx_word' id='word_1_204' title='bbox 425 1939 721 2004; x_wconf 84' lang='lat' dir='ltr'><strong>manifesta</strong></span> <span class='ocrx_word' id='word_1_205' title='bbox 763 1939 911 1997; x_wconf 86' lang='lat' dir='ltr'><strong>sunt,</strong></span> <span class='ocrx_word' id='word_1_206' title='bbox 963 1935 1323 2004; x_wconf 84' lang='lat' dir='ltr'><strong>quorumdam</strong></span> <span class='ocrx_word' id='word_1_207' title='bbox 1372 1939 1551 1989; x_wconf 89' lang='lat' dir='ltr'><strong>autem</strong></span> <span class='ocrx_word' id='word_1_208' title='bbox 1599 1939 1649 1988; x_wconf 86' lang='lat' dir='ltr'><strong>et</strong></span> <span class='ocrx_word' id='word_1_209' title='bbox 1703 1936 2073 2004; x_wconf 83' lang='lat' dir='ltr'><strong>subsequntur</strong></span> 
     </span>
    </p>
   </div>
   <div class='ocr_carea' id='block_1_35' title="bbox 425 2024 2068 2096">
    <p class='ocr_par' dir='ltr' id='par_1_35' title="bbox 425 2024 2068 2096">
     <span class='ocr_line' id='line_1_35' title="bbox 425 2024 2068 2096; baseline 0 -16"><span class='ocrx_word' id='word_1_210' title='bbox 425 2025 478 2096; x_wconf 85' lang='grc' dir='ltr'><strong>(Ι</strong></span> <span class='ocrx_word' id='word_1_211' title='bbox 522 2027 656 2080; x_wconf 86' lang='lat' dir='ltr'><strong>Tim.</strong></span> <span class='ocrx_word' id='word_1_212' title='bbox 700 2025 778 2094; x_wconf 84' lang='lat' dir='ltr'><strong>v).</strong></span> <span class='ocrx_word' id='word_1_213' title='bbox 829 2024 1080 2080; x_wconf 88' lang='lat' dir='ltr'><strong>Peccatis</strong></span> <span class='ocrx_word' id='word_1_214' title='bbox 1127 2038 1260 2096; x_wconf 91' lang='lat' dir='ltr'><strong>ergo</strong></span> <span class='ocrx_word' id='word_1_215' title='bbox 1303 2024 1804 2096; x_wconf 67' lang='lat' dir='ltr'><strong>prmvenientihus,</strong></span> <span class='ocrx_word' id='word_1_216' title='bbox 1855 2030 1911 2080; x_wconf 93' lang='lat' dir='ltr'><strong>et</strong></span> <span class='ocrx_word' id='word_1_217' title='bbox 1953 2025 2068 2082; x_wconf 90' lang='lat' dir='ltr'><strong>alia</strong></span> 
     </span>
    </p>
   </div>
   <div class='ocr_carea' id='block_1_36' title="bbox 427 2112 2068 2184">
    <p class='ocr_par' dir='ltr' id='par_1_36' title="bbox 427 2112 2068 2184">
     <span class='ocr_line' id='line_1_36' title="bbox 427 2112 2068 2184; baseline -0.001 -15"><span class='ocrx_word' id='word_1_218' title='bbox 427 2120 652 2184; x_wconf 90' lang='lat' dir='ltr'><strong>peccata</strong></span> <span class='ocrx_word' id='word_1_219' title='bbox 679 2112 772 2168; x_wconf 92' lang='lat' dir='ltr'><strong>his</strong></span> <span class='ocrx_word' id='word_1_220' title='bbox 796 2112 1084 2168; x_wconf 89' lang='lat' dir='ltr'><strong>accidunt.</strong></span> <span class='ocrx_word' id='word_1_221' title='bbox 1114 2113 1350 2182; x_wconf 89' lang='lat' dir='ltr'><strong>Impiam</strong></span> <span class='ocrx_word' id='word_1_222' title='bbox 1380 2112 1573 2183; x_wconf 86' lang='lat' dir='ltr'><strong>itaque</strong></span> <span class='ocrx_word' id='word_1_223' title='bbox 1596 2112 1958 2169; x_wconf 86' lang='lat' dir='ltr'><strong>Christianos</strong></span> <span class='ocrx_word' id='word_1_224' title='bbox 1981 2127 2068 2168; x_wconf 88' lang='lat' dir='ltr'><strong>ac-</strong></span> 
     </span>
    </p>
   </div>
   <div class='ocr_carea' id='block_1_37' title="bbox 426 2199 2068 2271">
    <p class='ocr_par' dir='ltr' id='par_1_37' title="bbox 426 2199 2068 2271">
     <span class='ocr_line' id='line_1_37' title="bbox 426 2199 2068 2271; baseline -0.001 -13"><span class='ocrx_word' id='word_1_225' title='bbox 426 2201 754 2258; x_wconf 88' lang='lat' dir='ltr'><strong>cusantium</strong></span> <span class='ocrx_word' id='word_1_226' title='bbox 804 2200 1063 2256; x_wconf 69' lang='lat' dir='ltr'><strong>harresim</strong></span> <span class='ocrx_word' id='word_1_227' title='bbox 1111 2205 1168 2256; x_wconf 91' lang='lat' dir='ltr'><strong>et</strong></span> <span class='ocrx_word' id='word_1_228' title='bbox 1208 2200 1338 2256; x_wconf 76' lang='lat' dir='ltr'><strong>aliae</strong></span> <span class='ocrx_word' id='word_1_229' title='bbox 1381 2199 1703 2271; x_wconf 90' lang='lat' dir='ltr'><strong>impietates</strong></span> <span class='ocrx_word' id='word_1_230' title='bbox 1749 2201 2068 2259; x_wconf 63' lang='lat' dir='ltr'><strong>subsecutae</strong></span> 
     </span>
    </p>
   </div>
   <div class='ocr_carea' id='block_1_38' title="bbox 423 2287 2068 2359">
    <p class='ocr_par' dir='ltr' id='par_1_38' title="bbox 423 2287 2068 2359">
     <span class='ocr_line' id='line_1_38' title="bbox 423 2287 2068 2359; baseline 0 -14"><span class='ocrx_word' id='word_1_231' title='bbox 423 2294 577 2345; x_wconf 90' lang='lat' dir='ltr'><strong>sunt.</strong></span> <span class='ocrx_word' id='word_1_232' title='bbox 598 2289 760 2345; x_wconf 93' lang='lat' dir='ltr'><strong>Sicut</strong></span> <span class='ocrx_word' id='word_1_233' title='bbox 774 2288 926 2344; x_wconf 90' lang='lat' dir='ltr'><strong>enim</strong></span> <span class='ocrx_word' id='word_1_234' title='bbox 943 2287 1357 2344; x_wconf 90' lang='lat' dir='ltr'><strong>venerabilium</strong></span> <span class='ocrx_word' id='word_1_235' title='bbox 1379 2288 1690 2359; x_wconf 81' lang='lat' dir='ltr'><strong>imaginum</strong></span> <span class='ocrx_word' id='word_1_236' title='bbox 1707 2289 1928 2346; x_wconf 90' lang='lat' dir='ltr'><strong>vultum</strong></span> <span class='ocrx_word' id='word_1_237' title='bbox 1947 2289 2068 2345; x_wconf 89' lang='lat' dir='ltr'><strong>abs-</strong></span> 
     </span>
    </p>
   </div>
   <div class='ocr_carea' id='block_1_39' title="bbox 423 2376 2068 2448">
    <p class='ocr_par' dir='ltr' id='par_1_39' title="bbox 423 2376 2068 2448">
     <span class='ocr_line' id='line_1_39' title="bbox 423 2376 2068 2448; baseline 0.001 -16"><span class='ocrx_word' id='word_1_238' title='bbox 423 2377 683 2433; x_wconf 88' lang='lat' dir='ltr'><strong>tulerunt</strong></span> <span class='ocrx_word' id='word_1_239' title='bbox 721 2376 791 2431; x_wconf 90' lang='lat' dir='ltr'><strong>ab</strong></span> <span class='ocrx_word' id='word_1_240' title='bbox 833 2376 1104 2446; x_wconf 88' lang='lat' dir='ltr'><strong>Ecclesia,</strong></span> <span class='ocrx_word' id='word_1_241' title='bbox 1154 2377 1232 2432; x_wconf 91' lang='lat' dir='ltr'><strong>ita</strong></span> <span class='ocrx_word' id='word_1_242' title='bbox 1274 2380 1330 2432; x_wconf 92' lang='lat' dir='ltr'><strong>et</strong></span> <span class='ocrx_word' id='word_1_243' title='bbox 1371 2377 1518 2432; x_wconf 89' lang='lat' dir='ltr'><strong>alios</strong></span> <span class='ocrx_word' id='word_1_244' title='bbox 1561 2378 1833 2448; x_wconf 89' lang='lat' dir='ltr'><strong>quosdam</strong></span> <span class='ocrx_word' id='word_1_245' title='bbox 1885 2391 2068 2434; x_wconf 90' lang='lat' dir='ltr'><strong>mores</strong></span> 
     </span>
    </p>
   </div>
   <div class='ocr_carea' id='block_1_40' title="bbox 420 2465 2062 2537">
    <p class='ocr_par' dir='ltr' id='par_1_40' title="bbox 420 2465 2062 2537">
     <span class='ocr_line' id='line_1_40' title="bbox 420 2465 2062 2537; baseline 0.001 -17"><span class='ocrx_word' id='word_1_246' title='bbox 420 2465 829 2520; x_wconf 90' lang='lat' dir='ltr'><strong>deseruerunt:</strong></span> <span class='ocrx_word' id='word_1_247' title='bbox 862 2479 1005 2535; x_wconf 88' lang='lat' dir='ltr'><strong>quos</strong></span> <span class='ocrx_word' id='word_1_248' title='bbox 1029 2470 1085 2520; x_wconf 85' lang='lat' dir='ltr'><strong>et</strong></span> <span class='ocrx_word' id='word_1_249' title='bbox 1113 2468 1336 2533; x_wconf 88' lang='lat' dir='ltr'><strong>oportet</strong></span> <span class='ocrx_word' id='word_1_250' title='bbox 1361 2466 1640 2537; x_wconf 86' lang='lat' dir='ltr'><strong>renovari,</strong></span> <span class='ocrx_word' id='word_1_251' title='bbox 1671 2470 1726 2522; x_wconf 92' lang='lat' dir='ltr'><strong>et</strong></span> <span class='ocrx_word' id='word_1_252' title='bbox 1750 2467 2062 2522; x_wconf 89' lang='lat' dir='ltr'><strong>secundum</strong></span> 
     </span>
    </p>
   </div>
   <div class='ocr_carea' id='block_1_41' title="bbox 421 2553 2066 2625">
    <p class='ocr_par' dir='ltr' id='par_1_41' title="bbox 421 2553 2066 2625">
     <span class='ocr_line' id='line_1_41' title="bbox 421 2553 2066 2625; baseline 0.002 -16"><span class='ocrx_word' id='word_1_253' title='bbox 421 2553 695 2624; x_wconf 89' lang='lat' dir='ltr'><strong>scriptam</strong></span> <span class='ocrx_word' id='word_1_254' title='bbox 726 2559 782 2608; x_wconf 91' lang='lat' dir='ltr'><strong>et</strong></span> <span class='ocrx_word' id='word_1_255' title='bbox 812 2567 922 2609; x_wconf 94' lang='lat' dir='ltr'><strong>non</strong></span> <span class='ocrx_word' id='word_1_256' title='bbox 953 2553 1225 2622; x_wconf 88' lang='lat' dir='ltr'><strong>scriptam</strong></span> <span class='ocrx_word' id='word_1_257' title='bbox 1257 2553 1676 2625; x_wconf 88' lang='lat' dir='ltr'><strong>legislationem</strong></span> <span class='ocrx_word' id='word_1_258' title='bbox 1705 2555 1894 2611; x_wconf 91' lang='lat' dir='ltr'><strong>denuo</strong></span> <span class='ocrx_word' id='word_1_259' title='bbox 1923 2556 2066 2612; x_wconf 89' lang='lat' dir='ltr'><strong>deti-</strong></span> 
     </span>
    </p>
   </div>
   <div class='ocr_carea' id='block_1_42' title="bbox 421 2629 2060 2715">
    <p class='ocr_par' dir='ltr' id='par_1_42' title="bbox 421 2629 2060 2715">
     <span class='ocr_line' id='line_1_42' title="bbox 421 2629 2060 2715; baseline 0.002 -17"><span class='ocrx_word' id='word_1_260' title='bbox 421 2643 566 2698; x_wconf 89' lang='lat' dir='ltr'><strong>neri.</strong></span> <span class='ocrx_word' id='word_1_261' title='bbox 602 2643 894 2713; x_wconf 87' lang='lat' dir='ltr'><strong>Quotquot</strong></span> <span class='ocrx_word' id='word_1_262' title='bbox 926 2656 1059 2715; x_wconf 85' lang='lat' dir='ltr'><strong>ergo</strong></span> <span class='ocrx_word' id='word_1_263' title='bbox 1080 2629 1446 2700; x_wconf 55' lang='lat' dir='ltr'><strong>&#39;venerabilia</strong></span> <span class='ocrx_word' id='word_1_264' title='bbox 1485 2645 1693 2715; x_wconf 87' lang='lat' dir='ltr'><strong>templa</strong></span> <span class='ocrx_word' id='word_1_265' title='bbox 1732 2651 2060 2702; x_wconf 89' lang='lat' dir='ltr'><strong>consecrata</strong></span> 
     </span>
    </p>
   </div>
   <div class='ocr_carea' id='block_1_43' title="bbox 341 2730 2061 2806">
    <p class='ocr_par' dir='ltr' id='par_1_43' title="bbox 341 2730 2061 2806">
     <span class='ocr_line' id='line_1_43' title="bbox 341 2730 2061 2806; baseline 0.002 -18"><span class='ocrx_word' id='word_1_266' title='bbox 341 2739 344 2742; x_wconf 87' lang='lat'>&#39;</span> <span class='ocrx_word' id='word_1_267' title='bbox 421 2737 557 2788; x_wconf 92' lang='lat' dir='ltr'><strong>sunt</strong></span> <span class='ocrx_word' id='word_1_268' title='bbox 585 2731 799 2802; x_wconf 87' lang='lat' dir='ltr'><strong>absque</strong></span> <span class='ocrx_word' id='word_1_269' title='bbox 828 2731 1043 2787; x_wconf 88' lang='lat' dir='ltr'><strong>sanctis</strong></span> <span class='ocrx_word' id='word_1_270' title='bbox 1072 2730 1341 2802; x_wconf 90' lang='lat' dir='ltr'><strong>reliquiis</strong></span> <span class='ocrx_word' id='word_1_271' title='bbox 1385 2737 1719 2806; x_wconf 87' lang='lat' dir='ltr'><strong>martyrum,</strong></span> <span class='ocrx_word' id='word_1_272' title='bbox 1751 2734 2061 2791; x_wconf 90' lang='lat' dir='ltr'><strong>deﬁnimus</strong></span> 
     </span>
    </p>
   </div>
   <div class='ocr_carea' id='block_1_44' title="bbox 419 2820 2058 2896">
    <p class='ocr_par' dir='ltr' id='par_1_44' title="bbox 419 2820 2058 2896">
     <span class='ocr_line' id='line_1_44' title="bbox 419 2820 2058 2896; baseline 0.001 -19"><span class='ocrx_word' id='word_1_273' title='bbox 419 2821 479 2877; x_wconf 92' lang='lat' dir='ltr'><strong>in</strong></span> <span class='ocrx_word' id='word_1_274' title='bbox 523 2821 609 2877; x_wconf 91' lang='lat' dir='ltr'><strong>eis</strong></span> <span class='ocrx_word' id='word_1_275' title='bbox 656 2820 1032 2892; x_wconf 87' lang='lat' dir='ltr'><strong>reliquiarum</strong></span> <span class='ocrx_word' id='word_1_276' title='bbox 1084 2835 1197 2877; x_wconf 91' lang='lat' dir='ltr'><strong>una</strong></span> <span class='ocrx_word' id='word_1_277' title='bbox 1246 2835 1375 2878; x_wconf 91' lang='lat' dir='ltr'><strong>cum</strong></span> <span class='ocrx_word' id='word_1_278' title='bbox 1420 2823 1591 2878; x_wconf 90' lang='lat' dir='ltr'><strong>solita</strong></span> <span class='ocrx_word' id='word_1_279' title='bbox 1632 2823 1891 2880; x_wconf 90' lang='lat' dir='ltr'><strong>oratione</strong></span> <span class='ocrx_word' id='word_1_280' title='bbox 1926 2823 2058 2896; x_wconf 79' lang='lat' dir='ltr'><strong>ﬁeri</strong></span> 
     </span>
    </p>
   </div>
   <div class='ocr_carea' id='block_1_45' title="bbox 418 2910 2060 2982">
    <p class='ocr_par' dir='ltr' id='par_1_45' title="bbox 418 2910 2060 2982">
     <span class='ocr_line' id='line_1_45' title="bbox 418 2910 2060 2982; baseline 0.002 -15"><span class='ocrx_word' id='word_1_281' title='bbox 418 2910 781 2982; x_wconf 89' lang='lat' dir='ltr'><strong>positionem.</strong></span> <span class='ocrx_word' id='word_1_282' title='bbox 807 2912 876 2965; x_wconf 89' lang='lat' dir='ltr'><strong>Et</strong></span> <span class='ocrx_word' id='word_1_283' title='bbox 895 2910 944 2966; x_wconf 92' lang='lat' dir='ltr'><strong>si</strong></span> <span class='ocrx_word' id='word_1_284' title='bbox 972 2925 1004 2966; x_wconf 90' lang='lat' dir='ltr'><strong>a</strong></span> <span class='ocrx_word' id='word_1_285' title='bbox 1027 2911 1290 2981; x_wconf 56' lang='lat' dir='ltr'><strong>praesenti</strong></span> <span class='ocrx_word' id='word_1_286' title='bbox 1313 2916 1564 2982; x_wconf 91' lang='lat' dir='ltr'><strong>tempore</strong></span> <span class='ocrx_word' id='word_1_287' title='bbox 1592 2913 1856 2970; x_wconf 90' lang='lat' dir='ltr'><strong>inventus</strong></span> <span class='ocrx_word' id='word_1_288' title='bbox 1882 2911 2060 2971; x_wconf 90' lang='lat' dir='ltr'><strong>fuerit</strong></span> 
     </span>
    </p>
   </div>
   <div class='ocr_carea' id='block_1_46' title="bbox 414 2999 2314 3113">
    <p class='ocr_par' dir='ltr' id='par_1_46' title="bbox 414 2999 2314 3113">
     <span class='ocr_line' id='line_1_46' title="bbox 414 2999 2314 3113; baseline 0.001 -57"><span class='ocrx_word' id='word_1_289' title='bbox 414 2999 719 3071; x_wconf 90' lang='lat' dir='ltr'><strong>episcopus</strong></span> <span class='ocrx_word' id='word_1_290' title='bbox 747 2999 961 3071; x_wconf 91' lang='lat' dir='ltr'><strong>absque</strong></span> <span class='ocrx_word' id='word_1_291' title='bbox 991 2999 1235 3071; x_wconf 91' lang='lat' dir='ltr'><strong>lipsanis</strong></span> <span class='ocrx_word' id='word_1_292' title='bbox 1265 3014 1596 3058; x_wconf 91' lang='lat' dir='ltr'><strong>consecrare</strong></span> <span class='ocrx_word' id='word_1_293' title='bbox 1639 3003 1936 3074; x_wconf 89' lang='lat' dir='ltr'><strong>templum,</strong></span> <span class='ocrx_word' id='word_1_294' title='bbox 1967 3003 2060 3059; x_wconf 85' lang='lat' dir='ltr'><strong>de-</strong></span> <span class='ocrx_word' id='word_1_295' title='bbox 2087 3023 2138 3090; x_wconf 72' lang='grc' dir='ltr'>α</span> <span class='ocrx_word' id='word_1_296' title='bbox 2166 2999 2314 3113; x_wconf 49' lang='lat' dir='ltr'><strong>dir;</strong></span> 
     </span>
     <span class='ocr_line' id='line_1_47' title="bbox 415 3088 2034 3113; baseline 0 0"><span class='ocrx_word' id='word_1_297' title='bbox 415 3093 660 3113; x_wconf 56' lang='lat' dir='ltr'><strong>can-11“..-</strong></span> <span class='ocrx_word' id='word_1_298' title='bbox 715 3093 774 3113; x_wconf 72' lang='grc' dir='ltr'><strong>..ι</strong></span> <span class='ocrx_word' id='word_1_299' title='bbox 810 3088 905 3113; x_wconf 70' lang='grc' dir='ltr'><strong>ειιη</strong></span> <span class='ocrx_word' id='word_1_300' title='bbox 935 3089 1029 3113; x_wconf 60' lang='lat' dir='ltr'><strong>nu:</strong></span> <span class='ocrx_word' id='word_1_301' title='bbox 1063 3089 1474 3113; x_wconf 61' lang='grc' dir='ltr'><strong>η.ιη1.ν...ξ,ι,.ιζ,.,.-</strong></span> <span class='ocrx_word' id='word_1_302' title='bbox 1505 3092 1843 3113; x_wconf 64' lang='lat' dir='ltr'><strong>a_-J:‘:-..-_</strong></span> <span class='ocrx_word' id='word_1_303' title='bbox 1879 3098 2034 3113; x_wconf 56' lang='lat'><strong>5..-..-</strong></span> 
     </span>
    </p>
   </div>
   <div class='ocr_carea' id='block_1_47' title="bbox 415 3088 2059 3161">
    <p class='ocr_par' dir='ltr' id='par_1_47' title="bbox 415 3088 2059 3161">
     <span class='ocr_line' id='line_1_48' title="bbox 415 3088 2059 3161; baseline 0.002 -17"><span class='ocrx_word' id='word_1_304' title='bbox 415 3093 681 3158; x_wconf 81' lang='lat' dir='ltr'><strong>ponatur,</strong></span> <span class='ocrx_word' id='word_1_305' title='bbox 715 3093 778 3144; x_wconf 92' lang='lat' dir='ltr'><strong>ut</strong></span> <span class='ocrx_word' id='word_1_306' title='bbox 810 3088 908 3144; x_wconf 91' lang='lat' dir='ltr'><strong>ille</strong></span> <span class='ocrx_word' id='word_1_307' title='bbox 931 3089 1032 3161; x_wconf 91' lang='lat' dir='ltr'><strong>qui</strong></span> <span class='ocrx_word' id='word_1_308' title='bbox 1059 3089 1477 3148; x_wconf 87' lang='lat' dir='ltr'><strong>ecclesiasticas</strong></span> <span class='ocrx_word' id='word_1_309' title='bbox 1505 3092 1846 3149; x_wconf 86' lang='lat' dir='ltr'><strong>traditiones</strong></span> <span class='ocrx_word' id='word_1_310' title='bbox 1879 3098 2059 3148; x_wconf 91' lang='lat' dir='ltr'><strong>trans-</strong></span> 
     </span>
    </p>
   </div>
   <div class='ocr_carea' id='block_1_48' title="bbox 411 3178 690 3252">
    <p class='ocr_par' dir='ltr' id='par_1_48' title="bbox 411 3178 690 3252">
     <span class='ocr_line' id='line_1_49' title="bbox 411 3178 690 3252; baseline -0.007 -18"><span class='ocrx_word' id='word_1_311' title='bbox 411 3178 690 3252; x_wconf 78' lang='lat' dir='ltr'><strong>greditur.</strong></span> 
     </span>
    </p>
   </div>
   <div class='ocr_carea' id='block_1_49' title="bbox 1167 3268 1305 3325">
    <p class='ocr_par' dir='ltr' id='par_1_49' title="bbox 1167 3268 1305 3325">
     <span class='ocr_line' id='line_1_50' title="bbox 1167 3268 1305 3325; baseline 0.007 -1"><span class='ocrx_word' id='word_1_312' title='bbox 1167 3268 1305 3325; x_wconf 82' lang='lat' dir='ltr'><strong>VIII.</strong></span> 
     </span>
    </p>
   </div>
   <div class='ocr_carea' id='block_1_50' title="bbox 413 3375 2058 3448">
    <p class='ocr_par' dir='ltr' id='par_1_50' title="bbox 413 3375 2058 3448">
     <span class='ocr_line' id='line_1_51' title="bbox 413 3375 2058 3448; baseline 0.004 -18"><span class='ocrx_word' id='word_1_313' title='bbox 413 3375 568 3442; x_wconf 83' lang='lat' dir='ltr'><strong>Quod</strong></span> <span class='ocrx_word' id='word_1_314' title='bbox 594 3375 846 3430; x_wconf 77' lang='lat' dir='ltr'><strong>Hebraeos</strong></span> <span class='ocrx_word' id='word_1_315' title='bbox 880 3390 989 3429; x_wconf 87' lang='lat' dir='ltr'><strong>non</strong></span> <span class='ocrx_word' id='word_1_316' title='bbox 1032 3379 1273 3448; x_wconf 83' lang='lat' dir='ltr'><strong>oporteat</strong></span> <span class='ocrx_word' id='word_1_317' title='bbox 1308 3378 1496 3448; x_wconf 86' lang='lat' dir='ltr'><strong>recipi,</strong></span> <span class='ocrx_word' id='word_1_318' title='bbox 1532 3379 1643 3433; x_wconf 90' lang='lat' dir='ltr'><strong>nisi</strong></span> <span class='ocrx_word' id='word_1_319' title='bbox 1669 3381 1811 3448; x_wconf 81' lang='lat' dir='ltr'><strong>forte</strong></span> <span class='ocrx_word' id='word_1_320' title='bbox 1838 3395 1907 3435; x_wconf 78' lang='lat' dir='ltr'><strong>ea:</strong></span> <span class='ocrx_word' id='word_1_321' title='bbox 1948 3383 2058 3437; x_wconf 87' lang='lat' dir='ltr'><strong>sin-</strong></span> 
     </span>
    </p>
   </div>
   <div class='ocr_carea' id='block_1_51' title="bbox 541 3447 1631 3519">
    <p class='ocr_par' dir='ltr' id='par_1_51' title="bbox 541 3447 1631 3519">
     <span class='ocr_line' id='line_1_52' title="bbox 541 3447 1631 3519; baseline 0.006 -18"><span class='ocrx_word' id='word_1_322' title='bbox 541 3510 557 3519; x_wconf 89' lang='lat'><strong>__</strong></span> <span class='ocrx_word' id='word_1_323' title='bbox 799 3462 916 3502; x_wconf 79' lang='lat' dir='ltr'><strong>cero</strong></span> <span class='ocrx_word' id='word_1_324' title='bbox 949 3447 1107 3502; x_wconf 87' lang='lat' dir='ltr'><strong>corde</strong></span> <span class='ocrx_word' id='word_1_325' title='bbox 1135 3450 1378 3504; x_wconf 78' lang='lat' dir='ltr'><strong>conversi</strong></span> <span class='ocrx_word' id='word_1_326' title='bbox 1403 3447 1631 3518; x_wconf 75' lang='lat' dir='ltr'><strong>fuerint.</strong></span> 
     </span>
    </p>
   </div>
   <div class='ocr_carea' id='block_1_52' title="bbox 480 3551 2056 3629">
    <p class='ocr_par' dir='ltr' id='par_1_52' title="bbox 480 3551 2056 3629">
     <span class='ocr_line' id='line_1_53' title="bbox 480 3551 2056 3629; baseline 0.003 -19"><span class='ocrx_word' id='word_1_327' title='bbox 480 3551 760 3623; x_wconf 91' lang='lat' dir='ltr'><strong>Quoniam</strong></span> <span class='ocrx_word' id='word_1_328' title='bbox 786 3556 1040 3609; x_wconf 85' lang='lat' dir='ltr'><strong>errantes</strong></span> <span class='ocrx_word' id='word_1_329' title='bbox 1073 3552 1132 3608; x_wconf 89' lang='lat' dir='ltr'><strong>hi</strong></span> <span class='ocrx_word' id='word_1_330' title='bbox 1165 3553 1265 3624; x_wconf 90' lang='lat' dir='ltr'><strong>qui</strong></span> <span class='ocrx_word' id='word_1_331' title='bbox 1291 3567 1359 3610; x_wconf 88' lang='lat' dir='ltr'><strong>ex</strong></span> <span class='ocrx_word' id='word_1_332' title='bbox 1388 3554 1748 3613; x_wconf 72' lang='lat' dir='ltr'><strong>Hebraeorum</strong></span> <span class='ocrx_word' id='word_1_333' title='bbox 1782 3559 2056 3629; x_wconf 88' lang='lat' dir='ltr'><strong>supersti-</strong></span> 
     </span>
    </p>
   </div>
   <div class='ocr_carea' id='block_1_53' title="bbox 408 3641 2054 3711">
    <p class='ocr_par' dir='ltr' id='par_1_53' title="bbox 408 3641 2054 3711">
     <span class='ocr_line' id='line_1_54' title="bbox 408 3641 2054 3711; baseline 0.002 -12"><span class='ocrx_word' id='word_1_334' title='bbox 408 3642 564 3699; x_wconf 92' lang='lat' dir='ltr'><strong>tione</strong></span> <span class='ocrx_word' id='word_1_335' title='bbox 588 3642 934 3711; x_wconf 88' lang='lat' dir='ltr'><strong>consistunt,</strong></span> <span class='ocrx_word' id='word_1_336' title='bbox 962 3641 1312 3697; x_wconf 90' lang='lat' dir='ltr'><strong>subsannare</strong></span> <span class='ocrx_word' id='word_1_337' title='bbox 1337 3656 1396 3697; x_wconf 90' lang='lat' dir='ltr'><strong>se</strong></span> <span class='ocrx_word' id='word_1_338' title='bbox 1419 3643 1711 3700; x_wconf 91' lang='lat' dir='ltr'><strong>Christum</strong></span> <span class='ocrx_word' id='word_1_339' title='bbox 1736 3647 1912 3702; x_wconf 91' lang='lat' dir='ltr'><strong>Deum</strong></span> <span class='ocrx_word' id='word_1_340' title='bbox 1938 3647 2054 3703; x_wconf 88' lang='lat' dir='ltr'><strong>exi-</strong></span> 
     </span>
    </p>
   </div>
   <div class='ocr_carea' id='block_1_54' title="bbox 404 3729 2052 3802">
    <p class='ocr_par' dir='ltr' id='par_1_54' title="bbox 404 3729 2052 3802">
     <span class='ocr_line' id='line_1_55' title="bbox 404 3729 2052 3802; baseline 0.003 -15"><span class='ocrx_word' id='word_1_341' title='bbox 404 3731 662 3802; x_wconf 90' lang='lat' dir='ltr'><strong>stimant,</strong></span> <span class='ocrx_word' id='word_1_342' title='bbox 685 3729 1026 3786; x_wconf 87' lang='lat' dir='ltr'><strong>simulantes</strong></span> <span class='ocrx_word' id='word_1_343' title='bbox 1044 3729 1511 3798; x_wconf 88' lang='lat' dir='ltr'><strong>Christianizare,</strong></span> <span class='ocrx_word' id='word_1_344' title='bbox 1539 3733 1728 3802; x_wconf 91' lang='lat' dir='ltr'><strong>ipsum</strong></span> <span class='ocrx_word' id='word_1_345' title='bbox 1750 3740 1938 3793; x_wconf 91' lang='lat' dir='ltr'><strong>autem</strong></span> <span class='ocrx_word' id='word_1_346' title='bbox 1960 3749 2052 3792; x_wconf 87' lang='lat' dir='ltr'><strong>ne-</strong></span> 
     </span>
    </p>
   </div>
   <div class='ocr_carea' id='block_1_55' title="bbox 405 3818 2048 3893">
    <p class='ocr_par' dir='ltr' id='par_1_55' title="bbox 405 3818 2048 3893">
     <span class='ocr_line' id='line_1_56' title="bbox 405 3818 2048 3893; baseline 0.006 -19"><span class='ocrx_word' id='word_1_347' title='bbox 405 3824 559 3892; x_wconf 87' lang='lat' dir='ltr'><strong>gant,</strong></span> <span class='ocrx_word' id='word_1_348' title='bbox 591 3819 736 3875; x_wconf 90' lang='lat' dir='ltr'><strong>clam</strong></span> <span class='ocrx_word' id='word_1_349' title='bbox 774 3824 830 3874; x_wconf 93' lang='lat' dir='ltr'><strong>et</strong></span> <span class='ocrx_word' id='word_1_350' title='bbox 858 3818 1098 3874; x_wconf 89' lang='lat' dir='ltr'><strong>latenter</strong></span> <span class='ocrx_word' id='word_1_351' title='bbox 1126 3818 1564 3893; x_wconf 88' lang='lat' dir='ltr'><strong>sabbatizantes,</strong></span> <span class='ocrx_word' id='word_1_352' title='bbox 1601 3826 1657 3878; x_wconf 93' lang='lat' dir='ltr'><strong>et</strong></span> <span class='ocrx_word' id='word_1_353' title='bbox 1693 3823 1810 3879; x_wconf 91' lang='lat' dir='ltr'><strong>alia</strong></span> <span class='ocrx_word' id='word_1_354' title='bbox 1832 3826 2048 3885; x_wconf 74' lang='lat' dir='ltr'><strong>Judaeo-</strong></span> 
     </span>
    </p>
   </div>
   <div class='ocr_carea' id='block_1_56' title="bbox 404 3904 2049 3983">
    <p class='ocr_par' dir='ltr' id='par_1_56' title="bbox 404 3904 2049 3983">
     <span class='ocr_line' id='line_1_57' title="bbox 404 3904 2049 3983; baseline 0.006 -21"><span class='ocrx_word' id='word_1_355' title='bbox 404 3922 532 3963; x_wconf 91' lang='lat' dir='ltr'><strong>rum</strong></span> <span class='ocrx_word' id='word_1_356' title='bbox 571 3920 726 3963; x_wconf 91' lang='lat' dir='ltr'><strong>more</strong></span> <span class='ocrx_word' id='word_1_357' title='bbox 763 3904 1064 3962; x_wconf 88' lang='lat' dir='ltr'><strong>facientes:</strong></span> <span class='ocrx_word' id='word_1_358' title='bbox 1100 3906 1408 3964; x_wconf 89' lang='lat' dir='ltr'><strong>deﬁnimus</strong></span> <span class='ocrx_word' id='word_1_359' title='bbox 1440 3909 1543 3966; x_wconf 92' lang='lat' dir='ltr'><strong>hos</strong></span> <span class='ocrx_word' id='word_1_360' title='bbox 1577 3925 1762 3983; x_wconf 90' lang='lat' dir='ltr'><strong>neque</strong></span> <span class='ocrx_word' id='word_1_361' title='bbox 1801 3913 1861 3971; x_wconf 90' lang='lat' dir='ltr'><strong>in</strong></span> <span class='ocrx_word' id='word_1_362' title='bbox 1901 3929 2049 3972; x_wconf 91' lang='lat' dir='ltr'><strong>com-</strong></span> 
     </span>
    </p>
   </div>
   <div class='ocr_carea' id='block_1_57' title="bbox 403 3995 2044 4071">
    <p class='ocr_par' dir='ltr' id='par_1_57' title="bbox 403 3995 2044 4071">
     <span class='ocr_line' id='line_1_58' title="bbox 403 3995 2044 4071; baseline 0.007 -20"><span class='ocrx_word' id='word_1_363' title='bbox 403 3995 754 4066; x_wconf 89' lang='lat' dir='ltr'><strong>munionem,</strong></span> <span class='ocrx_word' id='word_1_364' title='bbox 788 4009 973 4067; x_wconf 90' lang='lat' dir='ltr'><strong>neque</strong></span> <span class='ocrx_word' id='word_1_365' title='bbox 1002 3995 1061 4052; x_wconf 91' lang='lat' dir='ltr'><strong>in</strong></span> <span class='ocrx_word' id='word_1_366' title='bbox 1087 3997 1423 4068; x_wconf 89' lang='lat' dir='ltr'><strong>orationem,</strong></span> <span class='ocrx_word' id='word_1_367' title='bbox 1454 4014 1636 4071; x_wconf 90' lang='lat' dir='ltr'><strong>neque</strong></span> <span class='ocrx_word' id='word_1_368' title='bbox 1661 4001 1722 4058; x_wconf 88' lang='lat' dir='ltr'><strong>in</strong></span> <span class='ocrx_word' id='word_1_369' title='bbox 1747 4005 2044 4063; x_wconf 88' lang='lat' dir='ltr'><strong>ecclesiam</strong></span> 
     </span>
    </p>
   </div>
   <div class='ocr_carea' id='block_1_58' title="bbox 401 4083 2042 4166">
    <p class='ocr_par' dir='ltr' id='par_1_58' title="bbox 401 4083 2042 4166">
     <span class='ocr_line' id='line_1_59' title="bbox 401 4083 2042 4166; baseline 0.007 -26"><span class='ocrx_word' id='word_1_370' title='bbox 401 4083 660 4156; x_wconf 80' lang='lat' dir='ltr'><strong>suscipi;</strong></span> <span class='ocrx_word' id='word_1_371' title='bbox 707 4083 802 4139; x_wconf 89' lang='lat' dir='ltr'><strong>sed</strong></span> <span class='ocrx_word' id='word_1_372' title='bbox 850 4083 1148 4141; x_wconf 84' lang='lat' dir='ltr'><strong>manifeste</strong></span> <span class='ocrx_word' id='word_1_373' title='bbox 1191 4085 1310 4142; x_wconf 91' lang='lat' dir='ltr'><strong>sint</strong></span> <span class='ocrx_word' id='word_1_374' title='bbox 1349 4091 1661 4146; x_wconf 89' lang='lat' dir='ltr'><strong>secundum</strong></span> <span class='ocrx_word' id='word_1_375' title='bbox 1706 4093 2042 4166; x_wconf 83' lang='lat' dir='ltr'><strong>religionem</strong></span> 
     </span>
    </p>
   </div>
   <div class='ocr_carea' id='block_1_59' title="bbox 399 4171 2043 4256">
    <p class='ocr_par' dir='ltr' id='par_1_59' title="bbox 399 4171 2043 4256">
     <span class='ocr_line' id='line_1_60' title="bbox 399 4171 2043 4256; baseline 0.007 -27"><span class='ocrx_word' id='word_1_376' title='bbox 399 4186 560 4229; x_wconf 92' lang='lat' dir='ltr'><strong>suam</strong></span> <span class='ocrx_word' id='word_1_377' title='bbox 581 4171 798 4229; x_wconf 58' lang='lat' dir='ltr'><strong>Hebraei</strong></span> <span class='ocrx_word' id='word_1_378' title='bbox 825 4191 837 4228; x_wconf 92' lang='lat'><strong>:</strong></span> <span class='ocrx_word' id='word_1_379' title='bbox 865 4187 1046 4244; x_wconf 90' lang='lat' dir='ltr'><strong>neque</strong></span> <span class='ocrx_word' id='word_1_380' title='bbox 1073 4188 1279 4245; x_wconf 91' lang='lat' dir='ltr'><strong>pueros</strong></span> <span class='ocrx_word' id='word_1_381' title='bbox 1303 4189 1499 4234; x_wconf 89' lang='lat' dir='ltr'><strong>eorum</strong></span> <span class='ocrx_word' id='word_1_382' title='bbox 1529 4179 1831 4253; x_wconf 89' lang='lat' dir='ltr'><strong>baptizari,</strong></span> <span class='ocrx_word' id='word_1_383' title='bbox 1860 4197 2043 4256; x_wconf 89' lang='lat' dir='ltr'><strong>neque</strong></span> 
     </span>
    </p>
   </div>
   <div class='ocr_carea' id='block_1_60' title="bbox 398 4262 2036 4350">
    <p class='ocr_par' dir='ltr' id='par_1_60' title="bbox 398 4262 2036 4350">
     <span class='ocr_line' id='line_1_61' title="bbox 398 4262 2036 4350; baseline 0.007 -33"><span class='ocrx_word' id='word_1_384' title='bbox 398 4277 622 4319; x_wconf 91' lang='lat' dir='ltr'><strong>servum</strong></span> <span class='ocrx_word' id='word_1_385' title='bbox 661 4262 771 4318; x_wconf 91' lang='lat' dir='ltr'><strong>emi</strong></span> <span class='ocrx_word' id='word_1_386' title='bbox 799 4263 884 4319; x_wconf 90' lang='lat' dir='ltr'><strong>vel</strong></span> <span class='ocrx_word' id='word_1_387' title='bbox 919 4265 1144 4336; x_wconf 91' lang='lat' dir='ltr'><strong>acquiri</strong></span> <span class='ocrx_word' id='word_1_388' title='bbox 1175 4262 1328 4340; x_wconf 87' lang='lat' dir='ltr'><strong>[G-r.,</strong></span> <span class='ocrx_word' id='word_1_389' title='bbox 1371 4281 1557 4325; x_wconf 90' lang='lat' dir='ltr'><strong>emere</strong></span> <span class='ocrx_word' id='word_1_390' title='bbox 1584 4270 1668 4326; x_wconf 91' lang='lat' dir='ltr'><strong>vel</strong></span> <span class='ocrx_word' id='word_1_391' title='bbox 1704 4272 2036 4350; x_wconf 72' lang='lat' dir='ltr'><strong>possidere}.</strong></span> 
     </span>
    </p>
   </div>
   <div class='ocr_carea' id='block_1_61' title="bbox 396 4352 2119 4434">
    <p class='ocr_par' dir='ltr' id='par_1_61' title="bbox 396 4352 2119 4434">
     <span class='ocr_line' id='line_1_62' title="bbox 396 4352 2119 4434; baseline 0.008 -27"><span class='ocrx_word' id='word_1_392' title='bbox 396 4352 454 4407; x_wconf 91' lang='lat' dir='ltr'><strong>Si</strong></span> <span class='ocrx_word' id='word_1_393' title='bbox 486 4365 617 4408; x_wconf 86' lang='lat' dir='ltr'><strong>vero</strong></span> <span class='ocrx_word' id='word_1_394' title='bbox 649 4366 715 4409; x_wconf 89' lang='lat' dir='ltr'><strong>ex</strong></span> <span class='ocrx_word' id='word_1_395' title='bbox 746 4352 969 4409; x_wconf 90' lang='lat' dir='ltr'><strong>sincero</strong></span> <span class='ocrx_word' id='word_1_396' title='bbox 1001 4354 1168 4411; x_wconf 90' lang='lat' dir='ltr'><strong>corde</strong></span> <span class='ocrx_word' id='word_1_397' title='bbox 1198 4369 1264 4412; x_wconf 91' lang='lat' dir='ltr'><strong>ac</strong></span> <span class='ocrx_word' id='word_1_398' title='bbox 1294 4355 1402 4412; x_wconf 88' lang='lat' dir='ltr'><strong>ﬁde</strong></span> <span class='ocrx_word' id='word_1_399' title='bbox 1440 4360 1787 4415; x_wconf 88' lang='lat' dir='ltr'><strong>converterit</strong></span> <span class='ocrx_word' id='word_1_400' title='bbox 1817 4376 1875 4418; x_wconf 91' lang='lat' dir='ltr'><strong>se</strong></span> <span class='ocrx_word' id='word_1_401' title='bbox 1905 4363 2039 4434; x_wconf 90' lang='lat' dir='ltr'><strong>quis</strong></span> <span class='ocrx_word' id='word_1_402' title='bbox 2066 4369 2119 4432; x_wconf 87' lang='lat' dir='ltr'><strong>D</strong></span> 
     </span>
    </p>
   </div>
   <div class='ocr_carea' id='block_1_62' title="bbox 397 4440 2040 4525">
    <p class='ocr_par' dir='ltr' id='par_1_62' title="bbox 397 4440 2040 4525">
     <span class='ocr_line' id='line_1_63' title="bbox 397 4440 2040 4525; baseline 0.007 -27"><span class='ocrx_word' id='word_1_403' title='bbox 397 4454 616 4515; x_wconf 90' lang='lat' dir='ltr'><strong>eorum,</strong></span> <span class='ocrx_word' id='word_1_404' title='bbox 645 4445 701 4498; x_wconf 93' lang='lat' dir='ltr'><strong>et</strong></span> <span class='ocrx_word' id='word_1_405' title='bbox 728 4440 1024 4499; x_wconf 88' lang='lat' dir='ltr'><strong>confessus</strong></span> <span class='ocrx_word' id='word_1_406' title='bbox 1051 4441 1226 4500; x_wconf 86' lang='lat' dir='ltr'><strong>fuerit</strong></span> <span class='ocrx_word' id='word_1_407' title='bbox 1263 4459 1330 4501; x_wconf 89' lang='lat' dir='ltr'><strong>ex</strong></span> <span class='ocrx_word' id='word_1_408' title='bbox 1356 4449 1475 4502; x_wconf 93' lang='lat' dir='ltr'><strong>toto</strong></span> <span class='ocrx_word' id='word_1_409' title='bbox 1507 4447 1696 4520; x_wconf 89' lang='lat' dir='ltr'><strong>corde,</strong></span> <span class='ocrx_word' id='word_1_410' title='bbox 1733 4449 2040 4525; x_wconf 86' lang='lat' dir='ltr'><strong>divulgans</strong></span> 
     </span>
    </p>
   </div>
   <div class='ocr_carea' id='block_1_63' title="bbox 397 4532 2041 4608">
    <p class='ocr_par' dir='ltr' id='par_1_63' title="bbox 397 4532 2041 4608">
     <span class='ocr_line' id='line_1_64' title="bbox 397 4532 2041 4608; baseline 0.007 -22"><span class='ocrx_word' id='word_1_411' title='bbox 397 4544 582 4587; x_wconf 88' lang='lat' dir='ltr'><strong>mores</strong></span> <span class='ocrx_word' id='word_1_412' title='bbox 607 4544 802 4588; x_wconf 89' lang='lat' dir='ltr'><strong>eorum</strong></span> <span class='ocrx_word' id='word_1_413' title='bbox 833 4534 889 4587; x_wconf 92' lang='lat' dir='ltr'><strong>et</strong></span> <span class='ocrx_word' id='word_1_414' title='bbox 919 4545 1028 4600; x_wconf 90' lang='lat' dir='ltr'><strong>res,</strong></span> <span class='ocrx_word' id='word_1_415' title='bbox 1060 4535 1125 4588; x_wconf 93' lang='lat' dir='ltr'><strong>ut</strong></span> <span class='ocrx_word' id='word_1_416' title='bbox 1151 4532 1255 4588; x_wconf 90' lang='lat' dir='ltr'><strong>alii</strong></span> <span class='ocrx_word' id='word_1_417' title='bbox 1287 4533 1458 4589; x_wconf 90' lang='lat' dir='ltr'><strong>etiam</strong></span> <span class='ocrx_word' id='word_1_418' title='bbox 1489 4541 1806 4608; x_wconf 81' lang='lat' dir='ltr'><strong>arguantur</strong></span> <span class='ocrx_word' id='word_1_419' title='bbox 1834 4543 1891 4596; x_wconf 92' lang='lat' dir='ltr'><strong>et</strong></span> <span class='ocrx_word' id='word_1_420' title='bbox 1920 4554 2041 4597; x_wconf 91' lang='lat' dir='ltr'><strong>cor-</strong></span> 
     </span>
    </p>
   </div>
   <div class='ocr_carea' id='block_1_64' title="bbox 396 4619 2031 4699">
    <p class='ocr_par' dir='ltr' id='par_1_64' title="bbox 396 4619 2031 4699">
     <span class='ocr_line' id='line_1_65' title="bbox 396 4619 2031 4699; baseline 0.007 -25"><span class='ocrx_word' id='word_1_421' title='bbox 396 4619 698 4691; x_wconf 80' lang='lat' dir='ltr'><strong>rigantur;</strong></span> <span class='ocrx_word' id='word_1_422' title='bbox 727 4619 880 4675; x_wconf 93' lang='lat' dir='ltr'><strong>hunc</strong></span> <span class='ocrx_word' id='word_1_423' title='bbox 907 4620 1126 4690; x_wconf 90' lang='lat' dir='ltr'><strong>suscipi</strong></span> <span class='ocrx_word' id='word_1_424' title='bbox 1151 4624 1208 4676; x_wconf 92' lang='lat' dir='ltr'><strong>et</strong></span> <span class='ocrx_word' id='word_1_425' title='bbox 1231 4620 1534 4698; x_wconf 86' lang='lat' dir='ltr'><strong>baptizari,</strong></span> <span class='ocrx_word' id='word_1_426' title='bbox 1561 4631 1617 4681; x_wconf 91' lang='lat' dir='ltr'><strong>et</strong></span> <span class='ocrx_word' id='word_1_427' title='bbox 1643 4640 1850 4696; x_wconf 91' lang='lat' dir='ltr'><strong>pueros</strong></span> <span class='ocrx_word' id='word_1_428' title='bbox 1874 4629 2031 4699; x_wconf 90' lang='lat' dir='ltr'><strong>ejus:</strong></span> 
     </span>
    </p>
   </div>
   <div class='ocr_carea' id='block_1_65' title="bbox 395 4705 2037 4790">
    <p class='ocr_par' dir='ltr' id='par_1_65' title="bbox 395 4705 2037 4790">
     <span class='ocr_line' id='line_1_66' title="bbox 395 4705 2037 4790; baseline 0.008 -27"><span class='ocrx_word' id='word_1_429' title='bbox 395 4707 535 4778; x_wconf 90' lang='lat' dir='ltr'><strong>quin</strong></span> <span class='ocrx_word' id='word_1_430' title='bbox 561 4711 618 4763; x_wconf 89' lang='lat' dir='ltr'><strong>et</strong></span> <span class='ocrx_word' id='word_1_431' title='bbox 646 4707 935 4764; x_wconf 89' lang='lat' dir='ltr'><strong>observari</strong></span> <span class='ocrx_word' id='word_1_432' title='bbox 965 4723 1060 4765; x_wconf 89' lang='lat' dir='ltr'><strong>eos</strong></span> <span class='ocrx_word' id='word_1_433' title='bbox 1093 4705 1313 4784; x_wconf 80' lang='lat' dir='ltr'><strong>[cautos</strong></span> <span class='ocrx_word' id='word_1_434' title='bbox 1343 4710 1550 4790; x_wconf 85' lang='lat' dir='ltr'><strong>reddi],</strong></span> <span class='ocrx_word' id='word_1_435' title='bbox 1579 4719 1644 4772; x_wconf 93' lang='lat' dir='ltr'><strong>ut</strong></span> <span class='ocrx_word' id='word_1_436' title='bbox 1678 4718 1943 4774; x_wconf 89' lang='lat' dir='ltr'><strong>recedant</strong></span> <span class='ocrx_word' id='word_1_437' title='bbox 1965 4719 2037 4775; x_wconf 92' lang='lat' dir='ltr'><strong>ab</strong></span> 
     </span>
    </p>
   </div>
   <div class='ocr_carea' id='block_1_66' title="bbox 392 4795 2035 4875">
    <p class='ocr_par' dir='ltr' id='par_1_66' title="bbox 392 4795 2035 4875">
     <span class='ocr_line' id='line_1_67' title="bbox 392 4795 2035 4875; baseline 0.012 -25"><span class='ocrx_word' id='word_1_438' title='bbox 392 4795 688 4854; x_wconf 87' lang='lat' dir='ltr'><strong>Hebraicis</strong></span> <span class='ocrx_word' id='word_1_439' title='bbox 723 4797 1250 4875; x_wconf 89' lang='lat' dir='ltr'><strong>adinventionibus,</strong></span> <span class='ocrx_word' id='word_1_440' title='bbox 1283 4803 1627 4864; x_wconf 89' lang='lat' dir='ltr'><strong>deﬁnimus:</strong></span> <span class='ocrx_word' id='word_1_441' title='bbox 1660 4807 1807 4866; x_wconf 90' lang='lat' dir='ltr'><strong>alias</strong></span> <span class='ocrx_word' id='word_1_442' title='bbox 1845 4815 2035 4868; x_wconf 91' lang='lat' dir='ltr'><strong>autem</strong></span> 
     </span>
    </p>
   </div>
   <div class='ocr_carea' id='block_1_67' title="bbox 393 4883 1155 4945">
    <p class='ocr_par' dir='ltr' id='par_1_67' title="bbox 393 4883 1155 4945">
     <span class='ocr_line' id='line_1_68' title="bbox 393 4883 1155 4945; baseline 0.005 -6"><span class='ocrx_word' id='word_1_443' title='bbox 393 4883 728 4941; x_wconf 90' lang='lat' dir='ltr'><strong>nullatenus</strong></span> <span class='ocrx_word' id='word_1_444' title='bbox 751 4885 1155 4945; x_wconf 90' lang='lat' dir='ltr'><strong>admittendos.</strong></span> 
     </span>
    </p>
   </div>
   <div class='ocr_carea' id='block_1_68' title="bbox 1161 5000 1258 5056">
    <p class='ocr_par' dir='ltr' id='par_1_68' title="bbox 1161 5000 1258 5056">
     <span class='ocr_line' id='line_1_69' title="bbox 1161 5000 1258 5056; baseline -0.01 -1"><span class='ocrx_word' id='word_1_445' title='bbox 1161 5000 1258 5056; x_wconf 91' lang='lat' dir='ltr'><strong>IX.</strong></span> 
     </span>
    </p>
   </div>
   <div class='ocr_carea' id='block_1_69' title="bbox 430 5099 1962 5176">
    <p class='ocr_par' dir='ltr' id='par_1_69' title="bbox 430 5099 1962 5176">
     <span class='ocr_line' id='line_1_70' title="bbox 430 5099 1962 5176; baseline 0.01 -23"><span class='ocrx_word' id='word_1_446' title='bbox 430 5099 538 5154; x_wconf 80' lang='lat' dir='ltr'><strong>&#39;De</strong></span> <span class='ocrx_word' id='word_1_447' title='bbox 596 5114 706 5154; x_wconf 87' lang='lat' dir='ltr'><strong>non</strong></span> <span class='ocrx_word' id='word_1_448' title='bbox 766 5100 1142 5176; x_wconf 69' lang='lat' dir='ltr'><strong>abscondendo</strong></span> <span class='ocrx_word' id='word_1_449' title='bbox 1206 5105 1342 5160; x_wconf 82' lang='lat' dir='ltr'><strong>libro</strong></span> <span class='ocrx_word' id='word_1_450' title='bbox 1407 5108 1648 5176; x_wconf 87' lang='lat' dir='ltr'><strong>quolibet</strong></span> <span class='ocrx_word' id='word_1_451' title='bbox 1704 5109 1962 5168; x_wconf 61' lang='lat' dir='ltr'><strong>haereseos</strong></span> 
     </span>
    </p>
   </div>
   <div class='ocr_carea' id='block_1_70' title="bbox 833 5172 1580 5234">
    <p class='ocr_par' dir='ltr' id='par_1_70' title="bbox 833 5172 1580 5234">
     <span class='ocr_line' id='line_1_71' title="bbox 833 5172 1580 5234; baseline 0.011 -8"><span class='ocrx_word' id='word_1_452' title='bbox 833 5172 1168 5229; x_wconf 83' lang='lat' dir='ltr'><strong>Christianos</strong></span> <span class='ocrx_word' id='word_1_453' title='bbox 1188 5172 1580 5234; x_wconf 68' lang='lat' dir='ltr'><strong>accusantium.</strong></span> 
     </span>
    </p>
   </div>
   <div class='ocr_carea' id='block_1_71' title="bbox 459 5276 2029 5358">
    <p class='ocr_par' dir='ltr' id='par_1_71' title="bbox 459 5276 2029 5358">
     <span class='ocr_line' id='line_1_72' title="bbox 459 5276 2029 5358; baseline 0.01 -24"><span class='ocrx_word' id='word_1_454' title='bbox 459 5276 662 5334; x_wconf 90' lang='lat' dir='ltr'><strong>Omnia</strong></span> <span class='ocrx_word' id='word_1_455' title='bbox 677 5279 973 5349; x_wconf 89' lang='lat' dir='ltr'><strong>puerilitia</strong></span> <span class='ocrx_word' id='word_1_456' title='bbox 989 5281 1262 5356; x_wconf 89' lang='lat' dir='ltr'><strong>ludibria,</strong></span> <span class='ocrx_word' id='word_1_457' title='bbox 1278 5285 1626 5358; x_wconf 90' lang='lat' dir='ltr'><strong>insanasque</strong></span> <span class='ocrx_word' id='word_1_458' title='bbox 1636 5287 2029 5350; x_wconf 89' lang='lat' dir='ltr'><strong>debacchatio—</strong></span> 
     </span>
    </p>
   </div>
   <div class='ocr_carea' id='block_1_72' title="bbox 390 5370 2026 5442">
    <p class='ocr_par' dir='ltr' id='par_1_72' title="bbox 390 5370 2026 5442">
     <span class='ocr_line' id='line_1_73' title="bbox 390 5370 2026 5442; baseline 0.01 -20"><span class='ocrx_word' id='word_1_459' title='bbox 390 5379 488 5423; x_wconf 92' lang='lat' dir='ltr'><strong>nes</strong></span> <span class='ocrx_word' id='word_1_460' title='bbox 515 5371 688 5438; x_wconf 90' lang='lat' dir='ltr'><strong>atque</strong></span> <span class='ocrx_word' id='word_1_461' title='bbox 715 5370 1063 5442; x_wconf 86' lang='lat' dir='ltr'><strong>conscripta,</strong></span> <span class='ocrx_word' id='word_1_462' title='bbox 1096 5386 1219 5441; x_wconf 71' lang='lat' dir='ltr'><strong>qua:</strong></span> <span class='ocrx_word' id='word_1_463' title='bbox 1258 5371 1402 5429; x_wconf 91' lang='lat' dir='ltr'><strong>falso</strong></span> <span class='ocrx_word' id='word_1_464' title='bbox 1439 5378 1635 5430; x_wconf 89' lang='lat' dir='ltr'><strong>contra</strong></span> <span class='ocrx_word' id='word_1_465' title='bbox 1676 5380 2026 5440; x_wconf 87' lang='lat' dir='ltr'><strong>venerabiles</strong></span> 
     </span>
    </p>
   </div>
   <div class='ocr_carea' id='block_1_73' title="bbox 390 5454 2027 5540">
    <p class='ocr_par' dir='ltr' id='par_1_73' title="bbox 390 5454 2027 5540">
     <span class='ocr_line' id='line_1_74' title="bbox 390 5454 2027 5540; baseline 0.011 -28"><span class='ocrx_word' id='word_1_466' title='bbox 390 5455 671 5529; x_wconf 83' lang='lat' dir='ltr'><strong>imagines</strong></span> <span class='ocrx_word' id='word_1_467' title='bbox 702 5454 847 5514; x_wconf 86' lang='lat' dir='ltr'><strong>facta</strong></span> <span class='ocrx_word' id='word_1_468' title='bbox 874 5463 1028 5530; x_wconf 88' lang='lat' dir='ltr'><strong>sunt,</strong></span> <span class='ocrx_word' id='word_1_469' title='bbox 1068 5459 1192 5515; x_wconf 89' lang='lat' dir='ltr'><strong>dari</strong></span> <span class='ocrx_word' id='word_1_470' title='bbox 1222 5467 1443 5531; x_wconf 85' lang='lat' dir='ltr'><strong>oportet</strong></span> <span class='ocrx_word' id='word_1_471' title='bbox 1473 5463 1532 5520; x_wconf 90' lang='lat' dir='ltr'><strong>in</strong></span> <span class='ocrx_word' id='word_1_472' title='bbox 1563 5465 1857 5540; x_wconf 82' lang='lat' dir='ltr'><strong>episcOpio</strong></span> <span class='ocrx_word' id='word_1_473' title='bbox 1889 5472 2027 5531; x_wconf 86' lang='lat' dir='ltr'><strong>Con-</strong></span> 
     </span>
    </p>
   </div>
   <div class='ocr_carea' id='block_1_74' title="bbox 387 5546 2026 5622">
    <p class='ocr_par' dir='ltr' id='par_1_74' title="bbox 387 5546 2026 5622">
     <span class='ocr_line' id='line_1_75' title="bbox 387 5546 2026 5622; baseline 0.012 -20"><span class='ocrx_word' id='word_1_474' title='bbox 387 5546 860 5620; x_wconf 83' lang='lat' dir='ltr'><strong>stantinOpoleos,</strong></span> <span class='ocrx_word' id='word_1_475' title='bbox 895 5551 960 5605; x_wconf 92' lang='lat' dir='ltr'><strong>ut</strong></span> <span class='ocrx_word' id='word_1_476' title='bbox 984 5551 1366 5610; x_wconf 87' lang='lat' dir='ltr'><strong>recondantur</strong></span> <span class='ocrx_word' id='word_1_477' title='bbox 1391 5567 1523 5612; x_wconf 91' lang='lat' dir='ltr'><strong>cum</strong></span> <span class='ocrx_word' id='word_1_478' title='bbox 1550 5561 1888 5618; x_wconf 67' lang='lat' dir='ltr'><strong>caeterorum</strong></span> <span class='ocrx_word' id='word_1_479' title='bbox 1919 5565 2026 5622; x_wconf 67' lang='grc' dir='ltr'><strong>ὴω-</strong></span> 
     </span>
    </p>
   </div>
   <div class='ocr_carea' id='block_1_75' title="bbox 2183 1732 3842 1806">
    <p class='ocr_par' dir='ltr' id='par_1_75' title="bbox 2183 1732 3842 1806">
     <span class='ocr_line' id='line_1_76' title="bbox 2183 1732 3842 1806; baseline -0.001 -18"><span class='ocrx_word' id='word_1_480' title='bbox 2183 1733 2457 1789; x_wconf 89' lang='lat' dir='ltr'><strong>ecclesia:</strong></span> <span class='ocrx_word' id='word_1_481' title='bbox 2491 1735 2638 1806; x_wconf 86' lang='lat' dir='ltr'><strong>quod</strong></span> <span class='ocrx_word' id='word_1_482' title='bbox 2687 1735 2734 1790; x_wconf 90' lang='lat' dir='ltr'><strong>si</strong></span> <span class='ocrx_word' id='word_1_483' title='bbox 2782 1735 2888 1791; x_wconf 90' lang='lat' dir='ltr'><strong>hoc</strong></span> <span class='ocrx_word' id='word_1_484' title='bbox 2916 1733 3132 1802; x_wconf 86' lang='lat' dir='ltr'><strong>fecerit,</strong></span> <span class='ocrx_word' id='word_1_485' title='bbox 3165 1737 3220 1790; x_wconf 89' lang='lat' dir='ltr'><strong>et</strong></span> <span class='ocrx_word' id='word_1_486' title='bbox 3253 1733 3332 1788; x_wconf 90' lang='lat' dir='ltr'><strong>ita</strong></span> <span class='ocrx_word' id='word_1_487' title='bbox 3368 1732 3842 1802; x_wconf 82' lang='lat' dir='ltr'><strong>perseveraverit,</strong></span> 
     </span>
    </p>
   </div>
   <div class='ocr_carea' id='block_1_76' title="bbox 2181 1821 3845 1894">
    <p class='ocr_par' dir='ltr' id='par_1_76' title="bbox 2181 1821 3845 1894">
     <span class='ocr_line' id='line_1_77' title="bbox 2181 1821 3845 1894; baseline -0.001 -18"><span class='ocrx_word' id='word_1_488' title='bbox 2181 1821 2520 1892; x_wconf 89' lang='lat' dir='ltr'><strong>deponatur.</strong></span> <span class='ocrx_word' id='word_1_489' title='bbox 2554 1821 2853 1894; x_wconf 89' lang='lat' dir='ltr'><strong>Quotquot</strong></span> <span class='ocrx_word' id='word_1_490' title='bbox 2876 1827 3064 1880; x_wconf 92' lang='lat' dir='ltr'><strong>autem</strong></span> <span class='ocrx_word' id='word_1_491' title='bbox 3095 1837 3224 1878; x_wconf 90' lang='lat' dir='ltr'><strong>cum</strong></span> <span class='ocrx_word' id='word_1_492' title='bbox 3257 1821 3611 1877; x_wconf 89' lang='lat' dir='ltr'><strong>conscientia</strong></span> <span class='ocrx_word' id='word_1_493' title='bbox 3635 1821 3845 1890; x_wconf 70' lang='lat' dir='ltr'><strong>prmdi-</strong></span> 
     </span>
    </p>
   </div>
   <div class='ocr_carea' id='block_1_77' title="bbox 2184 1910 3848 1980">
    <p class='ocr_par' dir='ltr' id='par_1_77' title="bbox 2184 1910 3848 1980">
     <span class='ocr_line' id='line_1_78' title="bbox 2184 1910 3848 1980; baseline -0.002 -14"><span class='ocrx_word' id='word_1_494' title='bbox 2184 1918 2404 1967; x_wconf 89' lang='lat' dir='ltr'><strong>ctorum</strong></span> <span class='ocrx_word' id='word_1_495' title='bbox 2445 1912 2548 1968; x_wconf 92' lang='lat' dir='ltr'><strong>hoc</strong></span> <span class='ocrx_word' id='word_1_496' title='bbox 2574 1910 2814 1967; x_wconf 88' lang='lat' dir='ltr'><strong>fecerint</strong></span> <span class='ocrx_word' id='word_1_497' title='bbox 2839 1912 3217 1980; x_wconf 87' lang='lat' dir='ltr'><strong>sacerdotum,</strong></span> <span class='ocrx_word' id='word_1_498' title='bbox 3249 1925 3361 1967; x_wconf 92' lang='lat' dir='ltr'><strong>non</strong></span> <span class='ocrx_word' id='word_1_499' title='bbox 3389 1911 3525 1966; x_wconf 91' lang='lat' dir='ltr'><strong>licet</strong></span> <span class='ocrx_word' id='word_1_500' title='bbox 3553 1910 3641 1965; x_wconf 90' lang='lat' dir='ltr'><strong>eis</strong></span> <span class='ocrx_word' id='word_1_501' title='bbox 3675 1923 3848 1964; x_wconf 84' lang='lat' dir='ltr'><strong>mun-</strong></span> 
     </span>
    </p>
   </div>
   <div class='ocr_carea' id='block_1_78' title="bbox 2188 2000 3841 2072">
    <p class='ocr_par' dir='ltr' id='par_1_78' title="bbox 2188 2000 3841 2072">
     <span class='ocr_line' id='line_1_79' title="bbox 2188 2000 3841 2072; baseline 0 -16"><span class='ocrx_word' id='word_1_502' title='bbox 2188 2001 2365 2058; x_wconf 90' lang='lat' dir='ltr'><strong>danas</strong></span> <span class='ocrx_word' id='word_1_503' title='bbox 2397 2007 2452 2057; x_wconf 91' lang='lat' dir='ltr'><strong>et</strong></span> <span class='ocrx_word' id='word_1_504' title='bbox 2483 2001 2783 2057; x_wconf 75' lang='lat' dir='ltr'><strong>saeculares</strong></span> <span class='ocrx_word' id='word_1_505' title='bbox 2812 2016 2980 2058; x_wconf 88' lang='lat' dir='ltr'><strong>curas</strong></span> <span class='ocrx_word' id='word_1_506' title='bbox 3009 2001 3318 2072; x_wconf 88' lang='lat' dir='ltr'><strong>suscipere,</strong></span> <span class='ocrx_word' id='word_1_507' title='bbox 3353 2000 3668 2070; x_wconf 67' lang='lat' dir='ltr'><strong>prtesertim</strong></span> <span class='ocrx_word' id='word_1_508' title='bbox 3703 2014 3841 2056; x_wconf 91' lang='lat' dir='ltr'><strong>cum</strong></span> 
     </span>
    </p>
   </div>
   <div class='ocr_carea' id='block_1_79' title="bbox 2189 2090 3844 2163">
    <p class='ocr_par' dir='ltr' id='par_1_79' title="bbox 2189 2090 3844 2163">
     <span class='ocr_line' id='line_1_80' title="bbox 2189 2090 3844 2163; baseline 0.001 -18"><span class='ocrx_word' id='word_1_509' title='bbox 2189 2091 2293 2147; x_wconf 89' lang='lat' dir='ltr'><strong>hoc</strong></span> <span class='ocrx_word' id='word_1_510' title='bbox 2313 2103 2478 2163; x_wconf 89' lang='lat' dir='ltr'><strong>agere</strong></span> <span class='ocrx_word' id='word_1_511' title='bbox 2499 2090 2913 2162; x_wconf 89' lang='lat' dir='ltr'><strong>prohibeantur</strong></span> <span class='ocrx_word' id='word_1_512' title='bbox 2932 2105 2964 2146; x_wconf 90' lang='lat' dir='ltr'><strong>a</strong></span> <span class='ocrx_word' id='word_1_513' title='bbox 2986 2091 3168 2146; x_wconf 89' lang='lat' dir='ltr'><strong>sacris</strong></span> <span class='ocrx_word' id='word_1_514' title='bbox 3186 2090 3521 2147; x_wconf 87' lang='lat' dir='ltr'><strong>canonibus.</strong></span> <span class='ocrx_word' id='word_1_515' title='bbox 3547 2090 3844 2161; x_wconf 88' lang='lat' dir='ltr'><strong>Quisquis</strong></span> 
     </span>
    </p>
   </div>
   <div class='ocr_carea' id='block_1_80' title="bbox 2181 2179 3843 2251">
    <p class='ocr_par' dir='ltr' id='par_1_80' title="bbox 2181 2179 3843 2251">
     <span class='ocr_line' id='line_1_81' title="bbox 2181 2179 3843 2251; baseline 0.001 -17"><span class='ocrx_word' id='word_1_516' title='bbox 2181 2185 2368 2236; x_wconf 90' lang='lat' dir='ltr'><strong>autem</strong></span> <span class='ocrx_word' id='word_1_517' title='bbox 2394 2180 2726 2251; x_wconf 86' lang='lat' dir='ltr'><strong>apparuerit</strong></span> <span class='ocrx_word' id='word_1_518' title='bbox 2747 2194 2965 2251; x_wconf 87' lang='lat' dir='ltr'><strong>eorum,</strong></span> <span class='ocrx_word' id='word_1_519' title='bbox 3002 2181 3098 2250; x_wconf 91' lang='lat' dir='ltr'><strong>qui</strong></span> <span class='ocrx_word' id='word_1_520' title='bbox 3131 2179 3410 2236; x_wconf 87' lang='lat' dir='ltr'><strong>dicuntur</strong></span> <span class='ocrx_word' id='word_1_521' title='bbox 3439 2180 3706 2251; x_wconf 89' lang='lat' dir='ltr'><strong>majores,</strong></span> <span class='ocrx_word' id='word_1_522' title='bbox 3737 2194 3843 2236; x_wconf 91' lang='lat' dir='ltr'><strong>cu-</strong></span> 
     </span>
    </p>
   </div>
   <div class='ocr_carea' id='block_1_81' title="bbox 2181 2268 3846 2342">
    <p class='ocr_par' dir='ltr' id='par_1_81' title="bbox 2181 2268 3846 2342">
     <span class='ocr_line' id='line_1_82' title="bbox 2181 2268 3846 2342; baseline 0.001 -19"><span class='ocrx_word' id='word_1_523' title='bbox 2181 2282 2299 2324; x_wconf 90' lang='lat' dir='ltr'><strong>ram</strong></span> <span class='ocrx_word' id='word_1_524' title='bbox 2331 2275 2539 2328; x_wconf 87' lang='lat' dir='ltr'><strong>tenere.</strong></span> <span class='ocrx_word' id='word_1_525' title='bbox 2573 2274 2672 2326; x_wconf 89' lang='lat' dir='ltr'><strong>aut</strong></span> <span class='ocrx_word' id='word_1_526' title='bbox 2700 2270 2947 2342; x_wconf 89' lang='lat' dir='ltr'><strong>desinat,</strong></span> <span class='ocrx_word' id='word_1_527' title='bbox 2978 2275 3080 2326; x_wconf 92' lang='lat' dir='ltr'><strong>aut</strong></span> <span class='ocrx_word' id='word_1_528' title='bbox 3109 2269 3429 2339; x_wconf 90' lang='lat' dir='ltr'><strong>deponatur</strong></span> <span class='ocrx_word' id='word_1_529' title='bbox 3455 2287 3467 2322; x_wconf 86' lang='lat'><strong>:</strong></span> <span class='ocrx_word' id='word_1_530' title='bbox 3506 2268 3706 2339; x_wconf 90' lang='lat' dir='ltr'><strong>potius</strong></span> <span class='ocrx_word' id='word_1_531' title='bbox 3735 2283 3846 2324; x_wconf 89' lang='lat' dir='ltr'><strong>au-</strong></span> 
     </span>
    </p>
   </div>
   <div class='ocr_carea' id='block_1_82' title="bbox 2179 2359 3841 2432">
    <p class='ocr_par' dir='ltr' id='par_1_82' title="bbox 2179 2359 3841 2432">
     <span class='ocr_line' id='line_1_83' title="bbox 2179 2359 3841 2432; baseline 0.001 -19"><span class='ocrx_word' id='word_1_532' title='bbox 2179 2363 2288 2413; x_wconf 89' lang='lat' dir='ltr'><strong>tem</strong></span> <span class='ocrx_word' id='word_1_533' title='bbox 2332 2363 2552 2416; x_wconf 90' lang='lat' dir='ltr'><strong>maneat</strong></span> <span class='ocrx_word' id='word_1_534' title='bbox 2593 2359 2664 2416; x_wconf 91' lang='lat' dir='ltr'><strong>ad</strong></span> <span class='ocrx_word' id='word_1_535' title='bbox 2709 2359 3104 2432; x_wconf 85' lang='lat' dir='ltr'><strong>magisterium</strong></span> <span class='ocrx_word' id='word_1_536' title='bbox 3147 2364 3262 2414; x_wconf 93' lang='lat' dir='ltr'><strong>tam</strong></span> <span class='ocrx_word' id='word_1_537' title='bbox 3302 2371 3609 2429; x_wconf 89' lang='lat' dir='ltr'><strong>puerorum</strong></span> <span class='ocrx_word' id='word_1_538' title='bbox 3655 2371 3841 2429; x_wconf 89' lang='lat' dir='ltr'><strong>quam</strong></span> 
     </span>
    </p>
   </div>
   <div class='ocr_carea' id='block_1_83' title="bbox 2177 2445 3840 2522">
    <p class='ocr_par' dir='ltr' id='par_1_83' title="bbox 2177 2445 3840 2522">
     <span class='ocr_line' id='line_1_84' title="bbox 2177 2445 3840 2522; baseline 0.001 -21"><span class='ocrx_word' id='word_1_539' title='bbox 2177 2445 2542 2521; x_wconf 88' lang='lat' dir='ltr'><strong>famulorum,</strong></span> <span class='ocrx_word' id='word_1_540' title='bbox 2573 2449 2826 2522; x_wconf 88' lang='lat' dir='ltr'><strong>relegens</strong></span> <span class='ocrx_word' id='word_1_541' title='bbox 2851 2449 2936 2505; x_wconf 88' lang='lat' dir='ltr'><strong>eis</strong></span> <span class='ocrx_word' id='word_1_542' title='bbox 2959 2449 3188 2504; x_wconf 89' lang='lat' dir='ltr'><strong>divinas</strong></span> <span class='ocrx_word' id='word_1_543' title='bbox 3212 2448 3576 2518; x_wconf 89' lang='lat' dir='ltr'><strong>Scripturas:</strong></span> <span class='ocrx_word' id='word_1_544' title='bbox 3612 2447 3684 2503; x_wconf 89' lang='lat' dir='ltr'><strong>ad</strong></span> <span class='ocrx_word' id='word_1_545' title='bbox 3722 2447 3840 2503; x_wconf 91' lang='lat' dir='ltr'><strong>hoc</strong></span> 
     </span>
    </p>
   </div>
   <div class='ocr_carea' id='block_1_84' title="bbox 2173 2536 3439 2597">
    <p class='ocr_par' dir='ltr' id='par_1_84' title="bbox 2173 2536 3439 2597">
     <span class='ocr_line' id='line_1_85' title="bbox 2173 2536 3439 2597; baseline 0.002 -6"><span class='ocrx_word' id='word_1_546' title='bbox 2173 2536 2323 2593; x_wconf 92' lang='lat' dir='ltr'><strong>enim</strong></span> <span class='ocrx_word' id='word_1_547' title='bbox 2355 2538 2526 2593; x_wconf 89' lang='lat' dir='ltr'><strong>etiam</strong></span> <span class='ocrx_word' id='word_1_548' title='bbox 2558 2539 2942 2596; x_wconf 91' lang='lat' dir='ltr'><strong>sacerdotium</strong></span> <span class='ocrx_word' id='word_1_549' title='bbox 2969 2542 3312 2597; x_wconf 90' lang='lat' dir='ltr'><strong>consecutus</strong></span> <span class='ocrx_word' id='word_1_550' title='bbox 3336 2543 3439 2594; x_wconf 90' lang='lat' dir='ltr'><strong>est.</strong></span> 
     </span>
    </p>
   </div>
   <div class='ocr_carea' id='block_1_85' title="bbox 2946 2667 3042 2721">
    <p class='ocr_par' dir='ltr' id='par_1_85' title="bbox 2946 2667 3042 2721">
     <span class='ocr_line' id='line_1_86' title="bbox 2946 2667 3042 2721; baseline -0.01 0"><span class='ocrx_word' id='word_1_551' title='bbox 2946 2667 3042 2721; x_wconf 87' lang='lat' dir='ltr'><strong>XI.</strong></span> 
     </span>
    </p>
   </div>
   <div class='ocr_carea' id='block_1_86' title="bbox 2313 2771 3682 2846">
    <p class='ocr_par' dir='ltr' id='par_1_86' title="bbox 2313 2771 3682 2846">
     <span class='ocr_line' id='line_1_87' title="bbox 2313 2771 3682 2846; baseline 0.001 -20"><span class='ocrx_word' id='word_1_552' title='bbox 2313 2771 2466 2837; x_wconf 86' lang='lat' dir='ltr'><strong>Quod</strong></span> <span class='ocrx_word' id='word_1_553' title='bbox 2492 2776 2732 2842; x_wconf 82' lang='lat' dir='ltr'><strong>oporteat</strong></span> <span class='ocrx_word' id='word_1_554' title='bbox 2757 2789 3046 2828; x_wconf 71' lang='lat' dir='ltr'><strong>(economos</strong></span> <span class='ocrx_word' id='word_1_555' title='bbox 3074 2776 3269 2830; x_wconf 88' lang='lat' dir='ltr'><strong>essein</strong></span> <span class='ocrx_word' id='word_1_556' title='bbox 3298 2775 3586 2846; x_wconf 81' lang='lat' dir='ltr'><strong>episcopi-is</strong></span> <span class='ocrx_word' id='word_1_557' title='bbox 3615 2790 3682 2828; x_wconf 89' lang='lat' dir='ltr'><strong>ac</strong></span> 
     </span>
    </p>
   </div>
   <div class='ocr_carea' id='block_1_87' title="bbox 2817 2847 3158 2901">
    <p class='ocr_par' dir='ltr' id='par_1_87' title="bbox 2817 2847 3158 2901">
     <span class='ocr_line' id='line_1_88' title="bbox 2817 2847 3158 2901; baseline 0.003 -1"><span class='ocrx_word' id='word_1_558' title='bbox 2817 2847 3158 2901; x_wconf 77' lang='lat' dir='ltr'><strong>ministeriis.</strong></span> 
     </span>
    </p>
   </div>
   <div class='ocr_carea' id='block_1_88' title="bbox 2238 2951 3841 3012">
    <p class='ocr_par' dir='ltr' id='par_1_88' title="bbox 2238 2951 3841 3012">
     <span class='ocr_line' id='line_1_89' title="bbox 2238 2951 3841 3012; baseline 0.002 -5"><span class='ocrx_word' id='word_1_559' title='bbox 2238 2951 2376 3007; x_wconf 91' lang='lat' dir='ltr'><strong>Cum</strong></span> <span class='ocrx_word' id='word_1_560' title='bbox 2408 2952 2591 3009; x_wconf 88' lang='lat' dir='ltr'><strong>simus</strong></span> <span class='ocrx_word' id='word_1_561' title='bbox 2619 2953 2909 3010; x_wconf 89' lang='lat' dir='ltr'><strong>debitores</strong></span> <span class='ocrx_word' id='word_1_562' title='bbox 2938 2966 3134 3010; x_wconf 90' lang='lat' dir='ltr'><strong>omnes</strong></span> <span class='ocrx_word' id='word_1_563' title='bbox 3163 2966 3355 3011; x_wconf 88' lang='lat' dir='ltr'><strong>sacras</strong></span> <span class='ocrx_word' id='word_1_564' title='bbox 3380 2953 3604 3010; x_wconf 89' lang='lat' dir='ltr'><strong>litteras</strong></span> <span class='ocrx_word' id='word_1_565' title='bbox 3631 2959 3841 3012; x_wconf 88' lang='lat' dir='ltr'><strong>custo-</strong></span> 
     </span>
    </p>
   </div>
   <div class='ocr_carea' id='block_1_89' title="bbox 2346 3044 3839 3116">
    <p class='ocr_par' dir='ltr' id='par_1_89' title="bbox 2346 3044 3839 3116">
     <span class='ocr_line' id='line_1_90' title="bbox 2346 3044 3839 3116; baseline 0.003 -18"><span class='ocrx_word' id='word_1_566' title='bbox 2346 3045 2402 3098; x_wconf 91' lang='lat' dir='ltr'><strong>et</strong></span> <span class='ocrx_word' id='word_1_567' title='bbox 2429 3056 2551 3098; x_wconf 91' lang='lat' dir='ltr'><strong>eam</strong></span> <span class='ocrx_word' id='word_1_568' title='bbox 2583 3056 2708 3114; x_wconf 56' lang='lat' dir='ltr'><strong>quae</strong></span> <span class='ocrx_word' id='word_1_569' title='bbox 2738 3044 2905 3114; x_wconf 89' lang='lat' dir='ltr'><strong>dicit,</strong></span> <span class='ocrx_word' id='word_1_570' title='bbox 2937 3045 2994 3100; x_wconf 92' lang='lat' dir='ltr'><strong>in</strong></span> <span class='ocrx_word' id='word_1_571' title='bbox 3027 3058 3372 3116; x_wconf 86' lang='lat' dir='ltr'><strong>unaquaque</strong></span> <span class='ocrx_word' id='word_1_572' title='bbox 3401 3045 3644 3101; x_wconf 89' lang='lat' dir='ltr'><strong>ecclesia</strong></span> <span class='ocrx_word' id='word_1_573' title='bbox 3675 3059 3839 3102; x_wconf 77' lang='lat' dir='ltr'><strong>(eco-</strong></span> 
     </span>
    </p>
   </div>
   <div class='ocr_carea' id='block_1_90' title="bbox 2168 3131 3836 3206">
    <p class='ocr_par' dir='ltr' id='par_1_90' title="bbox 2168 3131 3836 3206">
     <span class='ocr_line' id='line_1_91' title="bbox 2168 3131 3836 3206; baseline 0.004 -19"><span class='ocrx_word' id='word_1_574' title='bbox 2168 3145 2367 3189; x_wconf 90' lang='lat' dir='ltr'><strong>nomos</strong></span> <span class='ocrx_word' id='word_1_575' title='bbox 2390 3147 2514 3190; x_wconf 90' lang='lat' dir='ltr'><strong>esse</strong></span> <span class='ocrx_word' id='word_1_576' title='bbox 2539 3131 2719 3204; x_wconf 84' lang='lat' dir='ltr'><strong>(Cone.</strong></span> <span class='ocrx_word' id='word_1_577' title='bbox 2750 3133 3000 3189; x_wconf 85' lang='lat' dir='ltr'><strong>Chalced.</strong></span> <span class='ocrx_word' id='word_1_578' title='bbox 3032 3147 3156 3196; x_wconf 87' lang='lat' dir='ltr'><strong>can.</strong></span> <span class='ocrx_word' id='word_1_579' title='bbox 3185 3133 3297 3206; x_wconf 76' lang='lat'><strong>26),</strong></span> <span class='ocrx_word' id='word_1_580' title='bbox 3329 3134 3518 3191; x_wconf 89' lang='lat' dir='ltr'><strong>modis</strong></span> <span class='ocrx_word' id='word_1_581' title='bbox 3546 3136 3836 3194; x_wconf 87' lang='lat' dir='ltr'><strong>omnibus</strong></span> 
     </span>
    </p>
   </div>
   <div class='ocr_carea' id='block_1_91' title="bbox 2170 3222 3837 3294">
    <p class='ocr_par' dir='ltr' id='par_1_91' title="bbox 2170 3222 3837 3294">
     <span class='ocr_line' id='line_1_92' title="bbox 2170 3222 3837 3294; baseline 0.004 -17"><span class='ocrx_word' id='word_1_582' title='bbox 2170 3222 2560 3278; x_wconf 88' lang='lat' dir='ltr'><strong>inviolabilem</strong></span> <span class='ocrx_word' id='word_1_583' title='bbox 2578 3236 2910 3280; x_wconf 87' lang='lat' dir='ltr'><strong>conservare</strong></span> <span class='ocrx_word' id='word_1_584' title='bbox 2925 3223 3221 3281; x_wconf 90' lang='lat' dir='ltr'><strong>debemus.</strong></span> <span class='ocrx_word' id='word_1_585' title='bbox 3237 3226 3306 3280; x_wconf 87' lang='lat' dir='ltr'><strong>Et</strong></span> <span class='ocrx_word' id='word_1_586' title='bbox 3321 3224 3370 3280; x_wconf 91' lang='lat' dir='ltr'><strong>si</strong></span> <span class='ocrx_word' id='word_1_587' title='bbox 3390 3225 3623 3294; x_wconf 88' lang='lat' dir='ltr'><strong>quidem</strong></span> <span class='ocrx_word' id='word_1_588' title='bbox 3643 3240 3837 3283; x_wconf 89' lang='lat' dir='ltr'><strong>unus-</strong></span> 
     </span>
    </p>
   </div>
   <div class='ocr_carea' id='block_1_92' title="bbox 2166 3311 3833 3384">
    <p class='ocr_par' dir='ltr' id='par_1_92' title="bbox 2166 3311 3833 3384">
     <span class='ocr_line' id='line_1_93' title="bbox 2166 3311 3833 3384; baseline 0.003 -17"><span class='ocrx_word' id='word_1_589' title='bbox 2166 3311 2414 3384; x_wconf 90' lang='lat' dir='ltr'><strong>quisque</strong></span> <span class='ocrx_word' id='word_1_590' title='bbox 2444 3315 2920 3384; x_wconf 90' lang='lat' dir='ltr'><strong>metropolitanus</strong></span> <span class='ocrx_word' id='word_1_591' title='bbox 2952 3315 3010 3370; x_wconf 94' lang='lat' dir='ltr'><strong>in</strong></span> <span class='ocrx_word' id='word_1_592' title='bbox 3042 3329 3145 3371; x_wconf 87' lang='lat' dir='ltr'><strong>sua</strong></span> <span class='ocrx_word' id='word_1_593' title='bbox 3175 3315 3416 3372; x_wconf 89' lang='lat' dir='ltr'><strong>ecclesia</strong></span> <span class='ocrx_word' id='word_1_594' title='bbox 3445 3316 3833 3374; x_wconf 85' lang='lat' dir='ltr'><strong>constituerit</strong></span> 
     </span>
    </p>
   </div>
   <div class='ocr_carea' id='block_1_93' title="bbox 2163 3403 3834 3478">
    <p class='ocr_par' dir='ltr' id='par_1_93' title="bbox 2163 3403 3834 3478">
     <span class='ocr_line' id='line_1_94' title="bbox 2163 3403 3834 3478; baseline 0.003 -20"><span class='ocrx_word' id='word_1_595' title='bbox 2163 3415 2540 3476; x_wconf 73' lang='lat' dir='ltr'><strong>mconomum,</strong></span> <span class='ocrx_word' id='word_1_596' title='bbox 2574 3403 2716 3460; x_wconf 90' lang='lat' dir='ltr'><strong>bene</strong></span> <span class='ocrx_word' id='word_1_597' title='bbox 2741 3405 2978 3476; x_wconf 90' lang='lat' dir='ltr'><strong>utique:</strong></span> <span class='ocrx_word' id='word_1_598' title='bbox 3015 3405 3107 3462; x_wconf 90' lang='lat' dir='ltr'><strong>sin</strong></span> <span class='ocrx_word' id='word_1_599' title='bbox 3133 3411 3346 3478; x_wconf 86' lang='lat' dir='ltr'><strong>autem,</strong></span> <span class='ocrx_word' id='word_1_600' title='bbox 3373 3420 3440 3462; x_wconf 87' lang='lat' dir='ltr'><strong>ex</strong></span> <span class='ocrx_word' id='word_1_601' title='bbox 3470 3407 3834 3464; x_wconf 77' lang='lat' dir='ltr'><strong>auctoritate</strong></span> 
     </span>
    </p>
   </div>
   <div class='ocr_carea' id='block_1_94' title="bbox 2166 3488 3831 3567">
    <p class='ocr_par' dir='ltr' id='par_1_94' title="bbox 2166 3488 3831 3567">
     <span class='ocr_line' id='line_1_95' title="bbox 2166 3488 3831 3567; baseline 0.005 -23"><span class='ocrx_word' id='word_1_602' title='bbox 2166 3490 2397 3561; x_wconf 90' lang='lat' dir='ltr'><strong>propria</strong></span> <span class='ocrx_word' id='word_1_603' title='bbox 2447 3488 2586 3564; x_wconf 88' lang='lat' dir='ltr'><strong>[Gr.,</strong></span> <span class='ocrx_word' id='word_1_604' title='bbox 2627 3491 2886 3567; x_wconf 84' lang='lat' dir='ltr'><strong>speciali]</strong></span> <span class='ocrx_word' id='word_1_605' title='bbox 2929 3494 3504 3564; x_wconf 90' lang='lat' dir='ltr'><strong>Constantinopoleos</strong></span> <span class='ocrx_word' id='word_1_606' title='bbox 3543 3495 3831 3567; x_wconf 83' lang='lat' dir='ltr'><strong>episcopo</strong></span> 
     </span>
    </p>
   </div>
   <div class='ocr_carea' id='block_1_95' title="bbox 2165 3578 3825 3654">
    <p class='ocr_par' dir='ltr' id='par_1_95' title="bbox 2165 3578 3825 3654">
     <span class='ocr_line' id='line_1_96' title="bbox 2165 3578 3825 3654; baseline 0.004 -21"><span class='ocrx_word' id='word_1_607' title='bbox 2165 3578 2399 3635; x_wconf 91' lang='lat' dir='ltr'><strong>licentia</strong></span> <span class='ocrx_word' id='word_1_608' title='bbox 2418 3584 2504 3636; x_wconf 93' lang='lat' dir='ltr'><strong>est</strong></span> <span class='ocrx_word' id='word_1_609' title='bbox 2523 3583 2887 3651; x_wconf 65' lang='lat' dir='ltr'><strong>praeponendi</strong></span> <span class='ocrx_word' id='word_1_610' title='bbox 2905 3597 3258 3640; x_wconf 81' lang='lat' dir='ltr'><strong>ceconomum</strong></span> <span class='ocrx_word' id='word_1_611' title='bbox 3275 3584 3335 3640; x_wconf 93' lang='lat' dir='ltr'><strong>in</strong></span> <span class='ocrx_word' id='word_1_612' title='bbox 3357 3585 3483 3654; x_wconf 88' lang='lat' dir='ltr'><strong>ejus</strong></span> <span class='ocrx_word' id='word_1_613' title='bbox 3501 3584 3825 3643; x_wconf 85' lang='lat' dir='ltr'><strong>eccleesia:</strong></span> 
     </span>
    </p>
   </div>
   <div class='ocr_carea' id='block_1_96' title="bbox 2162 3661 3844 3745">
    <p class='ocr_par' dir='ltr' id='par_1_96' title="bbox 2162 3661 3844 3745">
     <span class='ocr_line' id='line_1_97' title="bbox 2162 3661 3844 3745; baseline 0.005 -21"><span class='ocrx_word' id='word_1_614' title='bbox 2162 3667 2436 3724; x_wconf 86' lang='lat' dir='ltr'><strong>similiter</strong></span> <span class='ocrx_word' id='word_1_615' title='bbox 2459 3673 2515 3724; x_wconf 92' lang='lat' dir='ltr'><strong>et</strong></span> <span class='ocrx_word' id='word_1_616' title='bbox 2537 3671 3014 3744; x_wconf 88' lang='lat' dir='ltr'><strong>metropolitanis,</strong></span> <span class='ocrx_word' id='word_1_617' title='bbox 3039 3674 3090 3729; x_wconf 94' lang='lat' dir='ltr'><strong>si</strong></span> <span class='ocrx_word' id='word_1_618' title='bbox 3113 3673 3367 3744; x_wconf 82' lang='lat' dir='ltr'><strong>episcOpi</strong></span> <span class='ocrx_word' id='word_1_619' title='bbox 3397 3674 3494 3745; x_wconf 89' lang='lat' dir='ltr'><strong>qui</strong></span> <span class='ocrx_word' id='word_1_620' title='bbox 3524 3673 3635 3730; x_wconf 91' lang='lat' dir='ltr'><strong>sub</strong></span> <span class='ocrx_word' id='word_1_621' title='bbox 3665 3661 3844 3745; x_wconf 88' lang='lat' dir='ltr'><strong>ipsis</strong></span> 
     </span>
    </p>
   </div>
   <div class='ocr_carea' id='block_1_97' title="bbox 2161 3761 3830 3833">
    <p class='ocr_par' dir='ltr' id='par_1_97' title="bbox 2161 3761 3830 3833">
     <span class='ocr_line' id='line_1_98' title="bbox 2161 3761 3830 3833; baseline 0.004 -19"><span class='ocrx_word' id='word_1_622' title='bbox 2161 3763 2316 3830; x_wconf 90' lang='lat' dir='ltr'><strong>sunt,</strong></span> <span class='ocrx_word' id='word_1_623' title='bbox 2350 3772 2460 3816; x_wconf 92' lang='lat' dir='ltr'><strong>non</strong></span> <span class='ocrx_word' id='word_1_624' title='bbox 2494 3761 2804 3833; x_wconf 90' lang='lat' dir='ltr'><strong>sategerint</strong></span> <span class='ocrx_word' id='word_1_625' title='bbox 2831 3775 3155 3820; x_wconf 73' lang='lat' dir='ltr'><strong>meonomos</strong></span> <span class='ocrx_word' id='word_1_626' title='bbox 3193 3767 3443 3820; x_wconf 87' lang='lat' dir='ltr'><strong>statuere</strong></span> <span class='ocrx_word' id='word_1_627' title='bbox 3475 3762 3533 3818; x_wconf 91' lang='lat' dir='ltr'><strong>in</strong></span> <span class='ocrx_word' id='word_1_628' title='bbox 3568 3763 3706 3820; x_wconf 89' lang='lat' dir='ltr'><strong>suis</strong></span> <span class='ocrx_word' id='word_1_629' title='bbox 3738 3779 3830 3821; x_wconf 89' lang='lat' dir='ltr'><strong>ec-</strong></span> 
     </span>
    </p>
   </div>
   <div class='ocr_carea' id='block_1_98' title="bbox 2157 3847 3830 3920">
    <p class='ocr_par' dir='ltr' id='par_1_98' title="bbox 2157 3847 3830 3920">
     <span class='ocr_line' id='line_1_99' title="bbox 2157 3847 3830 3920; baseline 0.006 -17"><span class='ocrx_word' id='word_1_630' title='bbox 2157 3847 2372 3904; x_wconf 91' lang='lat' dir='ltr'><strong>clesiis.</strong></span> <span class='ocrx_word' id='word_1_631' title='bbox 2403 3848 2460 3905; x_wconf 91' lang='lat' dir='ltr'><strong>Id</strong></span> <span class='ocrx_word' id='word_1_632' title='bbox 2491 3849 2678 3920; x_wconf 91' lang='lat' dir='ltr'><strong>ipsum</strong></span> <span class='ocrx_word' id='word_1_633' title='bbox 2707 3855 2896 3908; x_wconf 90' lang='lat' dir='ltr'><strong>autem</strong></span> <span class='ocrx_word' id='word_1_634' title='bbox 2923 3852 3263 3910; x_wconf 89' lang='lat' dir='ltr'><strong>servandum</strong></span> <span class='ocrx_word' id='word_1_635' title='bbox 3295 3857 3382 3910; x_wconf 90' lang='lat' dir='ltr'><strong>est</strong></span> <span class='ocrx_word' id='word_1_636' title='bbox 3405 3853 3579 3910; x_wconf 89' lang='lat' dir='ltr'><strong>etiam</strong></span> <span class='ocrx_word' id='word_1_637' title='bbox 3609 3853 3674 3910; x_wconf 92' lang='lat' dir='ltr'><strong>in</strong></span> <span class='ocrx_word' id='word_1_638' title='bbox 3706 3867 3830 3913; x_wconf 87' lang='lat' dir='ltr'><strong>mo-</strong></span> 
     </span>
    </p>
   </div>
   <div class='ocr_carea' id='block_1_99' title="bbox 2159 3935 2446 3994">
    <p class='ocr_par' dir='ltr' id='par_1_99' title="bbox 2159 3935 2446 3994">
     <span class='ocr_line' id='line_1_100' title="bbox 2159 3935 2446 3994; baseline 0.003 -1"><span class='ocrx_word' id='word_1_639' title='bbox 2159 3935 2446 3994; x_wconf 88' lang='lat' dir='ltr'><strong>nasteriis.</strong></span> 
     </span>
    </p>
   </div>
   <div class='ocr_carea' id='block_1_100' title="bbox 2915 4031 3037 4086">
    <p class='ocr_par' dir='ltr' id='par_1_100' title="bbox 2915 4031 3037 4086">
     <span class='ocr_line' id='line_1_101' title="bbox 2915 4031 3037 4086; baseline -0.008 0"><span class='ocrx_word' id='word_1_640' title='bbox 2915 4031 3037 4086; x_wconf 88' lang='lat' dir='ltr'><strong>XII.</strong></span> 
     </span>
    </p>
   </div>
   <div class='ocr_carea' id='block_1_101' title="bbox 2154 4132 3828 4209">
    <p class='ocr_par' dir='ltr' id='par_1_101' title="bbox 2154 4132 3828 4209">
     <span class='ocr_line' id='line_1_102' title="bbox 2154 4132 3828 4209; baseline 0.005 -21"><span class='ocrx_word' id='word_1_641' title='bbox 2154 4132 2308 4200; x_wconf 88' lang='lat' dir='ltr'><strong>Quod</strong></span> <span class='ocrx_word' id='word_1_642' title='bbox 2353 4150 2460 4209; x_wconf 84' lang='lat' dir='ltr'><strong>non</strong></span> <span class='ocrx_word' id='word_1_643' title='bbox 2485 4140 2746 4209; x_wconf 86' lang='lat' dir='ltr'><strong>_0porteat</strong></span> <span class='ocrx_word' id='word_1_644' title='bbox 2791 4139 3098 4209; x_wconf 76' lang='lat' dir='ltr'><strong>episc0pum</strong></span> <span class='ocrx_word' id='word_1_645' title='bbox 3143 4140 3230 4194; x_wconf 81' lang='lat' dir='ltr'><strong>vel</strong></span> <span class='ocrx_word' id='word_1_646' title='bbox 3265 4139 3515 4195; x_wconf 85' lang='lat' dir='ltr'><strong>abbatem</strong></span> <span class='ocrx_word' id='word_1_647' title='bbox 3560 4141 3828 4197; x_wconf 78' lang='lat' dir='ltr'><strong>alienare</strong></span> 
     </span>
    </p>
   </div>
   <div class='ocr_carea' id='block_1_102' title="bbox 2365 4206 3585 4287">
    <p class='ocr_par' dir='ltr' id='par_1_102' title="bbox 2365 4206 3585 4287">
     <span class='ocr_line' id='line_1_103' title="bbox 2365 4206 3585 4287; baseline 0.005 -26"><span class='ocrx_word' id='word_1_648' title='bbox 2365 4207 2501 4276; x_wconf 87' lang='lat' dir='ltr'><strong>quid</strong></span> <span class='ocrx_word' id='word_1_649' title='bbox 2530 4209 2596 4263; x_wconf 89' lang='lat' dir='ltr'><strong>de</strong></span> <span class='ocrx_word' id='word_1_650' title='bbox 2623 4206 2888 4278; x_wconf 85' lang='lat' dir='ltr'><strong>proastiis</strong></span> <span class='ocrx_word' id='word_1_651' title='bbox 2923 4206 3297 4287; x_wconf 69' lang='lat' dir='ltr'><strong>[suburbanis]</strong></span> <span class='ocrx_word' id='word_1_652' title='bbox 3333 4213 3585 4267; x_wconf 75' lang='lat' dir='ltr'><strong>ecclesiae.</strong></span> 
     </span>
    </p>
   </div>
   <div class='ocr_carea' id='block_1_103' title="bbox 2219 4310 3827 4386">
    <p class='ocr_par' dir='ltr' id='par_1_103' title="bbox 2219 4310 3827 4386">
     <span class='ocr_line' id='line_1_104' title="bbox 2219 4310 3827 4386; baseline 0.004 -17"><span class='ocrx_word' id='word_1_653' title='bbox 2219 4310 2497 4385; x_wconf 89' lang='lat' dir='ltr'><strong>Quisquis</strong></span> <span class='ocrx_word' id='word_1_654' title='bbox 2534 4315 2838 4386; x_wconf 91' lang='lat' dir='ltr'><strong>episcopus</strong></span> <span class='ocrx_word' id='word_1_655' title='bbox 2878 4316 3146 4375; x_wconf 90' lang='lat' dir='ltr'><strong>inventus</strong></span> <span class='ocrx_word' id='word_1_656' title='bbox 3175 4317 3352 4376; x_wconf 90' lang='lat' dir='ltr'><strong>fuerit</strong></span> <span class='ocrx_word' id='word_1_657' title='bbox 3385 4318 3469 4375; x_wconf 93' lang='lat' dir='ltr'><strong>vel</strong></span> <span class='ocrx_word' id='word_1_658' title='bbox 3509 4318 3696 4376; x_wconf 90' lang='lat' dir='ltr'><strong>abbas</strong></span> <span class='ocrx_word' id='word_1_659' title='bbox 3746 4322 3827 4378; x_wconf 88' lang='lat' dir='ltr'><strong>de</strong></span> 
     </span>
    </p>
   </div>
   <div class='ocr_carea' id='block_1_104' title="bbox 2150 4402 3825 4482">
    <p class='ocr_par' dir='ltr' id='par_1_104' title="bbox 2150 4402 3825 4482">
     <span class='ocr_line' id='line_1_105' title="bbox 2150 4402 3825 4482; baseline 0.007 -25"><span class='ocrx_word' id='word_1_660' title='bbox 2150 4402 2380 4459; x_wconf 89' lang='lat' dir='ltr'><strong>salariis</strong></span> <span class='ocrx_word' id='word_1_661' title='bbox 2433 4405 2610 4476; x_wconf 89' lang='lat' dir='ltr'><strong>[agris</strong></span> <span class='ocrx_word' id='word_1_662' title='bbox 2665 4420 2760 4461; x_wconf 87' lang='lat' dir='ltr'><strong>seu</strong></span> <span class='ocrx_word' id='word_1_663' title='bbox 2816 4405 3034 4482; x_wconf 84' lang='lat' dir='ltr'><strong>fundis]</strong></span> <span class='ocrx_word' id='word_1_664' title='bbox 3095 4409 3378 4480; x_wconf 91' lang='lat' dir='ltr'><strong>episcopii</strong></span> <span class='ocrx_word' id='word_1_665' title='bbox 3435 4409 3556 4466; x_wconf 90' lang='lat' dir='ltr'><strong>sive</strong></span> <span class='ocrx_word' id='word_1_666' title='bbox 3612 4425 3825 4469; x_wconf 87' lang='lat' dir='ltr'><strong>mona-</strong></span> 
     </span>
    </p>
   </div>
   <div class='ocr_carea' id='block_1_105' title="bbox 2148 4492 3825 4570">
    <p class='ocr_par' dir='ltr' id='par_1_105' title="bbox 2148 4492 3825 4570">
     <span class='ocr_line' id='line_1_106' title="bbox 2148 4492 3825 4570; baseline 0.006 -22"><span class='ocrx_word' id='word_1_667' title='bbox 2148 4492 2312 4548; x_wconf 89' lang='lat' dir='ltr'><strong>sterii</strong></span> <span class='ocrx_word' id='word_1_668' title='bbox 2341 4493 2649 4550; x_wconf 87' lang='lat' dir='ltr'><strong>transferre</strong></span> <span class='ocrx_word' id='word_1_669' title='bbox 2675 4496 2990 4567; x_wconf 90' lang='lat' dir='ltr'><strong>quidquam</strong></span> <span class='ocrx_word' id='word_1_670' title='bbox 3019 4498 3076 4553; x_wconf 92' lang='lat' dir='ltr'><strong>in</strong></span> <span class='ocrx_word' id='word_1_671' title='bbox 3106 4498 3432 4569; x_wconf 91' lang='lat' dir='ltr'><strong>principum</strong></span> <span class='ocrx_word' id='word_1_672' title='bbox 3460 4512 3692 4570; x_wconf 89' lang='lat' dir='ltr'><strong>manus,</strong></span> <span class='ocrx_word' id='word_1_673' title='bbox 3723 4502 3825 4558; x_wconf 86' lang='lat' dir='ltr'><strong>vel</strong></span> 
     </span>
    </p>
   </div>
   <div class='ocr_carea' id='block_1_106' title="bbox 2147 4580 3826 4660">
    <p class='ocr_par' dir='ltr' id='par_1_106' title="bbox 2147 4580 3826 4660">
     <span class='ocr_line' id='line_1_107' title="bbox 2147 4580 3826 4660; baseline 0.008 -24"><span class='ocrx_word' id='word_1_674' title='bbox 2147 4580 2318 4637; x_wconf 90' lang='lat' dir='ltr'><strong>etiam</strong></span> <span class='ocrx_word' id='word_1_675' title='bbox 2343 4581 2446 4637; x_wconf 88' lang='lat' dir='ltr'><strong>alii</strong></span> <span class='ocrx_word' id='word_1_676' title='bbox 2472 4597 2725 4653; x_wconf 68' lang='lat' dir='ltr'><strong>personae</strong></span> <span class='ocrx_word' id='word_1_677' title='bbox 2747 4585 3026 4659; x_wconf 89' lang='lat' dir='ltr'><strong>conferre,</strong></span> <span class='ocrx_word' id='word_1_678' title='bbox 3063 4587 3294 4646; x_wconf 89' lang='lat' dir='ltr'><strong>irritum</strong></span> <span class='ocrx_word' id='word_1_679' title='bbox 3322 4589 3401 4645; x_wconf 88' lang='lat' dir='ltr'><strong>sit</strong></span> <span class='ocrx_word' id='word_1_680' title='bbox 3425 4589 3574 4660; x_wconf 91' lang='lat' dir='ltr'><strong>quod</strong></span> <span class='ocrx_word' id='word_1_681' title='bbox 3599 4591 3826 4648; x_wconf 88' lang='lat' dir='ltr'><strong>datum</strong></span> 
     </span>
    </p>
   </div>
   <div class='ocr_carea' id='block_1_107' title="bbox 2146 4671 3825 4751">
    <p class='ocr_par' dir='ltr' id='par_1_107' title="bbox 2146 4671 3825 4751">
     <span class='ocr_line' id='line_1_108' title="bbox 2146 4671 3825 4751; baseline 0.007 -26"><span class='ocrx_word' id='word_1_682' title='bbox 2146 4683 2267 4726; x_wconf 89' lang='lat' dir='ltr'><strong>esse</strong></span> <span class='ocrx_word' id='word_1_683' title='bbox 2296 4671 2642 4746; x_wconf 90' lang='lat' dir='ltr'><strong>constiterit,</strong></span> <span class='ocrx_word' id='word_1_684' title='bbox 2677 4675 2993 4733; x_wconf 88' lang='lat' dir='ltr'><strong>secundum</strong></span> <span class='ocrx_word' id='word_1_685' title='bbox 3027 4673 3168 4751; x_wconf 84' lang='lat' dir='ltr'><strong>[Gr.,</strong></span> <span class='ocrx_word' id='word_1_686' title='bbox 3208 4678 3375 4734; x_wconf 87' lang='lat' dir='ltr'><strong>irrita</strong></span> <span class='ocrx_word' id='word_1_687' title='bbox 3406 4679 3486 4734; x_wconf 88' lang='lat' dir='ltr'><strong>sit</strong></span> <span class='ocrx_word' id='word_1_688' title='bbox 3517 4679 3825 4737; x_wconf 87' lang='lat' dir='ltr'><strong>alienatio</strong></span> 
     </span>
    </p>
   </div>
   <div class='ocr_carea' id='block_1_108' title="bbox 2147 4758 3825 4838">
    <p class='ocr_par' dir='ltr' id='par_1_108' title="bbox 2147 4758 3825 4838">
     <span class='ocr_line' id='line_1_109' title="bbox 2147 4758 3825 4838; baseline 0.006 -22"><span class='ocrx_word' id='word_1_689' title='bbox 2147 4758 2482 4836; x_wconf 89' lang='lat' dir='ltr'><strong>secundum]</strong></span> <span class='ocrx_word' id='word_1_690' title='bbox 2498 4776 2770 4821; x_wconf 91' lang='lat' dir='ltr'><strong>canonem</strong></span> <span class='ocrx_word' id='word_1_691' title='bbox 2787 4770 3115 4824; x_wconf 88' lang='lat' dir='ltr'><strong>sanctorum</strong></span> <span class='ocrx_word' id='word_1_692' title='bbox 3127 4768 3519 4838; x_wconf 88' lang='lat' dir='ltr'><strong>apostolorum</strong></span> <span class='ocrx_word' id='word_1_693' title='bbox 3533 4769 3638 4838; x_wconf 91' lang='lat' dir='ltr'><strong>qui</strong></span> <span class='ocrx_word' id='word_1_694' title='bbox 3652 4769 3825 4827; x_wconf 85' lang='lat' dir='ltr'><strong>dicit</strong></span> 
     </span>
    </p>
   </div>
   <div class='ocr_carea' id='block_1_109' title="bbox 2145 4848 3824 4929">
    <p class='ocr_par' dir='ltr' id='par_1_109' title="bbox 2145 4848 3824 4929">
     <span class='ocr_line' id='line_1_110' title="bbox 2145 4848 3824 4929; baseline 0.006 -24"><span class='ocrx_word' id='word_1_695' title='bbox 2145 4849 2288 4920; x_wconf 81' lang='lat' dir='ltr'><strong>(can.</strong></span> <span class='ocrx_word' id='word_1_696' title='bbox 2315 4848 2435 4923; x_wconf 84' lang='lat'><strong>39}:</strong></span> <span class='ocrx_word' id='word_1_697' title='bbox 2460 4851 2729 4910; x_wconf 87' lang='lat' dir='ltr'><strong>Omnium</strong></span> <span class='ocrx_word' id='word_1_698' title='bbox 2747 4854 3264 4913; x_wconf 89' lang='lat' dir='ltr'><strong>ecclesiasticarum</strong></span> <span class='ocrx_word' id='word_1_699' title='bbox 3282 4871 3475 4914; x_wconf 90' lang='lat' dir='ltr'><strong>rerum</strong></span> <span class='ocrx_word' id='word_1_700' title='bbox 3489 4858 3824 4929; x_wconf 90' lang='lat' dir='ltr'><strong>episcopus</strong></span> 
     </span>
    </p>
   </div>
   <div class='ocr_carea' id='block_1_110' title="bbox 2146 4939 3820 5019">
    <p class='ocr_par' dir='ltr' id='par_1_110' title="bbox 2146 4939 3820 5019">
     <span class='ocr_line' id='line_1_111' title="bbox 2146 4939 3820 5019; baseline 0.005 -23"><span class='ocrx_word' id='word_1_701' title='bbox 2146 4939 2599 4998; x_wconf 91' lang='lat' dir='ltr'><strong>sollicitudinem</strong></span> <span class='ocrx_word' id='word_1_702' title='bbox 2627 4941 2851 5016; x_wconf 90' lang='lat' dir='ltr'><strong>habeat,</strong></span> <span class='ocrx_word' id='word_1_703' title='bbox 2874 4949 2930 5001; x_wconf 93' lang='lat' dir='ltr'><strong>et</strong></span> <span class='ocrx_word' id='word_1_704' title='bbox 2948 4945 3243 5017; x_wconf 90' lang='lat' dir='ltr'><strong>dispenset</strong></span> <span class='ocrx_word' id='word_1_705' title='bbox 3261 4959 3358 5002; x_wconf 91' lang='lat' dir='ltr'><strong>eas</strong></span> <span class='ocrx_word' id='word_1_706' title='bbox 3383 4951 3660 5019; x_wconf 89' lang='lat' dir='ltr'><strong>tanquam</strong></span> <span class='ocrx_word' id='word_1_707' title='bbox 3683 4949 3820 5006; x_wconf 90' lang='lat' dir='ltr'><strong>Deo</strong></span> 
     </span>
    </p>
   </div>
   <div class='ocr_carea' id='block_1_111' title="bbox 2144 5031 3832 5110">
    <p class='ocr_par' dir='ltr' id='par_1_111' title="bbox 2144 5031 3832 5110">
     <span class='ocr_line' id='line_1_112' title="bbox 2144 5031 3832 5110; baseline 0.008 -25"><span class='ocrx_word' id='word_1_708' title='bbox 2144 5031 2593 5102; x_wconf 88' lang='lat' dir='ltr'><strong>contemplante;</strong></span> <span class='ocrx_word' id='word_1_709' title='bbox 2627 5046 2741 5090; x_wconf 91' lang='lat' dir='ltr'><strong>non</strong></span> <span class='ocrx_word' id='word_1_710' title='bbox 2779 5033 2949 5090; x_wconf 91' lang='lat' dir='ltr'><strong>liceat</strong></span> <span class='ocrx_word' id='word_1_711' title='bbox 2989 5040 3180 5092; x_wconf 90' lang='lat' dir='ltr'><strong>autem</strong></span> <span class='ocrx_word' id='word_1_712' title='bbox 3223 5037 3276 5092; x_wconf 92' lang='lat' dir='ltr'><strong>ei</strong></span> <span class='ocrx_word' id='word_1_713' title='bbox 3322 5035 3592 5095; x_wconf 90' lang='lat' dir='ltr'><strong>fraudare</strong></span> <span class='ocrx_word' id='word_1_714' title='bbox 3631 5042 3832 5110; x_wconf 85' lang='lat' dir='ltr'><strong>quid-</strong></span> 
     </span>
    </p>
   </div>
   <div class='ocr_carea' id='block_1_112' title="bbox 2144 5119 3820 5199">
    <p class='ocr_par' dir='ltr' id='par_1_112' title="bbox 2144 5119 3820 5199">
     <span class='ocr_line' id='line_1_113' title="bbox 2144 5119 3820 5199; baseline 0.01 -26"><span class='ocrx_word' id='word_1_715' title='bbox 2144 5119 2284 5189; x_wconf 88' lang='lat' dir='ltr'><strong>quid</strong></span> <span class='ocrx_word' id='word_1_716' title='bbox 2317 5135 2384 5176; x_wconf 87' lang='lat' dir='ltr'><strong>ex</strong></span> <span class='ocrx_word' id='word_1_717' title='bbox 2416 5121 2556 5194; x_wconf 90' lang='lat' dir='ltr'><strong>illis,</strong></span> <span class='ocrx_word' id='word_1_718' title='bbox 2593 5122 2677 5178; x_wconf 90' lang='lat' dir='ltr'><strong>vel</strong></span> <span class='ocrx_word' id='word_1_719' title='bbox 2708 5124 2968 5195; x_wconf 90' lang='lat' dir='ltr'><strong>cognatis</strong></span> <span class='ocrx_word' id='word_1_720' title='bbox 3000 5127 3253 5196; x_wconf 89' lang='lat' dir='ltr'><strong>propriis</strong></span> <span class='ocrx_word' id='word_1_721' title='bbox 3288 5128 3504 5185; x_wconf 90' lang='lat' dir='ltr'><strong>donare</strong></span> <span class='ocrx_word' id='word_1_722' title='bbox 3533 5144 3660 5199; x_wconf 66' lang='lat' dir='ltr'><strong>qua:</strong></span> <span class='ocrx_word' id='word_1_723' title='bbox 3695 5132 3820 5190; x_wconf 90' lang='lat' dir='ltr'><strong>Dei</strong></span> 
     </span>
    </p>
   </div>
   <div class='ocr_carea' id='block_1_113' title="bbox 2142 5210 3826 5290">
    <p class='ocr_par' dir='ltr' id='par_1_113' title="bbox 2142 5210 3826 5290">
     <span class='ocr_line' id='line_1_114' title="bbox 2142 5210 3826 5290; baseline 0.009 -25"><span class='ocrx_word' id='word_1_724' title='bbox 2142 5214 2292 5265; x_wconf 90' lang='lat' dir='ltr'><strong>sunt.</strong></span> <span class='ocrx_word' id='word_1_725' title='bbox 2336 5210 2494 5278; x_wconf 91' lang='lat' dir='ltr'><strong>Quod</strong></span> <span class='ocrx_word' id='word_1_726' title='bbox 2524 5211 2572 5266; x_wconf 92' lang='lat' dir='ltr'><strong>si</strong></span> <span class='ocrx_word' id='word_1_727' title='bbox 2609 5226 2881 5283; x_wconf 89' lang='lat' dir='ltr'><strong>pauperes</strong></span> <span class='ocrx_word' id='word_1_728' title='bbox 2911 5213 3146 5288; x_wconf 89' lang='lat' dir='ltr'><strong>fuerint,</strong></span> <span class='ocrx_word' id='word_1_729' title='bbox 3195 5223 3256 5273; x_wconf 91' lang='lat' dir='ltr'><strong>ut</strong></span> <span class='ocrx_word' id='word_1_730' title='bbox 3287 5219 3643 5290; x_wconf 89' lang='lat' dir='ltr'><strong>pauperibus</strong></span> <span class='ocrx_word' id='word_1_731' title='bbox 3688 5222 3826 5280; x_wconf 80' lang='lat' dir='ltr'><strong>lar-</strong></span> 
     </span>
    </p>
   </div>
   <div class='ocr_carea' id='block_1_114' title="bbox 2139 5298 3823 5380">
    <p class='ocr_par' dir='ltr' id='par_1_114' title="bbox 2139 5298 3823 5380">
     <span class='ocr_line' id='line_1_115' title="bbox 2139 5298 3823 5380; baseline 0.01 -28"><span class='ocrx_word' id='word_1_732' title='bbox 2139 5298 2367 5371; x_wconf 89' lang='lat' dir='ltr'><strong>giatur:</strong></span> <span class='ocrx_word' id='word_1_733' title='bbox 2403 5300 2497 5355; x_wconf 91' lang='lat' dir='ltr'><strong>sed</strong></span> <span class='ocrx_word' id='word_1_734' title='bbox 2535 5315 2646 5357; x_wconf 90' lang='lat' dir='ltr'><strong>non</strong></span> <span class='ocrx_word' id='word_1_735' title='bbox 2679 5303 2785 5358; x_wconf 91' lang='lat' dir='ltr'><strong>sub</strong></span> <span class='ocrx_word' id='word_1_736' title='bbox 2820 5317 3018 5362; x_wconf 90' lang='lat' dir='ltr'><strong>eorum</strong></span> <span class='ocrx_word' id='word_1_737' title='bbox 3056 5308 3352 5365; x_wconf 89' lang='lat' dir='ltr'><strong>occasione</strong></span> <span class='ocrx_word' id='word_1_738' title='bbox 3378 5324 3504 5380; x_wconf 70' lang='lat' dir='ltr'><strong>quae</strong></span> <span class='ocrx_word' id='word_1_739' title='bbox 3539 5316 3677 5367; x_wconf 89' lang='lat' dir='ltr'><strong>sunt</strong></span> <span class='ocrx_word' id='word_1_740' title='bbox 3715 5328 3823 5370; x_wconf 87' lang='lat' dir='ltr'><strong>ec-</strong></span> 
     </span>
    </p>
   </div>
   <div class='ocr_carea' id='block_1_115' title="bbox 2135 5388 3823 5475">
    <p class='ocr_par' dir='ltr' id='par_1_115' title="bbox 2135 5388 3823 5475">
     <span class='ocr_line' id='line_1_116' title="bbox 2135 5388 3823 5475; baseline 0.012 -30"><span class='ocrx_word' id='word_1_741' title='bbox 2135 5389 2322 5446; x_wconf 66' lang='lat' dir='ltr'><strong>clesiaa</strong></span> <span class='ocrx_word' id='word_1_742' title='bbox 2355 5388 2764 5450; x_wconf 87' lang='lat' dir='ltr'><strong>defraudentur</strong></span> <span class='ocrx_word' id='word_1_743' title='bbox 2800 5389 2944 5470; x_wconf 75' lang='lat' dir='ltr'><strong>[Gr.,</strong></span> <span class='ocrx_word' id='word_1_744' title='bbox 2990 5397 3324 5475; x_wconf 90' lang='lat' dir='ltr'><strong>venundet].</strong></span> <span class='ocrx_word' id='word_1_745' title='bbox 3348 5400 3510 5470; x_wconf 91' lang='lat' dir='ltr'><strong>Quod</strong></span> <span class='ocrx_word' id='word_1_746' title='bbox 3539 5408 3596 5460; x_wconf 92' lang='lat' dir='ltr'><strong>et</strong></span> <span class='ocrx_word' id='word_1_747' title='bbox 3619 5417 3823 5465; x_wconf 77' lang='lat' dir='ltr'><strong>excu-</strong></span> 
     </span>
    </p>
   </div>
   <div class='ocr_carea' id='block_1_116' title="bbox 2137 5479 3818 5563">
    <p class='ocr_par' dir='ltr' id='par_1_116' title="bbox 2137 5479 3818 5563">
     <span class='ocr_line' id='line_1_117' title="bbox 2137 5479 3818 5563; baseline 0.012 -30"><span class='ocrx_word' id='word_1_748' title='bbox 2137 5479 2414 5535; x_wconf 89' lang='lat' dir='ltr'><strong>sationem</strong></span> <span class='ocrx_word' id='word_1_749' title='bbox 2447 5479 2496 5536; x_wconf 92' lang='lat' dir='ltr'><strong>si</strong></span> <span class='ocrx_word' id='word_1_750' title='bbox 2525 5483 2950 5556; x_wconf 72' lang='lat' dir='ltr'><strong>przetenderint,</strong></span> <span class='ocrx_word' id='word_1_751' title='bbox 2977 5487 3250 5546; x_wconf 87' lang='lat' dir='ltr'><strong>damnum</strong></span> <span class='ocrx_word' id='word_1_752' title='bbox 3275 5487 3482 5563; x_wconf 89' lang='lat' dir='ltr'><strong>facere,</strong></span> <span class='ocrx_word' id='word_1_753' title='bbox 3530 5499 3587 5550; x_wconf 89' lang='lat' dir='ltr'><strong>et</strong></span> <span class='ocrx_word' id='word_1_754' title='bbox 3633 5494 3818 5556; x_wconf 91' lang='lat' dir='ltr'><strong>nihil</strong></span> 
     </span>
    </p>
   </div>
   <div class='ocr_carea' id='block_1_117' title="bbox 2134 5566 3822 5656">
    <p class='ocr_par' dir='ltr' id='par_1_117' title="bbox 2134 5566 3822 5656">
     <span class='ocr_line' id='line_1_118' title="bbox 2134 5566 3822 5656; baseline 0.014 -33"><span class='ocrx_word' id='word_1_755' title='bbox 2134 5569 2202 5625; x_wconf 88' lang='lat' dir='ltr'><strong>ad</strong></span> <span class='ocrx_word' id='word_1_756' title='bbox 2234 5566 2548 5638; x_wconf 88' lang='lat' dir='ltr'><strong>profectum</strong></span> <span class='ocrx_word' id='word_1_757' title='bbox 2582 5584 2785 5644; x_wconf 87' lang='lat' dir='ltr'><strong>agrum</strong></span> <span class='ocrx_word' id='word_1_758' title='bbox 2819 5575 3105 5650; x_wconf 86' lang='lat' dir='ltr'><strong>existere;</strong></span> <span class='ocrx_word' id='word_1_759' title='bbox 3143 5593 3245 5636; x_wconf 90' lang='lat' dir='ltr'><strong>nec</strong></span> <span class='ocrx_word' id='word_1_760' title='bbox 3289 5580 3376 5638; x_wconf 88' lang='lat' dir='ltr'><strong>sic</strong></span> <span class='ocrx_word' id='word_1_761' title='bbox 3416 5584 3822 5656; x_wconf 87' lang='lat' dir='ltr'><strong>principibus</strong></span> 
     </span>
    </p>
   </div>
  </div>
