4010 6160
269 227 374 286 485

1017 223 1559 282 INTERPRETATIO
1595 223 1842 282 SYNODI
1879 224 1974 281 VII
2009 225 2413 287 GBNERALIS.
2437 261 2510 272 —
2547 232 2748 290 ACTIO
2795 235 2929 292 VIII.

3581 235 3687 294 486

272 354 367 424 qui
410 367 511 424 per
543 353 666 409 loca
714 353 813 409 illa
846 358 1001 424 sunt,
1029 353 1322 411 tribuatur
1348 369 1479 427 ager
1502 353 1586 410 vel
1616 353 1794 418 locus,
1821 353 1914 408 sed
1943 359 2000 414 A
2029 354 2131 410 hoc
2179 355 2347 412 debet
2394 371 2640 430 manere,
2669 363 2729 414 et
2777 360 2834 415 in
2881 374 2994 416 una
3037 360 3212 416 locari
3245 363 3506 419 ecclesia.
3553 364 3690 434 Quae

267 443 494 499 clericis
518 443 604 499 vel
651 444 1122 514 agricultoribus.
1157 445 1314 514 Quod
1340 445 1389 500 si
1430 444 1747 500 calliditate
1775 458 1918 499 usus
2024 446 2176 501 enim
2227 461 2325 516 per
2364 453 2530 520 turpe
2561 449 2783 505 lucrum
2831 449 2888 504 in
2936 451 3345 507 ecclesiasticis
3371 452 3539 509 rebus
3563 453 3690 509 etii-

269 531 461 604 fuerit,
485 539 542 588 et
567 533 812 588 acolono
836 533 920 588 vel
942 533 1152 590 clerico
1173 533 1656 604 emeritprinceps
1678 548 1909 605 agrum;

263 625 431 683 etiam
465 623 551 679 sic
576 623 743 678 irrita
770 623 846 678 sit
875 623 1148 692 venditio,
1182 630 1237 679 et
1261 625 1598 680 restituatur
1623 625 1914 696 episcopio

263 716 339 771 vel
374 713 726 769 monasterio
756 731 768 766 :
810 718 865 768 et
904 714 1208 784 episcopus
1237 714 1321 769 vel
1349 713 1524 769 abbas
1565 715 1671 770 hoc
1698 714 1914 772 faciens

261 804 590 873 abjiciatur.
641 803 950 873 episcopus
983 803 1214 873 quidem
1259 802 1330 859 ab
1373 804 1685 877 episcopio,
1737 805 1912 862 abbas

258 899 444 950 autem
485 906 516 948 a
563 892 934 964 monasterio,
985 898 1254 964 tanquam
1303 893 1402 965 qui
1443 893 1726 966 dispergit
1766 895 1910 951 male

261 997 376 1053 quae
413 995 530 1038 non
561 981 813 1054 collegit.

1007 1091 1156 1147 XIII.

255 1199 405 1266 Quod
451 1201 510 1254 in
558 1215 763 1268 magna
810 1200 1156 1254 damnatione
1193 1202 1303 1255 sint
1338 1201 1414 1270 hi,
1456 1202 1552 1269 qui
1579 1201 1907 1255 monasteria

611 1273 914 1326 communia
954 1273 1170 1339 faciunt
1212 1272 1545 1326 habitacula.

319 1395 607 1466 Quoniam
650 1405 880 1466 pr0pter
914 1396 1315 1467 calamitatem,
1358 1411 1482 1467 quae
1519 1412 1620 1468 pro
1660 1404 1906 1469 peccatis

255 1485 468 1540 nostris
495 1485 556 1540 in
589 1485 854 1541 ecclesiis
885 1483 1032 1541 facta
1075 1491 1180 1556 est,
1216 1485 1500 1556 subrepta:
1530 1491 1666 1542 sunt
1699 1501 1730 1542 a
1763 1488 1904 1558 qui-

252 1575 485 1630 busdam
519 1575 669 1631 viris
701 1576 956 1646 quaedam
983 1575 1334 1631 venerabiles
1357 1577 1581 1648 domus,
1608 1584 1718 1632 tam
1753 1577 1904 1633 vide-

251 1664 378 1719 licet
404 1664 727 1737 episcopia,
753 1679 921 1736 quam
952 1666 1314 1737 monasteria,
1345 1670 1401 1721 et
1432 1665 1578 1721 facta
1601 1672 1735 1722 sunt
1755 1681 1902 1723 com-
1933 1681 1984 1742 Β
2010 1637 2042 1742 ῗ

253 1753 440 1808 munia
489 1752 812 1808 diversoria
842 1773 854 1808 :
889 1754 938 1808 si
987 1755 1216 1825 quidem
1247 1754 1535 1836 voluerint
1567 1755 1609 1810 ii
1651 1756 1750 1826 qui
1782 1756 1898 1812 haec

251 1843 512 1909 retinent,
565 1844 801 1898 reddere
857 1857 940 1913 ea,
1011 1849 1074 1900 ut
1126 1845 1438 1900 secundum
1491 1846 1894 1916 antiquitatem

251 1925 412 2001 [ϐω
441 1931 501 1984 in
545 1931 862 2000 pristinum
905 1929 1139 2004 statum]
1194 1933 1610 2004 instaurentur,
1658 1934 1796 1990 bene
1840 1941 1897 1990 et

246 2019 457 2087 Optime
483 2036 496 2071 :
531 2019 799 2091 alioquin
824 2020 872 2075 si
902 2020 974 2076 de
996 2025 1217 2077 sacrato
1244 2021 1502 2092 catalogo
1525 2020 1761 2096 fuerint,
1791 2024 1893 2079 hos

243 2106 445 2176 deponi
490 2107 896 2178 praecipimus:
933 2109 983 2164 si
1011 2123 1142 2164 vero
1179 2110 1440 2166 monachi
1469 2111 1552 2166 vel
1599 2111 1754 2182 laici,
1787 2126 1895 2168 ex-

242 2198 659 2252 communicari
711 2213 855 2269 quos
898 2200 1174 2255 nimirum
1213 2204 1436 2257 constat
1484 2203 1892 2259 condemnatos

240 2300 360 2341 esse
387 2300 420 2342 a
452 2289 620 2342 Patre
639 2296 695 2344 et
715 2289 863 2344 Filio
889 2295 946 2345 et
964 2290 1185 2360 Spiritu
1204 2297 1436 2362 sancto;
1474 2292 1892 2363 etdeputentur

239 2374 332 2429 ubi
367 2377 586 2431 vermis
631 2390 743 2432 non
781 2378 1044 2448 moritur,
1078 2383 1134 2434 et
1165 2379 1317 2450 ignis
1356 2395 1467 2437 non
1500 2382 1894 2454 exstinguitur

235 2465 377 2532 (Isa.
404 2481 578 2538 var;
610 2469 778 2522 Marc.
810 2482 868 2524 lx
883 2470 941 2539 )z
987 2469 1126 2539 Quia
1162 2472 1283 2527 voci
1315 2472 1535 2528 domini
1581 2473 1895 2529 adversan—

239 2561 348 2626 tur,
397 2571 530 2627 qua:
559 2557 744 2614 dicit:
792 2559 913 2614 Non
935 2562 1160 2627 faciat-is
1185 2562 1402 2616 domum
1439 2564 1620 2617 Patris
1649 2565 1753 2618 mei
1787 2562 1896 2616 do—

235 2662 379 2700 mum
404 2649 797 2714 negotiationis
820 2647 998 2717 (Joan
1026 2651 1112 2721 II).

1010 2793 1134 2848 XIV

233 2913 387 2981 Quod
425 2931 539 2970 non
581 2920 824 2994 Oporteat
857 2919 974 2972 sine
1013 2935 1225 2994 manus
1248 2922 1589 2991 impositione
1639 2923 1808 2994 legere
1833 2926 1893 2979 in

679 2989 896 3044 collecta
920 3006 1084 3061 super
1116 2989 1413 3048 umbonem.

297 3111 450 3182 Quia
479 3113 624 3168 ordo
666 3112 833 3170 debet
872 3115 931 3170 in
981 3118 1301 3174 sacratione
1351 3118 1500 3193 [Gr.,
1547 3121 1897 3200 sacerdotio]

229 3202 545 3273 custodiri,
580 3201 849 3260 omnibus
871 3204 1084 3276 liquet:
1117 3213 1172 3263 et
1201 3223 1330 3264 cum
1356 3210 1660 3282 diligentia
1683 3228 1905 3270 conser-

228 3303 363 3345 vare
397 3291 713 3346 sacerdotii
769 3295 1172 3368 promotiones,
1200 3299 1310 3354 Deo
1350 3304 1435 3355 est
1461 3314 1696 3370 prorsus
1738 3317 1907 3359 acce-

231 3384 415 3447 ptum.
447 3381 516 3434 Et
544 3381 819 3450 quoniam
860 3383 1118 3440 videmus
1149 3387 1274 3442 sine
1297 3402 1496 3446 manus
1538 3391 1907 3462 impositione

231 3473 498 3538 percepta
521 3483 700 3538 super
732 3470 1025 3528 ambonem
1059 3475 1456 3548 irregulariter
1482 3479 1540 3534 in
1571 3479 1807 3536 collecta
1833 3481 1908 3536 le-

232 3562 450 3628 gentes,
478 3560 1094 3632 prmcipimus,amodo
1124 3565 1179 3621 id
1210 3567 1445 3624 minime
1467 3568 1620 3626 ﬁeri:
1651 3571 1905 3642 idipsum

233 3661 467 3718 quoque
513 3652 967 3708 conservandum
1020 3659 1107 3711 est
1151 3657 1323 3714 etiam
1378 3659 1528 3716 inter
1576 3663 1898 3719 monachos.

236 3735 493 3794 Lectoris
541 3745 732 3795 autem
788 3756 990 3799 manus
1047 3744 1471 3816 impositionem
1522 3749 1757 3808 licentia
1826 3756 1912 3808 est

240 3825 560 3900 unicuique
586 3829 780 3887 abbati
815 3831 873 3888 in
907 3836 1139 3906 proprio
1169 3841 1513 3897 monasterio
1550 3842 1909 3902 solummodo

242 3909 508 3989 faciendi,
553 3919 605 3975 si
643 3918 922 3979 duntaxat
957 3923 1150 3981 abbati
1186 3940 1386 3984 manus
1431 3929 1726 4001 impositio
1766 3931 1914 3991 facta

248 4009 512 4060 noscatur
538 4005 613 4061 ab
639 4008 906 4080 episcopo
937 4014 1248 4070 secundum
1282 4030 1489 4074 morem
1518 4021 1916 4090 praeﬁciendo-

250 4102 371 4180 rum
400 4093 695 4169 abbatum,
733 4097 868 4154 dum
891 4105 1111 4158 constet
1153 4103 1472 4178 illumd'esse
1500 4108 1912 4180 presbyterum.

251 4176 431 4266 Simili
500 4186 672 4242 modo
729 4189 1039 4246 secundum
1089 4176 1384 4266 antiquam
1441 4176 1912 4255 consuetudinem

256 4265 686 4362 Chorepiscopos
707 4279 1104 4360 praeceptione
1125 4265 1256 4352 [per
1281 4283 1749 4362 prmeeptionem]
1781 4288 1914 4360 epi-

259 4359 404 4428 scopi
423 4368 649 4433 Oportet
687 4380 1014 4436 promovere
1042 4359 1302 4430 lcetores.

1017 4533 1136 4589 XV.

428 4629 583 4696 Quod
600 4649 710 4690 non
731 4642 973 4707 oporteat
996 4641 1473 4729 clericum'duabus
1497 4649 1730 4705 ccclesiis

878 4726 1274 4772 connumerari.

326 4806 572 4871 Clericus
623 4816 696 4873 ab
743 4818 982 4877 instanti
1026 4825 1275 4894 tempore
1315 4841 1426 4885 non
1464 4834 1910 4889 connumeretur

265 4893 316 4951 in
345 4900 562 4962 duabus
591 4908 875 4967 ecclesiis.
925 4893 1344 4986 Negotiationis
1390 4919 1542 4977 enim
1594 4926 1680 4978 est
1706 4921 1812 4979 hoc
1852 4925 1910 4979 et

266 4989 435 5062 turpis
457 4999 745 5056 commodi
793 5004 1110 5078 proprium,
1157 5013 1213 5064 et
1249 5009 1319 5066 ab
1343 5010 1730 5068 ecclesiastica
1764 5027 1910 5070 con—

267 5087 550 5176 suetudine
572 5091 804 5160 penitus
830 5093 1105 5152 alienum.
1137 5097 1478 5157 Audivimus
1501 5103 1653 5160 enim
1684 5118 1751 5160 ex
1785 5108 1908 5176 ipsa

268 5168 540 5233 Dominica
582 5194 742 5236 voce:
797 5184 937 5248 Quia
984 5202 1136 5241 nemo
1179 5195 1351 5258 potest
1398 5192 1607 5246 duobus
1661 5168 1906 5250 Dominis

270 5267 484 5334 sertire;
515 5275 616 5324 aut
646 5275 791 5326 enim
819 5291 988 5331 unum
1030 5279 1153 5333 odio
1187 5280 1422 5347 habebit,
1451 5288 1501 5338 et
1537 5286 1768 5341 alterum
1812 5288 1910 5340 di—

272 5348 413 5419 liget:
456 5365 557 5414 aut
621 5377 792 5420 unum
848 5371 1156 5434 sustinebit,
1209 5378 1259 5428 et
1323 5376 1554 5430 alterum
1613 5379 1909 5433 contemnet

271 5442 459 5505 (Matth.
513 5453 620 5520 vr).
670 5451 1077 5540 Unusquisque
1113 5475 1246 5535 ergo
1283 5467 1594 5524 secundum
1625 5471 1910 5540 apostoli—

272 5541 373 5587 cam
412 5550 604 5595 vocem
659 5538 713 5610 (Ι
769 5541 885 5598 Cor.
939 5548 1063 5621 vn),
1125 5549 1184 5606 in
1241 5566 1356 5624 quo
1415 5538 1807 5630 vocatus—est,
1848 5559 1906 5617 in

1928 3014 1977 3080 Ο

2023 536 2278 606 ciuntur,
2309 537 2497 593 aliena
2519 538 2845 594 consistunt
2865 553 2896 594 a
2921 541 3052 596 Deo.
3082 540 3162 596 Ad
3199 541 3330 596 vitae
3355 555 3484 597 vero
3517 542 3688 612 hujus

2025 627 2413 683 necessitatem
2455 629 2645 684 studia
2699 634 2833 684 sunt
2869 630 3120 686 diversa:
3157 644 3224 685 ex
3266 630 3358 686 his
3409 645 3540 687 vero
3586 634 3686 703 qui

2021 715 2286 784 voluerit,
2363 719 2626 788 acquirat
2675 720 2934 789 corporis
2983 726 3324 790 opportuna.
3392 720 3489 776 Ait
3533 722 3686 778 enim

2019 803 2358 874 Apostolus:
2401 807 2496 860 Ad
2539 824 2601 861 ea
2646 824 2766 877 quae
2804 809 2940 862 mihi
2982 825 3116 878 opus
3159 815 3343 872 erant,
3371 813 3421 864 et
3459 810 3544 864 his
3589 806 3689 881 qui

2019 909 2225 949 mecum
2263 900 2410 958 sunt,
2459 899 2914 952 ministra-verunt
2961 914 3157 952 manus
3202 901 3318 953 istas
3355 898 3499 967 (Act.
3559 902 3684 971 xx).

2018 984 2086 1038 Et
2143 984 2260 1040 haec
2318 985 2548 1056 quidem
2595 987 2652 1042 in
2705 987 2809 1042 hac
2856 1001 2889 1042 a
2929 989 3044 1044 Deo
3083 989 3468 1046 conservanda
3524 987 3684 1045 urbe.

2015 1072 2288 1130 Caeterum
2320 1075 2378 1131 in
2411 1076 2571 1132 villis
2600 1091 2726 1148 qua:
2772 1074 2916 1134 foris
2956 1083 3109 1150 sunt,
3147 1086 3378 1150 prepter
3429 1079 3681 1150 inopiam

2019 1161 2318 1221 hominum
2352 1166 2740 1240 indulgeatur.

2779 1274 2922 1328 XVI.

2157 1360 2310 1426 Quod
2329 1378 2435 1416 non
2456 1367 2696 1432 oporteat
2715 1369 2990 1418 sacratum
3006 1367 3185 1420 virum
3205 1368 3540 1421 vestimentis

2601 1437 2856 1504 pretiosis
2897 1437 3076 1490 indui.

2083 1536 2285 1593 Omnis
2308 1539 2583 1608 jactantia
2627 1544 2683 1596 et
2727 1546 3000 1598 ornatura
3030 1544 3350 1612 corporalis
3378 1544 3566 1600 aliena
3591 1548 3681 1601 est

2069 1632 2291 1682 sacrato
2321 1627 2539 1682 ordine.
2578 1629 2686 1684 Eos
2715 1642 2848 1701 ergo
2877 1630 3174 1700 episcopos
3199 1631 3282 1687 vel
3306 1632 3548 1688 clericos
3573 1633 3673 1704 qui

2010 1729 2068 1771 se
2097 1715 2338 1788 fulgidis
2357 1723 2412 1772 et
2436 1718 2610 1774 claris
2630 1719 2886 1776 vestibus
2913 1726 3138 1792 ornant,
3183 1723 3470 1779 emendari
3500 1737 3678 1794 Opor—

2008 1810 2103 1860 tet.
2124 1807 2281 1876 Quod
2306 1809 2355 1863 si
2383 1808 2439 1863 in
2460 1809 2564 1864 hoc
2592 1810 3027 1880 permanserint,
3057 1812 3323 1880 epitimio
3346 1813 3666 1869 tradantur.

2005 1896 2290 1953 Similiter
2316 1911 2414 1954 eos
2461 1899 2561 1969 qui
2618 1901 2929 1971 unguentis
2974 1901 3352 1972 inunguntur.
3397 1902 3674 1970 Quoniam

2003 1998 2135 2040 vero
2167 1987 2355 2042 radice
2381 1987 2791 2045 amaritudinis
2829 1994 3042 2062 exorta,
3083 1991 3494 2046 contaminatio
3524 1990 3671 2047 facta

2002 2079 2087 2129 est
2123 2075 2182 2130 in
2209 2075 2490 2132 catholica
2524 2077 2776 2134 Ecclesia
2801 2078 3164 2136 Christianos
3192 2079 3672 2136 calumniantium

2004 2163 2257 2234 haeresis,
2307 2165 2480 2220 etiam
2517 2165 2574 2220 hi
2616 2167 2712 2236 qui
2758 2167 2902 2223 hanc
2939 2173 3292 2239 receperunt,
3339 2181 3450 2224 non
3481 2169 3668 2224 solum

2006 2250 2377 2323 imaginarias
2416 2259 2670 2324 picturas
2695 2254 3008 2310 abominati
3042 2259 3196 2319 sunt,
3237 2255 3331 2311 sed
3370 2261 3426 2312 et
3449 2270 3670 2312 omnem

2007 2343 2376 2398 reverentiam
2409 2343 2760 2416 repulerunt,
2793 2357 2888 2399 eos
2931 2345 3029 2415 qui
3058 2344 3328 2417 religiose
3367 2359 3431 2401 ac
3465 2345 3555 2415 pie
3580 2345 3674 2400 vi--

2001 2436 2141 2485 vunt
2189 2428 2534 2487 oﬂ‘endentes
2596 2428 2758 2505 [odio
2786 2429 3092 2506 habentes]
3123 2445 3188 2488 ac
3228 2447 3326 2503 per
3356 2433 3462 2488 hoc
3509 2447 3674 2488 com-

2004 2520 2192 2589 pietur
2235 2521 2293 2576 in
2341 2521 2427 2578 eis
2470 2521 2617 2592 quod
2669 2522 2948 2592 scriptum
2997 2529 3115 2578 est:
3164 2522 3530 2579 Abominatio
3585 2529 3670 2579 est

2005 2609 2284 2677 peccatori
2311 2609 2411 2665 Dei
2442 2609 2653 2666 cultus.
2699 2610 2882 2683 Igitur
2910 2611 2960 2667 si
2992 2611 3207 2666 inventi
3252 2609 3470 2666 fuerint
3505 2611 3671 2666 deri—

2001 2699 2199 2756 dentes
2222 2713 2318 2756 eos
2357 2699 2457 2772 qui
2486 2701 2704 2758 vilibus
2731 2707 2788 2757 et
2814 2701 3104 2774 religiosis
3138 2701 3495 2758 vestimentis
3533 2701 3673 2757 ami~

2003 2796 2081 2848 ctt
2114 2793 2268 2859 sunt,
2315 2804 2414 2861 per
2459 2790 2786 2862 epitimium
2836 2791 3216 2862 corrigantur.
3274 2790 3488 2848 Priscis
3511 2789 3664 2846 enim

2006 2880 2362 2950 temporibus
2386 2881 2573 2936 omnis
2604 2885 2860 2936 sacratus
2898 2881 2987 2936 vir
3011 2894 3142 2937 cum
3168 2879 3439 2936 mediocri
3462 2893 3524 2935 ac
3565 2879 3672 2935 vili

2007 2975 2158 3025 veste
2185 2969 2646 3026 conversabatur.
2671 2970 2849 3026 Omne
2877 2971 3089 3042 quippe
3121 2971 3269 3042 quod
3299 2983 3409 3027 non
3448 2973 3679 3040 propter

2011 3059 2402 3114 necessitatem
2446 3072 2628 3131 suam,
2676 3059 2771 3114 sed
2805 3065 3034 3129 propter
3069 3063 3421 3115 venustatem
3451 3057 3678 3128 accipi-

2011 3153 2126 3215 tur,
2167 3147 2441 3203 elationis
2473 3147 2640 3204 habet
2673 3148 3019 3204 calumniam
3064 3144 3278 3221 [luxus
3330 3147 3500 3204 habet
3555 3147 3680 3202 cri-

2013 3234 2170 3310 men]
2197 3237 2673 3307 quemadmodum
2697 3251 2936 3309 magnus
2957 3237 3039 3293 ait
3062 3237 3333 3294 Basilius.
3367 3237 3471 3292 Sed
3501 3250 3684 3306 neque

2013 3340 2081 3382 ex
2125 3325 2329 3381 sericis
2354 3326 2599 3381 texturis
2630 3333 2838 3381 vestem
2887 3327 3021 3396 quis
3064 3327 3338 3382 variatam
3383 3324 3676 3390 induebat,

2017 3429 2198 3487 neque
2244 3415 2563 3485 apponebat
2607 3416 2896 3471 variorum
2935 3416 3192 3471 colorum
3241 3420 3572 3470 ornamenta
3621 3415 3682 3470 in

2015 3503 2450 3562 summitatibus
2481 3504 2972 3560 vestimentorum.
3023 3503 3341 3560 Audierant
3390 3506 3580 3559 autem
3610 3516 3681 3558 ex

2017 3595 2252 3650 deisona
2291 3594 2509 3666 lingua,
2534 3594 2671 3664 quia
2707 3595 2804 3662 qui
2845 3594 3104 3648 milibus
3135 3594 3462 3657 vestiuntur,
3494 3593 3554 3646 in
3577 3591 3684 3646 do—

2017 3685 2195 3740 mibus
2217 3700 2402 3752 regum
2427 3688 2555 3740 sunt
2582 3683 2799 3753 (Matth.
2827 3685 2930 3754 x1).

2764 3807 2932 3863 XVII.

2027 3918 2095 3972 Ut
2122 3920 2219 3988 qui
2254 3933 2363 3973 non
2383 3917 2544 3972 habet
2584 3933 2646 3971 ea
2669 3931 2790 3986 qua
2830 3917 3341 3988 consummationem
3379 3919 3682 3987 sufﬁciant,

2163 3992 2385 4044 minime
2421 3991 2715 4044 oratoriam
2758 3988 3027 4058 aediﬁcare
3051 3986 3268 4043 domum
3291 3986 3542 4060 incipiat.

2093 4097 2240 4168 Quia
2265 4097 2500 4168 quidam
2536 4098 2944 4156 monachorum
2983 4103 3308 4158 deserentes
3342 4099 3687 4155 monasteria

2025 4202 2148 4259 sua,
2193 4201 2431 4258 praeesse
2472 4187 2826 4260 anhelantes,
2870 4196 2924 4246 et
2946 4190 3179 4246 obedire
3236 4193 3557 4259 renuentes,
3605 4189 3692 4245 in-

2023 4278 2233 4334 choant
2258 4283 2589 4334 construere
2617 4279 2900 4334 oratorias
2929 4280 3148 4350 domos,
3190 4292 3254 4336 ea
3285 4294 3410 4350 qua:
3447 4279 3516 4334 ad
3565 4293 3683 4349 per-

1941 4363 1994 4424 D
2023 4368 2322 4427 rectionem
2369 4367 2685 4424 necessaria
2729 4372 2866 4424 sunt
2904 4383 3015 4423 non
3067 4369 3361 4425 habentes.
3419 4368 3689 4439 quisquis

2034 4458 2214 4530 igitur
2261 4457 2367 4513 hoc
2403 4456 2564 4514 visus
2604 4455 2780 4514 fuerit
2825 4471 3009 4530 agere,
3062 4458 3436 4528 prohibeatur
3482 4472 3515 4514 a
3573 4458 3685 4514 loci

2019 4547 2304 4618 episcOpo.
2346 4546 2417 4603 At
2455 4561 2585 4604 vero
2616 4548 2664 4604 si
2698 4553 2962 4618 sumptus
3006 4546 3355 4604 sucientes
3388 4548 3456 4604 ad
3494 4545 3689 4618 perfe—

2019 4639 2266 4694 ctionem
2295 4636 2579 4708 habuerit,
2615 4652 2741 4708 quae
2775 4637 2844 4694 ab
2877 4638 3001 4710 ipso
3026 4638 3450 4709 desiderantur,
3484 4637 3554 4693 ad
3579 4642 3689 4693 ter-

2020 4728 2239 4784 minum
2287 4727 2690 4796 perducantur.
2720 4728 2978 4799 Idipsum
3015 4733 3204 4786 autem
3236 4729 3575 4787 servandum
3601 4730 3691 4786 est

2018 4818 2190 4875 etiam
2218 4830 2389 4888 super
2409 4815 2654 4874 laiciset
2683 4817 2932 4874 clericis.

2773 4924 2967 4982 XVIII.

2091 5035 2245 5102 Quod
2280 5050 2389 5090 non
2410 5037 2614 5108 Oportet
2654 5035 2890 5102 feminas
2931 5033 3181 5090 habitare
3205 5037 3264 5090 in
3303 5037 3610 5108 episcopiis,

2478 5107 2561 5160 vel
2588 5107 2830 5160 virorum
2848 5109 3213 5162 monasteriis.

2089 5197 2217 5253 Sine
2253 5196 2546 5266 o/f‘cnsione
2585 5199 2746 5250 estote
2798 5195 2882 5248 his
2917 5197 3078 5250 etiam
3125 5199 3224 5266 qui
3271 5199 3412 5266 foris
3463 5200 3592 5252 sunt
3635 5194 3689 5265 (Ι

2019 5289 2136 5343 Cor.
2190 5290 2270 5359 χ),
2323 5287 2559 5344 divinus
2596 5287 2742 5343 dicit
2783 5285 3110 5356 Apostolus.
3164 5288 3423 5344 Feminas
3491 5290 3681 5343 autem

2017 5378 2356 5434 commorari
2416 5378 2476 5434 in
2528 5377 2858 5448 episcopiis,
2933 5378 3018 5434 vel
3072 5379 3242 5434 etiam
3294 5375 3677 5444 monasteriis,

2018 5468 2205 5526 omnis
2233 5473 2319 5525 est
2356 5467 2691 5525 otl‘ensionis
2718 5467 2972 5524 materia.
3007 5466 3286 5539 Quisquis
3314 5480 3448 5538 ergo
3486 5462 3680 5520 ancil—

2011 5559 2122 5615 lam
2148 5557 2234 5615 vel
2261 5557 2499 5615 liberam
2520 5558 2579 5614 in
2599 5557 2892 5629 episcopio
2924 5556 3216 5626 possidere
3253 5553 3546 5622 claruerit,
3587 5549 3675 5606 vel
