4016 6168
402 223 505 283 487

404 446 599 510 petur:
643 440 693 495 si
732 444 920 496 autem
972 439 1365 509 permanserit,
1411 438 1748 508 deponatur.
1801 439 1972 491 Porro
2006 437 2062 491 si

401 532 711 604 contigerit
742 532 799 586 in
834 531 1106 601 proastiis
1145 529 1387 585 feminas
1415 542 1558 594 esse,
1590 533 1647 584 et
1676 527 1922 583 voluerit
1947 526 2062 596 epi-

402 635 608 692 scopus
651 621 736 677 vel
776 621 952 677 abbas
999 621 1107 676 iter
1153 620 1221 674 ad
1275 634 1370 675 eas
1419 615 1573 692 [Gr.,
1625 615 1800 692 illuc]
1858 616 2060 686 facere,

403 715 674 781 prasente
695 711 964 781 episcopo
995 711 1080 766 vel
1119 709 1319 764 abbate
1352 708 1684 764 nullatenus
1728 706 2058 762 monasterii

400 815 543 870 opus
574 801 755 856 facere
782 815 847 858 eo
882 806 1132 869 tempore
1172 799 1402 854 mulieri
1438 799 1626 868 liceat,
1667 797 1762 853 sed
1799 809 2060 853 seorsum

402 895 655 946 moretur
693 891 752 946 in
800 890 917 946 alio
961 890 1102 958 loco,
1152 889 1331 944 donec
1378 889 1684 959 episcopus
1737 887 1823 943 vel
1888 885 2063 942 abbas

400 981 630 1035 recedat
669 985 898 1050 propter
937 979 1630 1050 irreprehensibilitatem.

1145 1087 1298 1142 XIX.

407 1182 469 1233 Ut
501 1180 614 1231 sine
639 1177 951 1231 dationibus
986 1179 1295 1250 sponsiones
1329 1171 1754 1250 [admissiones]
1787 1189 2063 1250 sacrorum

469 1252 730 1313 virorum,
804 1249 1186 1304 monachorum
1250 1246 1463 1318 quoque
1535 1264 1598 1303 ac
1674 1246 2062 1302 monacharum

468 1325 622 1392 ﬁant.

474 1434 534 1486 In
580 1433 800 1486 tantum
850 1428 1090 1484 inolevit
1135 1429 1391 1483 avaritiae
1438 1427 1664 1483 facinus
1709 1427 1768 1482 in
1814 1430 2061 1482 rectores

399 1520 794 1589 ecclesiarum,
845 1523 910 1574 ut
947 1519 1119 1573 etiam
1175 1518 1407 1588 quidam
1455 1531 1649 1572 eorum
1701 1517 1800 1587 qui
1844 1516 2061 1572 dicun—

403 1613 498 1664 tur
549 1609 807 1680 religiosi
874 1608 986 1662 viri
1045 1611 1216 1677 atque
1287 1606 1580 1676 mulieres,
1653 1605 2059 1662 obliviscentes

405 1675 797 1754 mandatorum
841 1697 1090 1766 Domini,
1125 1675 1529 1766 decipiantur,
1571 1675 1644 1750 et
1700 1709 1798 1765 per
1851 1708 2056 1751 aurum
2086 1675 2136 1736 Β

404 1788 680 1844 introitus
731 1782 1146 1861 lreceptiones]
1208 1786 1598 1842 accedentium
1666 1790 1779 1841 tam
1835 1785 1903 1840 ad
1959 1798 2060 1841 sa-

401 1884 620 1934 cratum
687 1877 968 1948 ordinem,
1045 1890 1212 1947 quam
1291 1877 1360 1931 ad
1433 1877 1803 1932 monasticam
1882 1875 2056 1930 vitam

401 1965 664 2022 efﬁciant.
721 1967 878 2021 Unde
935 1966 1015 2033 fit,
1069 1971 1132 2020 ut
1179 1979 1422 2035 quorum
1477 1965 1713 2022 initium
1765 1963 2060 2034 improba-

403 2056 518 2111 bile
569 2063 674 2127 est,
746 2055 937 2111 omnia
993 2055 1112 2109 sint
1175 2055 1545 2125 projicienda,
1590 2060 1655 2111 ut
1695 2069 1933 2126 magnus
1975 2053 2058 2108 ait

403 2146 670 2202 Basilius.
726 2148 916 2216 Neque
963 2145 1116 2201 enim
1170 2147 1282 2201 Deo
1337 2159 1433 2216 per
1482 2159 1796 2202 mammona
1846 2143 2059 2200 servire

403 2235 553 2292 licet.
579 2237 637 2292 Si
658 2236 790 2307 quis
807 2249 939 2308 ergo
963 2235 1232 2291 inventus
1251 2233 1429 2291 fuerit
1458 2236 1562 2290 hoc
1590 2234 1823 2304 faciens,
1851 2235 1902 2291 si
1935 2234 2062 2305 qui-

402 2327 528 2383 dem
561 2326 862 2396 episcopus
892 2325 976 2380 vel
1023 2324 1198 2379 abbas
1235 2324 1544 2393 exstiterit,
1581 2325 1667 2380 vel
1709 2325 1958 2395 quilibet
1989 2325 2059 2380 de

403 2419 624 2470 sacrato
666 2413 927 2484 collegio,
960 2418 1060 2468 aut
1105 2413 1350 2482 desinat,
1382 2417 1482 2468 aut
1527 2413 1864 2486 deponatur,
1894 2415 2058 2483 juxta

401 2503 706 2560 secundam
749 2502 1002 2573 regulam
1055 2502 1237 2557 sancti
1281 2501 1759 2558 Chalcedonensis
1797 2503 2052 2559 concilii.

400 2592 700 2647 Abbatissa
725 2604 856 2646 vero
899 2591 1167 2659 ejiciatur
1201 2590 1272 2645 de
1311 2591 1676 2662 monasterio,
1714 2597 1770 2647 et
1799 2593 2059 2649 tradatur

403 2682 462 2737 in
488 2681 604 2737 alio
625 2679 1043 2736 monasterioad
1059 2679 1489 2748 subjectionem.
1513 2681 1862 2737 Similiteret
1882 2683 2058 2738 abbas

401 2769 502 2840 qui
537 2781 646 2824 non
691 2767 957 2822 habuerit
1002 2781 1202 2822 manus
1243 2767 1668 2837 impositionem
1715 2769 2052 2840 presbyteri.

400 2862 575 2916 Porro
619 2872 744 2928 qua:
793 2857 934 2912 ﬁliis
978 2870 1010 2912 a
1052 2857 1388 2926 parentibus
1415 2858 1629 2914 dantur
1685 2873 1839 2916 more
1880 2859 2054 2932 dotis,

397 2949 483 3006 vel
525 2949 574 3004 si
603 2962 714 3019 qua
760 2961 828 3003 ex
872 2945 1123 3017 propriis
1168 2946 1337 3002 rebus
1379 2947 1666 3018 acquisita
1713 2948 2056 3022 offeruntur,

397 3013 800 3110 proﬁtentibus
831 3013 924 3092 his
966 3013 1066 3107 qui
1107 3049 1170 3092 ea
1201 3035 1447 3094 offerunt
1466 3013 1585 3093 Deo
1614 3038 1858 3094 dicanda
1901 3013 2059 3112 {Gr.;
2091 3013 2138 3075 Ο

397 3124 644 3202 dicata],
679 3125 1007 3197 deﬁnimus,
1041 3125 1160 3182 sive
1197 3127 1696 3198 perseveraverint,
1733 3129 1853 3185 sive
1891 3129 2058 3186 exie—

392 3217 531 3287 rint,
557 3229 782 3273 manere
804 3216 905 3272 illa
936 3215 994 3272 in
1028 3216 1372 3273 monasterio
1406 3218 1719 3274 secundum
1752 3220 2058 3290 repromis-

393 3307 611 3362 sionem
645 3307 919 3376 ipsorum,
950 3305 1063 3361 nisi
1101 3304 1279 3362 fuerit
1310 3306 1479 3377 culpa
1525 3308 1764 3378 praelati.

394 3503 548 3571 Quod
583 3519 693 3561 non
727 3507 969 3574 oporteat
1008 3503 1199 3557 amodo
1243 3504 1447 3573 duplex
1483 3507 1870 3560 monasterium
1899 3507 2050 3576 ﬁeri:

856 3577 992 3629 etde
1012 3576 1196 3644 duplis
1220 3578 1585 3638 monasteriis,

462 3680 543 3734 Ex
587 3677 692 3734 hoc
737 3676 1066 3747 deﬁnimus,
1096 3675 1333 3731 minime
1361 3677 1574 3747 duplex
1603 3678 1723 3734 ﬁeri
1757 3685 2050 3736 monaste—

394 3769 582 3837 rium;
632 3765 769 3835 quia
824 3764 1156 3820 scandalum
1207 3764 1265 3818 id
1305 3770 1361 3820 et
1408 3765 1816 3824 offendiculum
1849 3770 2050 3827 multis

391 3855 655 3913 efﬁcitur.
687 3854 746 3909 Si
783 3867 913 3909 vero
938 3852 1123 3924 aliqui
1160 3867 1289 3909 cum
1331 3855 1592 3926 cognatis
1617 3855 2044 3934 abrenuntiare,

390 3950 448 4002 et
478 3944 848 4000 monasticam
875 3943 1049 3998 vitam
1079 3943 1286 3998 sectari
1329 3944 1637 4016 voluerint,
1672 3947 1880 4005 debent
1909 3951 2052 4021 qui-

390 4036 517 4092 dem
547 4032 658 4089 viri
683 4033 938 4089 virorum
963 4033 1124 4089 adire
1152 4032 1496 4107 coenobium,
1533 4034 1756 4093 femina:
1777 4052 1903 4095 vere
1934 4053 2054 4097 mu-

391 4123 600 4180 lierum
645 4122 867 4193 ingredi
902 4121 1343 4178 monasterium:
1381 4122 1440 4178 in
1474 4123 1579 4181 hoc
1603 4126 1756 4181 enim
1789 4127 2050 4197 placatur

389 4213 558 4266 Deus.
617 4210 753 4279 Quae
803 4213 992 4265 autem
1053 4209 1325 4267 hactenus
1381 4216 1516 4267 sunt
1562 4213 1759 4284 dupla,
1819 4220 2047 4273 teneant

389 4300 701 4356 secundum
755 4299 1008 4372 regulam
1059 4299 1242 4356 sancti
1287 4300 1475 4356 Patris
1514 4303 1696 4357 nostri
1737 4303 1958 4376 Basilii,
1991 4309 2046 4360 et

1646 222 2001 279 ANASTASII
2045 218 2585 282 BIBLIOTHECARII

405 353 464 407 in
496 350 842 406 monasterio
861 350 929 406 ad
953 363 1098 421 opus
1129 348 1443 406 ministerii
1482 348 1754 419 alicujus,
1797 348 2062 417 increpe—
2083 348 2139 408 A

3726 224 3833 283 488

2928 351 3082 407 XXI.

2173 455 2326 520 Quod
2362 471 2470 509 non
2514 462 2756 527 oporteat
2800 459 3085 512 monachos
3151 458 3391 512 deserere
3431 461 3654 529 propria
3713 474 3837 512 mo—

2562 531 2825 592 nasteria,
2866 535 2915 584 et
2944 531 3179 584 transire
3203 532 3261 583 in
3304 531 3438 591 alia,

2243 635 2364 688 Non
2396 640 2654 704 oportere
2695 636 3032 691 monachum
3061 635 3144 691 vel
3174 635 3506 692 monacham
3541 642 3837 692 monaste-

2173 721 2322 778 rium
2377 725 2670 794 proprium
2723 725 3065 796 relinquere,
3121 729 3177 781 et
3223 726 3289 780 ad
3350 725 3463 780 alia
3521 726 3832 795 proficisci.

2170 809 2326 876 Quod
2359 813 2408 868 si
2436 814 2744 886 contigerit
2767 814 2889 877 hoc,
2930 815 3107 884 recipi
3144 815 3296 870 hunc
3330 815 3582 883 hospitio
3606 829 3838 871 necesse

2171 903 2281 957 est:
2325 903 2541 958 assumi
2568 909 2756 961 autem
2781 918 2908 961 eum
2953 905 3079 961 sine
3117 904 3409 961 voluntate
3445 904 3668 961 abbatis
3708 905 3836 975 ejus

2173 1005 2285 1046 non
2311 993 2596 1048 convenit.

2908 1083 3083 1138 XXII.

2173 1187 2326 1252 Quod
2349 1195 2590 1258 oporteat
2621 1205 2740 1243 cum
2777 1193 3084 1258 gratiarum
3126 1191 3335 1244 actione
3373 1193 3423 1242 et
3459 1190 3606 1242 omni
3637 1184 3839 1258 parci-

2242 1264 2350 1314 tate
2401 1277 2463 1314 ac
2517 1264 2817 1315 reverentia
2870 1263 3173 1324 monachos,
3237 1264 3286 1317 si
3353 1263 3657 1327 contigerit,
3716 1277 3836 1316 cum

2239 1333 2460 1398 feminis
2485 1334 2837 1387 manducare.

2238 1437 2351 1493 Deo
2405 1437 2636 1508 quidem
2695 1443 2875 1494 totum
2904 1439 3278 1510 committere,
3319 1443 3510 1493 etnon
3580 1438 3836 1508 propriis

2169 1525 2563 1582 voluntatibus
2609 1527 2914 1600 deservire,
2959 1541 3160 1599 magna
3205 1541 3295 1583 res
3339 1533 3454 1582 est:
3503 1526 3627 1581 Sive
3686 1529 3830 1580 enim

2165 1616 2534 1680 manducetis,
2548 1619 2658 1672 sive
2671 1619 2877 1681 bibitis,
2891 1617 3127 1673 divinus
3141 1615 3450 1687 Apostolus
3461 1615 3627 1687 dicit,
3643 1617 3830 1670 omnia

2166 1709 2224 1760 in
2241 1707 2472 1774 gloriam
2495 1709 2594 1760 Dei
2608 1709 2775 1775 facite
2798 1707 2852 1777 (Ι
2871 1707 2989 1762 Cor.
3016 1707 3096 1778 χ).
3127 1706 3537 1777 Christusergo
3555 1707 3711 1760 Deus
3738 1719 3834 1761 n0-

2168 1802 2285 1853 stcr
2303 1797 2361 1852 in
2379 1797 2702 1868 Evangeliis
2719 1798 2842 1852 suis
2863 1797 3032 1852 initia
3051 1801 3405 1866 peccatorum
3427 1795 3680 1850 recidere
3703 1809 3842 1864 prae-

2167 1887 2335 1956 cepit.
2362 1889 2482 1942 Non
2509 1887 2661 1942 enim
2688 1887 2927 1944 moechia
2953 1886 3023 1941 ab
3046 1901 3111 1942 eo
3143 1891 3361 1942 tantum
3389 1885 3709 1953 inhibetur,
3738 1885 3833 1940 sed

2167 1980 2222 2031 et
2249 1976 2424 2031 motio
2445 1977 2816 2048 cogitationis
2845 1978 2913 2032 ad
2936 1976 3188 2032 mmchia:
3210 1975 3576 2031 commissum
3603 1975 3836 2029 damna-

2167 2070 2281 2134 tur,
2305 2066 2530 2121 dicente
2557 2079 2656 2121 eo:
2691 2065 2795 2131 Qui
2826 2066 3025 2119 viderit
3047 2067 3321 2119 mulierem
3343 2064 3416 2118 ad
3454 2066 3836 2132 concupiscat-

2168 2155 2297 2208 dum
2322 2171 2438 2209 eam
2444 2156 2564 2224 jam
2586 2155 2877 2209 mozchatus
2894 2159 2972 2208 est
2991 2171 3108 2209 eam
3132 2157 3190 2208 in
3211 2153 3368 2208 corde
3389 2169 3484 2207 suo
3503 2155 3527 2222 ί
3527 2153 3704 2206 Matth
3749 2154 3828 2222 v).

2167 2244 2310 2300 Hinc
2352 2258 2485 2317 ergo
2524 2245 2733 2315 edocti,
2775 2244 3154 2316 cogitationes
3207 2243 3480 2299 debemus
3532 2241 3827 2298 mundare.

2167 2335 2307 2389 Nam
2329 2340 2385 2390 et
2411 2335 2461 2389 si
2485 2335 2674 2390 omnia
2701 2334 2894 2405 licent,
2921 2335 3017 2390 sed
3049 2346 3157 2389 non
3181 2333 3371 2389 omnia
3404 2331 3739 2402 expediunt,
3769 2333 3831 2386 ut

2167 2435 2235 2478 ex
2265 2424 2575 2492 apostolica
2618 2438 2749 2479 voce
2773 2424 3044 2480 docemur
3068 2423 3119 2491 (1
3139 2422 3257 2477 Cor.
3283 2421 3384 2491 v1).
3427 2419 3828 2477 Necessarium

2167 2526 2300 2584 ergo
2321 2519 2407 2567 est
2437 2513 2590 2567 omni
2630 2513 2849 2568 homini
2885 2513 3245 2583 manducare,
3271 2516 3334 2567 ut
3363 2511 3530 2566 vivat.
3577 2510 3645 2565 Et
3689 2508 3832 2579 qui—

2167 2602 2292 2656 dem
2326 2602 2476 2656 inter
2499 2616 2614 2673 eos,
2649 2602 2862 2672 quibus
2903 2603 3020 2656 vita
3063 2605 3150 2656 est
3197 2601 3527 2670 nuptiarum
3571 2603 3627 2654 et
3657 2604 3830 2654 nato-

2169 2705 2316 2760 rum,
2372 2696 2542 2761 atque
2593 2691 2818 2747 laicalis
2869 2691 3124 2760 affectus,
3177 2691 3519 2746 manducare
3569 2689 3728 2745 viros
3774 2693 3830 2743 et

2170 2780 2438 2837 mulieres
2466 2781 2660 2850 simul,
2685 2781 2832 2837 nulli
2864 2781 3205 2837 detractioni
3232 2773 3403 2853 patet,
3430 2784 3650 2835 tantum
3686 2781 3751 2833 ut
3773 2776 3826 2832 ei

2169 2870 2270 2941 qui
2293 2870 2391 2925 dat
2409 2883 2614 2940 escam,
2640 2871 2854 2942 gratias
2875 2875 3073 2943 agant:
3109 2875 3164 2926 et
3196 2883 3306 2926 non
3331 2868 3402 2925 ab
3428 2869 3512 2925 eis
3543 2881 3641 2938 per
3664 2880 3830 2938 quas-

2169 2959 2298 3014 dam
2321 2959 2656 3029 thymelicas
2675 2959 2992 3030 voluptates
3013 2959 3231 3016 Satanae
3250 2960 3436 3030 imago
3457 2956 3828 3013 cantantibus

2167 3049 2525 3121 citharisque
2575 3054 2746 3120 atque
2803 3050 3148 3106 meretriciis
3198 3046 3659 3106 contortionibus
3711 3045 3827 3102 coli

2166 3138 2446 3196 videatur.
2500 3140 2722 3209 Quibus
2765 3136 2918 3214 [Gr.,
2945 3146 3000 3195 et
3052 3153 3162 3195 non
3192 3152 3289 3209 per
3334 3154 3386 3210 q.
3431 3142 3469 3194 t.
3506 3151 3554 3193 v.
3605 3137 3712 3193 hoc
3742 3138 3830 3191 est

2166 3229 2449 3284 satanicas
2487 3230 2822 3297 cantilenas,
2861 3229 3225 3299 citharasque
3253 3233 3309 3283 et
3349 3226 3705 3284 meretricias
3729 3227 3827 3282 in-

2163 3319 2475 3375 ﬁexiones:
2521 3315 2771 3393 quibus]
2840 3318 3200 3388 snperveniet
3261 3318 3593 3388 prophetica
3642 3316 3830 3374 male—

2161 3409 2361 3480 dictio,
2391 3423 2516 3479 quae
2541 3410 2619 3464 ita
2647 3409 2828 3464 dicit:
2859 3410 2951 3464 Vw
2981 3411 3078 3478 qui
3106 3423 3226 3461 cum
3263 3409 3477 3462 cithara
3499 3409 3827 3477 etpsalterio

2160 3501 2348 3552 vinum
2374 3499 2584 3560 bibunt,
2607 3514 2772 3568 opera
2810 3504 2989 3553 autem
3026 3499 3245 3551 Domini
3280 3514 3391 3552 non
3420 3499 3726 3559 intuentur,
3777 3503 3828 3552 et

2160 3602 2321 3656 opera
2350 3603 2609 3640 manuum
2647 3588 2765 3656 ejus
2811 3603 2919 3642 non
2965 3587 3284 3656 intelligunt
3333 3586 3466 3656 (Isa,
3517 3587 3594 3655 ν).
3648 3587 3716 3640 Et
3773 3585 3825 3640 si

2161 3689 2402 3746 usquam
2424 3673 2642 3731 fuerint
2671 3676 2822 3732 inter
2848 3676 3208 3733 Christianos
3237 3675 3588 3746 hujusmodi,
3635 3675 3827 3731 corri-

2159 3770 2384 3837 gantur.
2427 3765 2526 3820 Sin
2565 3770 2775 3838 autem,
2821 3765 3117 3822 obtineant
3156 3781 3328 3837 super
3379 3766 3466 3822 eis
3514 3779 3640 3837 qua:
3685 3769 3828 3821 sunt

2158 3860 2288 3910 ante
2337 3868 2441 3910 nos
2481 3855 2821 3927 regulariter
2862 3855 3033 3910 edita.
3081 3855 3306 3925 Quibus
3351 3860 3538 3911 autem
3569 3855 3688 3910 vita
3737 3858 3824 3910 est

2160 3943 2420 4000 solitaria
2450 3939 2677 4017 [quieta
2700 3947 2756 4000 et
2789 3941 3077 4018 solitaria}
3115 3950 3172 4000 et
3203 3944 3380 4000 unius
3405 3944 3602 4008 moris,
3643 3948 3710 3999 ut
3738 3944 3824 4001 eis

2157 4031 2426 4088 videlicet
2446 4033 2545 4102 qui
2568 4030 2796 4087 Domini
2810 4033 3012 4104 jugum
3031 4045 3090 4087 se
3114 4033 3419 4103 singulare
3439 4032 3639 4088 tollere
3655 4047 3827 4102 spon-

2157 4121 2313 4192 dent,
2337 4123 2529 4178 sedere
2549 4126 2606 4177 et
2633 4127 2818 4178 tacere
2843 4122 3124 4178 convenit.
3157 4121 3260 4178 Sed
3291 4126 3348 4178 et
3373 4121 3465 4177 his
3491 4121 3592 4193 qui
3621 4135 3827 4178 sacra-

2158 4215 2271 4267 tam
2319 4212 2536 4284 elegere
2587 4213 2782 4284 vitam,
2831 4212 2991 4268 nullo
3045 4212 3210 4268 modo
3260 4212 3394 4268 licet
3423 4217 3640 4268 secreto
3689 4225 3823 4269 cum

2159 4301 2502 4359 mulieribus
2557 4302 2884 4372 convivari;
2930 4302 3045 4358 nisi
3101 4302 3247 4359 forte
3283 4316 3412 4360 cum
3471 4302 3826 4374 quibusdam

387 4392 700 4449 secundum
752 4391 1182 4462 praeceptionem
1235 4391 1360 4460 ejus
1413 4391 1493 4446 ita
1539 4390 1873 4451 formentur.
1921 4397 2041 4451 Non
2072 4388 2120 4448 D
2153 4393 2329 4447 Deum
2357 4392 2696 4449 timentibus
2728 4396 2785 4447 et
2814 4392 3137 4448 reverendis
3175 4392 3340 4462 viris,
3375 4392 3458 4448 vel
3482 4394 3657 4447 etiam
3688 4407 3829 4448 mu-

389 4481 647 4538 habitent
679 4481 738 4537 in
772 4495 886 4538 uno
925 4480 1269 4537 monasterio
1323 4481 1584 4538 monachi
1617 4487 1673 4539 et
1718 4487 2038 4544 monachae:

385 4571 734 4628 adulterium
764 4572 915 4628 enim
950 4571 1247 4641 intercipit
1264 4571 1768 4629 cohabitationem.
1798 4575 1919 4631 Non
1950 4577 2046 4634 ha-

385 4660 514 4716 beat
539 4662 761 4718 aditum
808 4660 1118 4716 monachus
1159 4661 1227 4717 ad
1264 4662 1617 4733 monacham,
1649 4663 1734 4718 vel
1768 4666 2041 4722 monacha

384 4751 454 4806 ad
499 4750 838 4806 monachum
873 4756 1089 4806 secreto
1121 4751 1190 4806 ad
1218 4750 1676 4808 collocutionem.
1719 4755 1840 4810 Non
1876 4755 2045 4812 cubet

385 4840 696 4896 monachus
741 4839 798 4894 in
835 4837 1104 4894 muliebri
1159 4840 1520 4913 monasterio,
1558 4856 1743 4914 neque.
1776 4844 2047 4915 singula-

385 4929 527 4984 riter
567 4942 696 4984 cum
750 4929 1021 4984 monacha
1059 4929 1420 4986 convivetur:
1481 4936 1536 4987 et
1567 4934 1794 5003 quando
1844 4947 2044 4991 neces-

384 5019 536 5076 saria
574 5018 704 5074 vitze
733 5033 765 5074 a
791 5019 1044 5074 virorum
1077 5025 1235 5090 parte
1267 5021 1337 5076 ad
1362 5021 1651 5093 regulares
1678 5022 2037 5097 deferuntur,

383 5113 541 5165 extra
589 5113 807 5178 portam
861 5108 978 5164 haac
1027 5111 1308 5180 suscipiat
1352 5110 1643 5169 abbatissa
1705 5117 2036 5172 monasterii

382 5198 724 5254 feminarum
767 5212 896 5254 cum
937 5198 1178 5267 quadam
1212 5200 1401 5255 vetula
1444 5202 1734 5258 monaeha.
1771 5204 1946 5261 Porro
1985 5207 2032 5262 si

381 5288 707 5361 contigerit,
768 5291 831 5344 ut
881 5287 1134 5358 aliquam
1194 5289 1572 5360 propinquam
1630 5307 1791 5348 suam
1845 5295 2038 5352 videre

379 5378 629 5437 voluerit
649 5376 982 5450 monachus,
1012 5377 1071 5434 in
1099 5379 1399 5448 prasentia
1419 5380 1722 5438 abbatissae
1754 5382 1889 5440 huic
1910 5398 2040 5442 con-

382 5467 672 5526 fabuletur
701 5481 800 5539 per
834 5466 1055 5525 modica
1100 5470 1157 5524 et
1195 5469 1593 5540 compendiosa
1649 5472 1836 5546 verba,
1877 5480 1934 5532 et
1976 5475 2037 5533 in

381 5555 540 5615 brevi
565 5555 637 5614 ab
660 5569 724 5613 ea
751 5555 1029 5613 discedat.

2155 4481 2399 4538 lieribus
2423 4500 2438 4552 ;
2467 4487 2752 4553 quatenus
2773 4487 2830 4538 et
2852 4483 2976 4553 ipsa
2996 4483 3319 4539 convivatio
3343 4482 3412 4538 ad
3435 4482 3823 4539 directionem

2153 4572 2470 4642 spiritalem
2512 4571 2792 4642 proﬁciat,
2828 4577 2886 4627 et
2917 4571 3066 4627 inter
3090 4571 3548 4645 consanguineos
3588 4585 3825 4644 quoque

2155 4661 2406 4733 idipsum
2429 4661 2724 4719 efﬁciatur.
2756 4663 3090 4733 Rursusque
3116 4662 3165 4717 si
3184 4662 3493 4734 contigerit
3517 4662 3574 4716 in
3607 4661 3823 4719 itinere

2155 4753 2491 4808 monachum
2543 4752 2629 4808 vel
2683 4756 2968 4808 sacratum
3031 4753 3216 4808 virum
3277 4765 3389 4808 uon
3443 4750 3822 4807 circumferre

2153 4858 2278 4915 qua:
2311 4843 2491 4899 victui
2532 4847 2850 4914 opportuna
2891 4845 3043 4912 sunt,
3068 4846 3124 4898 et
3159 4845 3388 4912 propter
3419 4841 3822 4897 necessitatem

2150 4934 2430 4990 divertere
2455 4933 2574 4988 sive
2622 4933 2680 4988 in
2719 4931 3137 4988 xenodoehium
3196 4927 3524 5005 {publicum
3549 4931 3822 4987 diverso-

2151 5021 2342 5098 rium]
2395 5023 2513 5079 sive
2557 5023 2617 5078 in
2646 5023 2880 5078 domum
2927 5021 3196 5093 alicujus,
3246 5021 3538 5076 licentiam
3581 5020 3822 5077 habebit

2150 5112 2254 5169 hoc
2280 5111 2547 5181 faciendi,
2597 5116 2864 5182 tanquam
2901 5116 3138 5183 urgente
3167 5111 3520 5166 necessitate.

2147 5239 2330 5296 Ξειωο
2377 5251 2748 5293 LAUDATORIUS
2796 5238 3009 5293 Sancta:
3041 5240 3434 5308 pronuntiatus
3477 5237 3691 5306 synodo
3745 5238 3814 5292 ab

2216 5311 2522 5382 Epiphanio
2549 5311 2774 5364 diacono
2799 5311 3052 5365 Ecclesiae
3077 5309 3296 5364 Gaianae
3335 5309 3644 5364 Siculorum
3664 5325 3813 5382 prec

2215 5385 2427 5445 vincies,
2454 5399 2518 5438 ac
2548 5384 2650 5437 loci
2687 5388 2957 5440 servatore
2987 5382 3198 5437 Thomas
3238 5382 3632 5454 archiepiswpi
3656 5382 3806 5438 Sar—

2217 5455 2411 5510 dorum
2429 5455 2641 5511 insula.

2216 5565 2419 5622 Beatus
2481 5563 2753 5637 prapheta
2821 5562 2999 5622 Isaias
3064 5560 3264 5620 divino
3306 5565 3535 5633 accepto
3581 5561 3816 5634 Spiritu
