4010 6160
150 317 254 379 ι89

899 319 1450 380 INTERPRETATIO
1504 318 1753 378 SYNODI
1790 320 1807 360 Ἰ

1933 319 2403 378 GENERALIS—
2459 323 2662 380 ACTIO
2697 325 2835 380 VIII.

3442 320 3547 381 490

151 444 354 502 factam
388 446 646 519 gentium
688 460 788 518 per
821 446 1115 505 Christum
1160 448 1604 518 redemptionem
1635 447 1798 504 valde
1824 448 1879 509 A
1908 445 2108 502 sibilia
2174 445 2431 503 conferre
2494 450 2866 503 maturamus.
2917 446 3072 517 Saepe
3123 461 3367 519 namque
3409 463 3547 518 par—

151 535 290 591 bene
325 537 668 607 praevidens,
709 541 766 592 et
803 550 1002 593 eorum
1035 537 1135 608 qui
1191 552 1288 608 per
1319 538 1508 608 ipsum
1539 536 1795 594 salvandi

149 630 311 680 erant
342 626 777 682 multitudinem
806 641 918 682 non
941 627 1231 699 ignorans,
1259 631 1321 682 ut
1341 641 1408 682 ex
1437 639 1674 696 persona
1695 626 1794 682 Dei

149 713 367 770 alicubi
405 715 803 784 pronuntiavit
833 715 926 771 his
949 715 1047 786 qui
1073 729 1170 785 per
1190 715 1418 788 singula
1443 719 1694 785 tempora
1715 727 1800 770 sa-

147 817 377 859 crorum
439 804 769 860 sortiuntur
821 805 1257 875 praeposituram
1311 804 1575 876 ovilium,
1623 804 1792 860 haec:

147 891 446 946 Ambulate
467 908 570 962 per
610 899 800 962 portas
834 909 1002 957 meas,
1047 899 1098 949 et
1119 894 1297 948 ducite
1313 895 1580 964 populum
1624 908 1801 948 meum

150 986 196 1035 et
223 981 444 1050 lapides
469 998 504 1035 a
527 984 619 1036 via
637 984 890 1053 projicite
930 982 1064 1051 (Isa.
1111 997 1225 1039 Lxu
1271 983 1536 1053 Quaenam
1572 981 1801 1038 intelli-

150 1076 370 1141 guntur
411 1076 606 1140 portae,
642 1072 756 1127 nisi
799 1072 1088 1129 divinitus
1128 1073 1424 1143 inspirataa
1465 1071 1796 1142 Scriptura),

148 1166 600 1231 sanctorumque
649 1161 1051 1231 prophetarum
1094 1161 1308 1217 verba?
1349 1162 1484 1231 Quae
1523 1160 1800 1217 nimirum

148 1249 318 1321 quasi
366 1251 642 1320 quasdam
694 1250 1108 1307 intellectuales
1140 1255 1330 1320 portas
1367 1250 1802 1306 rationabilium

152 1345 414 1408 pastores
447 1338 727 1408 pecudum
758 1339 1182 1410 interpretando
1220 1340 1564 1410 aperientes,
1600 1339 1685 1394 sic
1709 1352 1804 1395 eas

148 1429 215 1484 ad
241 1429 428 1484 latum
450 1432 507 1482 et
527 1441 720 1484 verum
745 1429 1040 1484 adducunt
1059 1429 1294 1498 ostium,
1327 1429 1597 1485 videlicet
1617 1428 1807 1484 Domi-

153 1531 287 1573 num
333 1522 596 1573 nostrum
633 1519 818 1573 lesum
850 1517 1163 1590 Christum,
1196 1518 1295 1589 qui
1328 1533 1455 1574 vere
1482 1519 1552 1574 ad
1584 1519 1803 1574 Patrem

155 1606 323 1662 nobis
374 1605 566 1662 factus
593 1611 679 1662 est
724 1607 960 1678 ostium,
1009 1607 1484 1677 quemadmodum
1539 1607 1661 1677 ipse
1698 1607 1802 1678 ait,

155 1696 289 1766 quia
320 1697 441 1762 Ego
471 1711 592 1750 sum
620 1698 814 1750 ostium
835 1695 1013 1764 (Joan.
1048 1695 1126 1769 x.)
1160 1697 1330 1752 Porro
1360 1695 1580 1766 lapides
1610 1696 1708 1768 qui
1744 1696 1803 1752 in

1906 549 2010 592 vus
2060 535 2321 592 calculus
2365 537 2588 608 magnis
2630 536 2974 592 commissus
3006 536 3316 607 lapidibus,
3371 553 3546 608 quan-

1909 630 2026 681 tum
2065 626 2123 681 in
2177 640 2237 682 se
2285 625 2420 696 fuit,
2474 626 2566 682 his
2621 626 3078 683 immobilitatem
3124 641 3183 682 se
3232 627 3547 684 contulisse

1907 713 2220 770 simulavit.
2252 715 2395 784 Quis
2423 719 2610 770 autem
2639 719 2830 771 noster
2854 716 2932 771 sit
2955 729 3160 787 sermo,
3195 715 3254 771 in
3296 717 3545 772 medium

1908 801 2248 874 proferatur,
2280 817 2312 858 a
2352 803 2573 860 divinis
2609 804 2774 861 vobis
2805 805 3099 876 trapezitis
3131 821 3152 848 ι
3193 805 3549 880 benignitate

1907 891 2086 948 multa
2105 892 2526 964 discutiendus,
2551 897 2606 949 et
2629 894 2915 950 divinitus
2938 895 3218 966 inspirata
3249 897 3546 968 Scriptura

1910 980 2254 1051 probandus.
2303 981 2350 1038 Ο
2404 983 2793 1040 sacratissima
2851 985 3045 1055 statio,
3098 1000 3328 1043 sursum
3376 993 3549 1059 atque

1908 1069 2172 1125 deorsum
2203 1069 2488 1126 hominem
2517 1072 2587 1127 ad
2621 1073 2923 1145 imaginem
2955 1074 3056 1130 Dei
3089 1072 3299 1132 factum
3330 1077 3398 1133 ad
3455 1091 3552 1134 re-

1908 1157 2248 1214 ctitudinem
2283 1159 2484 1216 iterato
2505 1159 2744 1216 salvate:
2771 1167 2826 1217 et
2847 1163 3092 1218 reditum
3114 1164 3182 1219 ad
3215 1165 3552 1238 originalem

1913 1245 2425 1320 pulchritudinem,
2458 1264 2583 1320 qua:
2611 1264 2708 1321 per
2733 1250 3014 1307 incuriam
3043 1251 3268 1309 sublata
3293 1259 3396 1326 est,
3431 1271 3555 1312 rur-

1913 1350 2013 1392 sus
2039 1350 2136 1406 per
2159 1351 2351 1393 curam
2379 1338 2430 1394 ei
2465 1339 2794 1395 mereamini
2824 1336 3222 1417 [mercamini].
3257 1345 3369 1400 Hoc
3397 1345 3551 1402 enim

1912 1425 2031 1481 sive
2061 1425 2485 1484 observationes
2515 1428 2784 1500 legalium
2816 1432 3232 1504 mandatorum,
3265 1433 3384 1488 sive
3415 1433 3563 1489 rela-

1913 1515 2100 1570 tiones
2122 1515 2440 1588 hominum,
2465 1517 2564 1588 qui
2599 1531 2750 1574 more
2779 1519 3034 1576 historiae
3063 1521 3203 1577 bene
3227 1522 3464 1578 aliterve
3491 1523 3552 1579 in

1914 1603 2121 1660 seaculo
2149 1605 2465 1660 conversati
2505 1610 2661 1677 sunt,
2708 1607 2826 1662 sive
2851 1621 3010 1664 sacra
3051 1609 3398 1679 psalmorum
3429 1611 3558 1667 elo-

1914 1692 2070 1763 quia,
2140 1691 2256 1750 sive
2308 1694 2692 1764 proverbiales
2736 1695 3013 1752 doctrina:
3063 1699 3330 1755 moralem
3386 1699 3554 1756 nobis

157 1785 242 1839 via
260 1785 509 1854 projecti
529 1789 684 1854 sunt,
703 1785 969 1840 scandala
991 1783 1136 1840 forte
1152 1789 1288 1841 sunt
1311 1785 1589 1841 haeretica
1609 1783 1807 1842 factio—
1834 1775 1888 1838 Β
1915 1785 2209 1837 narrantes
2235 1782 2680 1855 philosophiam,
2714 1798 2814 1854 per
2834 1786 3069 1842 multam
3101 1787 3554 1844 sollicitudinem

157 1874 265 1943 nis,
295 1887 430 1943 qua:
460 1872 638 1929 veluti
672 1873 904 1943 quidam
938 1872 1157 1943 lapides
1189 1873 1317 1930 ﬁdei
1352 1877 1559 1929 nostrae
1588 1874 1805 1930 semitas

155 1961 444 2031 apposita,
492 1974 592 2016 eos
631 1961 729 2031 qui
773 1961 841 2016 ad
886 1961 1172 2019 Christum
1237 1962 1337 2033 qui
1369 1975 1498 2018 vera
1553 1967 1639 2019 est
1689 1963 1802 2035 via,

157 2064 469 2120 properare
495 2049 714 2120 volunt,
746 2050 920 2121 impie
951 2051 1226 2122 impedire
1257 2057 1582 2124 procurant,
1617 2068 1652 2124 q
1697 2066 1810 2108 an—

156 2145 276 2196 tnm
305 2141 368 2195 in
401 2153 467 2195 se
491 2144 598 2210 est,
634 2139 744 2196 iter
765 2140 852 2196 eis
899 2141 1106 2197 salutis
1135 2141 1402 2198 claudere
1446 2141 1801 2199 festinantes.

158 2229 502 2299 Rursusque
545 2228 636 2284 via
683 2227 799 2284 base
826 2229 1106 2286 Dominus
1155 2229 1354 2300 utique
1413 2235 1606 2287 noster
1646 2233 1809 2286 Jesus

155 2317 428 2373 Christus
457 2316 788 2387 conjicitur,
821 2318 975 2373 sicut
995 2319 1117 2388 ipse
1143 2318 1246 2389 ait,
1281 2319 1418 2388 quia
1445 2321 1559 2388 Ego
1584 2335 1702 2374 sum
1721 2321 1814 2373 via

156 2408 339 2476 (Ioan.
377 2406 520 2476 XIV).
555 2407 958 2463 Haereticorum
1002 2421 1136 2478 ergo
1165 2407 1475 2477 scandalis,
1506 2421 1572 2463 ac
1601 2408 1651 2463 si
1689 2408 1816 2480 qui-

156 2494 402 2550 busdam
424 2494 741 2566 lapidibus,
762 2495 1118 2552 sacerdotum
1139 2497 1498 2568 peritissimi,
1522 2497 1816 2568 ingeniose

157 2583 306 2639 satis
335 2588 393 2638 et
421 2583 740 2640 artiﬁciose
770 2585 1007 2640 ductore
1033 2585 1259 2654 Spiritu
1288 2599 1321 2641 a
1362 2586 1455 2641 via
1509 2593 1722 2657 nostra,
1757 2585 1812 2642 id

157 2677 248 2728 est
277 2671 413 2728 ﬁdei
449 2671 672 2728 ratione
695 2673 974 2745 purgatis,
1009 2688 1118 2730 non
1145 2675 1329 2730 solum
1363 2674 1466 2730 hos
1495 2680 1692 2730 contra
1730 2688 1818 2730 ca-

161 2763 282 2832 pita
302 2775 507 2818 eorum
533 2762 633 2832 qui
659 2761 790 2818 illos
822 2764 1094 2832 jecerant,
1125 2763 1382 2836 mittunt,
1406 2778 1598 2819 verum
1643 2764 1814 2819 etiam

162 2850 271 2906 hoc
302 2850 476 2906 modo
503 2849 761 2906 semitam
793 2865 917 2921 quae
941 2852 1105 2908 ducit
1129 2853 1198 2908 ad
1232 2853 1379 2908 viam
1416 2848 1568 2926 [fort.
1593 2849 1814 2927 vitam],

163 2938 449 3008 subjectis
475 2937 742 3008 plebibus
766 2937 990 2996 facilem
1015 2945 1072 2997 et
1095 2941 1290 2997 tritam
1320 2940 1614 3011 efﬁciunt;
1649 2942 1728 2997 ita
1757 2945 1822 2998 ut

165 3029 393 3098 possint
421 3040 625 3097 sapere
648 3041 714 3083 ac
737 3027 928 3084 dicere
955 3047 968 3083 :
1023 3029 1229 3084 Anima
1253 3035 1441 3084 nostra
1468 3032 1608 3085 sicut
1625 3045 1821 3100 passer

1913 1874 2317 1938 exposuerunt.
2362 1871 2465 1926 Sed
2521 1871 2880 1940 impossibile
2931 1879 3052 1930 erat
3118 1873 3284 1931 facile
3338 1875 3551 1946 lapsam

1917 1962 2255 2028 peccatoque
2285 1957 2626 2014 submissam
2652 1965 2912 2017 naturam
2945 1967 3196 2018 nostram
3231 1963 3289 2018 in
3316 1977 3376 2019 se
3395 1965 3560 2020 anti-

1915 2045 2273 2118 quissimam,
2294 2060 2361 2102 ex
2392 2061 2504 2118 qua
2533 2048 2745 2104 cecidit
2773 2050 2832 2104 in
2863 2049 3062 2121 Adam,
3091 2051 3344 2120 recipere
3367 2053 3561 2124 digni-

1915 2137 2106 2190 tatem.
2138 2135 2272 2204 Quae
2300 2135 2568 2191 videlicet
2600 2137 2791 2206 potius
2819 2138 2980 2208 eguit
3016 2138 3132 2193 alia
3172 2139 3417 2209 quadam
3453 2154 3560 2196 ro-

1919 2221 2085 2278 busta
2105 2227 2161 2278 et
2187 2223 2866 2296 inexpugnabili‘meliori
2889 2226 3122 2297 virtute,
3156 2241 3280 2298 qua:
3316 2228 3472 2283 illam
3495 2242 3564 2284 ex

1924 2311 2150 2368 inﬁrmo
2176 2311 2433 2369 ulcerum
2461 2312 2575 2368 sibi
2605 2314 2958 2386 turgentium
2987 2316 3276 2385 proposito
3316 2321 3563 2378 sanaret.

1921 2404 1978 2456 et
2006 2401 2074 2456 ad
2109 2401 2487 2458 robustiorem
2509 2401 2893 2459 valetudinem
2915 2417 3043 2460 cum
3071 2405 3313 2475 quodam
3337 2405 3566 2463 liberali

1923 2495 2226 2560 augmento
2257 2491 2569 2546 reduceret.
2614 2493 2728 2548 Hoc
2760 2492 2944 2564 igitur
2971 2507 3100 2548 cum
3145 2494 3322 2550 sciret
3366 2495 3566 2552 divino

1921 2579 2144 2649 Spiritu
2176 2584 2364 2636 motus
2395 2580 2800 2650 prOphetarum
2834 2583 3065 2654 chorus,
3109 2582 3254 2638 alibi
3286 2583 3568 2654 aliterque

1925 2667 2126 2724 talium
2153 2667 2206 2724 ei
2241 2667 2518 2724 bonorum
2552 2669 2756 2725 nuntia
2782 2671 3044 2742 protulit,
3087 2671 3146 2726 in
3187 2685 3291 2728 suo
3319 2676 3570 2742 tempore

1925 2756 2326 2828 unusquisque
2383 2757 2716 2828 praedicens,
2775 2759 3292 2830 consempiternum
3343 2765 3398 2816 et
3445 2774 3578 2817 con-

1928 2844 2363 2901 substantialem
2387 2845 2488 2901 Dei
2529 2846 2716 2902 Patris
2743 2846 2954 2904 Filium
2990 2853 3046 2903 et
3072 2847 3313 2906 Verbum
3343 2849 3573 2906 divitiis

1929 2933 2208 2990 bonitatis
2237 2948 2358 2990 suae
2385 2935 2455 2990 ad
2490 2939 2741 2990 nostram
2786 2936 3201 2992 extremitatem
3235 2937 3572 3011 profectum,

1932 3027 2182 3078 nostram
2208 3021 2449 3092 perfecte
2471 3023 2734 3080 induisse
2750 3029 3034 3096 naturam,
3054 3030 3110 3081 et
3128 3026 3272 3082 hanc
3289 3027 3577 3084 invisibili

163 3122 348 3188 erepta
380 3121 463 3171 est
489 3116 557 3170 de
589 3117 776 3186 laqueo
800 3119 1134 3173 venantium.
1162 3120 1412 3188 Laqueus
1437 3121 1701 3174 contritus
1721 3122 1818 3182 est,
1851 3113 1899 3176 C
1931 3115 1988 3166 et
2013 3111 2111 3182 qui
2145 3111 2269 3168 sine
2296 3112 2533 3168 materia
2552 3118 2656 3184 est,
2692 3113 2822 3185 igne
2850 3114 3177 3171 divinitatis
3205 3130 3324 3172 sua:
3351 3117 3410 3173 in
3436 3118 3584 3174 anti-

165 3211 212 3260 et
237 3213 348 3262 nos
363 3207 594 3260 liberati
617 3221 821 3262 sumus.
850 3206 1210 3275 Adjutorium
1247 3213 1492 3263 nostrum
1516 3211 1577 3262 in
1605 3209 1820 3262 nomine
1931 3201 2208 3271 quitatem
2254 3201 2611 3258 reformasse.
2652 3202 2822 3260 Alius
2853 3204 3084 3276 quidem
3119 3205 3420 3276 innuptam
3451 3221 3583 3264 con-

165 3296 389 3350 Domini
416 3294 594 3365 (Psal.
622 3295 838 3366 cxxm).
873 3295 955 3351 En
988 3296 1171 3368 igitur
1193 3296 1432 3354 divinus
1461 3297 1818 3353 sacerdotum
1929 3290 2246 3359 ceptionem
2290 3295 2345 3346 et
2391 3291 2817 3348 immaculatum
2849 3307 2915 3348 ac
2962 3293 3300 3366 virginalem
3355 3302 3579 3366 partum

167 3389 493 3441 conventus
535 3383 965 3441 Dominicorum
994 3386 1389 3443 mandatorum
1439 3399 1672 3456 sequax,
1707 3385 1822 3441 huc
1931 3379 2448 3450 praedicans;alius
2463 3393 2593 3435 vero
2616 3385 2966 3450 potentatum
2990 3377 3150 3454 [forte
3167 3385 3584 3462 potentatuum]

169 3474 234 3529 ad
261 3471 600 3530 venerabile
622 3473 1074 3542 dispensationis
1101 3475 1317 3531 Christi
1350 3474 1683 3545 mysterium
1717 3487 1825 3544 pa—
1933 3467 2347 3538 omnimodum,
2367 3467 2797 3540 exterminium,
2815 3473 2871 3525 et
2892 3469 3352 3527 imminutionem
3374 3487 3582 3542 praeva-

1939 3556 2242 3613 ricationis
2273 3570 2397 3628 quae
2431 3555 2690 3613 obtinuit
2717 3557 2788 3613 ab
2815 3555 3014 3628 Adam,
3046 3563 3104 3614 et
3134 3559 3192 3614 in
3221 3558 3400 3616 Adam
3433 3560 3580 3620 facta

1939 3650 2027 3702 est
2056 3659 2238 3718 usque
2285 3646 2353 3701 ad
2384 3645 2582 3718 legem,
2615 3651 2786 3717 atque
2823 3645 3098 3703 diabolici
3144 3649 3317 3706 simul
3361 3651 3581 3708 delicti.

1941 3735 2106 3792 Alius
2135 3739 2325 3792 autem
2351 3735 2604 3805 ejusdem
2631 3742 2843 3792 satanas
2867 3748 2934 3791 ac
2959 3736 3299 3810 daemonum,
3329 3741 3428 3810 qui
3456 3755 3588 3799 cum

1945 3837 2009 3880 eo
2040 3828 2310 3895 apostata:
2332 3822 2467 3880 facti
2497 3828 2650 3894 sunt,
2673 3824 2966 3880 exitialem
3008 3825 3234 3883 ruinam
3264 3842 3296 3884 a
3321 3827 3466 3886 facie
3491 3845 3587 3902 ap-

1948 3914 2202 3984 parentis
2217 3913 2340 3985 Dei,
2359 3918 2529 3984 atque
2548 3913 3054 3984 incomparabilem
3083 3917 3398 3988 gratiarum
3417 3921 3594 3978 actio-

1948 4014 2074 4057 nem
2106 4001 2467 4072 Redemptori
2512 4001 2852 4058 afferendam
2881 4015 2915 4058 a
2960 4003 3126 4060 nobis
3170 4006 3269 4076 qui
3317 4008 3591 4080 redempti

1949 4104 2169 4161 sumus,
2199 4104 2372 4160 super
2392 4089 2739 4162 largissimis
2759 4090 2927 4146 bonis
2949 4106 3074 4163 qua:
3096 4093 3154 4148 in
3176 4094 3342 4151 nobis
3374 4102 3595 4166 patrata

1950 4185 2104 4237 sunt.
2125 4180 2224 4235 Ast
2244 4179 2397 4236 alius
2413 4179 2794 4236 voluntariam
2820 4179 3101 4237 incarnati
3121 4183 3219 4238 Dei
3249 4186 3591 4258 passionem,

168 3563 355 3618 ternis
371 3560 666 3618 doctrinis
683 3562 1064 3620 ordinandum
1085 3567 1143 3618 et
1161 3563 1572 3621 enucleandum
1594 3575 1829 3619 concur-

169 3652 265 3708 rit.
296 3654 430 3708 Non
463 3651 632 3721 quasi
657 3651 761 3707 hoc
788 3651 977 3722 ipsum
1002 3653 1248 3723 primum
1273 3653 1538 3723 plebibus
1565 3653 1833 3724 praedica-

167 3743 385 3805 verint,
418 3755 554 3797 cum
592 3745 723 3797 ante
759 3741 1118 3814 octingentos
1153 3739 1327 3798 ferme
1367 3755 1549 3799 annos
1592 3742 1651 3798 in
1697 3741 1834 3798 orbe

169 3833 291 3886 toto
323 3829 516 3886 fuerit
554 3827 958 3899 praedicatum:
992 3830 1088 3886 sed
1133 3830 1284 3901 quod
1319 3835 1539 3887 tantum
1584 3830 1836 3887 salutare

168 3919 519 3988 consilium,
547 3919 696 3989 quod
727 3933 825 3990 per
852 3933 982 3976 eum
1008 3924 1464 3976 consummatum
1491 3925 1597 3991 est,
1623 3921 1836 3977 divinas

169 4007 498 4079 Scriptura:
558 4007 1131 4078 interpretationibus
1197 4008 1558 4065 lucidissime
1607 4009 1838 4080 populis

169 4099 632 4168 adaperuerunt,
660 4102 716 4152 et
737 4097 1034 4154 hereticos
1053 4097 1124 4154 ab
1147 4097 1272 4168 ipso
1300 4099 1478 4169 petris
1498 4099 1700 4156 allisos
1726 4099 1840 4170 spi-

171 4188 327 4245 ritus
345 4201 455 4244 seu
477 4191 729 4242 stercora
753 4182 958 4259 [patris
980 4187 1182 4243 allisos
1199 4188 1442 4260 Spiritu,
1466 4203 1569 4246 ceu
1590 4194 1840 4247 stercora

169 4277 339 4333 valde
372 4289 634 4347 congrue
652 4274 1069 4350 reputaverint]
1096 4276 1258 4332 valde
1281 4291 1593 4350 congruere
1618 4283 1844 4350 putave-
1949 4275 2006 4327 et
2032 4271 2090 4326 in
2127 4267 2415 4325 infernum
2449 4268 2897 4342 descensionem,
2932 4274 2987 4325 et
3020 4286 3222 4328 rursus
3256 4287 3323 4329 ex
3372 4273 3598 4332 inferno

169 4367 294 4422 rint
329 4363 494 4441 [fort
520 4365 779 4436 stercori,
810 4367 895 4419 vel
917 4379 1020 4422 ceu
1045 4363 1346 4440 stercora].
1375 4369 1664 4424 Noverunt
1685 4369 1838 4425 enim
1949 4359 2206 4415 validum
2237 4357 2490 4414 reditum
2506 4371 2640 4413 cum
2667 4357 2995 4431 animabus,
3015 4373 3142 4431 quae
3161 4361 3597 4421 inevitabilibus

170 4456 585 4529 propheticam
617 4469 805 4511 vocem
836 4456 949 4512 sibi
977 4457 1142 4526 quasi
1166 4470 1233 4513 ex
1263 4469 1503 4526 persona
1531 4459 1630 4514 Dei
1662 4459 1834 4514 etiam
1865 4453 1920 4514 D
1954 4449 2076 4506 illis
2096 4447 2348 4504 vinculis
2365 4446 2717 4503 tenebantur.
2752 4446 2920 4505 Alius
2943 4463 3072 4505 vero
3104 4449 3416 4521 gloriosum
3451 4467 3484 4508 a
3507 4468 3602 4510 no-

167 4547 230 4603 in
283 4548 409 4604 hoc
452 4544 826 4600 clamantem:
877 4545 1210 4608 Sacerdotes,
1257 4546 1443 4601 audite
1483 4551 1534 4601 et
1566 4553 1841 4603 eontesta—
1952 4539 2044 4594 bis
2072 4538 2142 4594 ad
2190 4539 2406 4593 Patrem
2452 4537 2550 4607 (Ιυὶ
2584 4537 2643 4593 in
2701 4537 2864 4594 ClBliS
2907 4542 3010 4610 est,
3042 4553 3394 4611 regressum,
3427 4547 3482 4598 et
3525 4544 3592 4600 ad

166 4639 314 4692 mini
361 4635 560 4690 domui
600 4634 773 4688 Israel
802 4633 1008 4704 (Amos.
1043 4635 1138 4707 vr),
1193 4635 1342 4691 haud
1400 4636 1642 4692 dubium
1701 4637 1841 4708 quin
1951 4627 2138 4683 Patris
2165 4626 2452 4682 dexteram
2482 4626 2830 4682 sessionem:
2865 4627 3020 4684 alius
3039 4634 3228 4686 autem
3259 4629 3607 4689 descenden-

167 4724 468 4797 ερίιυίιειιῑ,
493 4723 720 4794 Quibus
739 4728 794 4780 et
823 4738 925 4780 nos
947 4738 1174 4796 quoque
1193 4731 1615 4798 concurrentes,
1647 4731 1843 4797 utpote
1952 4721 2062 4773 tem
2093 4715 2162 4771 de
2190 4714 2332 4771 coelo
2363 4714 2528 4771 nobis
2553 4715 2846 4788 collatum,
2881 4717 2979 4787 qui
3007 4718 3065 4773 in
3099 4718 3262 4775 illum
3293 4721 3606 4780 credimus-

169 4816 332 4888 quod
371 4817 445 4872 in
473 4812 620 4884 ipsis
649 4818 737 4870 est
767 4813 980 4883 pariter
1005 4813 1336 4880 sentientes,
1374 4815 1674 4884 splendido
1708 4814 1844 4872 huic
1955 4812 2096 4889 [Gr.,
2129 4803 2348 4885 ἄφθονον
2379 4811 2440 4866 id
2463 4816 2560 4883 est,
2584 4811 2902 4889 copiosum]
2935 4815 3060 4871 sine
3093 4815 3327 4888 invidia,
3355 4818 3608 4889 Spiritus

166 4905 356 4962 choro
389 4901 892 4974 congratulamur,
917 4905 974 4958 et
1005 4916 1118 4973 pra:
1147 4903 1436 4960 desiderio
1467 4905 1674 4960 mentis
1705 4918 1852 4974 pen-
1959 4905 2300 4972 adventum;
2328 4905 2387 4957 at
2413 4900 2472 4956 in
2505 4914 2700 4957 omnes
2720 4907 2916 4974 gentes
2945 4905 3282 4977 evangelica:
3321 4909 3610 4977 praedica-

166 5009 298 5052 nam
336 4997 664 5063 moventes,
697 4991 845 5062 quod
871 4992 1147 5063 possibile
1172 4997 1258 5048 est
1279 4991 1331 5047 ei
1351 4991 1611 5049 conferre
1637 4993 1854 5066 satagi-
1966 4992 2144 5050 tionis
2167 4990 2475 5048 circuitum
2509 4990 2958 5048 velocissimum:
2983 4998 3041 5049 et
3069 4997 3216 5065 quod
3247 4995 3380 5053 hinc
3398 4996 3610 5058 factum

166 5101 322 5156 mus,
349 5090 422 5141 et
443 5081 637 5138 verbis
657 5086 881 5151 tempus
908 5081 1246 5137 decentibus
1275 5095 1522 5152 praesens
1546 5082 1855 5140 celebrare:
1969 5089 2055 5140 est
2079 5096 2176 5152 per
2195 5081 2385 5138 orbem
2408 5085 2688 5137 terrarum
2709 5080 2992 5138 idolorum
3015 5083 3408 5144 omnimodum
3431 5094 3610 5146 exter-

170 5189 232 5231 ae
255 5171 703 5247 praeconiorum
731 5171 835 5228 hoc
857 5171 1099 5228 ﬁoribus
1120 5185 1396 5228 coronare
1419 5173 1720 5230 studemus
1741 5187 1864 5244 spe-
1970 5171 2236 5242 minium,
2257 5184 2356 5241 per
2376 5169 2643 5228 mundam
2667 5171 3042 5228 reversionem
3064 5173 3130 5229 ad
3157 5189 3334 5232 unum
3350 5181 3406 5232 et
3427 5177 3612 5234 solum

172 5264 532 5321 ctaculum:
587 5260 740 5316 nihil
786 5261 940 5316 enim
984 5260 1283 5331 prohibet;
1335 5261 1470 5318 licet
1512 5262 1580 5317 ad
1634 5263 1690 5318 id
1725 5277 1861 5333 per-
1969 5275 2164 5318 verum
2210 5262 2386 5318 Deum
2438 5266 2693 5318 nostrum
2743 5261 3018 5334 effectam,
3062 5269 3236 5335 atque
3289 5265 3615 5335 impi'aater—

175 5352 320 5410 lecte
401 5365 527 5422 pra:
579 5349 775 5419 in0pla
825 5347 1089 5405 fortassis
1145 5355 1202 5405 et
1259 5349 1599 5407 inﬁrmitate
1653 5365 1857 5408 sensus
1973 5352 2203 5408 missam
2237 5356 2293 5407 et
2317 5352 2508 5424 jugem
2543 5351 2792 5422 latriam,
2827 5366 2953 5422 quae
2981 5352 3070 5408 illi
3102 5354 3323 5409 anobis
3346 5368 3445 5426 per
3471 5356 3614 5411 uni—

178 5444 527 5513 pertingere
553 5451 920 5509 nequeamus,
963 5452 1089 5510 quae
1119 5443 1305 5495 tamen
1344 5439 1511 5497 nobis
1540 5446 1676 5497 sunt
1707 5455 1846 5511 pos—
1966 5454 2184 5495 versam
2216 5445 2422 5495 terram
2452 5440 2906 5510 intelligibiliter
2934 5447 2990 5496 et
3014 5441 3360 5511 spiritaliter
3389 5441 3631 5505 exhibe,

174 5553 277 5669 tr;
314 5537 645 5667 verbis,
701 5537 954 5608 Domini,
1009 5551 1135 5610 quae
1187 5537 1443 5596 citantur
1506 5551 1539 5595 a
1591 5538 1834 5596 vetustis
1885 5538 2171 5610 Patribus,
2223 5552 2324 5594 nec
2371 5543 2508 5595 sunt
2558 5538 2710 5610 apud
2765 5539 3180 5610 evangelistas:
3231 5541 3414 5595 Estote
3459 5537 3619 5606 probi

263 5629 338 5669 ne
430 5624 504 5665 ae.

258 5624 504 5683 mentae.

607 5709 842 5766 PATROL.
885 5707 1140 5766 CXXIX.
3305 5703 3373 5761 46
