4016 6168
397 272 495 334 494

1621 270 1980 329 ANASTASII
2009 269 2563 335 ΔΒΙΒΙιῙΟΤΗΕίῗιΑΙὶΠ

3688 260 3794 321 492

398 401 508 450 tur.
533 395 667 465 Quae
697 397 888 453 omnia
919 397 1155 453 veritate
1185 395 1538 468 temporibus
1578 397 1702 452 suis
1733 396 2038 452 terminata
2067 394 2124 453 A
2146 391 2961 464 qualescunquedifﬁcultates
2975 390 3226 446 viriliter
3241 389 3576 446 subeundas
3591 387 3798 444 adhor-

397 488 551 556 sunt,
601 490 655 540 et
701 485 866 541 ﬁnem
915 486 1400 558 gloriosissimum
1450 489 1846 554 susceperunt.
1886 483 2037 539 Audi

398 574 578 644 igitur
601 575 839 631 Paulum
873 590 1073 648 magna
1104 589 1238 632 voce
1265 575 1624 646 clamantem,
1653 580 1708 629 et
1744 574 2038 629 veritatem

397 662 562 720 istam
594 665 1082 721 corroborantem:
1110 667 1251 720 Deus
1270 666 1654 731 manifestatus
1676 667 1755 718 est
1777 665 1834 716 in
1854 677 2036 725 carne,

383 753 722 822 justiﬁcatus
752 757 830 808 est
859 757 917 806 in
942 755 1161 824 spiritu,
1211 754 1469 822 apparuit
1500 753 1730 820 angelis,
1754 751 2039 821 praedicar-

394 846 480 895 tus
528 845 606 895 est
641 842 911 908 gentibus,
959 842 1194 896 creditus
1241 846 1318 896 est
1367 843 1427 895 in
1463 841 1685 904 mundo,
1726 843 2036 909 assumptus

393 933 471 983 est
499 931 557 983 in
581 929 774 997 gloria.
807 931 857 998 (Ι
883 931 1017 984 Tim.
1053 930 1160 1003 ιιι.)
1188 929 1233 985 Ο
1267 928 1455 1002 magni
1488 929 1742 985 doctoris
1771 927 2033 983 affectum

397 1013 668 1091 [atratum]
703 1017 714 1071 l
747 1020 919 1080 Deus,
951 1019 1165 1090 inquit,
1194 1017 1592 1074 manifestatus
1622 1022 1708 1074 est
1739 1018 1797 1073 in
1842 1029 2030 1078 carne,

393 1106 541 1177 quod
574 1111 659 1162 est
690 1107 946 1162 omnium
974 1107 1250 1164 bonorum
1277 1122 1468 1177 causa,
1506 1107 1838 1163 indeﬁciens
1866 1107 2036 1162 dona-

393 1195 497 1266 tio,
517 1193 1020 1251 sufﬁcientissimaz
1036 1197 1278 1268 divitias,
1297 1196 1560 1266 perennis
1577 1209 1689 1253 non
1706 1194 2036 1252 auferendo-

394 1299 520 1340 rum
533 1285 942 1341 charismatum
963 1285 1110 1358 fons,
1125 1285 1867 1343 insatiabilisesurientium
1885 1298 2032 1355 esca,

394 1373 654 1428 viviﬁcus
683 1374 752 1429 de
777 1374 918 1430 coelo
960 1375 1143 1447 panis,
1185 1376 1344 1447 jugis
1376 1375 1701 1431 sitientium
1743 1375 1922 1443 rivus,
1967 1387 2037 1428 ex

393 1475 506 1532 quo
555 1463 654 1531 qui
710 1462 944 1535 biberit,
986 1478 1098 1520 non
1126 1464 1286 1520 sitiet
1337 1465 1394 1518 in
1427 1469 1699 1520 aeternum
1731 1461 1905 1534 (Joan.
1937 1461 2033 1533 iv).

391 1550 494 1606 His
526 1549 923 1608 manifestatus
961 1559 1046 1608 est
1079 1554 1136 1608 in
1177 1567 1379 1609 carne:
1417 1554 1512 1609 sed
1562 1559 1619 1609 et
1645 1553 1884 1619 mundo,
1930 1551 2034 1622 ait,

394 1641 651 1696 creditus
675 1647 778 1696 est.
814 1641 1107 1710 Quomodo
1133 1642 1390 1698 creditus
1415 1647 1500 1698 est
1531 1643 1590 1697 in
1623 1643 1834 1698 mundo
1856 1641 1884 1695 ‘I
1918 1641 2034 1711 dic,

2152 488 2295 552 tans,
2332 484 2625 539 veritatem
2669 481 2843 552 dicet,
2889 494 3018 536 cum
3061 484 3316 535 asserat:
3374 477 3653 547 Conﬁdite,
3701 492 3795 544 ego

2147 575 2255 626 vici
2278 572 2542 626 mundum
2583 570 2762 639 (Joan.
2795 567 2941 641 xvr)?
2967 568 3024 623 Si
3057 568 3208 623 enim
3253 566 3403 637 quod
3440 566 3536 620 hic
3582 565 3798 621 vicisse

2149 675 2208 718 se
2226 659 2594 730 repromittit,
2620 659 2726 714 hoc
2749 658 2835 714 illi
2860 657 3165 714 valuerunt
3187 670 3389 711 rursus
3412 667 3509 724 per
3535 653 3801 710 rebellio-

2148 763 2274 805 nem
2304 747 2549 818 auferre,
2581 760 2689 804 non
2725 747 2926 817 utique
2958 744 3070 800 tale
3096 744 3235 814 quid
3261 743 3506 799 victoria
3539 743 3801 798 nomina-

2145 838 2326 909 bitur,
2365 852 2464 892 nec
2510 837 2660 892 inter
2695 833 2867 891 fortia
2900 835 3043 889 facta
3084 830 3612 889 connumerabitur.
3656 833 3798 886 Nam

2145 928 2428 998 quomodo
2477 925 2717 981 victoria
2772 924 2902 994 erit,
2955 923 3004 979 si
3056 922 3331 978 liberator
3375 917 3692 994 [liberatos]
3737 920 3798 976 in

2146 1017 2312 1072 ﬁnem
2342 1017 2575 1071 minime
2600 1011 2947 1083 lucrifaciat,
2975 1012 3068 1068 sed
3115 1010 3414 1066 similibus
3453 1010 3522 1066 ab
3570 1009 3663 1065 his
3695 1010 3797 1080 qui

2146 1105 2308 1175 prius
2329 1104 2582 1175 superati
2602 1102 2847 1172 fuerant,
2874 1099 3289 1157 luctaminibus
3310 1099 3606 1170 redigatur
3629 1095 3802 1173 [redi-

2145 1191 2370 1268 gantur]
2395 1194 2423 1248 '?
2443 1207 2634 1250 verum
2655 1206 2753 1248 nec
2775 1191 3090 1260 similibus,
3115 1190 3211 1246 sad
3242 1188 3586 1246 fortioribus
3601 1188 3629 1242 ?
3655 1191 3798 1246 Nam

2147 1284 2436 1354 possidere
2491 1282 2592 1352 qui
2637 1289 2692 1337 et
2741 1280 2990 1350 perdere,
3045 1278 3174 1348 plus
3221 1277 3386 1347 mihi,
3453 1291 3622 1347 quam
3680 1292 3794 1336 non

2144 1372 2494 1443 acquisitum
2515 1384 2626 1426 non
2650 1369 2961 1439 possidere,
2988 1366 3346 1422 iurationem
3373 1366 3800 1424 imbecillitatis

2147 1460 2527 1531 reputabitur.
2549 1460 2721 1514 Porro
2735 1457 2833 1512 ubi
2851 1461 3016 1527 putas
3032 1455 3316 1511 idolorum
3337 1461 3520 1511 status
3534 1453 3795 1531 [stratus]

2147 1549 2247 1620 qui
2277 1549 2381 1604 hoc
2411 1547 2666 1604 dicentes
2688 1545 2988 1617 posuistis,
3026 1543 3240 1599 aiunt?
3268 1544 3338 1598 Et
3361 1543 3412 1598 si
3447 1544 3506 1599 in
3532 1544 3800 1615 antiquis

2146 1637 2590 1692 dzemonicorum
2651 1634 2991 1704 templorum
3057 1631 3327 1703 sedibus,
3389 1633 3640 1688 nondum
3694 1633 3802 1690 hoc

394 1728 553 1784 beate
592 1729 794 1784 Paule:
821 1729 1015 1788 Imbue
1041 1734 1096 1785 et
1135 1744 1237 1786 nos
1265 1745 1333 1786 ex
1364 1731 1591 1786 arcanis
1618 1731 1740 1786 illis
1776 1729 2034 1801 vocibus,
2070 1716 2121 1777 Β
2145 1725 2495 1782 Christianis
2538 1725 2598 1780 in
2641 1737 2869 1780 causam
2921 1721 3190 1779 criminis
3231 1721 3602 1794 irrogabitur.
3634 1722 3800 1779 Vide-

395 1816 610 1888 quibus
633 1817 690 1872 in
714 1817 930 1873 abditis
956 1819 1207 1888 paradisi
1241 1818 1500 1874 imbutus
1535 1833 1612 1874 es.
1641 1818 1832 1874 Imbue
1865 1818 2038 1873 etiam

394 1919 544 1960 nunc
577 1906 1000 1978 praedicatione,
1033 1908 1200 1976 cujus
1229 1908 1487 1964 creditus
1511 1921 1572 1963 es
1597 1908 1656 1962 in
1689 1920 1885 1979 omnes
1913 1920 2042 1978 gen-

394 2000 477 2049 tes
509 1995 846 2064 praedicator
884 2001 940 2051 et
981 1997 1277 2067 apostolus
1308 1998 1449 2053 ﬁeri.
1486 1995 1729 2052 Infunde
1771 1995 2036 2066 praesenti

393 2082 658 2138 Ecclesia:
687 2083 946 2139 veritatis
975 2085 1233 2156 verbum,
1266 2086 1569 2157 exstingue
1600 2084 1896 2154 spiritales
1918 2083 2044 2138 hie-

393 2172 700 2228 reticorum
726 2173 906 2242 visus,
930 2180 993 2228 ut
1019 2173 1302 2244 quondam
1325 2173 1701 2245 Elymazjmagi
1724 2171 1866 2244 (Act.
1892 2172 2036 2246 xm):

392 2260 644 2330 exprime
669 2275 794 2316 cum
830 2262 1039 2318 fiducia
1063 2264 1516 2332 dispensationis
1544 2262 1897 2334 mysterium.
1929 2263 2044 2318 Lo-

395 2351 591 2419 queris
615 2351 768 2405 enim
795 2351 967 2406 etiam
1008 2359 1133 2421 post
1165 2359 1399 2407 mortem
1438 2366 1603 2408 voces
1641 2351 2037 2423 excellentius,

399 2444 454 2493 et
479 2439 737 2506 operaris
768 2439 824 2492 in
853 2439 1068 2508 spiritu
1100 2453 1454 2510 quaecunque
1491 2440 1598 2494 vis.
1628 2439 1811 2494 Etiam
1846 2439 2040 2509 inquit

391 2525 624 2580 doctor:
680 2527 820 2580 Mihi
860 2529 1082 2582 minimo
1125 2530 1361 2581 omnium
1413 2532 1726 2582 sanctorum
1784 2527 1916 2581 data
1962 2531 2040 2582 est

389 2615 574 2681 gratia
615 2614 723 2668 haec
773 2616 833 2667 in
881 2616 1151 2682 gentibus,
1190 2616 1607 2683 euangelizandi
1636 2616 1905 2671 videlicet
1943 2618 2043 2670 in-

388 2703 730 2770 vestigabiles
758 2704 980 2756 divitias
1001 2703 1224 2766 Christi,
1264 2708 1314 2758 et
1347 2705 1704 2759 illuminandi
1735 2715 1957 2777 omnes,
1978 2722 2042 2760 ac

390 2790 637 2855 docendi,
684 2808 804 2861 qum
859 2794 930 2846 sit
971 2792 1310 2862 dispensatio
1355 2794 1603 2862 mysterii
1648 2793 1953 2848 absconditi
2004 2811 2040 2849 a

389 2879 600 2932 saeculis
651 2896 686 2933 a
730 2881 977 2942 Domino,
1039 2881 1136 2950 qui
1186 2882 1368 2934 omnia
1414 2883 1618 2935 creavit
1658 2879 1876 2952 (Ephes.
1930 2882 2035 2954 ιιι).

389 2963 743 3037 Quapropter
779 2967 1010 3023 audite:
1066 2967 1314 3023 Creditus
1361 2973 1454 3024 est.
1502 2969 1674 3041 dixit,
1700 2971 1761 3023 in
1811 2971 2036 3034 mundo,

2149 1831 2276 1872 mus
2317 1815 2470 1871 enim
2496 1814 2774 1884 reliquias
2807 1813 2866 1867 in
2913 1811 3255 1883 quibusdam
3293 1810 3438 1867 locis
3470 1812 3797 1880 priscorum

2146 1904 2590 1960 daemonicorum
2651 1901 2991 1972 templorum
3043 1914 3076 1956 a
3125 1899 3414 1956 veteribus
3467 1901 3798 1974 derelictas,

2147 1995 2214 2050 ad
2258 2007 2539 2064 pompam,
2582 1996 2646 2048 ut
2694 2004 2838 2060 reor,
2881 2003 3078 2047 eorum
3119 1989 3218 2060 qui
3274 1989 3334 2044 in
3376 1988 3469 2045 his
3519 1990 3795 2046 immola-

2149 2087 2388 2152 verunt;
2449 2081 2533 2137 vel
2586 2080 2758 2136 etiam
2803 2079 2871 2134 ad
2923 2079 3276 2148 memoriam,
3344 2077 3494 2148 quod
3539 2091 3644 2134 nos
3696 2093 3798 2135 re—

2148 2173 2361 2243 dempti
2420 2185 2640 2242 sumus,
2693 2174 2750 2225 et
2803 2170 2860 2224 in
2907 2168 3224 2240 gratiarum
3273 2167 3530 2223 actiones
3568 2167 3798 2225 ducen-

2150 2269 2262 2319 tem
2286 2277 2385 2332 per
2410 2259 2676 2316 visibiles
2710 2257 3082 2328 inﬁrmasque
3115 2255 3520 2312 formationes:
3567 2269 3637 2312 ex
3658 2258 3803 2328 qui-

2150 2350 2259 2408 bus
2293 2351 2750 2407 Christianorum
2801 2345 3216 2402 abominabiles
3261 2343 3422 2401 facta
3482 2351 3620 2402 sunt
3676 2345 3807 2402 cul-

2099 2443 2102 2450 '
2150 2444 2313 2510 turea,
2343 2454 2377 2496 a
2402 2438 2614 2509 quibus
2645 2451 2742 2507 per
2764 2435 3056 2492 Christum
3097 2435 3275 2504 erepti
3304 2447 3524 2505 sumus,
3569 2433 3688 2490 nisi
3736 2435 3798 2491 in

2148 2526 2669 2584 Christianissimis
2695 2525 2813 2581 haec
2845 2524 3139 2595 inquiunt,
3171 2523 3433 2579 ecclesiis
3455 2523 3672 2579 nostris
3697 2523 3800 2578 in-

2149 2617 2499 2673 venirentur.
2523 2614 2569 2671 0
2591 2613 2922 2684 pravitatem
2953 2625 3080 2683 qua
3106 2611 3242 2667 hinc
3261 2609 3540 2667 efﬁcitur!
3561 2625 3595 2666 ο
3618 2613 3799 2682 pessi-

2151 2719 2298 2763 mam
2348 2701 2796 2774 blasphemiaml
2831 2701 3126 2771 Quomodo
3167 2699 3342 2771 enim,
3386 2699 3484 2755 ubi
3524 2699 3801 2756 Christus

2149 2799 2319 2866 caput
2334 2803 2389 2850 et
2407 2792 2841 2849 fundamentum
2862 2795 2948 2846 est
2959 2789 3273 2846 secundum
3296 2788 3796 2858 sapientissimum

2149 2883 2387 2940 Paulum
2417 2879 2465 2952 (Ι
2501 2880 2618 2936 Cor.
2662 2880 2766 2951 lli),
2791 2878 2898 2935 hoc
2926 2878 3048 2934 ﬁeri
3092 2876 3347 2948 poterit?
3374 2877 3645 2933 Fraudati
3671 2890 3801 2933 vere

2150 2987 2350 3029 sumus
2375 2983 2473 3041 spe
2495 2983 2597 3026 nos
2617 2967 2965 3025 Christiani:
2993 2966 3215 3036 decepti
3243 2980 3444 3022 sumus
3461 2965 3635 3021 etiam
3658 2980 3799 3035 pra:-

388 3056 744 3109 τεοοησίιὶαηε
773 3057 954 3110 omnia
981 3057 1040 3110 ἱη
1069 3058 1372 3126 semetipso,
1400 3061 1451 3111 et
1465 3059 1767 3127 paciﬁcans
1788 3073 1892 3128 per
1915 3073 2042 3112 san—
2069 3054 2118 3120 Ο
2148 3063 2468 3118 dicatorum
2498 3058 2757 3128 vocibus,
2788 3057 2889 3128 qui
2917 3057 3086 3112 etiam
3118 3057 3293 3111 Deum
3321 3053 3488 3112 nobis
3519 3067 3553 3110 a
3585 3054 3803 3111 damo-

388 3146 608 3211 guinem
653 3147 828 3199 crucis
866 3161 996 3206 suae.
1042 3147 1153 3200 sive
1197 3162 1318 3215 quae
1349 3148 1408 3205 in
1452 3151 1620 3210 terra,
1674 3149 1785 3202 sive
1817 3163 1939 3216 quae
1981 3149 2039 3202 in

389 3233 532 3286 caelis
569 3238 697 3286 sunt
724 3232 945 3303 (Coloss.
982 3233 1038 3306 ι).
1073 3233 1118 3289 Ο
1157 3233 1461 3290 sublimem
1499 3234 1646 3291 hanc
1670 3235 2040 3305 praedicatio—

387 3335 513 3377 nem
540 3320 551 3375 ι
585 3321 630 3378 Ο
661 3322 1101 3378 inenarrabilem
1127 3323 1296 3378 istam
1321 3323 1776 3380 misericordiam
1800 3323 1812 3378 l
1839 3323 2040 3396 Unige-

389 3410 549 3466 nitus
572 3410 757 3466 Filius
777 3411 876 3467 Dei
906 3411 1097 3467 omnia
1131 3412 1190 3466 in
1220 3411 1410 3482 seipso
1441 3412 1822 3468 reconcilians
1849 3411 2038 3482 paciﬁ—

385 3499 537 3555 cavit
557 3514 656 3570 per
690 3501 1026 3573 sanguinem
1057 3501 1249 3557 crucis
1279 3515 1415 3556 suae.
1449 3502 1517 3556 Et
1565 3502 1849 3572 quomodo
1895 3500 2036 3570 qui—

384 3587 514 3644 dam
545 3593 674 3659 post
703 3592 916 3645 tantam
964 3588 1310 3645 ineﬁ‘abilem
1363 3589 1888 3644 reconciliationem
1931 3602 2033 3644 nos

386 3675 509 3732 fleri
543 3677 800 3745 priorum
834 3677 1244 3732 seditiosorum
1291 3676 1660 3732 inimicorum
1701 3675 2031 3731 afﬁrmant?

383 3764 674 3833 Quomodo
709 3769 834 3833 post
865 3764 1039 3819 unius
1067 3769 1121 3819 et
1162 3764 1346 3820 solius
1377 3765 1490 3820 veri
1533 3765 1639 3820 Dei
1678 3765 2031 3838 agnitionem

385 3852 622 3906 adorare
651 3851 803 3907 idola
830 3852 1190 3908 Christianos
1213 3853 1404 3908 dicere
1425 3854 1553 3908 ausi
1589 3853 1770 3909 sunt?
1798 3854 2033 3909 Praeser-

387 3940 489 3994 tim
521 3954 650 3994 cum
681 3940 954 4010 propheta
982 3940 1370 4010 omnimodam
1400 3942 1601 3999 horum
1635 3942 2033 3999 comminatio-

386 4042 509 4082 nem
557 4028 971 4098 quodammodo
1019 4029 1224 4085 clamet
1265 4034 1317 4085 et
1348 4030 1543 4086 dicat:
1585 4033 1651 4086 In
1682 4032 1769 4085 die
1798 4032 1898 4085 illa
1939 4048 2032 4102 ap-

374 4116 594 4185 parebit
617 4118 898 4181 Dominus,
927 4123 977 4173 et
1001 4119 1389 4174 exterminabit
1420 4120 1544 4175 deos
1564 4121 1808 4189 gentium
1837 4125 2024 4175 terrae:

383 4212 433 4258 et
456 4204 710 4259 adorabit
740 4222 859 4259 eum
889 4211 1269 4277 unusquisque
1309 4208 1375 4263 de
1413 4209 1523 4263 loco
1570 4224 1687 4272 suo,
1734 4224 1912 4264 omnes
1947 4211 2030 4264 in~

2151 3151 2378 3207 niorum
2411 3147 2822 3220 superstitione
2851 3159 2955 3202 nos
2993 3144 3370 3200 liberaturum
3419 3143 3476 3199 in
3520 3144 3800 3200 mundum

2149 3239 2372 3296 venisse
2399 3237 2869 3308 praedicaverunt.
2893 3233 3186 3302 Quomodo
3219 3232 3394 3288 etiam
3433 3231 3540 3288 hoc
3567 3233 3800 3302 penitus

2147 3330 2338 3385 dicere
2365 3325 2721 3398 potuerunt?
2743 3324 2882 3379 Nam
2915 3323 3409 3393 interrogaverunt
3434 3321 3585 3391 [fort
3623 3321 3804 3376 inter-

2147 3412 2428 3489 rogemus]
2453 3429 2550 3470 eos
2573 3413 2672 3485 qui
2700 3412 2786 3468 sic
2817 3411 3070 3481 sapiunt.
3100 3410 3299 3466 Utrum
3340 3409 3447 3466 hoc
3470 3409 3660 3480 capite
3689 3423 3801 3465 no—

2145 3510 2264 3561 stro
2292 3504 2650 3574 permittente
2679 3499 2893 3557 factum
2921 3501 3018 3570 sit,
3047 3512 3119 3554 an
3147 3497 3293 3555 forte
3317 3498 3540 3554 volente
3562 3497 3798 3568 quidem

2147 3606 2216 3648 ne
2245 3592 2422 3661 ﬁeret,
2458 3604 2567 3646 non
2592 3590 2814 3645 valente
2839 3593 3022 3644 tamen
3055 3587 3330 3643 auxiliari
3366 3605 3379 3640 :
3421 3597 3476 3642 et
3502 3585 3793 3657 quomodo

2145 3680 2556 3750 subsequenter
2577 3678 2682 3734 hoc
2707 3691 2820 3734 non
2839 3678 2918 3732 sit
2937 3676 3120 3732 totius
3140 3675 3524 3745 blasphemiae.
3555 3675 3614 3730 Si
3635 3675 3793 3730 enim

2142 3772 2426 3826 veraxest
2455 3765 2884 3822 sacratissimus
2915 3765 3142 3834 Paulus,
3180 3764 3317 3820 dum
3349 3763 3645 3819 Christum
3695 3763 3802 3818 Fi—

2142 3857 2286 3914 lium
2312 3856 2433 3924 Dei,
2461 3855 2734 3926 virtutem
2759 3860 2815 3910 et
2835 3854 2934 3909 Dei
2953 3852 3296 3924 sapientiam
3322 3852 3581 3908 nominat
3601 3850 3651 3922 (I
3675 3851 3794 3907 Cor.

2143 3945 2200 4017 ι),
2230 3944 2531 4016 quomodo,
2567 3956 2778 4014 quaeso,
2818 3942 3000 3998 valuit
3052 3941 3238 3997 Patris
3284 3939 3795 4012 inexpugnabilem

2140 4035 2411 4092 virtutem
2445 4038 2500 4090 et
2533 4032 2895 4102 sapientiam,
2929 4045 3054 4102 qua:
3092 4029 3360 4086 omnibus
3398 4042 3522 4085 esse
3559 4028 3799 4091 tribuit,

2143 4123 2458 4195 quidquam
2483 4135 2677 4179 eorum
2699 4134 2826 4190 quae
2852 4124 2988 4175 sunt
3007 4131 3350 4189 exsuperare
3371 4117 3400 4172 ‘l
3420 4117 3802 4187 Perspicuum

2138 4213 2290 4268 enim
2311 4217 2397 4267 est
2417 4211 2578 4282 quia,
2603 4210 2654 4266 si
2682 4209 2837 4265 istud
2866 4208 3003 4265 huic
3027 4207 3261 4279 accidit,
3297 4221 3400 4262 nec
3422 4206 3480 4262 id
3503 4207 3658 4276 quod
3685 4220 3802 4263 non

381 4294 515 4346 sulm
541 4296 783 4361 gentium
805 4295 988 4364 (Zach.
1024 4295 1166 4369 xm).
1200 4299 1341 4352 Ecce
1370 4297 1796 4353 subversionem
1836 4297 2030 4354 idolo—
2083 4369 2090 4371 Α
2138 4305 2223 4356 est
2247 4301 2381 4371 haec,
2407 4314 2439 4356 a
2466 4299 2681 4356 talibus
2716 4296 3189 4353 accusationibus
3220 4296 3451 4365 pellent.
3494 4295 3803 4364 Quomodo

385 4395 534 4454 rum,
563 4387 619 4437 et
665 4383 778 4439 Deo
807 4383 1204 4441 celebrandam
1235 4385 1627 4441 adorationem
1656 4384 1728 4441 ab
1760 4399 2029 4457 unoquo—
2060 4369 2112 4434 D
2137 4388 2288 4443 enim
2311 4369 2459 4444 Deus
2483 4386 2862 4456 omnipotens,
2898 4390 3096 4454 potens
3127 4387 3182 4440 et
3211 4382 3378 4439 fortis
3405 4385 3570 4438 Pater
3594 4383 3801 4439 adhuc

382 4485 492 4543 que
516 4472 586 4527 de
618 4471 741 4528 loco
768 4486 873 4529 suo
893 4473 1244 4530 audivimus.
1273 4472 1565 4541 Quomodo
1590 4473 1771 4546 igitur
1795 4489 1898 4531 nos
1925 4474 2024 4546 qui
2136 4477 2384 4547 dicatur,
2435 4476 2484 4531 si
2518 4490 2645 4546 quae
2689 4487 2793 4531 sua
2832 4473 3061 4530 sublata
3099 4476 3236 4528 sunt
3283 4472 3517 4543 virtute,
3559 4470 3803 4528 subdita

382 4560 488 4615 hoc
517 4560 762 4632 agimus,
790 4561 1176 4617 idololatriam
1198 4575 1458 4619 exercere
1473 4576 1812 4619 accusamur
1834 4563 1862 4617 ‘l
1885 4563 2027 4632 Quis
2140 4565 2398 4621 inimicis
2415 4570 2550 4621 sunt
2566 4562 2800 4619 effects?
2821 4562 2917 4619 Vel
2937 4577 3049 4632 quo
3067 4566 3232 4633 pacto
3245 4561 3430 4618 Filius
3454 4561 3713 4618 indulsit
3741 4561 3800 4616 in

378 4653 567 4704 autem
595 4654 649 4705 et
692 4651 925 4705 omnino
960 4655 1147 4718 posset
1192 4650 1251 4705 in
1283 4651 1685 4722 antiquitatem
1741 4651 2026 4708 idolorum
2138 4655 2468 4726 Ecclesiam,
2500 4666 2671 4724 quam
2705 4651 2939 4722 propria
2965 4650 3248 4723 sanguine
3278 4665 3385 4706 suo
3410 4649 3525 4706 sibi
3555 4651 3804 4722 despon-

379 4751 626 4792 errorem
667 4751 936 4793 renovare
962 4752 1133 4807 super
1169 4745 1381 4794 terram
1403 4739 1430 4793 ‘2
1457 4739 1515 4794 Si
1549 4739 1703 4795 enim
1733 4739 2032 4810 nequissi-
2138 4744 2304 4812 savit,
2331 4741 2676 4797 immanibus
2709 4740 2901 4795 taliter
2920 4744 2976 4795 et
3005 4737 3567 4795 immisericordibus
3591 4754 3800 4796 rursus

383 4825 458 4880 mi
506 4825 790 4881 daemones
830 4825 930 4896 qui
987 4840 1086 4896 per
1143 4827 1260 4882 haec
1315 4827 1635 4898 placantur,
1689 4827 1796 4883 hoc
1843 4826 2029 4883 facere
2133 4833 2419 4889 deservire
2440 4828 2797 4900 spiritibus?
2826 4828 3145 4899 praesertim
3167 4841 3299 4884 cum
3322 4828 3801 4900 hymnographus

383 4919 639 4984 possunt,
659 4915 941 4984 quomodo
964 4929 1075 4972 non
1095 4915 1425 4971 destruetur
1446 4921 1629 4971 totum
1651 4916 2031 4986 dispensatio—
2133 4920 2319 4975 dicat:
2347 4918 2486 4984 Quia
2513 4917 2811 4973 secundum
2843 4916 3196 4972 altitudinem
3239 4916 3359 4970 caeli
3402 4932 3436 4969 a
3481 4919 3631 4970 terra
3676 4933 3800 4972 con-

381 5003 473 5059 nis
497 5003 846 5074 mysterium,
871 5011 1063 5059 sancta
1090 5003 1384 5060 manifeste
1400 5004 1680 5060 clamante
1695 5004 2021 5074 Scriptura:
2131 5009 2649 5080 ﬁrmavitﬁominus
2673 5007 3104 5062 misericordiam
3138 5021 3295 5060 suam
3326 5021 3494 5075 super
3542 5007 3797 5061 timentes

381 5093 520 5159 Quia
573 5095 844 5162 percussit
899 5095 1147 5147 inimicos
1201 5109 1324 5148 suos
1376 5095 1436 5146 in
1498 5095 1804 5164 posteriora
1853 5093 2024 5162 (Psal.

380 5180 714 5254 Lxxvu)?ln
735 5194 847 5250 quo
876 5180 1164 5252 innuitur,
1190 5182 1327 5253 quia
1347 5182 1612 5237 Christus
1636 5183 1807 5237 etiam
1831 5197 2032 5252 oppro-

382 5272 570 5327 brium
598 5271 1007 5340 sempiternum
1038 5271 1199 5327 dedit
1227 5272 1330 5326 eis.
1359 5271 1467 5341 Qui
1496 5272 1647 5326 enim
1697 5277 1883 5341 potest
1911 5271 2031 5327 ali-

382 5361 517 5432 quid
547 5360 791 5430 operari,
827 5374 936 5415 non
965 5361 1116 5416 inter
1143 5367 1418 5432 mortuos,
1454 5361 1547 5416 sed
1593 5359 1742 5415 inter
1777 5360 2028 5417 viventes

380 5451 565 5507 adhuc
589 5449 785 5521 procul
807 5449 986 5506 dubio
1015 5450 1411 5506 constituitur.
1437 5449 1728 5519 Quomodo
1753 5455 1940 5506 autem
1970 5453 2028 5506 et

383 5541 503 5610 ipse
533 5539 796 5612 proprios
819 5537 1154 5596 confortans
1177 5539 1521 5611 discipulos,
1555 5545 1609 5596 et
1627 5539 1696 5595 ad
1721 5552 1917 5596 omnes
1937 5539 2025 5598 vel

2134 5112 2254 5151 eum
2285 5095 2450 5167 (Psal.
2485 5096 2598 5167 cn).
2627 5095 2684 5150 Si
2719 5094 2872 5150 enim
2897 5095 2957 5150 in
2991 5094 3098 5151 hoc
3130 5094 3470 5149 incarnatus
3499 5097 3608 5164 est,
3633 5099 3701 5149 ut
3725 5095 3796 5150 de

2135 5200 2329 5243 eorum
2367 5199 2469 5241 nos
2521 5199 2689 5239 manu
2732 5183 3004 5240 liberaret
3065 5183 3380 5240 secundum
3424 5183 3796 5253 propheticas

2136 5274 2591 5345 prolocutiones:
2628 5273 2855 5330 liberati
2879 5278 3070 5329 autem
3112 5286 3340 5339 sumus,
3374 5278 3437 5326 ut
3482 5271 3676 5328 aiunt.
3720 5269 3788 5326 ad

2139 5363 2457 5419 modicum:
2491 5377 2599 5420 non
2640 5361 2772 5434 fuit,
2797 5362 2890 5418 sed
2927 5367 3123 5432 putata
3154 5365 3256 5416 est.
3305 5363 3428 5416 Non
3473 5360 3628 5416 enim
3675 5361 3794 5434 gla-

2135 5452 2220 5508 dii
2238 5449 2501 5527 [gaudii],
2521 5451 2616 5508 sed
2633 5451 3072 5506 abundantioris
3093 5455 3147 5506 et
3164 5447 3526 5505 difﬁcilioris
3543 5449 3789 5506 servitu-

2135 5541 2212 5598 tis
2249 5541 2415 5600 nobis
2439 5539 2623 5598 factus
2666 5543 2752 5596 est
2807 5553 3000 5611 causa,
3047 5542 3204 5598 tanto
3247 5537 3521 5596 inimicos
3551 5544 3787 5598 nostros
