4016 6168
209 291 316 351 493

963 288 1506 349 ῙΝΤΕΒΡΒΕΤΑΤῙΟ
1545 288 1793 347 SYNODI
1824 288 1876 346 V.

1990 289 2356 348 iENERALIS.
2375 319 2449 334 —
2469 291 2670 350 ACTIO
2696 295 2834 350 VIII.

3513 293 3619 354 494

209 421 518 478 ferociores
575 424 932 492 construens,
987 425 1199 492 quanto
1262 419 1396 476 illos
1453 433 1556 476 nos
1607 418 1856 492 liberati,
1886 416 1944 478 A
1971 415 2191 476 dicitur
2232 437 2246 475 :
2297 421 2582 477 Vobiscum
2640 435 2760 476 sum
2818 420 3066 474 omnibus
3104 418 3293 475 diebus
3329 437 3499 491 usque
3544 421 3620 477 ad

211 515 272 567 ut
300 511 654 580 Opiniamur,
678 509 989 565 irrisimus.
1010 509 1117 564 Ubi
1139 512 1328 565 autem
1348 509 1620 565 continua
1643 507 1862 563 miseri-

208 599 406 654 cordia
464 602 851 668 conservatur,
903 611 1072 668 quam
1134 597 1446 653 secundum
1493 597 1860 652 altitudinem

208 687 496 743 caelestem
539 700 571 742 a
614 690 765 742 terra
813 685 1088 741 immensa
1133 681 1508 760 [immensam]
1546 698 1718 755 super
1759 698 1863 740 nos

207 775 580 832 conﬁrmasse
607 788 667 831 se
692 773 1046 846 repromisit,
1079 774 1227 844 quod
1261 774 1479 830 indicat
1513 773 1805 830 inﬁnitum
1834 772 1864 827 ?

207 863 302 918 Vel
332 863 624 934 quomodo
653 862 994 934 iniquitates
1041 866 1266 919 nostras
1302 862 1595 934 elongasse
1624 876 1656 918 a
1695 861 1864 918 nobis

205 952 450 1022 dicitur,
482 957 758 1023 quantum
783 951 960 1007 distat
1002 950 1074 1007 ab
1115 951 1335 1007 oriente
1377 966 1559 1022 usque
1601 951 1668 1007 ad
1702 950 1866 1007 occi-

205 1041 495 1097 dentalem
529 1040 769 1112 plagam,
798 1041 946 1110 quod
987 1039 1369 1096 omnimodam
1417 1038 1862 1109 redemptionem

207 1130 423 1201 signat,
454 1129 505 1184 si
534 1129 722 1184 adhuc
751 1128 962 1184 eisdem
1004 1128 1370 1198 implicamur
1411 1128 1755 1184 erroribus?
1796 1129 1863 1184 Et

208 1222 361 1273 certe
376 1217 642 1273 videmus
664 1217 1010 1273 medicorum
1034 1216 1438 1288 peritissimos,
1461 1231 1589 1274 cum
1611 1216 1871 1286 aliquem

211 1305 446 1363 inﬁrmo
477 1319 714 1376 corpore
740 1306 1017 1375 jacentem
1049 1305 1193 1361 artis
1223 1319 1339 1361 suae
1359 1305 1686 1378 diligentiis
1709 1304 1867 1375 adju-

211 1395 420 1466 verint,
452 1399 510 1450 et
537 1395 606 1450 ad
634 1395 934 1450 sanitatem
962 1393 1314 1466 reduxerim,
1350 1408 1461 1451 non
1505 1409 1634 1451 cum
1666 1408 1796 1451 mox
1831 1408 1864 1451 a

213 1484 483 1554 praesenti
512 1482 882 1539 liberaverint
907 1483 1188 1554 passione,
1221 1497 1338 1540 suae
1365 1482 1698 1540 subtrahere
1721 1483 1866 1540 artis

213 1572 648 1644 experientiam,
677 1572 772 1628 sed
805 1575 955 1628 certe
983 1572 1113 1628 vitae
1137 1572 1446 1629 circuitum
1477 1573 1789 1629 cautiorem
1811 1572 1864 1628 ei

215 1676 313 1733 per
343 1662 602 1733 quaedam
629 1661 848 1717 auxilia
882 1661 1244 1732 praemunire,
1270 1661 1519 1718 valentia
1549 1661 1864 1718 sollieitum

215 1751 441 1821 operari
477 1769 489 1805 :
522 1755 803 1821 quatenus
833 1763 943 1806 non
969 1750 1182 1806 eisdem
1212 1748 1358 1807 forte
1390 1764 1488 1820 per
1519 1751 1866 1820 imperitiam

216 1841 426 1896 iterum
460 1841 742 1897 molestiis
767 1842 1141 1912 opprimatur.
1188 1841 1292 1897 Ast
1338 1857 1542 1898 rursus
1580 1842 1629 1898 si
1673 1855 1868 1898 verum

214 1934 320 2002 est,
355 1930 832 2000 quemadmodum
864 1935 919 1985 et
947 1929 1374 1999 comprobatum
1427 1935 1533 2001 est,
1579 1931 1716 2002 quia
1760 1945 1872 1987 no-

215 2026 394 2075 stram
436 2018 775 2089 unigenitus
809 2018 909 2074 Dei
942 2025 998 2074 et
1027 2019 1179 2074 Patri
1226 2019 1412 2076 Filius
1455 2020 1651 2076 induit
1697 2023 1873 2076 natu-

217 2121 340 2163 ram
401 2125 414 2161 :
479 2105 844 2162 manifestum
902 2111 1006 2179 est,
1067 2108 1218 2177 quod
1268 2108 1521 2177 propriis
1571 2122 1691 2164 eam
1764 2107 1876 2164 bo-

217 2196 316 2251 nis
337 2195 627 2266 ditaverit,
655 2199 712 2250 et
743 2195 1048 2266 praecipuis
1085 2195 1331 2265 spiritus
1370 2199 1521 2253 Deus
1551 2197 1872 2268 repleverit,

221 2297 294 2339 ne
346 2283 413 2340 de
449 2288 652 2340 caetero
710 2283 904 2340 saeculi
969 2280 1249 2358 [secundi]
1302 2285 1640 2356 cujusquam
1690 2287 1878 2357 egeret

218 2371 469 2441 auxilio,
519 2371 690 2428 semel
724 2371 794 2427 ab
841 2385 906 2427 eo
952 2372 1152 2428 robore
1203 2373 1302 2444 qui
1346 2373 1492 2428 hanc
1541 2374 1876 2451 assumpsit,

217 2467 474 2529 accepto.
504 2461 620 2518 Hoc
648 2459 823 2530 enim,
852 2473 997 2528 reor,
1025 2464 1082 2516 et
1116 2461 1315 2517 beatus
1351 2461 1698 2534 evangelista
1725 2462 1880 2518 insi-

222 2554 388 2618 nuat,
435 2563 566 2604 cum
616 2553 868 2618 tempore
913 2549 1276 2619 baptismatis
1314 2551 1571 2607 omnium
1615 2556 1874 2607 nostrum

220 2637 538 2692 Salvatoris
564 2636 779 2692 Christi
808 2650 868 2693 se
890 2637 1106 2695 vidisse
1133 2638 1280 2694 dicit
1306 2638 1586 2708 Spiritum
1614 2645 1872 2696 sanctum

221 2725 293 2780 de
336 2724 502 2780 coalis
550 2725 981 2781 descendentem
1032 2731 1088 2782 et
1148 2732 1463 2782 manentem
1526 2741 1697 2797 super
1745 2741 1874 2784 eum

221 2811 418 2885 (Marc.
448 2827 490 2875 1,
514 2815 671 2867 Joan.
705 2813 742 2885 ι)
775 2831 790 2884 ς
836 2813 1171 2884 signiﬁcans
1211 2827 1339 2870 eum
1372 2813 1732 2886 naturamﬁde
1761 2830 1880 2871 cae-

223 2906 350 2956 tero
376 2901 502 2956 sine
528 2900 845 2970 adjectione
876 2897 1484 2976 [abjectione]ditasse.
1510 2903 1730 2959 Etenim
1763 2916 1874 2960 non

222 2988 428 3060 egebat
458 2988 556 3044 ille
582 2989 680 3059 qui
701 3003 800 3058 per
819 2990 1009 3045 omnia
1029 2989 1274 3060 Spiritui
1291 2994 1379 3046 est
1393 2991 1719 3062 coaequalis,
1743 2991 1882 3061 Spi—

1969 513 2477 566 consummationem
2523 511 2708 566 seculi
2739 507 2953 581 (Matth.
2999 507 3206 581 XXVIII)
3233 509 3262 564 Ἰ
3302 512 3506 567 Verum
3537 525 3621 567 sa-

1971 599 2179 656 lutaris
2231 599 2504 656 fatebitur
2545 615 2670 670 vox,
2722 599 2772 655 si
2819 599 3327 668 repromissionum
3375 601 3501 670 ejus
3531 614 3622 657 res

1973 703 2072 758 per
2102 702 2266 759 opera
2292 689 2351 744 in
2382 689 2548 745 ﬁnem
2580 687 2922 760 processisse
2937 701 3046 743 non
3065 687 3370 754 cemitur?
3399 687 3620 744 Etenim

1973 777 2190 834 talibus
2210 784 2346 834 tunc
2370 791 2561 834 secum
2592 776 2977 834 existentibus
2998 777 3216 834 sanctis
3237 777 3516 848 apostolis
3545 780 3624 832 ta-

1972 865 2080 921 lem
2105 867 2603 936 repromissionem
2633 866 2884 923 donavit.
2919 864 3212 935 Quomodo
3255 865 3407 921 enim
3441 879 3623 936 usque

1971 953 2040 1008 ad
2073 956 2617 1011 consummationem
2648 955 2708 1010 hi
2739 955 2797 1010 in
2830 968 2999 1010 carne
3033 960 3486 1026 permanserunt,
3519 953 3620 1024 qui

1970 1043 2142 1099 etiam
2183 1044 2466 1100 modicum
2517 1048 2642 1114 post
2689 1056 3006 1116 regressum
3053 1043 3179 1112 ejus
3220 1043 3287 1098 ad
3341 1042 3514 1098 caelos
3561 1042 3620 1098 in

1972 1132 2089 1188 vita
2138 1137 2447 1204 manentes,
2493 1133 2782 1188 communi
2815 1137 3032 1188 natura
3070 1129 3253 1187 functi
3282 1156 3284 1158 τ
3313 1135 3449 1187 sunt
3479 1131 3622 1202 lege,

1973 1221 2147 1277 vitam
2177 1224 2355 1277 morte
2396 1221 2718 1278 deserentes
2744 1221 2773 1276 ?
2821 1223 3027 1277 Verum
3059 1220 3119 1275 in
3152 1233 3255 1276 nos
3288 1219 3620 1289 hujusmodi

1971 1310 2405 1381 Evangeliorum
2437 1324 2646 1366 munus
2686 1310 2994 1380 pertransit
3026 1327 3038 1364 :
3070 1309 3170 1379 qui
3208 1308 3484 1364 vedelicet
3515 1320 3622 1363 eo-

1975 1413 2101 1456 rum
2133 1399 2526 1469 praadicationi
2554 1398 2828 1456 submissi
2857 1412 3075 1468 sumus,
3109 1404 3165 1454 et
3191 1397 3483 1452 Christum
3519 1395 3620 1467 qui

1975 1503 2104 1546 cum
2135 1489 2222 1544 eis
2262 1492 2629 1545 conservatus
2675 1493 2780 1558 est,
2836 1488 3132 1544 nobiscum
3180 1487 3515 1543 existentem
3562 1485 3623 1541 in

1975 1577 2189 1648 spiritu
2214 1582 2270 1633 et
2312 1591 2412 1648 per
2440 1581 2613 1633 totam
2644 1577 2818 1633 vitam
2847 1575 3136 1631 habemus.
3172 1575 3416 1644 Expedit
3443 1573 3628 1646 igitur

1978 1667 2037 1722 in
2066 1666 2159 1722 his
2181 1665 2402 1736 plorare
2430 1665 2827 1721 haereticorum
2867 1677 3141 1736 errorem,
3167 1664 3265 1734 qui
3293 1663 3410 1719 haec
3430 1662 3628 1718 taliter

1897 1741 1950 1803 Β
1977 1758 2458 1824 contempserunt,
2493 1755 2592 1824 qui
2624 1759 2738 1809 tam
2772 1752 3094 1810 manifestis
3125 1752 3489 1824 dogmatibus
3517 1751 3630 1808 ob—

1974 1845 2301 1916 jurgantur,
2330 1849 2386 1899 et
2410 1847 2521 1898 tam
2552 1844 2665 1898 Deo
2694 1842 2970 1897 decibiles
2997 1842 3194 1897 irritas
3215 1842 3629 1912 promissiones

1978 1933 2245 1989 Ecclesiae
2291 1931 2588 1988 catholicae
2645 1929 2886 2001 faciunt,
2927 1931 3020 1986 his
3052 1931 3226 1999 impie
3266 1930 3624 2001 derogantes.

1979 2021 2319 2078 Nullatenus
2357 2020 2509 2076 enim
2569 2020 2687 2076 haec
2725 2033 2758 2075 a
2806 2019 3017 2074 tradita
3063 2018 3176 2073 sibi
3216 2023 3496 2074 commota
3543 2024 3629 2077 est

1984 2111 2093 2168 ﬁde
2123 2128 2136 2164 :
2173 2109 2386 2166 mansit
2412 2113 2600 2166 autem
2623 2108 2776 2165 sicut
2791 2108 2952 2179 virgo
2975 2110 3152 2178 casta,
3175 2106 3328 2163 sicut
3348 2107 3626 2177 scriptum

1983 2197 2168 2270 est‘(II
2195 2198 2312 2254 Cor.
2345 2198 2444 2272 x1),
2478 2197 2692 2254 Christi
2726 2196 2921 2267 sponsi
2959 2195 3050 2252 sui
3099 2195 3328 2251 arrham
3379 2195 3631 2253 inviola-

1984 2289 2158 2344 bilem
2184 2300 2434 2356 servans,
2460 2287 2517 2342 id
2549 2290 2654 2358 est,
2686 2285 2874 2342 datam
2898 2285 2959 2340 in
2991 2297 3050 2340 se
3087 2285 3340 2354 Spiritus
3365 2285 3628 2356 gratiam.

1985 2379 2160 2448 Cujus
2185 2377 2268 2433 rei
2300 2376 2483 2449 gratia
2513 2380 2568 2431 et
2586 2375 2820 2432 divinus
2835 2373 3011 2430 David
3035 2373 3236 2429 multis
3259 2373 3420 2443 prius
3441 2373 3636 2445 genti-

1986 2466 2096 2522 bus
2125 2464 2585 2521 immobilitatem
2613 2463 2733 2519 fleri
2768 2458 2945 2537 [ﬁdei]
2967 2461 3037 2517 ab
3065 2461 3164 2516 illa
3185 2460 3457 2516 exhibitas
3483 2475 3638 2531 pra:-

1984 2555 2185 2610 dicans
2213 2553 2499 2610 asserebat
2526 2571 2538 2607 :
2567 2555 2710 2607 Deus
2735 2555 2795 2606 in
2831 2551 3007 2605 medio
3029 2551 3148 2619 ejus
3180 2565 3290 2604 non
3336 2565 3637 2605 commoue-

1986 2645 2172 2710 bitur;
2239 2645 2434 2697 etenim
2473 2638 2568 2715 [et
2631 2637 2888 2715 iterum]
2926 2641 3165 2709 ﬁrmauit
3223 2639 3402 2692 orbem
3457 2643 3631 2704 terrae,

1983 2733 2080 2801 qui
2103 2729 2645 2785 non'commovebitur
2664 2727 2828 2797 (Psal.
2854 2725 3146 2798 x1.v,xcn):
3163 2725 3635 2782 diabolicisvide-

1985 2819 2124 2875 licet
2146 2819 2474 2890 impugnata
2503 2815 2997 2873 machinamentis.
3017 2817 3156 2870 Nam
3184 2814 3291 2870 etsi
3316 2814 3636 2871 ﬁrmamen-

1987 2911 2107 2964 tum
2134 2906 2470 2978 evangelicae
2507 2904 2936 2975 prmdicationis
2969 2918 3095 2974 qua:
3134 2903 3194 2959 in
3221 2916 3342 2959 eam
3369 2903 3500 2959 data
3530 2906 3636 2974 est,

1991 2996 2222 3067 quidam
2263 2995 2633 3065 antiquorum
2694 2993 2779 3048 vel
2839 2993 3178 3048 instantium
3240 2991 3638 3048 haereticorum

224 3079 382 3134 ritus
409 3079 480 3134 de
503 3079 666 3135 caelis
693 3079 956 3150 adventu,
994 3084 1267 3150 quantum
1293 3080 1361 3135 ad
1391 3080 1635 3150 propriae
1665 3083 1883 3136 natura!
1909 3061 1960 3128 (ἶ
1991 3061 2292 3140 concutere
2320 3061 2649 3151 vol—uerunt,
2676 3080 2798 3136 illis
2819 3087 3004 3135 tamen
3033 3079 3181 3150 quod
3202 3079 3457 3134 meditati
3482 3082 3638 3149 sunt,

225 3169 480 3239 pertinet
523 3169 818 3224 rationem.
869 3168 1276 3238 Nunquidnam
1317 3169 1378 3224 in
1409 3182 1468 3224 se
1514 3174 1881 3240 augmentum

226 3256 560 3313 sanctitatis
587 3256 928 3328 acquireret,
953 3257 1051 3327 qui
1075 3260 1340 3327 paternos
1357 3257 1418 3312 in
1442 3257 1748 3326 semetipso
1774 3254 1885 3312 fert

227 3346 609 3416 characteres,
637 3349 694 3401 et
719 3346 972 3416 Spiritus
1000 3345 1599 3402 consubstantialitate
1630 3345 1887 3401 nullate—

226 3450 342 3492 nus
385 3434 814 3490 commutatur?
842 3435 947 3490 Sed
992 3438 1241 3490 nostram
1275 3435 1334 3490 in
1378 3447 1438 3490 se
1486 3433 1885 3507 prteﬁgurabat

228 3525 477 3596 gratiam
509 3542 522 3578 :
559 3523 830 3594 quoniam
860 3537 925 3579 eo
959 3537 1072 3594 quo
1116 3523 1175 3579 in
1205 3523 1381 3580 Adam
1425 3537 1626 3580 sumus
1651 3523 1884 3594 privati,

233 3627 333 3684 per
375 3613 565 3682 ipsum
596 3616 654 3668 et
681 3611 741 3666 in
775 3612 899 3682 ipso
936 3626 1136 3668 sumus
1176 3613 1384 3668 iterum
1433 3611 1785 3683 locupletati,
1831 3615 1887 3667 et

230 3708 456 3759 natura:
493 3701 733 3772 antiqua
761 3701 1018 3773 dignitas
1060 3701 1253 3757 rediit.
1306 3701 1364 3757 Si
1413 3700 1595 3774 igitur
1634 3701 1888 3772 Spiritus

235 3791 424 3863 gratia
464 3804 640 3859 super
683 3804 812 3846 eum
850 3791 1199 3846 descendens
1232 3790 1508 3846 mansisse
1550 3790 1794 3862 legitur;
1835 3794 1914 3846 et'

236 3880 344 3936 hoc
366 3879 601 3950 quidem
628 3893 737 3934 non
763 3883 851 3935 est
875 3879 1248 3949 rejieiendum
1285 3875 1405 3953 [ei],
1434 3883 1692 3935 naturam
1720 3878 1893 3934 scili-

235 3973 324 4024 cet
373 3968 648 4036 deinceps
685 3980 1046 4023 conservasse
1101 3967 1366 4038 Verbum,
1413 3967 1700 4038 apparuil,
1752 3967 1890 4037 quia

239 4055 495 4126 profecto
519 4055 850 4124 huiusmodi
875 4055 1058 4126 gratia
1077 4055 1137 4111 in
1154 4069 1318 4111 omne
1335 4069 1514 4128 genus
1535 4054 1890 4125 pertransiit.

235 4143 535 4214 Quomodo
559 4157 694 4215 ergo
733 4143 1066 4213 perhibetur
1113 4139 1456 4218 [perhibent]
1491 4156 1594 4199 nos
1621 4143 1898 4218 veraciter

239 4232 572 4305 ignorantia
631 4245 910 4302 peccasse,
963 4236 1022 4288 et
1076 4232 1241 4303 quasi
1285 4231 1555 4288 honorem
1616 4231 1715 4301 qui
1764 4243 1897 4302 erga

235 4322 416 4377 Deum
445 4324 535 4376 est
558 4321 926 4392 exercendus,
970 4319 1146 4376 idolis
1173 4319 1554 4376 exhibuisse?
1596 4320 1736 4374 Nam
1781 4319 1900 4375 hu—

1993 3173 2053 3228 in
2085 3185 2230 3241 opus
2261 3174 2582 3240 reputatum
2606 3173 2710 3224 est.
2743 3168 2888 3224 Huic
2917 3171 3106 3224 autem
3130 3166 3238 3222 soli
3263 3167 3642 3223 immobilitas

1993 3261 2053 3316 in
2084 3265 2357 3316 aeternum
2390 3261 2609 3314 servata
2633 3259 2720 3312 est
2735 3256 2899 3325 juxta
2927 3255 3430 3325 repromissionem
3476 3253 3644 3309 illius

1993 3349 2092 3420 qui
2126 3361 2235 3404 non
2280 3346 2574 3416 mentitur,
2607 3345 2805 3400 dicens
2852 3362 2864 3398 :
2915 3343 2975 3398 Si
3025 3344 3194 3397 oblita
3236 3345 3410 3411 fuerit
3445 3343 3644 3396 mulier

1984 3438 2148 3507 pueri
2170 3437 2276 3498 sui,
2297 3439 2359 3489 ut
2373 3450 2482 3488 non
2507 3435 2830 3487 misereatur
2863 3431 3060 3485 sobolis
3083 3432 3288 3486 ventris
3319 3432 3456 3485 sui?
3490 3427 3644 3494 Quod

1993 3528 2042 3581 si
2070 3529 2122 3580 et
2148 3525 2316 3579 oblita
2334 3525 2504 3591 fuerit
2525 3521 2688 3589 hujus
2708 3521 2943 3591 mulier,‘
2959 3519 3054 3574 sed
3078 3535 3171 3588 ego
3214 3534 3323 3573 non
3353 3518 3643 3572 obliviscar

1994 3615 2096 3677 tui,
2121 3613 2266 3667 dixit
2291 3613 2554 3666 Dominus
2582 3607 2710 3680 (Isa.
2743 3606 2915 3681 χιιι).
2962 3607 3233 3663 Dimissis
3271 3606 3464 3676 itaque
3513 3618 3643 3660 ser—

1997 3715 2228 3758 monum
2254 3713 2449 3756 eorum
2479 3697 2852 3769 tortionibus,
2893 3695 3105 3767 quibus
3137 3696 3197 3751 in
3231 3695 3323 3751 his
3362 3695 3453 3751 usi
3485 3697 3640 3764 sunt,

1997 3796 2053 3848 et
2076 3805 2108 3847 a
2151 3789 2316 3861 longe
2342 3787 2592 3860 garrulis
2637 3784 3219 3843 sermocinationibus
3259 3785 3513 3855 ipsorum
3544 3795 3644 3838 ave

1998 3881 2176 3949 dicto,
2192 3885 2518 3934 sanctorum
2541 3877 2770 3932 Patrum
2790 3874 3014 3944 saporis
3028 3885 3050 3911 ι
3065 3874 3411 3930 delectemur
3430 3871 3652 3942 opinio-
3713 3897 3733 3922 ς

2002 3968 2195 4024 nibus.
2228 3969 2405 4021 Deum
2431 3964 2613 4036 igitur
2638 3977 2835 4019 omnes
2852 3963 3018 4019 nobis
3038 3962 3096 4018 in
3119 3963 3366 4018 humana
3388 3960 3567 4017 forma
3589 3959 3651 4015 in

2005 4056 2280 4113 mundum
2306 4052 2617 4124 profectum
2636 4066 2667 4108 a
2681 4052 3022 4108 multimodo
3036 4065 3139 4108 nos
3157 4051 3440 4108 idolorum
3459 4061 3652 4105 errore

2007 4145 2279 4202 liberasse
2303 4144 2760 4198 monstraverunt
2812 4158 2824 4194 :
2874 4141 2959 4196 sic
2989 4140 3335 4211 pr0pheticaa
3377 4138 3653 4208 prolocu-

2006 4234 2193 4290 tiones
2225 4230 2744 4302 promulgaverunt,
2779 4228 2863 4284 sic
2888 4227 3200 4298 apostolica
3237 4228 3421 4299 gratia
3451 4225 3655 4296 expla-

2007 4322 2182 4377 navit.
2215 4321 2328 4374 Hac
2356 4333 2457 4375 nos
2481 4317 2743 4374 doctrina
2785 4331 2898 4372 non
2932 4317 2992 4372 in
3020 4315 3504 4387 persuasibilibus
3540 4313 3656 4368 hu—

230 4409 492 4479 jusmodi
527 4409 763 4479 quidam
790 4421 889 4478 per
915 4408 1207 4464 Christum
1249 4407 1433 4479 gratia
1465 4421 1664 4464 sumus
1699 4407 1893 4463 ditati.
1926 4403 1981 4464 D
2011 4423 2187 4466 manas
2217 4408 2514 4478 sapientia:
2536 4405 2745 4472 verbis,
2779 4406 2873 4461 sed
2909 4405 2967 4461 in
3011 4404 3338 4461 ostensione
3385 4402 3650 4472 spiritus,

233 4498 344 4554 His
366 4498 679 4554 dicendum
715 4501 801 4554 est
843 4498 943 4569 qui
997 4498 1190 4554 omnia
1239 4501 1610 4568 praesumunt.
1643 4497 1816 4553 Porro
1847 4496 1896 4552 si

230 4586 492 4644 confessi
521 4586 760 4658 fuerint,
804 4586 922 4643 haec
952 4600 1056 4643 nos
1097 4600 1222 4656 quae
1265 4600 1440 4656 super
1489 4585 1721 4642 verbum
1766 4589 1902 4641 sunt

233 4679 394 4733 bona
421 4691 520 4747 per
559 4677 851 4733 Christum
883 4676 1181 4747 meruisse,
1213 4677 1307 4732 sed
1364 4679 1489 4746 post
1536 4675 1642 4731 hoc
1683 4674 1905 4744 priori—

236 4765 361 4820 bus
385 4766 575 4822 denuo
623 4764 942 4822 submissos
983 4778 1105 4821 esse
1129 4763 1466 4821 erroribus:
1504 4763 1789 4818 inﬁrmata
1818 4769 1905 4822 est
1951 4750 1965 4763 ’

233 4867 384 4925 ergo
413 4854 728 4910 secundum
765 4854 921 4924 ipsos
947 4854 1131 4925 gratia
1161 4867 1286 4924 quae
1317 4867 1417 4923 per
1461 4851 1742 4922 Spiritum
1771 4851 1904 4908 data

233 4947 360 5012 est,
392 4956 459 4998 ne
492 4940 844 4999 suﬁicienter
873 4956 1054 5014 usque
1089 4942 1149 4998 in
1198 4943 1364 4998 ﬁnem
1394 4954 1524 4997 cum
1558 4940 1650 4996 his
1679 4940 1780 5011 qui
1808 4953 1906 4996 se-

236 5029 366 5087 mel
392 5033 538 5088 hanc
563 5031 756 5086 sortiti
788 5035 943 5102 sunt,
969 5034 1339 5101 permaneret.
1365 5032 1434 5086 Et
1485 5029 1625 5101 quid
1683 5029 1763 5085 ita
1805 5043 1906 5086 sa—

237 5131 389 5191 pere
407 5119 590 5191 magis
621 5119 863 5189 impium
894 5119 979 5175 vel
1021 5118 1316 5176 infelicius
1338 5119 1366 5173 ‘I
1398 5118 1495 5176 Vel
1540 5119 1822 5190 quomodo
1855 5118 1906 5174 is

238 5207 360 5280 qui
391 5221 489 5277 per
513 5207 709 5264 omnia
732 5208 927 5278 justus
946 5212 1050 5276 est,
1065 5212 1122 5264 et
1137 5208 1362 5264 cunctis
1385 5207 1669 5264 viviﬁcam
1697 5207 1908 5278 praebet

235 5296 548 5367 virtutem,
573 5296 830 5352 omnium
860 5297 1127 5353 videlicet
1166 5296 1454 5367 inspector
1497 5302 1669 5368 atque
1711 5296 1909 5353 omni-

239 5387 462 5456 potens
479 5385 666 5443 Patris
691 5385 955 5456 spiritus,
987 5389 1190 5442 natura
1234 5399 1340 5442 sua
1366 5385 1612 5456 deﬁciet,
1657 5390 1713 5442 et
1743 5399 1910 5442 men-

238 5472 420 5530 suris
462 5475 824 5532 inﬁrmitatis
856 5474 1232 5533 succumbet?
1275 5474 1392 5530 Aut
1441 5475 1723 5545 quomodo
1758 5475 1904 5531 illud

2009 4499 2164 4556 sicut
2206 4497 2485 4567 scriptum
2528 4501 2634 4565 est,
2683 4495 2983 4551 certiﬁcati
3051 4507 3271 4551 sumus.
3339 4493 3461 4547 Non
3499 4489 3653 4545 enim

2010 4601 2114 4644 nos
2139 4599 2460 4642 sermonum
2493 4587 2790 4642 suasiones
2820 4583 2906 4641 sic
2960 4583 3164 4639 habere
3204 4580 3461 4638 fecerunt
3491 4597 3504 4633 :
3549 4591 3658 4650 pa—

2012 4688 2285 4748 ganorum
2321 4673 2473 4728 enim
2529 4679 2617 4730 est
2669 4674 2816 4744 hoc;
2850 4673 2945 4729 sed
2999 4672 3252 4742 ipsarum
3300 4683 3488 4725 rerum
3530 4681 3657 4739 quae

2011 4762 2356 4820 conﬁrmata:
2407 4765 2542 4817 sunt
2573 4757 2592 4834 [
2621 4766 3023 4818 consummata
3052 4757 3071 4834 ]
3101 4759 3332 4816 veritas.
3372 4759 3511 4812 Nam
3556 4755 3658 4812 ubi

2011 4855 2099 4909 est
2129 4850 2446 4922 perniciosa
2473 4849 2884 4906 damoniorum
2905 4849 3101 4905 acies?
3131 4848 3230 4904 ubi
3255 4847 3454 4902 inanes
3473 4849 3529 4900 et
3569 4857 3662 4899 ex-

2012 4940 2300 4997 secranda!
2320 4939 2606 4995 idolorum
2626 4938 3048 4994 immolationes
3064 4936 3093 4991 Τ
3122 4935 3222 4992 ubi
3247 4933 3377 4990 falsi
3407 4932 3661 4990 nominis

2011 5031 2246 5087 deorum
2286 5027 2623 5098 deceptoria:
2651 5027 3088 5098 animarumque
3105 5023 3495 5094 corruptrices
3518 5019 3664 5076 divi-

2016 5117 2318 5175 nationes?
2347 5115 2453 5172 Ubi
2485 5115 2958 5172 debacchationes
2993 5114 3247 5185 Veneris,
3286 5116 3344 5169 et
3364 5123 3523 5168 sacra
3550 5123 3665 5179 my-

2015 5207 2192 5272 steria
2212 5206 2452 5276 Cereris,
2489 5209 2660 5276 atque
2696 5204 2890 5260 Diana:
2920 5201 3345 5276 hospiticidia?
3388 5198 3492 5255 Ubi
3517 5197 3664 5252 Dio—

2016 5295 2165 5368 nysii
2188 5309 2406 5351 vesanae
2436 5293 2772 5350 festivitates
2788 5308 2916 5350 cum
2961 5294 3172 5350 illicita
3196 5293 3450 5348 virorum
3495 5299 3664 5342 vesa—

2015 5385 2133 5456 nia,
2156 5388 2213 5440 et
2233 5383 2546 5454 nuncupati
2579 5383 2802 5440 Mithrae
2818 5385 2974 5454 justa
3006 5382 3250 5439 imbutio
3271 5379 3300 5433 τ
3324 5375 3430 5432 Ubi
3456 5373 3662 5429 subtus

2016 5477 2224 5530 terram
2240 5478 2297 5529 et
2315 5485 2489 5544 supra
2519 5479 2726 5529 terram
2757 5471 2902 5528 facta
2933 5478 2988 5528 et
3034 5471 3189 5527 aeria
3215 5461 3528 5524 homicidia
3557 5472 3664 5516 vo-

334 5582 362 5610 ι
383 5569 526 5644 Fort.
549 5572 767 5644 sapidis
787 5590 806 5628 :
843 5585 896 5630 c.
925 5571 1033 5629 Jol.
1060 5569 1212 5629 nihil
1256 5573 1459 5644 mutat,
1501 5582 1682 5644 neque
1701 5584 1833 5629 vero
1865 5582 2092 5627 necesse
2129 5567 2261 5642 fuit,
2293 5582 2424 5627 cum
2446 5584 2677 5640 saporus
2708 5566 2984 5639 adjective
3011 5567 3240 5623 dicatur
3270 5579 3380 5622 non
3411 5577 3578 5623 secus
3597 5577 3663 5622 ac

237 5641 509 5714 cupidus.
