4016 6168
383 295 488 352 495

1617 286 1976 345 ANASTASII
2012 283 2553 342 BIBLIOTHECARII

3677 273 3778 333 L96

381 424 635 475 catorum
662 420 894 476 deorum
924 417 1116 473 taliter
1144 413 1549 472 delectantium
1567 413 1595 467 ‘P
1617 414 1813 468 Nonne
1837 411 2028 468 omnia
2059 408 2112 466 A
2141 410 2195 463 te
2223 408 2490 464 collectos
2512 408 2661 464 ﬁlios
2692 413 2838 474 tuos,
2873 405 2973 476 qui
2994 405 3257 474 luporum
3280 398 3784 473 congressionibus

385 507 666 578 unigeniti
691 507 824 562 Filii
856 506 955 561 Dei
987 507 1231 562 adventu
1259 507 1574 575 perierunt,
1605 507 1660 558 et
1695 505 1860 560 ﬁnem
1895 514 2036 571 pro—

382 593 745 652 fanissimum
790 594 1211 665 susceperunt?
1243 597 1438 651 Nonne
1470 595 1706 665 pulchre
1748 591 2033 665 quondam

379 683 639 740 dedicata
660 698 855 739 eorum
890 683 1120 754 templa,
1155 696 1308 739 nunc
1341 683 1731 754 imperatoriis
1759 683 1901 739 elisa
1918 681 2036 750 jus-

381 773 464 828 sis
493 777 549 829 et
575 774 644 828 ad
669 777 876 828 terram
905 777 1187 842 prostrata
1209 772 1386 827 sunt?
1410 775 1608 829 Nonne
1640 772 1925 829 memoria
1956 770 2037 838 ip-

381 874 574 916 sorum
589 860 659 915 ab
672 861 926 916 omnium
945 860 1115 916 corde
1126 860 1584 918 Christianorum
1599 863 2032 932 disparuerunt,

379 949 610 1009 etillud
647 949 956 1018 pr0phetia
980 949 1124 1018 ipsis
1157 949 1326 1005 rebus
1363 948 1572 1006 factum
1613 951 1932 1020 aspicitur;
1957 946 2037 1002 vi-

380 1039 588 1094 delicet
619 1056 632 1092 :
665 1039 884 1107 Remlcta
906 1043 982 1091 est
1005 1042 1148 1091 terra
1186 1040 1540 1106 cognoscendi
1573 1042 1859 1094 Dominum
1888 1053 2038 1106 qua-

382 1130 430 1180 si
450 1144 595 1196 aqua
621 1128 794 1180 multa
825 1142 943 1195 qua
976 1128 1147 1196 operit
1192 1142 1341 1180 mare
1387 1125 1512 1196 (Isa.
1550 1128 1628 1198 x1)
1649 1128 1676 1181 ‘?
1723 1128 2038 1182 Adoremus

385 1216 566 1286 igitur
594 1215 896 1270 Dominum
932 1215 1031 1285 qui
1054 1215 1346 1286 apparuit,
1373 1220 1428 1270 et
1451 1216 1641 1271 abhoc
1674 1230 1775 1271 nos
1796 1214 2038 1270 savissi-

385 1319 475 1359 mo
506 1304 772 1359 liberavit
795 1317 1005 1359 errore.
1039 1305 1315 1373 Hymnum
1349 1304 1610 1360 dicamus
1636 1304 1820 1374 ipsius
1852 1302 2040 1358 inﬁni-

385 1399 453 1449 ta
485 1393 920 1463 misericordia,
958 1393 1333 1462 pradicemus
1365 1393 1629 1450 Ecclesia
1649 1400 1854 1448 nostra
1884 1391 2043 1447 altis‘

384 1483 531 1539 simo
559 1482 736 1538 monti
766 1480 1100 1537 horribilem
1133 1486 1189 1536 et
1221 1480 1564 1537 ineffabilem
1588 1481 2042 1552 dispensationis

384 1573 510 1641 ejus
555 1571 995 1626 condescensum
1025 1566 1469 1646 [consensum].
1502 1571 1828 1626 Exaltemus
1875 1584 2040 1627 voces

388 1662 446 1716 in
495 1660 855 1729 fortitudine,
883 1664 939 1714 et
968 1672 1037 1714 ne
1066 1673 1364 1729 parcamus
1395 1660 1875 1732 magniﬁcentiam
1910 1674 2038 1717 ma-

2141 496 2384 566 dispersi
2417 503 2568 554 sunt.
2597 498 2828 552 Plenum
2851 494 2957 550 tibi
2990 507 3110 550 esse
3140 505 3303 548 omne
3334 489 3781 545 sacratissimum

2147 586 2252 642 hoc
2307 587 2505 641 divino
2557 587 2782 642 decreto
2828 583 3099 653 templum
3149 580 3522 650 conspicitur.
3581 576 3785 633 Crebro

2148 674 2357 729 mentis
2387 679 2498 730 tua
2537 674 2687 730 saltu
2717 672 3027 729 bestiarum
3077 681 3390 741 preoccupa
3434 668 3702 736 impetus,
3734 669 3788 720 et

2146 763 2252 819 hos
2274 763 2627 834 praveniens
2656 761 2938 834 sapientia
2969 766 3067 816 tua
3091 759 3345 815 exclude.
3388 758 3616 825 Semper
3649 753 3787 811 ovili

2144 857 2244 908 tuo
2286 851 2768 922 tranquillitatem
2794 849 3060 906 concilia.
3115 847 3417 903 Pramium
3462 848 3652 900 autem
3685 843 3791 899 hoc

2144 939 2543 1012 frequentibus
2569 954 2635 996 ac
2663 939 2802 996 bene
2849 936 3190 995 sonantibus
3231 936 3300 992 ad
3356 936 3532 992 Deum
3563 932 3792 988 emissis

2143 1031 2524 1101 orationibus,
2551 1035 2614 1086 ut
2637 1029 2742 1085 tibi
2766 1029 2825 1084 in
2852 1027 3282 1083 multitudinem
3301 1029 3577 1096 augeatur
3596 1035 3793 1078 secun-

2143 1120 2178 1175 d
2228 1134 2279 1174 m
2311 1120 2782 1189 repromissiones
2829 1131 2953 1188 qua
2982 1121 3118 1172 sunt
3172 1115 3230 1170 in
3277 1113 3559 1168 Abraham
3611 1111 3793 1166 instar

2145 1213 2429 1264 astrorum
2475 1208 2695 1264 numeri
2728 1207 2906 1262 facta.
2957 1205 3150 1261 Gaude
3179 1217 3310 1258 vero
3366 1208 3423 1258 et
3463 1206 3546 1271 tu,
3580 1199 3796 1256 Nicen-

2147 1298 2298 1360 sium
2324 1297 2534 1368 inclyta
2561 1297 2717 1365 urbs,
2758 1297 2906 1350 inter
2944 1292 3282 1363 metropoles
3327 1290 3794 1361 opinatissimum

2150 1399 2372 1457 nomen,
2408 1385 2864 1456 Bithyniensium
2890 1381 3198 1453 provincia
3224 1379 3656 1452 gloriosissima
3683 1379 3800 1448 pri-

2151 1475 2328 1531 mitia
2354 1494 2366 1530 :
2397 1490 2523 1545 qua
2550 1475 2714 1545 prius
2745 1473 2973 1544 quidem
3007 1476 3330 1528 sanctorum
3363 1469 3550 1524 decem
3581 1474 3638 1523 et
3667 1474 3797 1523 octo

2149 1569 2644 1634 trecentorumque
2667 1561 3018 1618 deiferorum
3048 1562 3273 1615 Patrum
3295 1557 3558 1629 vestigiis
3578 1557 3793 1612 sancti-

2147 1653 2310 1709 ﬁcata
2353 1667 2432 1724 es,
2493 1667 2642 1708 nunc
2699 1657 2886 1708 autem
2941 1651 3145 1706 horum
3191 1660 3581 1704 successorum
3635 1660 3801 1716 aque

383 1749 608 1820 jestatis
645 1749 768 1818 ejus
823 1747 1478 1820 incomprehensibilem,
1511 1749 1746 1806 scilicet.
1771 1751 2033 1807 affectum
2061 1749 2114 1810 B
2145 1748 2526 1798 trecentorum
2545 1755 2672 1798 cum
2695 1741 2950 1812 quinque
2970 1737 3285 1795 decadibus
3308 1749 3607 1792 numerum
3632 1748 3803 1791 com-

389 1852 555 1910 quem
604 1851 734 1908 erga
780 1851 883 1891 nos
925 1836 1208 1907 exhibuit,
1263 1842 1608 1893 enarrantes.
1660 1839 1929 1894 Dicamus
1965 1838 2033 1894 ad

388 1941 516 1983 eum
543 1931 598 1982 et
629 1940 884 1981 noscum
931 1926 1236 1995 propheta:
1283 1926 1413 1992 Quis
1443 1929 1582 1981 Deus
1627 1929 1765 1982 sicut
1802 1933 1881 1992 tu,
1927 1945 2039 1982 au-

387 2019 568 2084 ferens
595 2017 932 2085 iniquitates,
956 2020 1004 2069 ct
1041 2017 1314 2069 occultans
1348 2022 1571 2085 peccata
1609 2017 1845 2072 residuis
1880 2019 2041 2072 hare-

390 2106 580 2158 ditatis
620 2108 725 2158 tua
762 2101 944 2173 (Mich.
997 2104 1146 2174 vn)?
1197 2105 1467 2160 Praterea
1506 2105 1712 2161 choros
1761 2107 2039 2162 ducamus

390 2208 519 2250 cum
551 2193 812 2262 prasenti
847 2206 1006 2248 sacro
1035 2194 1394 2265 commercio,
1447 2207 1546 2249 ave
1578 2194 1666 2248 illi
1707 2194 1861 2249 aﬁ‘ati
1904 2200 2041 2250 tan-

391 2296 560 2351 quam
591 2281 786 2353 gaudii
817 2280 1073 2336 bravium
1109 2282 1442 2338 tribuentes.
1475 2284 1671 2338 Gaude
1712 2284 1912 2354 igitur,
1941 2297 2042 2338 sa-

391 2371 778 2426 cratissimum
806 2370 1110 2441 collegium
1141 2371 1327 2425 divini
1358 2385 1422 2427 ac
1465 2374 1671 2428 sacrati
1703 2378 2036 2428 conventus.

391 2460 661 2530 Gaudete,
691 2463 1017 2514 sanctorum
1055 2461 1279 2515 Patrum
1323 2461 1675 2516 sanctissimi
1711 2475 2042 2532 propugna—

394 2553 562 2603 tores.
610 2547 804 2603 Gaude
852 2548 976 2603 sine
1017 2549 1310 2604 mendacio
1339 2550 1720 2621 congregatio,
1784 2551 1841 2604 in
1873 2551 2042 2619 cujus

394 2637 579 2692 medio
605 2637 754 2692 Deus
787 2636 1124 2706 inambulat,
1144 2637 1297 2693 sicut
1317 2638 1592 2707 scriptum
1617 2643 1703 2693 est
1743 2639 1907 2706 (Psal.
1935 2639 2036 2710 cv).

390 2722 604 2794 Gaude,
637 2725 952 2782 concilium
1002 2725 1255 2794 spiritali
1308 2726 1669 2795 apparitione
1721 2724 2037 2782 refertum:

390 2827 459 2868 ex
486 2828 596 2884 qua
618 2814 716 2884 qui
751 2814 1101 2883 illustratur,
1135 2828 1246 2870 non
1277 2813 1519 2870 offendet
1539 2815 1607 2870 ad
1643 2814 1890 2884 lapidem
1920 2816 2045 2870 ha—

389 2901 578 2958 retica
601 2899 868 2972 falsaque
901 2902 1212 2962 locutionis
1241 2902 1537 2972 spiritales
1585 2903 1795 2958 anima
1852 2903 2038 2974 pedes.

390 2991 604 3063 Gaude,
638 2991 960 3061 speculator
983 2991 1309 3047 divinarum
1360 2992 1833 3065 indagationum;
1879 3005 2044 3064 quem

2147 1833 2444 1902 plentium,
2472 1845 2537 1887 ac
2569 1830 3003 1900 reverendorum
3048 1827 3451 1884 monachorum
3499 1825 3600 1895 qui
3656 1837 3803 1894 pene

2148 1921 2590 1984 innumerabilis
2616 1924 2753 1975 sunt
2780 1917 3198 1987 multitudinis,
3221 1916 3433 1971 eisdem
3451 1914 3805 1970 benedictio-

2149 2010 2321 2066 nibus
2353 2005 2862 2081 [benedictionum]
2913 2006 3266 2063 circumdata
3307 2018 3366 2060 es
3396 2004 3618 2075 gratiis.
3656 2005 3722 2058 In
3753 2008 3806 2058 te

2147 2100 2358 2169 quippe
2388 2097 2739 2154 orthodoxia
2773 2092 3123 2169 [orthodoxa
3157 2091 3312 2167 ﬁdei]
3359 2092 3802 2149 fundamentum

2147 2202 2179 2242 a
2211 2187 2452 2258 quadam
2511 2187 2763 2242 satanica
2821 2184 3191 2241 subversione
3233 2195 3573 2238 concussum
3629 2195 3808 2250 pere-

2148 2276 2424 2332 cliturum
2455 2272 2936 2348 [periclitaturum
2958 2290 2970 2326 :
2990 2275 3132 2340 forte
3147 2271 3312 2334 deest,
3337 2271 3430 2326 sed
3451 2266 3608 2344 non],
3629 2269 3814 2324 stabi-

2153 2368 2448 2422 limentum
2481 2364 2606 2419 sine
2656 2361 3051 2432 pertubatione
3092 2359 3361 2430 percepit.
3417 2361 3475 2414 In
3529 2364 3584 2413 te
3623 2357 3810 2413 feram

2152 2456 2306 2510 illam
2339 2459 2393 2507 et
2425 2452 2700 2508 immitem
2732 2451 2990 2516 bestiam,
3019 2449 3218 2504 Arium
3262 2449 3503 2517 scilicet,
3559 2447 3812 2502 divinus

2154 2543 2251 2598 ille
2299 2543 2530 2596 Patrum
2574 2541 2785 2596 chorus
2823 2539 3006 2594 sacris
3051 2538 3474 2607 Scripturarum
3531 2535 3814 2604 expansis

2151 2631 2403 2700 captavit
2425 2629 2664 2696 retibus,
2695 2633 2753 2683 et
2777 2626 3140 2684 terribilibus
3168 2625 3629 2682 anathematibus
3662 2638 3810 2693 per—

2151 2719 2314 2788 culit,
2343 2725 2398 2773 et
2438 2719 2571 2773 hinc
2610 2717 2822 2773 Filium
2876 2716 2974 2771 Dei
3029 2721 3086 2771 et
3131 2715 3333 2783 Patris,
3381 2714 3690 2769 Dominum
3759 2718 3818 2768 et

2151 2807 2695 2865 consubstantialem
2722 2805 3012 2880 gignenti,
3045 2804 3232 2860 omnis
3262 2807 3466 2859 natura
3499 2803 3814 2858 hominum

2154 2897 2460 2968 pradicare
2501 2895 2854 2965 didicimus;
2899 2898 2955 2950 et
3009 2893 3258 2951 idcoirco
3307 2905 3552 2962 prasens
3604 2903 3820 2946 sacra—

2155 2988 2444 3044 tissimum
2497 2989 2853 3054 compactum
2902 2983 3076 3052 hujus
3132 2980 3418 3038 numerosi
3486 2984 3817 3036 conventus

394 3079 494 3150 qui
523 3080 770 3135 modeste
795 3080 1080 3150 sequitur,
1113 3096 1144 3135 a
1166 3080 1468 3137 minitante
1494 3082 1778 3152 romphaa
1795 3082 2041 3138 eruitur.
2072 3073 2121 3134 α
2153 3076 2406 3133 dualitas
2459 3074 2685 3145 piorum
2740 3073 3145 3143 imperatorum
3193 3069 3559 3127 consolidans
3603 3068 3817 3141 colligi

391 3169 605 3239 Gaude,
639 3181 860 3237 semper
889 3168 1089 3225 floride
1113 3169 1393 3241 paradise,
1421 3169 1479 3225 in
1501 3171 1668 3240 cujus
1699 3170 1886 3227 medio
1914 3170 2047 3226 vita

393 3255 615 3328 lignum
649 3256 963 3326 plantatum
985 3262 1090 3328 est,
1126 3272 1224 3327 per
1271 3245 1752 3330 quadripartitam
1801 3273 2050 3330 evange—

393 3344 604 3402 liorum
630 3345 887 3402 tabulam
923 3347 1252 3417 prasidens.
1287 3349 1502 3419 Gaude,
1542 3361 1716 3404 aurea
1753 3348 2049 3420 ignitaque

391 3434 656 3493 columna
690 3435 748 3490 in
778 3449 987 3492 novum
1018 3436 1118 3492 Dei
1141 3437 1337 3509 Israel,
1366 3437 1582 3494 lucidis
1599 3438 1925 3508 dogmatum
1956 3436 2052 3491 do.

393 3522 601 3578 ctrinis
651 3522 722 3577 ab
765 3523 1092 3594 Egyptiaca
1143 3538 1333 3593 manu,
1369 3525 1424 3578 id
1457 3529 1543 3580 est
1597 3523 2048 3600 haretizantium

393 3625 585 3666 errore
611 3610 882 3679 liberans,
915 3615 972 3665 et
997 3613 1064 3666 ad
1093 3617 1298 3666 terram
1328 3611 1795 3680 repromissionis
1819 3613 2048 3665 Patrum

393 3699 734 3755 orthodoxia
763 3699 983 3753 deduce
1026 3713 1073 3754 s.
1097 3699 1381 3754 Audacter
1410 3699 1468 3754 in
1495 3698 1821 3755 ostensione
1849 3698 2052 3754 verita-

395 3786 472 3840 tis
501 3790 558 3839 et
581 3784 930 3840 ﬁducialiter
953 3799 1075 3856 age.
1111 3786 1371 3842 Revelata
1404 3786 1548 3842 facie
1591 3788 1830 3859 gloriam
1875 3801 2052 3844 sacra

395 3878 452 3928 et
471 3872 768 3928 catholica
794 3872 1059 3928 Ecclesia
1089 3875 1354 3944 pradica.
1380 3876 1565 3945 Supra
1587 3879 1799 3946 petram
1822 3877 2051 3935 stabilis

396 3961 848 4017 conversationis
875 3962 1170 4020 versatiles
1201 3964 1576 4034 quorumdam
1600 3969 1816 4022 mentes
1843 3966 2052 4023 doctri-

399 4049 493 4105 nis
520 4049 810 4106 conﬁrma.

468 4141 684 4209 Tuque,
711 4139 995 4210 pracipue
1019 4154 1052 4197 o
1073 4145 1399 4199 sanctorum
1429 4144 1661 4200 Patrum
1705 4157 1942 4200 concors
1993 4146 2049 4200 et
2095 4121 2118 4128 ’

401 4228 788 4285 sacratissime
847 4243 1048 4302 praco,
1098 4235 1269 4301 atque
1320 4232 1590 4288 instantis
1644 4233 1824 4289 nostri
1867 4236 2051 4290 catus

400 4317 660 4387 exarche,
688 4319 787 4388 qui
820 4317 1103 4375 sublimen
1131 4319 1298 4376 nobis
1328 4334 1426 4391 per
1461 4321 1753 4377 Christum
1779 4321 2048 4378 thronum

2147 3166 2366 3231 sanxit,
2401 3167 2558 3220 Irene
2582 3161 2850 3218 videlicet
2882 3174 3021 3217 nova
3041 3160 3248 3216 Helena
3277 3173 3405 3218 cum
3425 3159 3544 3215 ﬁlio
3570 3159 3821 3230 pr0prio

2155 3253 2731 3322 Constantino.novo,
2766 3263 2909 3321 quos
2941 3249 3000 3304 in
3031 3254 3086 3306 te
3134 3249 3388 3320 Spiritus
3441 3247 3647 3320 gratia,
3686 3261 3822 3319 qua

2159 3348 2296 3401 tunc
2342 3347 2398 3398 et
2427 3355 2580 3398 nunc
2601 3339 2816 3396 sanctis
2847 3338 3045 3394 illuxit
3073 3337 3357 3408 Patribus,
3389 3341 3689 3395 conservet
3720 3350 3825 3408 per

2160 3431 2485 3505 largissima
2511 3435 2785 3500 tempora,
2829 3426 3268 3498 impertubabile
3294 3427 3515 3484 donans
3555 3425 3643 3482 eis
3699 3426 3828 3482 im—

2160 3521 2402 3592 perium,
2437 3519 2804 3589 hostiumque
2829 3518 3090 3574 nationes
3111 3521 3242 3572 ante
3263 3515 3430 3586 pedes
3460 3518 3825 3586 prosternat,

2161 3613 2442 3681 quatenus
2471 3607 2640 3664 nobis
2665 3606 2944 3665 bonorum
2976 3606 3141 3676 copia
3173 3619 3284 3662 non
3312 3605 3559 3662 deﬁciat.
3611 3605 3830 3662 Gaude

2161 3699 2354 3769 itaque
2384 3697 2444 3753 in
2470 3695 2584 3767 his,
2616 3710 2649 3753 o
2681 3695 3065 3766 metropoleon
3093 3695 3306 3766 inclyta
3357 3694 3616 3766 species;
3658 3709 3752 3765 qu
3789 3722 3832 3734 -

2161 3787 2313 3843 niam
2345 3787 2405 3842 in
2437 3789 2490 3842 te
2520 3785 2687 3842 nobis
2715 3788 2771 3842 et
2818 3785 3002 3856 primo
3058 3783 3337 3841 bonorum
3384 3783 3716 3854 exordium,
3770 3787 3832 3839 et

2161 3890 2313 3932 nunc
2343 3875 2477 3930 ﬁnis
2495 3879 2730 3931 exortus
2751 3879 2858 3945 est,
2877 3873 3289 3930 venerabilium
3313 3873 3588 3928 nimirum
3609 3871 3838 3944 imagi-

2159 3978 2294 4022 num
2327 3963 2622 4020 catholica
2651 3963 2915 4019 Ecclesia
2947 3962 3136 4032 prisca
3176 3962 3414 4018 traditio
3445 3962 3503 4017 in
3535 3961 3664 4017 suis
3697 3967 3834 4017 ter—

2159 4053 2335 4108 minis
2357 4051 2642 4109 restituta.
2661 4053 2838 4108 'Nunc
2867 4065 2997 4108 vero
3029 4051 3254 4108 latatur
3286 4049 3513 4120 calum,
3545 4055 3605 4106 et
3632 4049 3834 4106 nubes

2158 4141 2383 4198 stillant
2407 4140 2716 4211 justitiam.
2745 4142 2907 4197 Nunc
2934 4140 3157 4198 medius
3189 4139 3375 4211 paries
3409 4138 3672 4194 maceria
3705 4139 3837 4194 dis-

2159 4229 2386 4287 solutus
2422 4234 2508 4286 est.
2554 4229 2818 4286 unitione
2871 4228 3254 4286 dissensionis
3309 4240 3596 4299 concessa,
3637 4232 3703 4283 et
3768 4227 3833 4283 in

2162 4319 2338 4376 unius
2360 4318 2713 4376 assensionis
2741 4318 3222 4388 conspirationem
3271 4317 3628 4390 quaternitas
3656 4315 3840 4374 orbis

402 4407 667 4478 adornas,
701 4407 890 4478 magni
927 4412 983 4463 et
1013 4407 1185 4478 primi
1242 4409 1488 4478 pastoris
1535 4409 2050 4481 ditigentissimum
2078 4419 2131 4481 1)
2161 4414 2327 4466 terra
2351 4407 2588 4465 collecta
2608 4412 2712 4464 est.
2745 4409 2908 4464 Nunc
2931 4407 3124 4463 multa
3140 4421 3265 4479 qua
3296 4407 3355 4462 in
3379 4407 3608 4463 diversa
3633 4407 3840 4462 trahe-

405 4495 720 4566 speculum,
753 4495 999 4566 spiritus
1042 4496 1486 4552 mundissimum
1512 4497 1922 4568 habitaculum,
1955 4514 2054 4556 re—

405 4585 664 4640 ctissima
695 4585 1141 4640 orthodoxorum
1171 4584 1498 4656 dogmatum
1532 4587 1888 4660 ponderatio,
1917 4588 2056 4659 poli-

407 4678 576 4743 taque
606 4673 663 4727 in
691 4672 920 4728 Christo
941 4674 1391 4730 conversationis
1409 4675 1616 4731 habita
1647 4677 1857 4748 regula
1880 4678 2058 4734 nomi-

408 4762 709 4817 natissima
734 4763 985 4832 lucerna,
1019 4767 1074 4818 et
1103 4767 1314 4833 septem
1336 4764 1803 4822 candelabrorum
1827 4766 2061 4823 lumini-
2091 4772 2100 4781 ‘

409 4850 517 4906 bus
542 4854 657 4905 tota
689 4849 1098 4922 fulgidissima.
1117 4852 1490 4921 Resplendere
1508 4852 1594 4909 fac
1609 4853 1774 4910 nobis
1786 4859 2056 4926 tanquam

409 4953 479 4994 ex
512 4937 796 4994 invisibili
821 4939 1161 4996 candelabro
1183 4955 1354 4996 sacra
1373 4941 1654 4998 cathedra
1686 4944 2060 5000 evidentissi-

417 5041 636 5082 morum
678 5028 975 5084 verborum
1026 5029 1482 5099 perspicuitates.
1533 5031 1830 5088 Distribue
1871 5037 2058 5088 autem

411 5120 467 5171 et
496 5115 887 5172 esurientibus
917 5116 1204 5173 viviﬁcum
1233 5118 1418 5174 divini
1459 5119 1776 5190 magisterii
1837 5136 2055 5194 panem,

412 5212 469 5262 et
499 5206 655 5262 nutri
691 5205 961 5275 populum
994 5207 1052 5261 in
1074 5213 1340 5263 extranea
1371 5212 1518 5263 terra
1565 5222 1767 5280 vagum
1798 5209 2058 5268 effectum

416 5297 668 5352 haretici
701 5295 1005 5351 incolatus.
1035 5295 1262 5352 Efﬁcere
1303 5296 1468 5352 nobis
1495 5311 1674 5354 novus
1701 5299 1904 5369 Joseph
1927 5300 2062 5357 fru-

415 5385 591 5440 menti
622 5384 805 5454 dator,
847 5388 902 5438 et
939 5383 1341 5456 ambiguitates
1397 5386 1828 5456 scripturalium
1858 5389 2062 5458 expla-

418 5488 561 5531 nans
589 5473 975 5545 anigmatum,
1007 5473 1219 5542 opimis
1250 5487 1352 5529 nos
1375 5478 1431 5528 et
1476 5475 1843 5545 spiritalibus
1873 5478 2062 5534 inter-

422 5563 842 5633 pretationihus
871 5561 1048 5617 nutri.
1083 5561 1246 5618 Eleva
1267 5562 1464 5620 oculos
1482 5569 1628 5636 tuos,
1660 5570 1716 5622 et
1736 5565 1864 5622 vide
1888 5581 2060 5638 super

2162 4499 2319 4567 bant,
2349 4501 2734 4554 convenerunt
2768 4497 3089 4568 opiniones,
3122 4501 3179 4553 et
3229 4509 3516 4554 consonus
3570 4496 3842 4566 hymnus

2163 4601 2196 4642 a
2224 4585 2439 4642 ﬁnibus
2458 4589 2621 4640 terra
2647 4598 2828 4656 usque
2848 4585 2916 4641 ad
2951 4584 3092 4641 ﬁnes
3139 4590 3301 4642 terra:
3350 4587 3464 4642 Deo
3510 4585 3835 4658 dirigitur.

2163 4675 2360 4732 Gaude
2389 4674 2568 4746 igitur
2605 4674 2934 4744 tripudians
2964 4689 3135 4744 super
3167 4675 3258 4730 his
3287 4681 3344 4731 et
3393 4680 3478 4747 tu,
3529 4675 3844 4731 catholica

2163 4763 2416 4820 Ecclesia
2449 4764 2508 4819 in
2535 4768 2652 4820 toto
2696 4768 2976 4824 terrarum
3005 4763 3141 4820 orbe
3168 4763 3396 4821 diffusa.
3452 4765 3575 4820 Duc
3611 4764 3842 4820 choros

2166 4853 2458 4910 exsultans
2504 4867 2676 4923 super
2729 4853 2980 4910 ﬁliorum
3032 4857 3262 4910 tuorum
3314 4856 3596 4910 conventu
3645 4871 3658 4908 :
3717 4853 3848 4910 de-

2169 4955 2312 5012 pone
2347 4941 2658 4998 divisionis
2711 4955 2928 5012 pannos
2954 4946 3013 4998 et
3059 4942 3296 4999 induere
3344 4941 3566 5013 integra
3609 4942 3844 4998 ortho—

2167 5031 2327 5086 doxa
2353 5031 2548 5087 tunica
2579 5030 2840 5087 unitatis.
2863 5032 2982 5087 Jam
3014 5045 3125 5087 non
3165 5031 3395 5102 poneris
3439 5030 3847 5101 opprobrium

2172 5119 2429 5175 inimicis
2455 5119 2594 5190 tuis,
2639 5119 3013 5177 subsannatio
3060 5125 3117 5177 et
3161 5120 3379 5178 derisio
3433 5120 3662 5191 p0pulis
3724 5122 3847 5192 qui

2171 5209 2231 5264 in
2269 5208 2522 5264 circuitu
2569 5212 2670 5264 tuo
2726 5214 2880 5265 sunt.
2930 5213 3051 5266 Non
3098 5211 3215 5280 jam
3269 5209 3500 5266 timebis
3554 5215 3852 5268 contem-

2171 5302 2302 5368 ptus
2333 5297 2648 5369 hominum,
2680 5297 3039 5356 Hebraorum
3062 5300 3284 5356 scilicet
3315 5305 3372 5356 et
3397 5299 3848 5373 Agarenorum,

2170 5387 2269 5457 qui
2297 5387 2421 5442 sine
2473 5388 2585 5442 Deo
2615 5391 2671 5442 et
2713 5401 2870 5444 sacra
2912 5389 3240 5445 initiatione
3267 5389 3613 5460 consistunt,
3647 5391 3852 5460 quasi

2169 5476 2278 5532 tibi
2309 5489 2420 5532 non
2438 5475 2614 5532 fuerit
2657 5475 2926 5546 perfectio
2971 5479 3102 5535 ﬁdei
3144 5478 3428 5536 doctrinis
3479 5479 3862 5548 apostolicis

2173 5566 2402 5623 tradita.
2423 5568 2542 5623 Jam
2572 5579 2681 5624 non
2711 5566 2782 5624 ab
2825 5567 3222 5628 hareticorum
3273 5582 3370 5626 ore
3412 5568 3864 5628 criminaberis
