4016 6168
234 293 342 354 497

989 296 1530 355 ΙΝΤΕΗΡΒΕΤΑΤῙΟ
1566 294 1815 354 SYNODI
1849 295 1878 352 ἲ

1987 295 2384 354 GENERALIS.
2414 327 2489 340 —
2521 297 2724 355 ACTIO
2761 299 2901 356 VIII.

3547 295 3654 356 498

236 423 400 494 quasi
436 423 740 480 recesseris
762 424 832 481 ab
864 438 976 482 uno
1012 427 1126 482 Deo
1156 431 1385 496 propter
1420 423 1886 484 decentissimum
1911 421 1970 482 A
2000 425 2392 483 lonicensibus
2448 427 2782 498 praecipiens
2811 428 2896 483 ait
2929 446 2940 482 :
2969 430 3180 496 Itaque,
3225 428 3448 494 fratres,
3491 432 3650 493 state,

236 514 510 570 honorem
541 527 672 586 erga
717 515 904 584 ipsius
942 516 1158 572 amicos
1201 517 1542 573 exhibitum.
1601 517 1719 571 iam
1776 528 1886 570 non

234 602 597 673 reputaberis
625 603 908 662 idolorum
930 606 1144 662 similis
1166 607 1394 677 templis
1435 610 1663 677 propter
1691 617 1888 660 sacra—

234 692 594 749 tissimarum
641 695 700 750 in
758 700 812 750 te
866 695 1183 768 imaginum
1239 696 1578 752 erectionem
1610 694 1881 750 effectam.

229 782 401 837 Decet
445 783 599 838 enim
646 789 700 839 te
743 789 1012 856 tanquam
1062 786 1182 858 regi
1232 785 1572 841 saeculorum
1629 784 1776 839 Filio
1831 787 1888 840 et

232 871 418 927 Verbo
442 873 550 930 Dei
588 878 845 944 nuptam,
881 875 941 929 in
988 889 1157 931 carne
1210 875 1398 946 ipsius
1438 873 1889 945 dispensationis

231 959 544 1017 humanam
569 960 803 1018 formam
832 963 1126 1020 habentem
1148 965 1713 1034 anthropomorphon
1739 964 1890 1019 ima-

228 1049 420 1121 ginem
451 1065 552 1121 per
572 1052 852 1122 picturam
887 1051 1050 1125 ferre,
1097 1057 1163 1110 ut
1193 1053 1511 1109 innotescat
1547 1053 1696 1123 quod
1731 1051 1887 1122 regia

226 1152 440 1208 sponsa
463 1142 566 1196 sis.
598 1143 766 1197 Decet
792 1143 942 1197 enim
963 1143 1064 1198 Dei
1101 1142 1402 1214 genitricis
1433 1142 1631 1197 Matris
1666 1141 1883 1197 Christi

233 1228 331 1298 qui
371 1233 425 1283 te
455 1229 842 1300 desponsavit,
874 1232 1178 1303 imaginem
1199 1231 1320 1288 tuis
1345 1231 1754 1287 sacratissimis
1797 1244 1886 1300 pa-

228 1317 482 1374 rietibus
505 1319 707 1376 factam
747 1321 807 1376 in
840 1322 1063 1391 pictura
1105 1326 1160 1376 et
1200 1322 1552 1377 musivorum
1577 1334 1746 1390 opere
1799 1319 1882 1390 [in

229 1407 463 1476 pictura
496 1407 644 1465 facta
675 1423 739 1465 ex
774 1411 1124 1468 musivorum
1157 1408 1344 1484 opere]
1386 1409 1534 1466 ferre
1562 1428 1574 1464 ε
1601 1415 1884 1481 quatenus

227 1497 419 1566 gratia
446 1513 575 1568 qua:
604 1498 712 1554 tibi
747 1513 845 1568 per
867 1501 1009 1555 hanc
1040 1499 1257 1569 illuxit,
1285 1501 1457 1556 tacita
1481 1499 1884 1570 praedicatione

223 1587 616 1642 communiter
639 1589 864 1644 cunctis
891 1590 1118 1660 populis
1141 1590 1499 1660 prmdicetur.
1555 1589 1680 1644 Nisi
1730 1588 1882 1643 enim

222 1685 291 1728 ex
321 1675 432 1730 hac
461 1677 876 1749 incarnaretur,
910 1680 1191 1749 quomodo
1230 1684 1342 1735 tam
1388 1679 1644 1748 specioso
1675 1691 1882 1748 sponso

223 1767 285 1818 tu
318 1764 581 1832 spiritali
607 1766 810 1835 copula
837 1768 1163 1839 jungereris
1181 1769 1210 1822 ‘I
1252 1770 1418 1823 Decet
1436 1769 1588 1824 enim
1612 1771 1666 1823 te
1695 1773 1750 1822 et
1771 1781 1883 1823 om-

223 1851 387 1906 nium
422 1859 749 1910 sanctorum
780 1856 1189 1926 apostolorum,
1222 1862 1278 1912 et
1299 1857 1725 1926 prophetarum,
1754 1868 1882 1911 con-

222 1938 533 2007 fessorum,
601 1944 1072 2016 patriarcharum,
1123 1950 1181 2000 et
1243 1951 1568 2001 sanctorum
1625 1947 1877 2015 Patrum,

219 2030 626 2086 studiosorum
674 2047 902 2104 quoque
926 2047 1044 2089 aac
1075 2039 1407 2105 martyrum,
1463 2041 1520 2090 et
1561 2034 1743 2091 totius
1796 2032 1878 2103 pii

217 2117 455 2190 collegii
492 2116 763 2176 formatas
794 2121 1077 2193 imagines
1123 2123 1371 2179 interius
1420 2123 1478 2179 in
1523 2123 1878 2194 picturarum

225 2205 695 2265 confectionibus
738 2207 928 2266 ferre:
967 2215 1253 2282 quatenus
1310 2213 1433 2283 ipsa
1478 2211 1877 2283 perfectionem

222 2295 470 2352 orientis
500 2297 602 2368 qui
639 2302 692 2353 te
721 2297 792 2354 ab
829 2299 946 2355 alto
992 2299 1400 2371 circumfuisit,
1446 2302 1601 2357 omni
1660 2301 1882 2358 visione

225 2391 500 2443 ostentes.
535 2387 687 2443 Aliis
733 2389 963 2460 quidem
992 2394 1148 2446 tuam
1176 2391 1595 2460 quodammodo
1624 2405 1880 2460 praenun-

225 2475 517 2532 tiantibus
534 2477 904 2550 vocationem,
931 2482 985 2534 et
1006 2478 1324 2549 prophetiis
1341 2481 1465 2535 suis
1486 2494 1692 2550 sponso
1714 2481 1878 2551 quasi

229 2565 579 2636 quibusdam
612 2566 850 2623 dotibus
867 2573 1030 2622 antea
1051 2568 1560 2638 desponsantibus:
1587 2569 1723 2624 aliis
1751 2583 1882 2626 vero

221 2655 618 2727 evangelicum
637 2655 744 2711 tibi
775 2657 1240 2714 ministrantibus
1261 2657 1515 2727 verbum,
1538 2663 1593 2714 et
1615 2673 1713 2728 per
1742 2659 1883 2715 uni-

229 2758 447 2800 versam
476 2751 683 2800 terram
724 2745 981 2814 dispersa
1026 2746 1393 2802 rationabilia
1420 2747 1527 2802 tibi
1561 2748 1736 2803 ovilia
1755 2748 1884 2804 col-

227 2832 581 2906 ligentibus;
633 2834 768 2890 aliis
811 2840 998 2891 autem
1038 2836 1164 2892 suis
1207 2837 1370 2906 quasi
1425 2837 1736 2892 sudoribus
1785 2851 1882 2907 per

223 2923 477 2978 eamdem
503 2923 562 2978 in
585 2923 949 2995 dogmatibus
977 2924 1339 2996 diligentiam
1365 2925 1882 3002 incorruptibilita-

223 3015 330 3066 tem
365 3012 641 3084 gregibus
666 3013 784 3068 tuis
814 3014 1234 3085 mercantibus;
1265 3028 1434 3086 porro
1472 3016 1610 3072 aliis
1634 3015 1881 3089 sangui—

2000 520 2050 570 et
2071 521 2238 572 tenete
2267 517 2590 572 traditiones
2621 531 2758 587 quas
2778 516 3052 570 didicistis
3077 519 3187 570 sive
3207 533 3307 587 per
3337 532 3648 582 sermonem,

1998 608 2112 659 sive
2127 622 2229 676 per
2257 607 2540 678 epistolam
2597 611 2839 660 nostram
2886 603 2961 676 (II
3002 606 3180 660 Thess.
3212 605 3290 676 II).
3343 605 3446 660 Sed
3503 621 3654 676 quo-

1999 694 2134 751 nian
2170 695 2443 752 inimicus
2461 695 2561 766 qui
2585 695 2655 751 ab
2676 696 2846 751 initio
2866 709 3105 768 nequam
3129 699 3213 750 est
3231 694 3519 766 diabolus,
3539 707 3650 750 non

1997 783 2225 839 dimisit
2257 798 2355 855 per
2400 785 2628 842 diversa
2661 790 2912 855 tempora
2959 784 3294 840 aedificatam
3325 797 3498 854 supra
3528 782 3651 839 fun-

1997 871 2324 930 damentum
2340 875 2729 944 apostolorum
2741 879 2797 930 et
2809 874 3213 944 prophetarum
3237 873 3541 929 Ecclesiam
3557 885 3654 928 se-

1997 962 2247 1018 cundum
2261 964 2409 1034 quod
2427 963 2540 1018 sibi
2555 963 2740 1019 visum
2760 968 2865 1033 est,
2878 963 3205 1019 discindere
3221 967 3391 1033 atque
3406 961 3652 1016 disrum-

1997 1063 2144 1122 pere,
2181 1058 2356 1107 semet
2388 1051 2639 1109 inferens
2665 1067 2765 1123 per
2794 1053 3069 1124 quosdam
3093 1066 3151 1108 se
3173 1056 3471 1123 sequentes
3495 1049 3652 1106 viros

1997 1139 2194 1209 malos,
2223 1145 2278 1196 et
2303 1142 2522 1198 zizania
2552 1143 3009 1213 superseminare
3031 1142 3088 1196 in
3123 1141 3352 1214 regione
3381 1141 3502 1210 hac,
3524 1153 3651 1210 qua:

1993 1228 2148 1284 culta
2177 1235 2262 1285 est
2291 1244 2323 1286 a
2349 1231 2508 1288 tubis
2533 1232 2805 1303 Spiritus,
2836 1232 3113 1302 apostolis
3139 1230 3361 1286 scilicet
3397 1230 3644 1286 sanctis:

1995 1318 2104 1388 ipsi
2129 1319 2279 1374 enim
2306 1321 2520 1377 virtute
2546 1336 2614 1378 ex
2645 1322 2760 1377 alto
2791 1326 3037 1392 accepta,
3066 1324 3121 1377 et
3158 1321 3260 1376 hac
3284 1320 3494 1375 divina:
3519 1321 3650 1376 sul-

1993 1406 2079 1462 cis
2104 1409 2458 1478 operationis
2484 1411 2789 1482 proscissa,
2813 1425 2997 1466 escam
3024 1415 3246 1466 aeterna:
3262 1410 3391 1465 vita:
3407 1409 3650 1479 relique-

1995 1501 2130 1552 runt
2188 1497 2281 1553 his
2337 1500 2434 1569 qui
2491 1514 2590 1570 per
2635 1500 2790 1570 ipsos
2831 1500 3216 1570 crediderunt,
3259 1498 3593 1568 carpendam
3631 1516 3647 1568 ;

1996 1584 2198 1640 horum
2212 1587 2539 1658 deiloquam
2561 1588 2880 1644 doctrinam
2905 1589 3085 1644 sancti
3102 1590 3293 1643 Patres
3315 1587 3518 1658 nostri,
3546 1587 3645 1657 qui

1994 1672 2168 1744 hujus
2188 1682 2441 1746 pastores
2465 1682 2522 1732 et
2545 1679 2810 1734 custodes
2834 1678 3171 1748 persingula
3196 1675 3352 1732 fuere
3371 1682 3643 1746 tempora,

1911 1747 1966 1812 Β
1992 1765 2390 1834 suscipientes,
2444 1767 2686 1838 zizania,
2739 1767 2794 1822 id
2838 1747 2930 1822 est
2985 1768 3225 1822 haereses
3268 1770 3324 1821 et
3367 1766 3647 1820 novitates

1989 1853 2292 1910 addititias
2343 1851 2682 1929 [subreptas]
2729 1862 2899 1926 atque
2958 1857 3315 1912 introductas
3365 1855 3647 1909 radicitus

1988 1943 2368 1998 exciderunt:
2402 1947 2458 1998 et
2509 1957 2742 1999 messem
2787 1945 3054 1999 mundam
3084 1958 3218 1999 arvo
3274 1955 3649 1999 conservave—

1991 2035 2144 2088 runt.
2175 2031 2370 2087 Vestra
2391 2046 2524 2104 ergo
2554 2031 2803 2088 fraterna
2833 2037 2890 2087 et
2931 2047 3153 2089 summo
3199 2032 3493 2102 pontificio
3539 2033 3648 2086 de—

1989 2126 2180 2176 corata
2203 2121 2479 2176 sanctitas
2504 2135 2631 2176 cum
2655 2120 2748 2176 his
2769 2134 2866 2191 per
2881 2120 3180 2191 deiloquas
3202 2135 3335 2176 suas
3351 2119 3646 2176 doctrinas

1991 2211 2408 2280 quodammodo
2439 2209 2839 2281 sermocinata,
2863 2214 2919 2265 et
2938 2209 3008 2265 ab
3030 2210 3114 2265 eis
3132 2213 3357 2280 accepto
3383 2209 3649 2265 veritatis

1989 2299 2179 2368 verbo,
2239 2299 2504 2369 spinosas
2548 2297 2752 2354 herbas
2799 2313 2925 2369 qua:
2969 2313 3121 2354 nunc
3160 2297 3642 2371 germinaverunt,

1991 2387 2458 2444 fidelissimorum
2490 2393 2546 2443 et
2576 2388 2946 2457 paciﬁcorum
2980 2377 3387 2457 imperatorum
3414 2389 3642 2444 veritati

1990 2477 2361 2548 concordans,
2415 2477 2653 2533 evellere
2707 2477 2983 2533 machaera
3025 2477 3279 2547 Spiritus
3327 2475 3640 2550 festinavit,

1992 2566 2225 2622 mittens
2255 2567 2567 2622 secundum
2594 2567 2866 2636 scriptam
2885 2565 2999 2622 sibi
3022 2566 3352 2636 petitionem
3387 2572 3642 2622 nostrnm

1989 2656 2058 2712 ad
2087 2656 2462 2713 universalem
2494 2657 2771 2728 synodum
2801 2655 3116 2712 faciendam
3147 2655 3468 2726 aaquivocos
3489 2656 3646 2712 viros

1992 2746 2276 2817 principis
2305 2746 2693 2816 apostolorum
2721 2746 2893 2801 Petri.
2927 2745 3151 2815 Quibus
3185 2744 3640 2809 advenientibus,

1992 2835 2075 2906 pii
2106 2841 2162 2891 et
2191 2835 2662 2906 tranquillissimi
2689 2835 3060 2905 imperatores
3084 2834 3264 2890 nostri
3290 2847 3384 2890 eos
3400 2834 3644 2906 benigne

1991 2923 2391 2995 suscipientes,
2420 2923 2488 2978 ad
2527 2938 2630 2979 nos
2653 2923 2930 2993 jubebant
2957 2923 3132 2990 mitti,
3177 2937 3274 2993 per
3301 2937 3398 2979 eos
3420 2922 3642 2980 litteras

1990 3016 2205 3068 vestras
2231 3011 2398 3068 nobis
2425 3012 2898 3082 suscipientibus.
2929 3014 2999 3068 Et
3019 3012 3196 3069 locuti
3219 3027 3348 3068 cum
3377 3012 3501 3068 illis
3517 3027 3642 3085 quae

221 3099 400 3156 nibus
423 3101 552 3157 suis
575 3115 708 3173 erga
736 3107 790 3158 te
819 3103 1101 3158 sinceram
1129 3103 1478 3161 aﬂ‘ectionem
1502 3105 1671 3162 etiam
1698 3119 1878 3178 usque
1901 3109 1954 3178 α
1987 3101 2416 3171 conveniebant,
2451 3101 2850 3157 advocavimus
2876 3106 2930 3156 et
2958 3115 3054 3158 eos
3072 3103 3170 3172 qui
3198 3105 3269 3156 ab
3299 3101 3532 3158 Oriente
3557 3117 3644 3158 ve-

215 3189 282 3244 ad
321 3195 566 3246 mortem
597 3191 1089 3264 conservantibus,
1141 3198 1195 3249 et
1225 3194 1331 3250 hoc
1365 3195 1527 3252 modo
1566 3196 1882 3252 certitudi—

218 3289 346 3332 nem
381 3278 441 3332 in
482 3283 538 3334 te
580 3278 842 3334 veritatis
896 3280 1441 3338 demonstrantibus.
1487 3283 1709 3352 Quibus
1746 3298 1876 3339 cum

217 3365 388 3421 denis
406 3366 672 3424 millibus
691 3368 1008 3425 caelestium
1026 3371 1358 3442 angelorum
1382 3385 1647 3427 coronam
1668 3370 1872 3444 ferens,

215 3460 270 3510 et
299 3456 666 3525 amplissime
693 3457 1026 3529 praedicans,
1051 3460 1286 3515 enuntia
1329 3460 1573 3516 virtutes
1602 3461 1727 3530 ejus
1773 3463 1873 3531 qui

211 3544 281 3600 de
314 3545 575 3601 tenebris
622 3547 1047 3604 teidololatrici
1075 3549 1288 3604 erroris
1314 3549 1537 3604 vocavit
1579 3550 1635 3604 in
1683 3550 1876 3606 admi—

214 3635 401 3690 rabile
424 3636 621 3690 lumen
651 3651 841 3706 suum,
867 3637 923 3693 id
955 3642 1060 3707 est,
1092 3637 1148 3692 in
1183 3652 1242 3692 se
1262 3651 1326 3692 ac
1357 3639 1574 3694 Patrem
1609 3641 1706 3710 qui
1750 3640 1875 3696 sine

211 3724 392 3781 initio
417 3730 524 3796 est,
557 3726 806 3796 atquein
855 3727 1373 3796 consempiternum
1405 3733 1460 3784 et
1489 3729 1876 3784 consubstan-

209 3815 410 3870 tialem
437 3815 720 3884 Spiritum
754 3830 943 3887 suum,
976 3817 1032 3871 in
1068 3830 1236 3872 unam
1260 3817 1482 3873 scilicet
1513 3834 1636 3889 quas
1658 3824 1743 3874 est
1768 3835 1876 3875 su-

211 3917 310 3972 per
336 3917 566 3958 omnem
602 3903 1008 3976 principatum,
1035 3911 1317 3976 naturam,
1356 3906 1520 3963 fidem
1547 3912 1602 3963 et
1641 3907 1875 3964 confes-

208 3994 456 4048 sionem.
487 3992 595 4048 Cui
627 3993 812 4064 gioria
841 3999 896 4050 et
923 3995 1231 4065 imperium
1260 4009 1411 4051 nunc
1438 4001 1494 4052 et
1524 3997 1584 4052 in
1608 3997 1873 4054 universa

214 4082 431 4138 saecula
457 4082 820 4138 saeculorum.
849 4083 1043 4139 Amen.

203 4188 303 4242 Per
353 4194 556 4242 cuncta
603 4191 942 4243 sanctissimo
985 4194 1035 4244 et
1065 4191 1370 4245 beatissimo
1419 4193 1588 4258 fratri
1624 4197 1674 4246 et
1723 4208 1874 4246 com-

270 4262 558 4322 ministro,
607 4261 822 4313 domino
881 4261 1135 4314 Adriano
1175 4277 1339 4332 papae
1394 4264 1621 4316 senioris
1673 4265 1867 4327 Romae,

275 4333 554 4404 Tarasius
583 4331 957 4404 misericordia
983 4335 1082 4386 Dei
1111 4331 1390 4402 episcopus
1430 4333 1872 4404 Constantinopo-

272 4402 393 4455 leos
424 4417 578 4455 nova
603 4403 780 4456 Romae
793 4405 853 4455 in
877 4405 1099 4457 Domino
1120 4406 1368 4458 salutem.

271 4505 586 4562 Suﬂiceret
614 4507 844 4577 quidem
871 4509 1144 4564 salutaris
1168 4510 1524 4579 dispensatio
1546 4513 1736 4584 magni
1766 4513 1867 4568 Dei

198 4602 256 4648 et
282 4595 614 4651 Salvatoris
645 4597 826 4652 nostri
858 4597 990 4652 Jesu
1030 4597 1246 4654 Christi
1281 4600 1349 4654 ad
1392 4614 1602 4672 pacem,
1654 4602 1872 4656 unani-

199 4684 464 4739 mitatem
503 4689 558 4739 et
606 4685 967 4740 concordiam
1014 4686 1281 4743 omnibus
1329 4687 1696 4745 Christianis.
1749 4690 1871 4760 ipse

199 4786 456 4844 namque
517 4778 642 4843 post
682 4787 748 4830 ex
800 4776 1044 4831 mortuis
1073 4779 1547 4833 resurrectionem
1592 4779 1870 4848 apostolis

197 4863 327 4917 suis
379 4862 688 4918 insuﬂlans
722 4863 852 4918 ait:
885 4865 1076 4918 Pacem
1127 4881 1301 4920 meam
1343 4867 1410 4920 do
1469 4869 1640 4938 vobis,
1679 4885 1870 4939 pacem

196 4968 379 5005 meam
411 4953 667 5020 relinquo
708 4953 860 5006 vobis
904 4952 1079 5023 (Joan.
1135 4955 1269 5026 xxv).
1327 4955 1505 5024 Cujus
1549 4959 1629 5013 rei
1684 4959 1867 5029 gratia

201 5046 547 5095 contestans
571 5041 840 5096 omnibus
867 5041 1032 5096 nobis
1064 5042 1162 5098 ille
1183 5045 1284 5114 qui
1308 5051 1507 5115 raptus
1550 5047 1606 5102 in
1631 5049 1863 5103 tertium

198 5129 414 5184 malum
426 5135 508 5199 ,et
522 5129 579 5183 in
597 5131 928 5198 paradisum
943 5131 1235 5203 ingressus
1245 5135 1684 5191 audivitarcana
1697 5138 1864 5194 verba

201 5215 338 5272 Paul
350 5232 427 5273 us
439 5216 1481 5290 scilicetdivinusapostolusasseruit
1495 5225 1708 5281 dicens:
1719 5227 1866 5282 Chri-

200 5309 316 5360 stus
364 5311 456 5360 est
494 5322 619 5376 pax
658 5313 864 5371 nostra,
919 5311 1016 5378 qui
1056 5311 1187 5378 fecit
1230 5315 1465 5381 utraque
1520 5329 1768 5384 unuum;
1816 5317 1867 5369 ei

198 5395 454 5449 med-ium
475 5397 742 5464 parietem
769 5400 1017 5452 maceriae
1045 5399 1342 5455 dissolvens
1385 5397 1697 5474 [dissolvit],
1745 5405 1868 5457 ini-

202 5485 484 5537 micitiam
502 5485 565 5537 in
587 5499 750 5539 carne
774 5500 874 5540 sua
904 5484 1116 5557 (Ephes.
1153 5487 1233 5559 ll).
1278 5489 1346 5544 Et
1375 5504 1581 5545 rursus
1620 5492 1868 5558 Thessa—

1988 3194 2188 3245 nerant
2214 3189 2532 3245 sacerdotio
2561 3189 2855 3244 decoratos
2881 3189 3056 3261 viros,
3105 3190 3371 3245 Joannem
3403 3195 3458 3245 et
3485 3191 3644 3246 Tho-

1987 3291 2155 3350 mam,
2188 3277 2344 3333 verbi
2377 3282 2433 3333 et
2458 3277 2713 3333 scientia:
2737 3277 3065 3348 participes,
3121 3283 3291 3349 atque
3323 3280 3638 3334 reverentia

1985 3370 2042 3422 et
2085 3366 2362 3422 modestia
2394 3369 2760 3436 perornatos:
2791 3366 3028 3421 aderant
3061 3367 3214 3421 enim
3269 3367 3364 3422 hic
3411 3373 3466 3422 et
3523 3367 3635 3438 ipsi

1986 3469 2085 3525 per
2112 3455 2258 3510 idem
2312 3459 2535 3524 tempus
2581 3453 2987 3524 pervenientes.
3048 3456 3242 3524 Itaque
3276 3455 3638 3526 congregatis

1985 3544 2254 3600 omnibus
2279 3545 2391 3600 Deo
2416 3542 2766 3599 amabilibus
2790 3542 3078 3612 episcopis
3110 3543 3283 3613 hujus
3303 3543 3634 3616 dioeceseos,

1984 3647 2084 3703 per
2114 3638 2353 3702 nuptum
2382 3636 2438 3686 et
2457 3631 2718 3686 divinum
2747 3630 2928 3686 zelum
2953 3631 3419 3686 fidelissimorum
3448 3638 3503 3687 et
3522 3633 3641 3702 pio-

1985 3735 2110 3776 rum
2131 3721 2558 3792 imperatorum,
2593 3719 2772 3774 sessio
2803 3719 3004 3789 synodi
3033 3718 3179 3774 facta
3209 3724 3312 3774 est.
3359 3720 3463 3775 Sed
3497 3720 3638 3791 qui-

1981 3810 2110 3865 dam
2159 3823 2227 3864 ex
2269 3808 2579 3864 insensatis
2631 3807 2898 3863 sensibus
2943 3808 3105 3878 moti,
3138 3808 3637 3880 turbationemque

1984 3899 2135 3955 intra
2157 3914 2216 3955 se
2232 3899 2524 3970 facientes,
2553 3913 2856 3971 exsurgere
2878 3913 2980 3956 nos
3001 3899 3257 3956 fecerunt
3278 3915 3308 3956 e
3327 3915 3596 3956 consessu
3618 3919 3630 3956 :

1981 3993 2037 4043 et
2063 3988 2364 4058 prohibiti,
2393 4001 2541 4043 anno
2559 4002 2673 4044 uno
2691 3988 2852 4044 taciti
2884 3989 3220 4044 mansimus.
3244 3989 3315 4044 At
3335 4004 3466 4045 vero
3485 4004 3634 4045 anno

1982 4080 2290 4147 transacto,
2316 4091 2521 4132 rursus
2567 4077 2679 4132 Deo
2709 4076 2985 4131 amabiles
3011 4077 3265 4147 episcOpi
3298 4078 3632 4150 congregari

1984 4163 2042 4218 in
2069 4164 2402 4220 Nicensium
2432 4164 2585 4218 clara
2614 4165 2912 4234 metropoli
2931 4164 3390 4234 Bithyniensium
3412 4168 3636 4236 provin-

1980 4253 2083 4308 cia:
2113 4267 2144 4308 a
2178 4253 2293 4324 piis
2332 4253 2776 4323 imperatoribus
2807 4254 3022 4309 nostris
3041 4255 3192 4323 jussi
3226 4261 3378 4311 sunt.
3429 4255 3634 4327 Siqui-

1979 4341 2103 4396 dem
2127 4347 2182 4397 et
2208 4357 2310 4398 nos
2339 4342 2578 4397 comites
2620 4340 2788 4396 nobis
2837 4342 3181 4398 asciscentes
3221 4345 3332 4398 Deo
3356 4343 3633 4399 amabiles

1893 4435 1950 4498 D
1979 4431 2134 4487 viros
2155 4436 2210 4486 et
2232 4431 2341 4487 loci
2374 4435 2686 4487 servatores
2727 4435 2962 4500 vestros,
2997 4431 3269 4486 similiter
3319 4437 3374 4486 et
3403 4446 3498 4487 eos
3527 4432 3628 4502 qui

1978 4520 2048 4575 de
2072 4519 2304 4576 Oriente
2333 4524 2621 4589 venerant,
2652 4519 3006 4589 perreximus
3031 4519 3098 4574 ad
3131 4521 3382 4576 eamdem
3416 4527 3635 4577 metro—

1981 4607 2177 4676 polim.
2220 4609 2329 4677 Qui
2371 4622 2498 4664 cum
2539 4621 2735 4665 omnes
2773 4608 3138 4679 sedissemus,
3179 4614 3350 4679 caput
3389 4609 3630 4668 fecimus

1977 4697 2290 4753 Christum.
2335 4697 2560 4753 Jacebat
2579 4697 2733 4752 enim
2784 4698 2842 4752 in
2875 4703 3068 4753 sancta
3098 4697 3228 4754 sede
3260 4699 3628 4770 Evangelium

1979 4789 2259 4852 sanctum,
2285 4789 2607 4839 sontestans
2627 4785 2896 4841 omnibus
2914 4785 3082 4842 nobis
3107 4788 3346 4843 sacratis
3366 4788 3510 4844 viris
3528 4789 3627 4860 qui

1973 4875 2440 4930 ‘conveneramus:
2474 4875 2751 4928 Iudicium
2769 4877 2986 4944 justum
3005 4877 3255 4944 judicate
3283 4874 3457 4948 (Joan.
3487 4877 3623 4950 vn):

1975 4962 2233 5018 Judicate
2266 4963 2416 5018 inter
2466 4968 2718 5018 sanctam
2745 4964 2845 5018 Dei
2895 4965 3203 5020 Ecclesiam
3235 4971 3290 5020 et
3321 4967 3625 5023 novitatem

1979 5065 2104 5120 quae
2133 5049 2281 5106 facta
2309 5055 2412 5106 est.
2449 5053 2516 5106 Et
2544 5066 2673 5107 cum
2707 5054 2951 5121 praelatae
2983 5053 3256 5122 primitus
3284 5063 3482 5112 vestrae
3504 5055 3627 5112 fra—

1976 5144 2149 5195 terna:
2180 5140 2508 5196 sanctitatis
2538 5139 2742 5196 litterae
2775 5141 3116 5213 legerentur,
3152 5145 3626 5213 prastolabantur

1973 5242 2168 5285 omnes
2197 5225 2312 5302 [Gr,
2345 5229 2633 5284 communi
2665 5230 3103 5287 considebamus
3131 5246 3339 5288 corona
3382 5228 3618 5304 omnes],

1975 5317 2342 5387 spiritalibus
2388 5317 2603 5373 eduliis
2650 5323 2919 5389 tanquam
2971 5321 3029 5376 in
3084 5320 3372 5393 regalibus
3443 5320 3622 5374 caenis

1975 5404 2250 5476 fruentes,
2280 5419 2406 5476 quae
2424 5405 2692 5463 Christus
2723 5422 2820 5478 per
2850 5408 3074 5464 litteras
3095 5415 3222 5463 tuas
3253 5406 3622 5477 epulantibus

1977 5493 2330 5563 praeparabat
2358 5513 2370 5548 :
2395 5499 2450 5549 et
2474 5495 2628 5551 sicut
2652 5497 2856 5552 oculus
2883 5497 3063 5552 toium
3081 5509 3289 5565 corpus
3340 5496 3407 5550 ad
3442 5492 3620 5549 recti—

262 5590 288 5618 ⁸
310 5583 375 5638 id
411 5587 507 5636 est
527 5587 853 5647 ascetarum,
881 5584 1200 5642 solitariam
1226 5587 1402 5642 vitam
1433 5587 1785 5661 degentium,
1815 5591 1876 5646 In
1901 5590 2006 5647 cod
2039 5590 2170 5660 10].,
2203 5591 2265 5645 id
2288 5597 2366 5647 est
2385 5595 2768 5660 confessorum.
