  <div class='ocr_page' id='page_1' title='image "/cluster/home/n/w/nwhite01/storage/ocr_20150623/129/hvd.32044054759907/255.png"; bbox 0 0 4016 6168; ppageno 0'>
   <div class='ocr_carea' id='block_1_1' title="bbox 382 273 488 332">
    <p class='ocr_par' dir='ltr' id='par_1_1' title="bbox 382 273 488 332">
     <span class='ocr_line' id='line_1_1' title="bbox 382 273 488 332; baseline 0 0"><span class='ocrx_word' id='word_1_1' title='bbox 382 273 488 332; x_wconf 69' lang='grc'><strong>499</strong></span> 
     </span>
    </p>
   </div>
   <div class='ocr_carea' id='block_1_2' title="bbox 1603 271 3773 334">
    <p class='ocr_par' dir='ltr' id='par_1_2' title="bbox 1603 271 3773 334">
     <span class='ocr_line' id='line_1_2' title="bbox 1603 271 3773 334; baseline 0 -1"><span class='ocrx_word' id='word_1_2' title='bbox 1603 275 1964 334; x_wconf 78' lang='lat' dir='ltr'><strong>ANASTASII</strong></span> <span class='ocrx_word' id='word_1_3' title='bbox 2020 272 2558 334; x_wconf 78' lang='lat' dir='ltr'><strong>BIBLIOTHECARH</strong></span> <span class='ocrx_word' id='word_1_4' title='bbox 3677 271 3773 333; x_wconf 77' lang='lat'><strong>500</strong></span> 
     </span>
    </p>
   </div>
   <div class='ocr_carea' id='block_1_3' title="bbox 382 397 3779 472">
    <p class='ocr_par' dir='ltr' id='par_1_3' title="bbox 382 397 3779 472">
     <span class='ocr_line' id='line_1_3' title="bbox 382 397 3779 472; baseline -0.001 -16"><span class='ocrx_word' id='word_1_5' title='bbox 382 399 609 456; x_wconf 81' lang='lat' dir='ltr'><strong>tudinis</strong></span> <span class='ocrx_word' id='word_1_6' title='bbox 632 401 689 456; x_wconf 91' lang='lat' dir='ltr'><strong>et</strong></span> <span class='ocrx_word' id='word_1_7' title='bbox 729 398 988 456; x_wconf 78' lang='lat' dir='ltr'><strong>veritatis</strong></span> <span class='ocrx_word' id='word_1_8' title='bbox 1036 399 1296 457; x_wconf 79' lang='lat' dir='ltr'><strong>semitam</strong></span> <span class='ocrx_word' id='word_1_9' title='bbox 1348 401 1701 458; x_wconf 90' lang='lat' dir='ltr'><strong>ostendebas.</strong></span> <span class='ocrx_word' id='word_1_10' title='bbox 1757 401 1852 457; x_wconf 89' lang='lat' dir='ltr'><strong>Sic</strong></span> <span class='ocrx_word' id='word_1_11' title='bbox 1897 413 2032 472; x_wconf 86' lang='lat' dir='ltr'><strong>ergo</strong></span> <span class='ocrx_word' id='word_1_12' title='bbox 2058 397 2118 458; x_wconf 89' lang='lat' dir='ltr'><strong>A</strong></span> <span class='ocrx_word' id='word_1_13' title='bbox 2142 399 2245 454; x_wconf 83' lang='lat' dir='ltr'><strong>Per</strong></span> <span class='ocrx_word' id='word_1_14' title='bbox 2271 403 2448 455; x_wconf 85' lang='lat' dir='ltr'><strong>omnia</strong></span> <span class='ocrx_word' id='word_1_15' title='bbox 2491 403 2828 457; x_wconf 82' lang='lat' dir='ltr'><strong>sanctissimo</strong></span> <span class='ocrx_word' id='word_1_16' title='bbox 2857 405 2908 457; x_wconf 84' lang='lat' dir='ltr'><strong>et</strong></span> <span class='ocrx_word' id='word_1_17' title='bbox 2951 401 3252 456; x_wconf 80' lang='lat' dir='ltr'><strong>beatissimo</strong></span> <span class='ocrx_word' id='word_1_18' title='bbox 3280 401 3450 468; x_wconf 76' lang='lat' dir='ltr'><strong>fratri</strong></span> <span class='ocrx_word' id='word_1_19' title='bbox 3476 403 3526 455; x_wconf 87' lang='lat' dir='ltr'><strong>et</strong></span> <span class='ocrx_word' id='word_1_20' title='bbox 3566 401 3779 454; x_wconf 86' lang='lat' dir='ltr'><strong>commi-</strong></span> 
     </span>
    </p>
   </div>
   <div class='ocr_carea' id='block_1_4' title="bbox 381 487 2033 560">
    <p class='ocr_par' dir='ltr' id='par_1_4' title="bbox 381 487 2033 560">
     <span class='ocr_line' id='line_1_4' title="bbox 381 487 2033 560; baseline -0.001 -16"><span class='ocrx_word' id='word_1_21' title='bbox 381 487 618 559; x_wconf 90' lang='lat' dir='ltr'><strong>dirupta</strong></span> <span class='ocrx_word' id='word_1_22' title='bbox 657 487 905 544; x_wconf 89' lang='lat' dir='ltr'><strong>membra</strong></span> <span class='ocrx_word' id='word_1_23' title='bbox 935 488 995 544; x_wconf 93' lang='lat' dir='ltr'><strong>in</strong></span> <span class='ocrx_word' id='word_1_24' title='bbox 1046 503 1224 544; x_wconf 91' lang='lat' dir='ltr'><strong>unum</strong></span> <span class='ocrx_word' id='word_1_25' title='bbox 1271 488 1719 560; x_wconf 81' lang='lat' dir='ltr'><strong>conveniebant;</strong></span> <span class='ocrx_word' id='word_1_26' title='bbox 1766 489 1852 544; x_wconf 92' lang='lat' dir='ltr'><strong>sic</strong></span> <span class='ocrx_word' id='word_1_27' title='bbox 1903 501 2033 543; x_wconf 88' lang='lat' dir='ltr'><strong>vera</strong></span> 
     </span>
    </p>
   </div>
   <div class='ocr_carea' id='block_1_5' title="bbox 382 575 2036 648">
    <p class='ocr_par' dir='ltr' id='par_1_5' title="bbox 382 575 2036 648">
     <span class='ocr_line' id='line_1_5' title="bbox 382 575 2036 648; baseline 0 -16"><span class='ocrx_word' id='word_1_28' title='bbox 382 577 761 634; x_wconf 85' lang='lat' dir='ltr'><strong>consonantia</strong></span> <span class='ocrx_word' id='word_1_29' title='bbox 797 576 1282 648; x_wconf 89' lang='lat' dir='ltr'><strong>conﬁrmabatur;</strong></span> <span class='ocrx_word' id='word_1_30' title='bbox 1315 579 1402 634; x_wconf 91' lang='lat' dir='ltr'><strong>sic</strong></span> <span class='ocrx_word' id='word_1_31' title='bbox 1451 578 1735 635; x_wconf 87' lang='lat' dir='ltr'><strong>catholica</strong></span> <span class='ocrx_word' id='word_1_32' title='bbox 1781 575 2036 634; x_wconf 87' lang='lat' dir='ltr'><strong>Ecclesia</strong></span> 
     </span>
    </p>
   </div>
   <div class='ocr_carea' id='block_1_6' title="bbox 387 665 2038 738">
    <p class='ocr_par' dir='ltr' id='par_1_6' title="bbox 387 665 2038 738">
     <span class='ocr_line' id='line_1_6' title="bbox 387 665 2038 738; baseline -0.001 -14"><span class='ocrx_word' id='word_1_33' title='bbox 387 667 664 724; x_wconf 89' lang='lat' dir='ltr'><strong>unitatem</strong></span> <span class='ocrx_word' id='word_1_34' title='bbox 710 667 1041 737; x_wconf 87' lang='lat' dir='ltr'><strong>recipiebat.</strong></span> <span class='ocrx_word' id='word_1_35' title='bbox 1073 667 1212 724; x_wconf 91' lang='lat' dir='ltr'><strong>Cum</strong></span> <span class='ocrx_word' id='word_1_36' title='bbox 1252 667 1465 738; x_wconf 87' lang='lat' dir='ltr'><strong>quibus</strong></span> <span class='ocrx_word' id='word_1_37' title='bbox 1489 673 1546 724; x_wconf 92' lang='lat' dir='ltr'><strong>et</strong></span> <span class='ocrx_word' id='word_1_38' title='bbox 1590 681 1786 724; x_wconf 90' lang='lat' dir='ltr'><strong>earum</strong></span> <span class='ocrx_word' id='word_1_39' title='bbox 1819 680 1944 738; x_wconf 69' lang='lat' dir='ltr'><strong>qua:</strong></span> <span class='ocrx_word' id='word_1_40' title='bbox 1967 665 2038 722; x_wconf 91' lang='lat' dir='ltr'><strong>de</strong></span> 
     </span>
    </p>
   </div>
   <div class='ocr_carea' id='block_1_7' title="bbox 385 755 2038 826">
    <p class='ocr_par' dir='ltr' id='par_1_7' title="bbox 385 755 2038 826">
     <span class='ocr_line' id='line_1_7' title="bbox 385 755 2038 826; baseline -0.001 -14"><span class='ocrx_word' id='word_1_41' title='bbox 385 755 668 812; x_wconf 90' lang='lat' dir='ltr'><strong>Orientali</strong></span> <span class='ocrx_word' id='word_1_42' title='bbox 695 755 930 812; x_wconf 77' lang='lat' dir='ltr'><strong>dimcesi</strong></span> <span class='ocrx_word' id='word_1_43' title='bbox 956 756 1144 812; x_wconf 58' lang='lat' dir='ltr'><strong>missa</strong></span> <span class='ocrx_word' id='word_1_44' title='bbox 1173 762 1308 812; x_wconf 90' lang='lat' dir='ltr'><strong>sunt</strong></span> <span class='ocrx_word' id='word_1_45' title='bbox 1339 755 1505 813; x_wconf 90' lang='lat' dir='ltr'><strong>nobis</strong></span> <span class='ocrx_word' id='word_1_46' title='bbox 1536 755 1761 826; x_wconf 63' lang='lat' dir='ltr'><strong>litterae,</strong></span> <span class='ocrx_word' id='word_1_47' title='bbox 1795 755 2038 812; x_wconf 89' lang='lat' dir='ltr'><strong>lectione</strong></span> 
     </span>
    </p>
   </div>
   <div class='ocr_carea' id='block_1_8' title="bbox 385 843 2038 916">
    <p class='ocr_par' dir='ltr' id='par_1_8' title="bbox 385 843 2038 916">
     <span class='ocr_line' id='line_1_8' title="bbox 385 843 2038 916; baseline 0 -16"><span class='ocrx_word' id='word_1_48' title='bbox 385 843 552 916; x_wconf 85' lang='lat' dir='ltr'><strong>facta,</strong></span> <span class='ocrx_word' id='word_1_49' title='bbox 605 844 826 916; x_wconf 89' lang='lat' dir='ltr'><strong>integra</strong></span> <span class='ocrx_word' id='word_1_50' title='bbox 857 849 1103 915; x_wconf 69' lang='lat' dir='ltr'><strong>paternae</strong></span> <span class='ocrx_word' id='word_1_51' title='bbox 1144 845 1482 902; x_wconf 89' lang='lat' dir='ltr'><strong>traditionis</strong></span> <span class='ocrx_word' id='word_1_52' title='bbox 1531 845 1900 916; x_wconf 88' lang='lat' dir='ltr'><strong>pulchritudo</strong></span> <span class='ocrx_word' id='word_1_53' title='bbox 1931 845 2038 900; x_wconf 81' lang='lat' dir='ltr'><strong>de—</strong></span> 
     </span>
    </p>
   </div>
   <div class='ocr_carea' id='block_1_9' title="bbox 387 932 2040 1007">
    <p class='ocr_par' dir='ltr' id='par_1_9' title="bbox 387 932 2040 1007">
     <span class='ocr_line' id='line_1_9' title="bbox 387 932 2040 1007; baseline 0 -19"><span class='ocrx_word' id='word_1_54' title='bbox 387 932 832 1002; x_wconf 89' lang='lat' dir='ltr'><strong>monstrabatur,</strong></span> <span class='ocrx_word' id='word_1_55' title='bbox 852 947 918 989; x_wconf 93' lang='lat' dir='ltr'><strong>ac</strong></span> <span class='ocrx_word' id='word_1_56' title='bbox 935 933 1024 990; x_wconf 87' lang='lat' dir='ltr'><strong>vis</strong></span> <span class='ocrx_word' id='word_1_57' title='bbox 1038 934 1300 992; x_wconf 85' lang='lat' dir='ltr'><strong>veritatis</strong></span> <span class='ocrx_word' id='word_1_58' title='bbox 1314 934 1710 1007; x_wconf 87' lang='lat' dir='ltr'><strong>roborabatur,</strong></span> <span class='ocrx_word' id='word_1_59' title='bbox 1727 933 2040 1005; x_wconf 84' lang='lat' dir='ltr'><strong>propositis</strong></span> 
     </span>
    </p>
   </div>
   <div class='ocr_carea' id='block_1_10' title="bbox 385 1022 2038 1093">
    <p class='ocr_par' dir='ltr' id='par_1_10' title="bbox 385 1022 2038 1093">
     <span class='ocr_line' id='line_1_10' title="bbox 385 1022 2038 1093; baseline 0 -15"><span class='ocrx_word' id='word_1_60' title='bbox 385 1023 652 1078; x_wconf 88' lang='lat' dir='ltr'><strong>videlicet</strong></span> <span class='ocrx_word' id='word_1_61' title='bbox 686 1022 919 1078; x_wconf 91' lang='lat' dir='ltr'><strong>lectioni</strong></span> <span class='ocrx_word' id='word_1_62' title='bbox 970 1023 1241 1093; x_wconf 87' lang='lat' dir='ltr'><strong>plurimis</strong></span> <span class='ocrx_word' id='word_1_63' title='bbox 1272 1023 1623 1080; x_wconf 83' lang='lat' dir='ltr'><strong>testimoniis</strong></span> <span class='ocrx_word' id='word_1_64' title='bbox 1649 1025 1898 1079; x_wconf 87' lang='lat' dir='ltr'><strong>Patrum.</strong></span> <span class='ocrx_word' id='word_1_65' title='bbox 1938 1024 2038 1078; x_wconf 86' lang='lat' dir='ltr'><strong>His</strong></span> 
     </span>
    </p>
   </div>
   <div class='ocr_carea' id='block_1_11' title="bbox 388 1110 2036 1184">
    <p class='ocr_par' dir='ltr' id='par_1_11' title="bbox 388 1110 2036 1184">
     <span class='ocr_line' id='line_1_11' title="bbox 388 1110 2036 1184; baseline 0.001 -20"><span class='ocrx_word' id='word_1_66' title='bbox 388 1111 582 1182; x_wconf 87' lang='lat' dir='ltr'><strong>itaque</strong></span> <span class='ocrx_word' id='word_1_67' title='bbox 608 1111 784 1182; x_wconf 80' lang='lat' dir='ltr'><strong>gestis</strong></span> <span class='ocrx_word' id='word_1_68' title='bbox 815 1111 1232 1182; x_wconf 67' lang='lat' dir='ltr'><strong>praedicabatur</strong></span> <span class='ocrx_word' id='word_1_69' title='bbox 1282 1126 1315 1168; x_wconf 94' lang='lat' dir='ltr'><strong>a</strong></span> <span class='ocrx_word' id='word_1_70' title='bbox 1368 1113 1535 1168; x_wconf 92' lang='lat' dir='ltr'><strong>nobis</strong></span> <span class='ocrx_word' id='word_1_71' title='bbox 1585 1113 1874 1184; x_wconf 90' lang='lat' dir='ltr'><strong>omnibus,</strong></span> <span class='ocrx_word' id='word_1_72' title='bbox 1936 1110 2036 1181; x_wconf 90' lang='lat' dir='ltr'><strong>qui</strong></span> 
     </span>
    </p>
   </div>
   <div class='ocr_carea' id='block_1_12' title="bbox 385 1198 2042 1274">
    <p class='ocr_par' dir='ltr' id='par_1_12' title="bbox 385 1198 2042 1274">
     <span class='ocr_line' id='line_1_12' title="bbox 385 1198 2042 1274; baseline 0.001 -20"><span class='ocrx_word' id='word_1_73' title='bbox 385 1198 740 1270; x_wconf 90' lang='lat' dir='ltr'><strong>beneplacito</strong></span> <span class='ocrx_word' id='word_1_74' title='bbox 770 1201 870 1256; x_wconf 89' lang='lat' dir='ltr'><strong>Dei</strong></span> <span class='ocrx_word' id='word_1_75' title='bbox 901 1202 1227 1274; x_wconf 83' lang='lat' dir='ltr'><strong>congregati</strong></span> <span class='ocrx_word' id='word_1_76' title='bbox 1273 1215 1520 1274; x_wconf 84' lang='lat' dir='ltr'><strong>eramus,</strong></span> <span class='ocrx_word' id='word_1_77' title='bbox 1578 1209 1727 1258; x_wconf 88' lang='lat' dir='ltr'><strong>recta</strong></span> <span class='ocrx_word' id='word_1_78' title='bbox 1783 1207 1838 1256; x_wconf 89' lang='lat' dir='ltr'><strong>et</strong></span> <span class='ocrx_word' id='word_1_79' title='bbox 1888 1201 2042 1256; x_wconf 83' lang='lat' dir='ltr'><strong>irre—</strong></span> 
     </span>
    </p>
   </div>
   <div class='ocr_carea' id='block_1_13' title="bbox 388 1289 2035 1362">
    <p class='ocr_par' dir='ltr' id='par_1_13' title="bbox 388 1289 2035 1362">
     <span class='ocr_line' id='line_1_13' title="bbox 388 1289 2035 1362; baseline 0.001 -17"><span class='ocrx_word' id='word_1_80' title='bbox 388 1290 801 1361; x_wconf 90' lang='lat' dir='ltr'><strong>prehensibilis</strong></span> <span class='ocrx_word' id='word_1_81' title='bbox 828 1289 1133 1362; x_wconf 89' lang='lat' dir='ltr'><strong>confessio,</strong></span> <span class='ocrx_word' id='word_1_82' title='bbox 1159 1306 1285 1362; x_wconf 70' lang='lat' dir='ltr'><strong>qua:</strong></span> <span class='ocrx_word' id='word_1_83' title='bbox 1308 1291 1474 1348; x_wconf 91' lang='lat' dir='ltr'><strong>nobis</strong></span> <span class='ocrx_word' id='word_1_84' title='bbox 1497 1292 1670 1348; x_wconf 90' lang='lat' dir='ltr'><strong>missa</strong></span> <span class='ocrx_word' id='word_1_85' title='bbox 1686 1297 1772 1348; x_wconf 88' lang='lat' dir='ltr'><strong>est</strong></span> <span class='ocrx_word' id='word_1_86' title='bbox 1799 1305 1832 1347; x_wconf 92' lang='lat' dir='ltr'><strong>a</strong></span> <span class='ocrx_word' id='word_1_87' title='bbox 1854 1290 2035 1360; x_wconf 88' lang='lat' dir='ltr'><strong>vobis,</strong></span> 
     </span>
    </p>
   </div>
   <div class='ocr_carea' id='block_1_14' title="bbox 387 1379 2033 1452">
    <p class='ocr_par' dir='ltr' id='par_1_14' title="bbox 387 1379 2033 1452">
     <span class='ocr_line' id='line_1_14' title="bbox 387 1379 2033 1452; baseline 0.001 -18"><span class='ocrx_word' id='word_1_88' title='bbox 387 1384 444 1434; x_wconf 92' lang='lat' dir='ltr'><strong>et</strong></span> <span class='ocrx_word' id='word_1_89' title='bbox 473 1393 571 1449; x_wconf 90' lang='lat' dir='ltr'><strong>per</strong></span> <span class='ocrx_word' id='word_1_90' title='bbox 600 1379 931 1435; x_wconf 88' lang='lat' dir='ltr'><strong>relationem</strong></span> <span class='ocrx_word' id='word_1_91' title='bbox 965 1381 1135 1436; x_wconf 90' lang='lat' dir='ltr'><strong>etiam</strong></span> <span class='ocrx_word' id='word_1_92' title='bbox 1169 1381 1284 1452; x_wconf 90' lang='lat' dir='ltr'><strong>piis</strong></span> <span class='ocrx_word' id='word_1_93' title='bbox 1316 1381 1757 1450; x_wconf 83' lang='lat' dir='ltr'><strong>imperatoribus</strong></span> <span class='ocrx_word' id='word_1_94' title='bbox 1802 1383 2033 1438; x_wconf 91' lang='lat' dir='ltr'><strong>nostris.</strong></span> 
     </span>
    </p>
   </div>
   <div class='ocr_carea' id='block_1_15' title="bbox 385 1469 2040 1542">
    <p class='ocr_par' dir='ltr' id='par_1_15' title="bbox 385 1469 2040 1542">
     <span class='ocr_line' id='line_1_15' title="bbox 385 1469 2040 1542; baseline 0.001 -18"><span class='ocrx_word' id='word_1_95' title='bbox 385 1469 454 1524; x_wconf 89' lang='lat' dir='ltr'><strong>Et</strong></span> <span class='ocrx_word' id='word_1_96' title='bbox 482 1481 676 1524; x_wconf 92' lang='lat' dir='ltr'><strong>omnes</strong></span> <span class='ocrx_word' id='word_1_97' title='bbox 708 1469 984 1524; x_wconf 58' lang='lat' dir='ltr'><strong>haereticis</strong></span> <span class='ocrx_word' id='word_1_98' title='bbox 1011 1470 1175 1526; x_wconf 90' lang='lat' dir='ltr'><strong>illius</strong></span> <span class='ocrx_word' id='word_1_99' title='bbox 1211 1471 1509 1539; x_wconf 86' lang='lat' dir='ltr'><strong>pravitatis</strong></span> <span class='ocrx_word' id='word_1_100' title='bbox 1543 1471 1952 1542; x_wconf 62' lang='lat' dir='ltr'><strong>hatresiarchae,</strong></span> <span class='ocrx_word' id='word_1_101' title='bbox 1983 1475 2040 1528; x_wconf 90' lang='lat' dir='ltr'><strong>et</strong></span> 
     </span>
    </p>
   </div>
   <div class='ocr_carea' id='block_1_16' title="bbox 387 1557 2037 1628">
    <p class='ocr_par' dir='ltr' id='par_1_16' title="bbox 387 1557 2037 1628">
     <span class='ocr_line' id='line_1_16' title="bbox 387 1557 2037 1628; baseline 0.001 -15"><span class='ocrx_word' id='word_1_102' title='bbox 387 1557 489 1628; x_wconf 89' lang='lat' dir='ltr'><strong>qui</strong></span> <span class='ocrx_word' id='word_1_103' title='bbox 521 1571 616 1614; x_wconf 90' lang='lat' dir='ltr'><strong>eos</strong></span> <span class='ocrx_word' id='word_1_104' title='bbox 637 1557 819 1613; x_wconf 91' lang='lat' dir='ltr'><strong>secuti</strong></span> <span class='ocrx_word' id='word_1_105' title='bbox 853 1563 1008 1626; x_wconf 90' lang='lat' dir='ltr'><strong>sunt,</strong></span> <span class='ocrx_word' id='word_1_106' title='bbox 1037 1563 1092 1614; x_wconf 90' lang='lat' dir='ltr'><strong>et</strong></span> <span class='ocrx_word' id='word_1_107' title='bbox 1122 1559 1642 1614; x_wconf 89' lang='lat' dir='ltr'><strong>inconvertibiliter</strong></span> <span class='ocrx_word' id='word_1_108' title='bbox 1671 1560 1846 1614; x_wconf 83' lang='lat' dir='ltr'><strong>vitam</strong></span> <span class='ocrx_word' id='word_1_109' title='bbox 1875 1573 2037 1615; x_wconf 90' lang='lat' dir='ltr'><strong>suam</strong></span> 
     </span>
    </p>
   </div>
   <div class='ocr_carea' id='block_1_17' title="bbox 389 1643 2036 1723">
    <p class='ocr_par' dir='ltr' id='par_1_17' title="bbox 389 1643 2036 1723">
     <span class='ocr_line' id='line_1_17' title="bbox 389 1643 2036 1723; baseline 0.001 -22"><span class='ocrx_word' id='word_1_110' title='bbox 389 1647 684 1717; x_wconf 87' lang='lat' dir='ltr'><strong>ﬁnierunt,</strong></span> <span class='ocrx_word' id='word_1_111' title='bbox 710 1646 831 1716; x_wconf 90' lang='lat' dir='ltr'><strong>pari</strong></span> <span class='ocrx_word' id='word_1_112' title='bbox 858 1647 1221 1716; x_wconf 89' lang='lat' dir='ltr'><strong>d0positione</strong></span> <span class='ocrx_word' id='word_1_113' title='bbox 1244 1643 1362 1721; x_wconf 91' lang='lat' dir='ltr'><strong>[hoc</strong></span> <span class='ocrx_word' id='word_1_114' title='bbox 1387 1653 1483 1718; x_wconf 86' lang='lat' dir='ltr'><strong>est,</strong></span> <span class='ocrx_word' id='word_1_115' title='bbox 1507 1648 1807 1719; x_wconf 81' lang='lat' dir='ltr'><strong>religionis</strong></span> <span class='ocrx_word' id='word_1_116' title='bbox 1823 1645 2036 1723; x_wconf 88' lang='lat' dir='ltr'><strong>ofﬁcio]</strong></span> 
     </span>
    </p>
   </div>
   <div class='ocr_carea' id='block_1_18' title="bbox 387 1722 2118 1806">
    <p class='ocr_par' dir='ltr' id='par_1_18' title="bbox 387 1722 2118 1806">
     <span class='ocr_line' id='line_1_18' title="bbox 387 1722 2118 1806; baseline -0.001 -14"><span class='ocrx_word' id='word_1_117' title='bbox 387 1735 640 1792; x_wconf 85' lang='lat' dir='ltr'><strong>damnati</strong></span> <span class='ocrx_word' id='word_1_118' title='bbox 672 1739 806 1791; x_wconf 91' lang='lat' dir='ltr'><strong>sunt</strong></span> <span class='ocrx_word' id='word_1_119' title='bbox 835 1749 965 1790; x_wconf 89' lang='lat' dir='ltr'><strong>cum</strong></span> <span class='ocrx_word' id='word_1_120' title='bbox 998 1735 1091 1790; x_wconf 87' lang='lat' dir='ltr'><strong>his</strong></span> <span class='ocrx_word' id='word_1_121' title='bbox 1122 1736 1219 1806; x_wconf 91' lang='lat' dir='ltr'><strong>qui</strong></span> <span class='ocrx_word' id='word_1_122' title='bbox 1266 1741 1396 1792; x_wconf 91' lang='lat' dir='ltr'><strong>ante</strong></span> <span class='ocrx_word' id='word_1_123' title='bbox 1450 1737 1749 1793; x_wconf 69' lang='lat' dir='ltr'><strong>catholicae</strong></span> <span class='ocrx_word' id='word_1_124' title='bbox 1783 1722 2037 1792; x_wconf 58' lang='lat' dir='ltr'><strong>haeretici</strong></span> <span class='ocrx_word' id='word_1_125' title='bbox 2069 1722 2118 1782; x_wconf 87' lang='grc' dir='ltr'>Β</span> 
     </span>
    </p>
   </div>
   <div class='ocr_carea' id='block_1_19' title="bbox 389 1820 2040 1897">
    <p class='ocr_par' dir='ltr' id='par_1_19' title="bbox 389 1820 2040 1897">
     <span class='ocr_line' id='line_1_19' title="bbox 389 1820 2040 1897; baseline 0.001 -17"><span class='ocrx_word' id='word_1_126' title='bbox 389 1823 624 1880; x_wconf 90' lang='lat' dir='ltr'><strong>fuerunt</strong></span> <span class='ocrx_word' id='word_1_127' title='bbox 652 1824 916 1880; x_wconf 76' lang='lat' dir='ltr'><strong>Ecclesiae</strong></span> <span class='ocrx_word' id='word_1_128' title='bbox 960 1820 1063 1897; x_wconf 91' lang='lat' dir='ltr'><strong>[in</strong></span> <span class='ocrx_word' id='word_1_129' title='bbox 1088 1825 1295 1880; x_wconf 87' lang='lat' dir='ltr'><strong>cathol.</strong></span> <span class='ocrx_word' id='word_1_130' title='bbox 1331 1827 1457 1880; x_wconf 91' lang='lat' dir='ltr'><strong>Ecc.</strong></span> <span class='ocrx_word' id='word_1_131' title='bbox 1502 1826 1742 1882; x_wconf 78' lang='lat' dir='ltr'><strong>haereses</strong></span> <span class='ocrx_word' id='word_1_132' title='bbox 1792 1825 2040 1896; x_wconf 78' lang='lat' dir='ltr'><strong>amplexi</strong></span> 
     </span>
    </p>
   </div>
   <div class='ocr_carea' id='block_1_20' title="bbox 389 1911 2042 1987">
    <p class='ocr_par' dir='ltr' id='par_1_20' title="bbox 389 1911 2042 1987">
     <span class='ocr_line' id='line_1_20' title="bbox 389 1911 2042 1987; baseline 0.001 -19"><span class='ocrx_word' id='word_1_133' title='bbox 389 1911 566 1987; x_wconf 89' lang='lat' dir='ltr'><strong>sunt].</strong></span> <span class='ocrx_word' id='word_1_134' title='bbox 600 1911 711 1982; x_wconf 91' lang='lat' dir='ltr'><strong>Qui</strong></span> <span class='ocrx_word' id='word_1_135' title='bbox 739 1913 891 1968; x_wconf 90' lang='lat' dir='ltr'><strong>enim</strong></span> <span class='ocrx_word' id='word_1_136' title='bbox 924 1913 984 1968; x_wconf 92' lang='lat' dir='ltr'><strong>in</strong></span> <span class='ocrx_word' id='word_1_137' title='bbox 1005 1913 1123 1968; x_wconf 91' lang='lat' dir='ltr'><strong>vita</strong></span> <span class='ocrx_word' id='word_1_138' title='bbox 1145 1928 1248 1970; x_wconf 89' lang='lat' dir='ltr'><strong>sua</strong></span> <span class='ocrx_word' id='word_1_139' title='bbox 1270 1919 1574 1984; x_wconf 78' lang='lat' dir='ltr'><strong>praesentes</strong></span> <span class='ocrx_word' id='word_1_140' title='bbox 1603 1913 1780 1987; x_wconf 87' lang='lat' dir='ltr'><strong>fuere,</strong></span> <span class='ocrx_word' id='word_1_141' title='bbox 1801 1916 2042 1970; x_wconf 87' lang='lat' dir='ltr'><strong>salutem</strong></span> 
     </span>
    </p>
   </div>
   <div class='ocr_carea' id='block_1_21' title="bbox 391 1997 2045 2078">
    <p class='ocr_par' dir='ltr' id='par_1_21' title="bbox 391 1997 2045 2078">
     <span class='ocr_line' id='line_1_21' title="bbox 391 1997 2045 2078; baseline 0 -20"><span class='ocrx_word' id='word_1_142' title='bbox 391 1997 599 2075; x_wconf 90' lang='lat' dir='ltr'><strong>[adhuc</strong></span> <span class='ocrx_word' id='word_1_143' title='bbox 647 2002 986 2072; x_wconf 89' lang='lat' dir='ltr'><strong>superstites</strong></span> <span class='ocrx_word' id='word_1_144' title='bbox 1035 2006 1216 2074; x_wconf 89' lang='lat' dir='ltr'><strong>erant,</strong></span> <span class='ocrx_word' id='word_1_145' title='bbox 1263 2001 1394 2078; x_wconf 90' lang='lat' dir='ltr'><strong>sal.]</strong></span> <span class='ocrx_word' id='word_1_146' title='bbox 1444 2017 1605 2061; x_wconf 90' lang='lat' dir='ltr'><strong>suam</strong></span> <span class='ocrx_word' id='word_1_147' title='bbox 1647 2018 1743 2074; x_wconf 90' lang='lat' dir='ltr'><strong>per</strong></span> <span class='ocrx_word' id='word_1_148' title='bbox 1798 2004 2045 2074; x_wconf 90' lang='lat' dir='ltr'><strong>scriptos</strong></span> 
     </span>
    </p>
   </div>
   <div class='ocr_carea' id='block_1_22' title="bbox 388 2090 2047 2165">
    <p class='ocr_par' dir='ltr' id='par_1_22' title="bbox 388 2090 2047 2165">
     <span class='ocr_line' id='line_1_22' title="bbox 388 2090 2047 2165; baseline 0 -17"><span class='ocrx_word' id='word_1_149' title='bbox 388 2105 423 2148; x_wconf 89' lang='lat' dir='ltr'><strong>a</strong></span> <span class='ocrx_word' id='word_1_150' title='bbox 465 2106 523 2147; x_wconf 92' lang='lat' dir='ltr'><strong>se</strong></span> <span class='ocrx_word' id='word_1_151' title='bbox 553 2090 780 2147; x_wconf 89' lang='lat' dir='ltr'><strong>libellos</strong></span> <span class='ocrx_word' id='word_1_152' title='bbox 810 2091 1056 2148; x_wconf 87' lang='lat' dir='ltr'><strong>confessi</strong></span> <span class='ocrx_word' id='word_1_153' title='bbox 1105 2097 1258 2148; x_wconf 89' lang='lat' dir='ltr'><strong>sunt.</strong></span> <span class='ocrx_word' id='word_1_154' title='bbox 1306 2094 1374 2148; x_wconf 90' lang='lat' dir='ltr'><strong>Et</strong></span> <span class='ocrx_word' id='word_1_155' title='bbox 1416 2107 1774 2165; x_wconf 89' lang='lat' dir='ltr'><strong>nequaquam</strong></span> <span class='ocrx_word' id='word_1_156' title='bbox 1816 2093 2047 2149; x_wconf 91' lang='lat' dir='ltr'><strong>dimisit</strong></span> 
     </span>
    </p>
   </div>
   <div class='ocr_carea' id='block_1_23' title="bbox 389 2179 2044 2254">
    <p class='ocr_par' dir='ltr' id='par_1_23' title="bbox 389 2179 2044 2254">
     <span class='ocr_line' id='line_1_23' title="bbox 389 2179 2044 2254; baseline 0 -18"><span class='ocrx_word' id='word_1_157' title='bbox 389 2179 654 2237; x_wconf 90' lang='lat' dir='ltr'><strong>Christus</strong></span> <span class='ocrx_word' id='word_1_158' title='bbox 678 2181 827 2238; x_wconf 92' lang='lat' dir='ltr'><strong>Deus</strong></span> <span class='ocrx_word' id='word_1_159' title='bbox 851 2186 1062 2253; x_wconf 88' lang='lat' dir='ltr'><strong>noster,</strong></span> <span class='ocrx_word' id='word_1_160' title='bbox 1091 2186 1248 2251; x_wconf 87' lang='lat' dir='ltr'><strong>petra</strong></span> <span class='ocrx_word' id='word_1_161' title='bbox 1270 2182 1547 2240; x_wconf 87' lang='lat' dir='ltr'><strong>nimirum</strong></span> <span class='ocrx_word' id='word_1_162' title='bbox 1573 2183 1633 2238; x_wconf 91' lang='lat' dir='ltr'><strong>in</strong></span> <span class='ocrx_word' id='word_1_163' title='bbox 1654 2197 1766 2254; x_wconf 89' lang='lat' dir='ltr'><strong>qua</strong></span> <span class='ocrx_word' id='word_1_164' title='bbox 1796 2181 2044 2238; x_wconf 90' lang='lat' dir='ltr'><strong>stabiliti</strong></span> 
     </span>
    </p>
   </div>
   <div class='ocr_carea' id='block_1_24' title="bbox 390 2270 2048 2340">
    <p class='ocr_par' dir='ltr' id='par_1_24' title="bbox 390 2270 2048 2340">
     <span class='ocr_line' id='line_1_24' title="bbox 390 2270 2048 2340; baseline -0.001 -14"><span class='ocrx_word' id='word_1_165' title='bbox 390 2283 610 2340; x_wconf 89' lang='lat' dir='ltr'><strong>sumus,</strong></span> <span class='ocrx_word' id='word_1_166' title='bbox 643 2270 890 2340; x_wconf 87' lang='lat' dir='ltr'><strong>desuper</strong></span> <span class='ocrx_word' id='word_1_167' title='bbox 909 2274 1230 2326; x_wconf 81' lang='lat' dir='ltr'><strong>contextam</strong></span> <span class='ocrx_word' id='word_1_168' title='bbox 1255 2285 1354 2340; x_wconf 89' lang='lat' dir='ltr'><strong>per</strong></span> <span class='ocrx_word' id='word_1_169' title='bbox 1377 2276 1558 2328; x_wconf 90' lang='lat' dir='ltr'><strong>totum</strong></span> <span class='ocrx_word' id='word_1_170' title='bbox 1580 2271 1856 2337; x_wconf 88' lang='lat' dir='ltr'><strong>tunicam,</strong></span> <span class='ocrx_word' id='word_1_171' title='bbox 1879 2270 1940 2332; x_wconf 87' lang='lat' dir='ltr'><strong>id</strong></span> <span class='ocrx_word' id='word_1_172' title='bbox 1961 2273 2048 2325; x_wconf 92' lang='lat' dir='ltr'><strong>est</strong></span> 
     </span>
    </p>
   </div>
   <div class='ocr_carea' id='block_1_25' title="bbox 387 2356 2043 2433">
    <p class='ocr_par' dir='ltr' id='par_1_25' title="bbox 387 2356 2043 2433">
     <span class='ocr_line' id='line_1_25' title="bbox 387 2356 2043 2433; baseline -0.001 -19"><span class='ocrx_word' id='word_1_173' title='bbox 387 2359 698 2416; x_wconf 89' lang='lat' dir='ltr'><strong>Ecclesiam</strong></span> <span class='ocrx_word' id='word_1_174' title='bbox 725 2372 909 2430; x_wconf 91' lang='lat' dir='ltr'><strong>suam,</strong></span> <span class='ocrx_word' id='word_1_175' title='bbox 930 2373 1056 2429; x_wconf 65' lang='lat' dir='ltr'><strong>qua:</strong></span> <span class='ocrx_word' id='word_1_176' title='bbox 1072 2359 1142 2414; x_wconf 89' lang='lat' dir='ltr'><strong>ab</strong></span> <span class='ocrx_word' id='word_1_177' title='bbox 1173 2359 1297 2428; x_wconf 92' lang='lat' dir='ltr'><strong>ipso</strong></span> <span class='ocrx_word' id='word_1_178' title='bbox 1322 2363 1379 2414; x_wconf 92' lang='lat' dir='ltr'><strong>et</strong></span> <span class='ocrx_word' id='word_1_179' title='bbox 1406 2373 1504 2429; x_wconf 90' lang='lat' dir='ltr'><strong>per</strong></span> <span class='ocrx_word' id='word_1_180' title='bbox 1533 2356 1674 2433; x_wconf 82' lang='lat' dir='ltr'><strong>[Gr.,</strong></span> <span class='ocrx_word' id='word_1_181' title='bbox 1701 2363 1753 2414; x_wconf 88' lang='lat' dir='ltr'><strong>et</strong></span> <span class='ocrx_word' id='word_1_182' title='bbox 1776 2360 1891 2413; x_wconf 90' lang='lat' dir='ltr'><strong>cod.</strong></span> <span class='ocrx_word' id='word_1_183' title='bbox 1916 2358 2043 2423; x_wconf 85' lang='lat' dir='ltr'><strong>Jol.,</strong></span> 
     </span>
    </p>
   </div>
   <div class='ocr_carea' id='block_1_26' title="bbox 391 2444 2043 2522">
    <p class='ocr_par' dir='ltr' id='par_1_26' title="bbox 391 2444 2043 2522">
     <span class='ocr_line' id='line_1_26' title="bbox 391 2444 2043 2522; baseline -0.002 -19"><span class='ocrx_word' id='word_1_184' title='bbox 391 2444 581 2522; x_wconf 92' lang='lat' dir='ltr'><strong>super]</strong></span> <span class='ocrx_word' id='word_1_185' title='bbox 617 2447 804 2517; x_wconf 90' lang='lat' dir='ltr'><strong>ipsum</strong></span> <span class='ocrx_word' id='word_1_186' title='bbox 843 2446 1122 2502; x_wconf 67' lang='lat' dir='ltr'><strong>aediﬁcata</strong></span> <span class='ocrx_word' id='word_1_187' title='bbox 1146 2451 1252 2517; x_wconf 92' lang='lat' dir='ltr'><strong>est,</strong></span> <span class='ocrx_word' id='word_1_188' title='bbox 1292 2448 1596 2503; x_wconf 89' lang='lat' dir='ltr'><strong>discissam</strong></span> <span class='ocrx_word' id='word_1_189' title='bbox 1630 2453 1685 2502; x_wconf 92' lang='lat' dir='ltr'><strong>et</strong></span> <span class='ocrx_word' id='word_1_190' title='bbox 1713 2447 2043 2517; x_wconf 86' lang='lat' dir='ltr'><strong>diruptam;</strong></span> 
     </span>
    </p>
   </div>
   <div class='ocr_carea' id='block_1_27' title="bbox 390 2534 2042 2606">
    <p class='ocr_par' dir='ltr' id='par_1_27' title="bbox 390 2534 2042 2606">
     <span class='ocr_line' id='line_1_27' title="bbox 390 2534 2042 2606; baseline -0.002 -14"><span class='ocrx_word' id='word_1_191' title='bbox 390 2536 486 2592; x_wconf 89' lang='lat' dir='ltr'><strong>sed</strong></span> <span class='ocrx_word' id='word_1_192' title='bbox 522 2548 622 2590; x_wconf 92' lang='lat' dir='ltr'><strong>nec</strong></span> <span class='ocrx_word' id='word_1_193' title='bbox 671 2534 920 2591; x_wconf 89' lang='lat' dir='ltr'><strong>membra</strong></span> <span class='ocrx_word' id='word_1_194' title='bbox 958 2535 1106 2591; x_wconf 88' lang='lat' dir='ltr'><strong>alias</strong></span> <span class='ocrx_word' id='word_1_195' title='bbox 1148 2539 1320 2604; x_wconf 89' lang='lat' dir='ltr'><strong>atque</strong></span> <span class='ocrx_word' id='word_1_196' title='bbox 1347 2535 1533 2606; x_wconf 67' lang='lat' dir='ltr'><strong>{aliter</strong></span> <span class='ocrx_word' id='word_1_197' title='bbox 1579 2549 1702 2591; x_wconf 91' lang='lat' dir='ltr'><strong>sese</strong></span> <span class='ocrx_word' id='word_1_198' title='bbox 1740 2534 2042 2590; x_wconf 89' lang='lat' dir='ltr'><strong>moventia.</strong></span> 
     </span>
    </p>
   </div>
   <div class='ocr_carea' id='block_1_28' title="bbox 389 2622 2051 2694">
    <p class='ocr_par' dir='ltr' id='par_1_28' title="bbox 389 2622 2051 2694">
     <span class='ocr_line' id='line_1_28' title="bbox 389 2622 2051 2694; baseline 0 -16"><span class='ocrx_word' id='word_1_199' title='bbox 389 2623 541 2693; x_wconf 90' lang='lat' dir='ltr'><strong>Quin</strong></span> <span class='ocrx_word' id='word_1_200' title='bbox 559 2622 752 2694; x_wconf 91' lang='lat' dir='ltr'><strong>potius</strong></span> <span class='ocrx_word' id='word_1_201' title='bbox 769 2636 883 2678; x_wconf 90' lang='lat' dir='ltr'><strong>una</strong></span> <span class='ocrx_word' id='word_1_202' title='bbox 905 2636 1036 2678; x_wconf 92' lang='lat' dir='ltr'><strong>cum</strong></span> <span class='ocrx_word' id='word_1_203' title='bbox 1059 2622 1349 2678; x_wconf 90' lang='lat' dir='ltr'><strong>veteribus</strong></span> <span class='ocrx_word' id='word_1_204' title='bbox 1367 2623 1683 2680; x_wconf 70' lang='lat' dir='ltr'><strong>hazresibus</strong></span> <span class='ocrx_word' id='word_1_205' title='bbox 1705 2624 1878 2680; x_wconf 88' lang='lat' dir='ltr'><strong>etiam</strong></span> <span class='ocrx_word' id='word_1_206' title='bbox 1900 2636 2051 2679; x_wconf 84' lang='lat' dir='ltr'><strong>erro-</strong></span> 
     </span>
    </p>
   </div>
   <div class='ocr_carea' id='block_1_29' title="bbox 392 2707 2050 2787">
    <p class='ocr_par' dir='ltr' id='par_1_29' title="bbox 392 2707 2050 2787">
     <span class='ocr_line' id='line_1_29' title="bbox 392 2707 2050 2787; baseline 0 -19"><span class='ocrx_word' id='word_1_207' title='bbox 392 2726 509 2768; x_wconf 90' lang='lat' dir='ltr'><strong>rem</strong></span> <span class='ocrx_word' id='word_1_208' title='bbox 535 2707 854 2785; x_wconf 73' lang='lat' dir='ltr'><strong>vana3[Gr.,</strong></span> <span class='ocrx_word' id='word_1_209' title='bbox 901 2709 1075 2787; x_wconf 71' lang='lat' dir='ltr'><strong>novae]</strong></span> <span class='ocrx_word' id='word_1_210' title='bbox 1110 2713 1411 2782; x_wconf 85' lang='lat' dir='ltr'><strong>pravitatis</strong></span> <span class='ocrx_word' id='word_1_211' title='bbox 1458 2727 1676 2785; x_wconf 90' lang='lat' dir='ltr'><strong>eorum,</strong></span> <span class='ocrx_word' id='word_1_212' title='bbox 1729 2713 1830 2786; x_wconf 90' lang='lat' dir='ltr'><strong>qui</strong></span> <span class='ocrx_word' id='word_1_213' title='bbox 1873 2712 2050 2769; x_wconf 91' lang='lat' dir='ltr'><strong>Chri-</strong></span> 
     </span>
    </p>
   </div>
   <div class='ocr_carea' id='block_1_30' title="bbox 391 2800 2052 2874">
    <p class='ocr_par' dir='ltr' id='par_1_30' title="bbox 391 2800 2052 2874">
     <span class='ocr_line' id='line_1_30' title="bbox 391 2800 2052 2874; baseline -0.001 -15"><span class='ocrx_word' id='word_1_214' title='bbox 391 2802 610 2859; x_wconf 90' lang='lat' dir='ltr'><strong>stianos</strong></span> <span class='ocrx_word' id='word_1_215' title='bbox 638 2803 970 2856; x_wconf 89' lang='lat' dir='ltr'><strong>accusantes</strong></span> <span class='ocrx_word' id='word_1_216' title='bbox 999 2805 1200 2856; x_wconf 89' lang='lat' dir='ltr'><strong>contra</strong></span> <span class='ocrx_word' id='word_1_217' title='bbox 1230 2800 1582 2858; x_wconf 90' lang='lat' dir='ltr'><strong>venerabiles</strong></span> <span class='ocrx_word' id='word_1_218' title='bbox 1637 2802 1918 2874; x_wconf 87' lang='lat' dir='ltr'><strong>imagines</strong></span> <span class='ocrx_word' id='word_1_219' title='bbox 1949 2815 2052 2857; x_wconf 87' lang='lat' dir='ltr'><strong>ra—</strong></span> 
     </span>
    </p>
   </div>
   <div class='ocr_carea' id='block_1_31' title="bbox 2214 471 3780 545">
    <p class='ocr_par' dir='ltr' id='par_1_31' title="bbox 2214 471 3780 545">
     <span class='ocr_line' id='line_1_31' title="bbox 2214 471 3780 545; baseline 0 -20"><span class='ocrx_word' id='word_1_220' title='bbox 2214 473 2386 526; x_wconf 86' lang='lat' dir='ltr'><strong>nistro</strong></span> <span class='ocrx_word' id='word_1_221' title='bbox 2409 471 2662 545; x_wconf 79' lang='lat' dir='ltr'><strong>Adriano</strong></span> <span class='ocrx_word' id='word_1_222' title='bbox 2679 489 2842 545; x_wconf 83' lang='lat' dir='ltr'><strong>papae</strong></span> <span class='ocrx_word' id='word_1_223' title='bbox 2861 474 3086 527; x_wconf 86' lang='lat' dir='ltr'><strong>senioris</strong></span> <span class='ocrx_word' id='word_1_224' title='bbox 3113 475 3290 528; x_wconf 59' lang='lat' dir='ltr'><strong>Roma</strong></span> <span class='ocrx_word' id='word_1_225' title='bbox 3337 473 3596 545; x_wconf 81' lang='lat' dir='ltr'><strong>Tarasius</strong></span> <span class='ocrx_word' id='word_1_226' title='bbox 3633 472 3780 545; x_wconf 82' lang='lat' dir='ltr'><strong>indi—</strong></span> 
     </span>
    </p>
   </div>
   <div class='ocr_carea' id='block_1_32' title="bbox 2214 546 2676 614">
    <p class='ocr_par' dir='ltr' id='par_1_32' title="bbox 2214 546 2676 614">
     <span class='ocr_line' id='line_1_32' title="bbox 2214 546 2676 614; baseline 0.006 -18"><span class='ocrx_word' id='word_1_227' title='bbox 2214 558 2354 610; x_wconf 88' lang='lat' dir='ltr'><strong>gnus</strong></span> <span class='ocrx_word' id='word_1_228' title='bbox 2396 546 2676 614; x_wconf 87' lang='lat' dir='ltr'><strong>episcopus</strong></span> 
     </span>
    </p>
   </div>
   <div class='ocr_carea' id='block_1_33' title="bbox 2773 543 3781 614">
    <p class='ocr_par' dir='ltr' id='par_1_33' title="bbox 2773 543 3781 614">
     <span class='ocr_line' id='line_1_33' title="bbox 2773 543 3781 614; baseline -0.001 -15"><span class='ocrx_word' id='word_1_229' title='bbox 2773 544 3263 614; x_wconf 85' lang='lat' dir='ltr'><strong>onstantinopoleos</strong></span> <span class='ocrx_word' id='word_1_230' title='bbox 3309 558 3459 598; x_wconf 73' lang='lat' dir='ltr'><strong>nouae</strong></span> <span class='ocrx_word' id='word_1_231' title='bbox 3511 543 3688 598; x_wconf 72' lang='lat' dir='ltr'><strong>Romae</strong></span> <span class='ocrx_word' id='word_1_232' title='bbox 3727 544 3781 598; x_wconf 84' lang='lat' dir='ltr'><strong>in</strong></span> 
     </span>
    </p>
   </div>
   <div class='ocr_carea' id='block_1_34' title="bbox 2215 615 2718 670">
    <p class='ocr_par' dir='ltr' id='par_1_34' title="bbox 2215 615 2718 670">
     <span class='ocr_line' id='line_1_34' title="bbox 2215 615 2718 670; baseline 0.004 -2"><span class='ocrx_word' id='word_1_233' title='bbox 2215 615 2441 668; x_wconf 88' lang='lat' dir='ltr'><strong>Domino</strong></span> <span class='ocrx_word' id='word_1_234' title='bbox 2468 616 2718 670; x_wconf 83' lang='lat' dir='ltr'><strong>salutem.</strong></span> 
     </span>
    </p>
   </div>
   <div class='ocr_carea' id='block_1_35' title="bbox 2217 773 3788 848">
    <p class='ocr_par' dir='ltr' id='par_1_35' title="bbox 2217 773 3788 848">
     <span class='ocr_line' id='line_1_35' title="bbox 2217 773 3788 848; baseline 0.001 -18"><span class='ocrx_word' id='word_1_235' title='bbox 2217 773 2532 831; x_wconf 85' lang='lat' dir='ltr'><strong>Multifarie</strong></span> <span class='ocrx_word' id='word_1_236' title='bbox 2562 774 2875 846; x_wconf 88' lang='lat' dir='ltr'><strong>multisque</strong></span> <span class='ocrx_word' id='word_1_237' title='bbox 2925 776 3132 846; x_wconf 91' lang='lat' dir='ltr'><strong>modis,</strong></span> <span class='ocrx_word' id='word_1_238' title='bbox 3183 775 3507 848; x_wconf 86' lang='lat' dir='ltr'><strong>evangelice</strong></span> <span class='ocrx_word' id='word_1_239' title='bbox 3533 774 3707 832; x_wconf 89' lang='lat' dir='ltr'><strong>simul</strong></span> <span class='ocrx_word' id='word_1_240' title='bbox 3735 779 3788 831; x_wconf 89' lang='lat' dir='ltr'><strong>et</strong></span> 
     </span>
    </p>
   </div>
   <div class='ocr_carea' id='block_1_36' title="bbox 2147 863 3789 935">
    <p class='ocr_par' dir='ltr' id='par_1_36' title="bbox 2147 863 3789 935">
     <span class='ocr_line' id='line_1_36' title="bbox 2147 863 3789 935; baseline 0.001 -17"><span class='ocrx_word' id='word_1_241' title='bbox 2147 863 2460 933; x_wconf 88' lang='lat' dir='ltr'><strong>apostolice</strong></span> <span class='ocrx_word' id='word_1_242' title='bbox 2495 867 2667 934; x_wconf 90' lang='lat' dir='ltr'><strong>atque</strong></span> <span class='ocrx_word' id='word_1_243' title='bbox 2694 869 2923 935; x_wconf 78' lang='lat' dir='ltr'><strong>paterae</strong></span> <span class='ocrx_word' id='word_1_244' title='bbox 2953 865 3223 921; x_wconf 91' lang='lat' dir='ltr'><strong>docemur</strong></span> <span class='ocrx_word' id='word_1_245' title='bbox 3247 865 3373 920; x_wconf 86' lang='lat' dir='ltr'><strong>sine</strong></span> <span class='ocrx_word' id='word_1_246' title='bbox 3412 863 3655 920; x_wconf 90' lang='lat' dir='ltr'><strong>avaritia</strong></span> <span class='ocrx_word' id='word_1_247' title='bbox 3684 863 3789 919; x_wconf 90' lang='lat' dir='ltr'><strong>ha-</strong></span> 
     </span>
    </p>
   </div>
   <div class='ocr_carea' id='block_1_37' title="bbox 2148 951 3792 1024">
    <p class='ocr_par' dir='ltr' id='par_1_37' title="bbox 2148 951 3792 1024">
     <span class='ocr_line' id='line_1_37' title="bbox 2148 951 3792 1024; baseline 0 -17"><span class='ocrx_word' id='word_1_248' title='bbox 2148 951 2279 1008; x_wconf 89' lang='lat' dir='ltr'><strong>bere</strong></span> <span class='ocrx_word' id='word_1_249' title='bbox 2305 965 2488 1008; x_wconf 90' lang='lat' dir='ltr'><strong>mores</strong></span> <span class='ocrx_word' id='word_1_250' title='bbox 2515 952 2573 1007; x_wconf 92' lang='lat' dir='ltr'><strong>in</strong></span> <span class='ocrx_word' id='word_1_251' title='bbox 2600 953 2905 1009; x_wconf 91' lang='lat' dir='ltr'><strong>sacerdotii</strong></span> <span class='ocrx_word' id='word_1_252' title='bbox 2949 953 3419 1024; x_wconf 89' lang='lat' dir='ltr'><strong>sanctiﬁcatione,</strong></span> <span class='ocrx_word' id='word_1_253' title='bbox 3451 957 3508 1008; x_wconf 92' lang='lat' dir='ltr'><strong>et</strong></span> <span class='ocrx_word' id='word_1_254' title='bbox 3536 965 3646 1008; x_wconf 94' lang='lat' dir='ltr'><strong>non</strong></span> <span class='ocrx_word' id='word_1_255' title='bbox 3683 964 3792 1007; x_wconf 90' lang='lat' dir='ltr'><strong>au-</strong></span> 
     </span>
    </p>
   </div>
   <div class='ocr_carea' id='block_1_38' title="bbox 2149 1043 3793 1113">
    <p class='ocr_par' dir='ltr' id='par_1_38' title="bbox 2149 1043 3793 1113">
     <span class='ocr_line' id='line_1_38' title="bbox 2149 1043 3793 1113; baseline 0.001 -17"><span class='ocrx_word' id='word_1_256' title='bbox 2149 1055 2296 1112; x_wconf 90' lang='lat' dir='ltr'><strong>rum,</strong></span> <span class='ocrx_word' id='word_1_257' title='bbox 2332 1055 2441 1097; x_wconf 91' lang='lat' dir='ltr'><strong>non</strong></span> <span class='ocrx_word' id='word_1_258' title='bbox 2464 1043 3129 1113; x_wconf 88' lang='lat' dir='ltr'><strong>argentum,autaliquid</strong></span> <span class='ocrx_word' id='word_1_259' title='bbox 3154 1043 3311 1099; x_wconf 91' lang='lat' dir='ltr'><strong>aliud</strong></span> <span class='ocrx_word' id='word_1_260' title='bbox 3335 1055 3611 1113; x_wconf 91' lang='lat' dir='ltr'><strong>usurpare</strong></span> <span class='ocrx_word' id='word_1_261' title='bbox 3625 1055 3793 1111; x_wconf 88' lang='lat' dir='ltr'><strong>super</strong></span> 
     </span>
    </p>
   </div>
   <div class='ocr_carea' id='block_1_39' title="bbox 2150 1131 3795 1202">
    <p class='ocr_par' dir='ltr' id='par_1_39' title="bbox 2150 1131 3795 1202">
     <span class='ocr_line' id='line_1_39' title="bbox 2150 1131 3795 1202; baseline 0.001 -16"><span class='ocrx_word' id='word_1_262' title='bbox 2150 1143 2352 1187; x_wconf 89' lang='lat' dir='ltr'><strong>manus</strong></span> <span class='ocrx_word' id='word_1_263' title='bbox 2378 1131 2746 1200; x_wconf 91' lang='lat' dir='ltr'><strong>impositione</strong></span> <span class='ocrx_word' id='word_1_264' title='bbox 2766 1133 2955 1188; x_wconf 92' lang='lat' dir='ltr'><strong>omnis</strong></span> <span class='ocrx_word' id='word_1_265' title='bbox 2987 1133 3192 1188; x_wconf 87' lang='lat' dir='ltr'><strong>sacrati</strong></span> <span class='ocrx_word' id='word_1_266' title='bbox 3238 1133 3373 1200; x_wconf 90' lang='lat' dir='ltr'><strong>viri,</strong></span> <span class='ocrx_word' id='word_1_267' title='bbox 3424 1131 3795 1202; x_wconf 90' lang='lat' dir='ltr'><strong>quemadmo-</strong></span> 
     </span>
    </p>
   </div>
   <div class='ocr_carea' id='block_1_40' title="bbox 2147 1219 3790 1287">
    <p class='ocr_par' dir='ltr' id='par_1_40' title="bbox 2147 1219 3790 1287">
     <span class='ocr_line' id='line_1_40' title="bbox 2147 1219 3790 1287; baseline -0.001 -11"><span class='ocrx_word' id='word_1_268' title='bbox 2147 1219 2284 1276; x_wconf 90' lang='lat' dir='ltr'><strong>dum</strong></span> <span class='ocrx_word' id='word_1_269' title='bbox 2313 1221 2676 1277; x_wconf 90' lang='lat' dir='ltr'><strong>ostendemus</strong></span> <span class='ocrx_word' id='word_1_270' title='bbox 2701 1221 2760 1276; x_wconf 88' lang='lat' dir='ltr'><strong>in</strong></span> <span class='ocrx_word' id='word_1_271' title='bbox 2800 1221 3086 1278; x_wconf 87' lang='lat' dir='ltr'><strong>ordinatis</strong></span> <span class='ocrx_word' id='word_1_272' title='bbox 3133 1220 3379 1278; x_wconf 84' lang='lat' dir='ltr'><strong>inferius</strong></span> <span class='ocrx_word' id='word_1_273' title='bbox 3423 1220 3790 1287; x_wconf 84' lang='lat' dir='ltr'><strong>testimoniis,</strong></span> 
     </span>
    </p>
   </div>
   <div class='ocr_carea' id='block_1_41' title="bbox 2149 1309 3796 1381">
    <p class='ocr_par' dir='ltr' id='par_1_41' title="bbox 2149 1309 3796 1381">
     <span class='ocr_line' id='line_1_41' title="bbox 2149 1309 3796 1381; baseline 0.001 -18"><span class='ocrx_word' id='word_1_274' title='bbox 2149 1314 2262 1363; x_wconf 88' lang='lat' dir='ltr'><strong>tam</strong></span> <span class='ocrx_word' id='word_1_275' title='bbox 2289 1322 2356 1363; x_wconf 80' lang='lat' dir='ltr'><strong>ex</strong></span> <span class='ocrx_word' id='word_1_276' title='bbox 2385 1309 2694 1378; x_wconf 67' lang='lat' dir='ltr'><strong>Scriptura:</strong></span> <span class='ocrx_word' id='word_1_277' title='bbox 2718 1309 3378 1381; x_wconf 66' lang='lat' dir='ltr'><strong>divinazassertionibus,</strong></span> <span class='ocrx_word' id='word_1_278' title='bbox 3408 1323 3575 1380; x_wconf 90' lang='lat' dir='ltr'><strong>quam</strong></span> <span class='ocrx_word' id='word_1_279' title='bbox 3611 1323 3681 1364; x_wconf 79' lang='lat' dir='ltr'><strong>ex</strong></span> <span class='ocrx_word' id='word_1_280' title='bbox 3712 1322 3796 1378; x_wconf 89' lang='lat' dir='ltr'><strong>pa-</strong></span> 
     </span>
    </p>
   </div>
   <div class='ocr_carea' id='block_1_42' title="bbox 2150 1397 3798 1470">
    <p class='ocr_par' dir='ltr' id='par_1_42' title="bbox 2150 1397 3798 1470">
     <span class='ocr_line' id='line_1_42' title="bbox 2150 1397 3798 1470; baseline 0.001 -18"><span class='ocrx_word' id='word_1_281' title='bbox 2150 1397 2330 1452; x_wconf 90' lang='lat' dir='ltr'><strong>ternis</strong></span> <span class='ocrx_word' id='word_1_282' title='bbox 2353 1398 2704 1470; x_wconf 88' lang='lat' dir='ltr'><strong>magisteriis</strong></span> <span class='ocrx_word' id='word_1_283' title='bbox 2727 1399 3059 1468; x_wconf 89' lang='lat' dir='ltr'><strong>assumptis.</strong></span> <span class='ocrx_word' id='word_1_284' title='bbox 3082 1400 3190 1469; x_wconf 90' lang='lat' dir='ltr'><strong>Qui</strong></span> <span class='ocrx_word' id='word_1_285' title='bbox 3219 1399 3370 1455; x_wconf 90' lang='lat' dir='ltr'><strong>enim</strong></span> <span class='ocrx_word' id='word_1_286' title='bbox 3396 1413 3598 1456; x_wconf 90' lang='lat' dir='ltr'><strong>manus</strong></span> <span class='ocrx_word' id='word_1_287' title='bbox 3625 1399 3798 1468; x_wconf 89' lang='lat' dir='ltr'><strong>impo-</strong></span> 
     </span>
    </p>
   </div>
   <div class='ocr_carea' id='block_1_43' title="bbox 2150 1487 3792 1558">
    <p class='ocr_par' dir='ltr' id='par_1_43' title="bbox 2150 1487 3792 1558">
     <span class='ocr_line' id='line_1_43' title="bbox 2150 1487 3792 1558; baseline -0.001 -16"><span class='ocrx_word' id='word_1_288' title='bbox 2150 1492 2312 1556; x_wconf 90' lang='lat' dir='ltr'><strong>nunt,</strong></span> <span class='ocrx_word' id='word_1_289' title='bbox 2336 1487 2589 1542; x_wconf 89' lang='lat' dir='ltr'><strong>ministri</strong></span> <span class='ocrx_word' id='word_1_290' title='bbox 2606 1488 3022 1558; x_wconf 89' lang='lat' dir='ltr'><strong>suntSpiritus,</strong></span> <span class='ocrx_word' id='word_1_291' title='bbox 3043 1502 3152 1545; x_wconf 88' lang='lat' dir='ltr'><strong>non</strong></span> <span class='ocrx_word' id='word_1_292' title='bbox 3171 1488 3496 1544; x_wconf 89' lang='lat' dir='ltr'><strong>venditores</strong></span> <span class='ocrx_word' id='word_1_293' title='bbox 3510 1489 3792 1558; x_wconf 89' lang='lat' dir='ltr'><strong>Spiritus:</strong></span> 
     </span>
    </p>
   </div>
   <div class='ocr_carea' id='block_1_44' title="bbox 2147 1576 3800 1650">
    <p class='ocr_par' dir='ltr' id='par_1_44' title="bbox 2147 1576 3800 1650">
     <span class='ocr_line' id='line_1_44' title="bbox 2147 1576 3800 1650; baseline 0.001 -20"><span class='ocrx_word' id='word_1_294' title='bbox 2147 1576 2327 1647; x_wconf 90' lang='lat' dir='ltr'><strong>gratis</strong></span> <span class='ocrx_word' id='word_1_295' title='bbox 2348 1577 2560 1645; x_wconf 91' lang='lat' dir='ltr'><strong>quippe</strong></span> <span class='ocrx_word' id='word_1_296' title='bbox 2583 1577 2930 1647; x_wconf 89' lang='lat' dir='ltr'><strong>accipientes</strong></span> <span class='ocrx_word' id='word_1_297' title='bbox 2948 1578 3188 1650; x_wconf 90' lang='lat' dir='ltr'><strong>gratiam</strong></span> <span class='ocrx_word' id='word_1_298' title='bbox 3211 1577 3484 1648; x_wconf 91' lang='lat' dir='ltr'><strong>Spiritus,</strong></span> <span class='ocrx_word' id='word_1_299' title='bbox 3506 1576 3689 1648; x_wconf 88' lang='lat' dir='ltr'><strong>gratis</strong></span> <span class='ocrx_word' id='word_1_300' title='bbox 3712 1576 3800 1631; x_wconf 92' lang='lat' dir='ltr'><strong>his</strong></span> 
     </span>
    </p>
   </div>
   <div class='ocr_carea' id='block_1_45' title="bbox 2149 1664 3802 1737">
    <p class='ocr_par' dir='ltr' id='par_1_45' title="bbox 2149 1664 3802 1737">
     <span class='ocr_line' id='line_1_45' title="bbox 2149 1664 3802 1737; baseline -0.001 -18"><span class='ocrx_word' id='word_1_301' title='bbox 2149 1664 2248 1734; x_wconf 90' lang='lat' dir='ltr'><strong>qui</strong></span> <span class='ocrx_word' id='word_1_302' title='bbox 2273 1679 2305 1720; x_wconf 89' lang='lat' dir='ltr'><strong>a</strong></span> <span class='ocrx_word' id='word_1_303' title='bbox 2336 1678 2395 1720; x_wconf 90' lang='lat' dir='ltr'><strong>se</strong></span> <span class='ocrx_word' id='word_1_304' title='bbox 2420 1665 2767 1737; x_wconf 90' lang='lat' dir='ltr'><strong>percipiunt,</strong></span> <span class='ocrx_word' id='word_1_305' title='bbox 2791 1666 2927 1722; x_wconf 89' lang='lat' dir='ltr'><strong>dare</strong></span> <span class='ocrx_word' id='word_1_306' title='bbox 2958 1667 3392 1737; x_wconf 64' lang='lat' dir='ltr'><strong>praecipiuntur,</strong></span> <span class='ocrx_word' id='word_1_307' title='bbox 3415 1680 3483 1722; x_wconf 84' lang='lat' dir='ltr'><strong>ex</strong></span> <span class='ocrx_word' id='word_1_308' title='bbox 3502 1665 3802 1722; x_wconf 89' lang='lat' dir='ltr'><strong>Dominica</strong></span> 
     </span>
    </p>
   </div>
   <div class='ocr_carea' id='block_1_46' title="bbox 2149 1751 3800 1830">
    <p class='ocr_par' dir='ltr' id='par_1_46' title="bbox 2149 1751 3800 1830">
     <span class='ocr_line' id='line_1_46' title="bbox 2149 1751 3800 1830; baseline 0 -23"><span class='ocrx_word' id='word_1_309' title='bbox 2149 1767 2282 1808; x_wconf 87' lang='lat' dir='ltr'><strong>voce</strong></span> <span class='ocrx_word' id='word_1_310' title='bbox 2316 1753 2461 1808; x_wconf 87' lang='lat' dir='ltr'><strong>hanc</strong></span> <span class='ocrx_word' id='word_1_311' title='bbox 2492 1753 2811 1810; x_wconf 87' lang='lat' dir='ltr'><strong>libertatem</strong></span> <span class='ocrx_word' id='word_1_312' title='bbox 2848 1751 2990 1828; x_wconf 87' lang='lat' dir='ltr'><strong>[Gr.,</strong></span> <span class='ocrx_word' id='word_1_313' title='bbox 3037 1753 3462 1830; x_wconf 88' lang='lat' dir='ltr'><strong>liberalitatem]</strong></span> <span class='ocrx_word' id='word_1_314' title='bbox 3497 1753 3713 1824; x_wconf 88' lang='lat' dir='ltr'><strong>adepti.</strong></span> <span class='ocrx_word' id='word_1_315' title='bbox 3746 1751 3800 1808; x_wconf 92' lang='lat' dir='ltr'><strong>Si</strong></span> 
     </span>
    </p>
   </div>
   <div class='ocr_carea' id='block_1_47' title="bbox 2151 1841 3801 1912">
    <p class='ocr_par' dir='ltr' id='par_1_47' title="bbox 2151 1841 3801 1912">
     <span class='ocr_line' id='line_1_47' title="bbox 2151 1841 3801 1912; baseline -0.001 -15"><span class='ocrx_word' id='word_1_316' title='bbox 2151 1842 2285 1912; x_wconf 91' lang='lat' dir='ltr'><strong>quis</strong></span> <span class='ocrx_word' id='word_1_317' title='bbox 2297 1848 2487 1897; x_wconf 91' lang='lat' dir='ltr'><strong>autem</strong></span> <span class='ocrx_word' id='word_1_318' title='bbox 2515 1843 2812 1898; x_wconf 91' lang='lat' dir='ltr'><strong>convictus</strong></span> <span class='ocrx_word' id='word_1_319' title='bbox 2834 1841 3010 1899; x_wconf 92' lang='lat' dir='ltr'><strong>fuerit</strong></span> <span class='ocrx_word' id='word_1_320' title='bbox 3032 1845 3272 1912; x_wconf 87' lang='lat' dir='ltr'><strong>pecunia</strong></span> <span class='ocrx_word' id='word_1_321' title='bbox 3294 1845 3437 1899; x_wconf 90' lang='lat' dir='ltr'><strong>hanc</strong></span> <span class='ocrx_word' id='word_1_322' title='bbox 3459 1843 3801 1912; x_wconf 87' lang='lat' dir='ltr'><strong>obtinuisse,</strong></span> 
     </span>
    </p>
   </div>
   <div class='ocr_carea' id='block_1_48' title="bbox 2151 1929 3808 2003">
    <p class='ocr_par' dir='ltr' id='par_1_48' title="bbox 2151 1929 3808 2003">
     <span class='ocr_line' id='line_1_48' title="bbox 2151 1929 3808 2003; baseline -0.001 -16"><span class='ocrx_word' id='word_1_323' title='bbox 2151 1931 2434 1999; x_wconf 81' lang='lat' dir='ltr'><strong>abjectum</strong></span> <span class='ocrx_word' id='word_1_324' title='bbox 2462 1929 2582 1987; x_wconf 86' lang='lat' dir='ltr'><strong>fore</strong></span> <span class='ocrx_word' id='word_1_325' title='bbox 2627 1930 2699 1986; x_wconf 90' lang='lat' dir='ltr'><strong>ab</strong></span> <span class='ocrx_word' id='word_1_326' title='bbox 2728 1932 2930 1988; x_wconf 92' lang='lat' dir='ltr'><strong>ordine</strong></span> <span class='ocrx_word' id='word_1_327' title='bbox 2960 1937 3158 1988; x_wconf 90' lang='lat' dir='ltr'><strong>sancto</strong></span> <span class='ocrx_word' id='word_1_328' title='bbox 3199 1932 3564 2003; x_wconf 83' lang='lat' dir='ltr'><strong>promulgant</strong></span> <span class='ocrx_word' id='word_1_329' title='bbox 3593 1931 3808 1998; x_wconf 91' lang='lat' dir='ltr'><strong>hujus-</strong></span> 
     </span>
    </p>
   </div>
   <div class='ocr_carea' id='block_1_49' title="bbox 2156 2018 3804 2088">
    <p class='ocr_par' dir='ltr' id='par_1_49' title="bbox 2156 2018 3804 2088">
     <span class='ocr_line' id='line_1_49' title="bbox 2156 2018 3804 2088; baseline 0 -14"><span class='ocrx_word' id='word_1_330' title='bbox 2156 2019 2306 2076; x_wconf 90' lang='lat' dir='ltr'><strong>modi</strong></span> <span class='ocrx_word' id='word_1_331' title='bbox 2341 2036 2355 2072; x_wconf 90' lang='lat'><strong>:</strong></span> <span class='ocrx_word' id='word_1_332' title='bbox 2390 2023 2447 2074; x_wconf 90' lang='lat' dir='ltr'><strong>et</strong></span> <span class='ocrx_word' id='word_1_333' title='bbox 2477 2018 2612 2074; x_wconf 91' lang='lat' dir='ltr'><strong>licet</strong></span> <span class='ocrx_word' id='word_1_334' title='bbox 2660 2020 2890 2075; x_wconf 91' lang='lat' dir='ltr'><strong>nomine</strong></span> <span class='ocrx_word' id='word_1_335' title='bbox 2937 2021 3318 2078; x_wconf 88' lang='lat' dir='ltr'><strong>sacerdotium</strong></span> <span class='ocrx_word' id='word_1_336' title='bbox 3365 2021 3662 2088; x_wconf 87' lang='lat' dir='ltr'><strong>sortiatur,</strong></span> <span class='ocrx_word' id='word_1_337' title='bbox 3716 2018 3804 2075; x_wconf 86' lang='lat' dir='ltr'><strong>sed</strong></span> 
     </span>
    </p>
   </div>
   <div class='ocr_carea' id='block_1_50' title="bbox 2155 2105 3810 2184">
    <p class='ocr_par' dir='ltr' id='par_1_50' title="bbox 2155 2105 3810 2184">
     <span class='ocr_line' id='line_1_50' title="bbox 2155 2105 3810 2184; baseline 0.001 -22"><span class='ocrx_word' id='word_1_338' title='bbox 2155 2105 2380 2162; x_wconf 85' lang='lat' dir='ltr'><strong>fallitur</strong></span> <span class='ocrx_word' id='word_1_339' title='bbox 2405 2120 2590 2163; x_wconf 91' lang='lat' dir='ltr'><strong>sermo</strong></span> <span class='ocrx_word' id='word_1_340' title='bbox 2629 2106 2690 2163; x_wconf 89' lang='lat' dir='ltr'><strong>in</strong></span> <span class='ocrx_word' id='word_1_341' title='bbox 2729 2120 2900 2164; x_wconf 89' lang='lat' dir='ltr'><strong>causa</strong></span> <span class='ocrx_word' id='word_1_342' title='bbox 2941 2105 3024 2182; x_wconf 91' lang='lat' dir='ltr'><strong>[in</strong></span> <span class='ocrx_word' id='word_1_343' title='bbox 3065 2107 3165 2184; x_wconf 91' lang='lat' dir='ltr'><strong>re].</strong></span> <span class='ocrx_word' id='word_1_344' title='bbox 3200 2111 3374 2166; x_wconf 88' lang='lat' dir='ltr'><strong>Nemo</strong></span> <span class='ocrx_word' id='word_1_345' title='bbox 3410 2108 3561 2165; x_wconf 89' lang='lat' dir='ltr'><strong>enim</strong></span> <span class='ocrx_word' id='word_1_346' title='bbox 3593 2108 3810 2164; x_wconf 87' lang='lat' dir='ltr'><strong>servire</strong></span> 
     </span>
    </p>
   </div>
   <div class='ocr_carea' id='block_1_51' title="bbox 2158 2197 3812 2271">
    <p class='ocr_par' dir='ltr' id='par_1_51' title="bbox 2158 2197 3812 2271">
     <span class='ocr_line' id='line_1_51' title="bbox 2158 2197 3812 2271; baseline 0.001 -20"><span class='ocrx_word' id='word_1_347' title='bbox 2158 2201 2344 2266; x_wconf 88' lang='lat' dir='ltr'><strong>potest</strong></span> <span class='ocrx_word' id='word_1_348' title='bbox 2364 2197 2477 2252; x_wconf 90' lang='lat' dir='ltr'><strong>Deo</strong></span> <span class='ocrx_word' id='word_1_349' title='bbox 2500 2202 2557 2252; x_wconf 93' lang='lat' dir='ltr'><strong>et</strong></span> <span class='ocrx_word' id='word_1_350' title='bbox 2587 2210 2938 2268; x_wconf 72' lang='lat' dir='ltr'><strong>mammonae,</strong></span> <span class='ocrx_word' id='word_1_351' title='bbox 2967 2199 3120 2254; x_wconf 91' lang='lat' dir='ltr'><strong>sicut</strong></span> <span class='ocrx_word' id='word_1_352' title='bbox 3160 2213 3228 2254; x_wconf 84' lang='lat' dir='ltr'><strong>ex</strong></span> <span class='ocrx_word' id='word_1_353' title='bbox 3261 2198 3562 2271; x_wconf 88' lang='lat' dir='ltr'><strong>Evangelio</strong></span> <span class='ocrx_word' id='word_1_354' title='bbox 3600 2198 3812 2254; x_wconf 89' lang='lat' dir='ltr'><strong>didici-</strong></span> 
     </span>
    </p>
   </div>
   <div class='ocr_carea' id='block_1_52' title="bbox 2156 2284 3812 2358">
    <p class='ocr_par' dir='ltr' id='par_1_52' title="bbox 2156 2284 3812 2358">
     <span class='ocr_line' id='line_1_52' title="bbox 2156 2284 3812 2358; baseline -0.001 -15"><span class='ocrx_word' id='word_1_355' title='bbox 2156 2301 2284 2343; x_wconf 88' lang='lat' dir='ltr'><strong>mus</strong></span> <span class='ocrx_word' id='word_1_356' title='bbox 2324 2284 2536 2357; x_wconf 86' lang='lat' dir='ltr'><strong>(Matth.</strong></span> <span class='ocrx_word' id='word_1_357' title='bbox 2570 2288 2672 2355; x_wconf 75' lang='lat' dir='ltr'><strong>vr).</strong></span> <span class='ocrx_word' id='word_1_358' title='bbox 2729 2285 2874 2354; x_wconf 91' lang='lat' dir='ltr'><strong>Quia</strong></span> <span class='ocrx_word' id='word_1_359' title='bbox 2923 2301 3052 2344; x_wconf 92' lang='lat' dir='ltr'><strong>vero</strong></span> <span class='ocrx_word' id='word_1_360' title='bbox 3107 2288 3435 2358; x_wconf 88' lang='lat' dir='ltr'><strong>prophetice</strong></span> <span class='ocrx_word' id='word_1_361' title='bbox 3477 2287 3812 2344; x_wconf 90' lang='lat' dir='ltr'><strong>audivimus</strong></span> 
     </span>
    </p>
   </div>
   <div class='ocr_carea' id='block_1_53' title="bbox 2153 2375 3816 2447">
    <p class='ocr_par' dir='ltr' id='par_1_53' title="bbox 2153 2375 3816 2447">
     <span class='ocr_line' id='line_1_53' title="bbox 2153 2375 3816 2447; baseline 0 -16"><span class='ocrx_word' id='word_1_362' title='bbox 2153 2376 2268 2432; x_wconf 89' lang='lat' dir='ltr'><strong>Deo</strong></span> <span class='ocrx_word' id='word_1_363' title='bbox 2291 2376 2572 2432; x_wconf 83' lang='lat' dir='ltr'><strong>clamante</strong></span> <span class='ocrx_word' id='word_1_364' title='bbox 2603 2393 2615 2429; x_wconf 89' lang='lat'>:</span> <span class='ocrx_word' id='word_1_365' title='bbox 2647 2375 2982 2441; x_wconf 83' lang='lat' dir='ltr'><strong>Sacerdotes,</strong></span> <span class='ocrx_word' id='word_1_366' title='bbox 3028 2379 3317 2447; x_wconf 74' lang='lat' dir='ltr'><strong>loquimini</strong></span> <span class='ocrx_word' id='word_1_367' title='bbox 3343 2378 3418 2432; x_wconf 89' lang='lat' dir='ltr'><strong>ad</strong></span> <span class='ocrx_word' id='word_1_368' title='bbox 3455 2393 3543 2432; x_wconf 83' lang='lat' dir='ltr'><strong>cor</strong></span> <span class='ocrx_word' id='word_1_369' title='bbox 3576 2379 3816 2431; x_wconf 79' lang='lat' dir='ltr'><strong>Jerusa—</strong></span> 
     </span>
    </p>
   </div>
   <div class='ocr_carea' id='block_1_54' title="bbox 2156 2462 3809 2537">
    <p class='ocr_par' dir='ltr' id='par_1_54' title="bbox 2156 2462 3809 2537">
     <span class='ocr_line' id='line_1_54' title="bbox 2156 2462 3809 2537; baseline 0.002 -20"><span class='ocrx_word' id='word_1_370' title='bbox 2156 2464 2258 2518; x_wconf 80' lang='lat' dir='ltr'><strong>lem</strong></span> <span class='ocrx_word' id='word_1_371' title='bbox 2288 2462 2414 2534; x_wconf 90' lang='lat' dir='ltr'><strong>(Isa.</strong></span> <span class='ocrx_word' id='word_1_372' title='bbox 2446 2463 2537 2534; x_wconf 81' lang='lat' dir='ltr'><strong>XL)</strong></span> <span class='ocrx_word' id='word_1_373' title='bbox 2560 2481 2576 2529; x_wconf 84' lang='lat'><strong>;</strong></span> <span class='ocrx_word' id='word_1_374' title='bbox 2610 2479 2928 2536; x_wconf 88' lang='lat' dir='ltr'><strong>rursusque</strong></span> <span class='ocrx_word' id='word_1_375' title='bbox 2947 2467 3331 2522; x_wconf 89' lang='lat' dir='ltr'><strong>comminante</strong></span> <span class='ocrx_word' id='word_1_376' title='bbox 3354 2472 3524 2537; x_wconf 89' lang='lat' dir='ltr'><strong>atque</strong></span> <span class='ocrx_word' id='word_1_377' title='bbox 3542 2465 3809 2522; x_wconf 85' lang='lat' dir='ltr'><strong>dicente:</strong></span> 
     </span>
    </p>
   </div>
   <div class='ocr_carea' id='block_1_55' title="bbox 2157 2551 3818 2622">
    <p class='ocr_par' dir='ltr' id='par_1_55' title="bbox 2157 2551 3818 2622">
     <span class='ocr_line' id='line_1_55' title="bbox 2157 2551 3818 2622; baseline 0.001 -16"><span class='ocrx_word' id='word_1_378' title='bbox 2157 2551 2474 2622; x_wconf 78' lang='lat' dir='ltr'><strong>Speculator</strong></span> <span class='ocrx_word' id='word_1_379' title='bbox 2496 2553 2545 2606; x_wconf 89' lang='lat' dir='ltr'><strong>si</strong></span> <span class='ocrx_word' id='word_1_380' title='bbox 2570 2552 2770 2606; x_wconf 80' lang='lat' dir='ltr'><strong>viderit</strong></span> <span class='ocrx_word' id='word_1_381' title='bbox 2805 2553 3055 2620; x_wconf 88' lang='lat' dir='ltr'><strong>gladium</strong></span> <span class='ocrx_word' id='word_1_382' title='bbox 3095 2556 3412 2619; x_wconf 80' lang='lat' dir='ltr'><strong>venientem,</strong></span> <span class='ocrx_word' id='word_1_383' title='bbox 3439 2559 3488 2608; x_wconf 89' lang='lat' dir='ltr'><strong>et</strong></span> <span class='ocrx_word' id='word_1_384' title='bbox 3512 2569 3622 2608; x_wconf 87' lang='lat' dir='ltr'><strong>non</strong></span> <span class='ocrx_word' id='word_1_385' title='bbox 3671 2556 3818 2608; x_wconf 74' lang='lat' dir='ltr'><strong>inso-</strong></span> 
     </span>
    </p>
   </div>
   <div class='ocr_carea' id='block_1_56' title="bbox 2158 2639 3817 2710">
    <p class='ocr_par' dir='ltr' id='par_1_56' title="bbox 2158 2639 3817 2710">
     <span class='ocr_line' id='line_1_56' title="bbox 2158 2639 3817 2710; baseline 0.001 -15"><span class='ocrx_word' id='word_1_386' title='bbox 2158 2641 2340 2695; x_wconf 85' lang='lat' dir='ltr'><strong>nuerit</strong></span> <span class='ocrx_word' id='word_1_387' title='bbox 2368 2639 2519 2702; x_wconf 85' lang='lat' dir='ltr'><strong>tuba,</strong></span> <span class='ocrx_word' id='word_1_388' title='bbox 2541 2644 2591 2694; x_wconf 87' lang='lat' dir='ltr'><strong>et</strong></span> <span class='ocrx_word' id='word_1_389' title='bbox 2616 2641 2856 2710; x_wconf 86' lang='lat' dir='ltr'><strong>populus</strong></span> <span class='ocrx_word' id='word_1_390' title='bbox 2881 2657 2936 2696; x_wconf 90' lang='lat' dir='ltr'><strong>se</strong></span> <span class='ocrx_word' id='word_1_391' title='bbox 2963 2658 3073 2696; x_wconf 91' lang='lat' dir='ltr'><strong>non</strong></span> <span class='ocrx_word' id='word_1_392' title='bbox 3111 2644 3456 2709; x_wconf 82' lang='lat' dir='ltr'><strong>custodierit;</strong></span> <span class='ocrx_word' id='word_1_393' title='bbox 3503 2647 3554 2697; x_wconf 87' lang='lat' dir='ltr'><strong>et</strong></span> <span class='ocrx_word' id='word_1_394' title='bbox 3591 2645 3817 2697; x_wconf 81' lang='lat' dir='ltr'><strong>vmiens</strong></span> 
     </span>
    </p>
   </div>
   <div class='ocr_carea' id='block_1_57' title="bbox 2156 2729 3849 2800">
    <p class='ocr_par' dir='ltr' id='par_1_57' title="bbox 2156 2729 3849 2800">
     <span class='ocr_line' id='line_1_57' title="bbox 2156 2729 3849 2800; baseline 0.001 -17"><span class='ocrx_word' id='word_1_395' title='bbox 2156 2729 2377 2798; x_wconf 84' lang='lat' dir='ltr'><strong>gladius</strong></span> <span class='ocrx_word' id='word_1_396' title='bbox 2401 2731 2667 2798; x_wconf 80' lang='lat' dir='ltr'><strong>acceperit</strong></span> <span class='ocrx_word' id='word_1_397' title='bbox 2692 2745 2760 2784; x_wconf 80' lang='lat' dir='ltr'><strong>ea:</strong></span> <span class='ocrx_word' id='word_1_398' title='bbox 2787 2733 2863 2784; x_wconf 89' lang='lat' dir='ltr'><strong>eis</strong></span> <span class='ocrx_word' id='word_1_399' title='bbox 2893 2733 3156 2795; x_wconf 65' lang='lat' dir='ltr'><strong>annnam,</strong></span> <span class='ocrx_word' id='word_1_400' title='bbox 3187 2734 3509 2800; x_wconf 85' lang='lat' dir='ltr'><strong>sanguinem</strong></span> <span class='ocrx_word' id='word_1_401' title='bbox 3554 2732 3622 2785; x_wconf 85' lang='lat' dir='ltr'><strong>de</strong></span> <span class='ocrx_word' id='word_1_402' title='bbox 3643 2747 3818 2785; x_wconf 88' lang='lat' dir='ltr'><strong>manu</strong></span> <span class='ocrx_word' id='word_1_403' title='bbox 3844 2781 3849 2785; x_wconf 88' lang='lat'>_</span> 
     </span>
    </p>
   </div>
   <div class='ocr_carea' id='block_1_58' title="bbox 2159 2816 3820 2892">
    <p class='ocr_par' dir='ltr' id='par_1_58' title="bbox 2159 2816 3820 2892">
     <span class='ocr_line' id='line_1_58' title="bbox 2159 2816 3820 2892; baseline 0.002 -20"><span class='ocrx_word' id='word_1_404' title='bbox 2159 2818 2511 2888; x_wconf 81' lang='lat' dir='ltr'><strong>speculatoris</strong></span> <span class='ocrx_word' id='word_1_405' title='bbox 2552 2819 2831 2887; x_wconf 85' lang='lat' dir='ltr'><strong>requiram</strong></span> <span class='ocrx_word' id='word_1_406' title='bbox 2885 2816 3091 2888; x_wconf 80' lang='lat' dir='ltr'><strong>(Ezech.</strong></span> <span class='ocrx_word' id='word_1_407' title='bbox 3136 2821 3363 2892; x_wconf 62' lang='grc' dir='ltr'>χχχιιι).</span> <span class='ocrx_word' id='word_1_408' title='bbox 3412 2820 3708 2876; x_wconf 82' lang='lat' dir='ltr'><strong>Timorem</strong></span> <span class='ocrx_word' id='word_1_409' title='bbox 3756 2834 3820 2875; x_wconf 76' lang='lat' dir='ltr'><strong>ex</strong></span> 
     </span>
    </p>
   </div>
   <div class='ocr_carea' id='block_1_59' title="bbox 392 2887 3824 2980">
    <p class='ocr_par' dir='ltr' id='par_1_59' title="bbox 392 2887 3824 2980">
     <span class='ocr_line' id='line_1_59' title="bbox 392 2887 3824 2980; baseline 0.001 -20"><span class='ocrx_word' id='word_1_410' title='bbox 392 2890 524 2946; x_wconf 83' lang='lat' dir='ltr'><strong>bide</strong></span> <span class='ocrx_word' id='word_1_411' title='bbox 543 2889 775 2958; x_wconf 75' lang='lat' dir='ltr'><strong>latrant.</strong></span> <span class='ocrx_word' id='word_1_412' title='bbox 804 2887 1231 2980; x_wconf 23' lang='lat' dir='ltr'><strong>verboisratiaz</strong></span> <span class='ocrx_word' id='word_1_413' title='bbox 1259 2904 1376 2980; x_wconf 55' lang='lat' dir='ltr'><strong>suae</strong></span> <span class='ocrx_word' id='word_1_414' title='bbox 1417 2889 1727 2962; x_wconf 61' lang='lat' dir='ltr'><strong>destruxit,</strong></span> <span class='ocrx_word' id='word_1_415' title='bbox 1777 2889 2051 2962; x_wconf 72' lang='lat' dir='ltr'><strong>etsladio</strong></span> <span class='ocrx_word' id='word_1_416' title='bbox 2163 2887 2398 2964; x_wconf 78' lang='lat' dir='ltr'><strong>silentio</strong></span> <span class='ocrx_word' id='word_1_417' title='bbox 2419 2907 2809 2963; x_wconf 89' lang='lat' dir='ltr'><strong>damnationis</strong></span> <span class='ocrx_word' id='word_1_418' title='bbox 2831 2887 3243 2965; x_wconf 88' lang='lat' dir='ltr'><strong>denuntiamus</strong></span> <span class='ocrx_word' id='word_1_419' title='bbox 3269 2887 3614 2980; x_wconf 64' lang='lat' dir='ltr'><strong>praesulibus</strong></span> <span class='ocrx_word' id='word_1_420' title='bbox 3635 2908 3824 2964; x_wconf 83' lang='lat' dir='ltr'><strong>omni-</strong></span> 
     </span>
    </p>
   </div>
   <div class='ocr_carea' id='block_1_60' title="bbox 395 2977 2046 3070">
    <p class='ocr_par' dir='ltr' id='par_1_60' title="bbox 395 2977 2046 3051">
     <span class='ocr_line' id='line_1_60' title="bbox 395 2977 2046 3051; baseline -0.002 -15"><span class='ocrx_word' id='word_1_421' title='bbox 395 2980 640 3050; x_wconf 89' lang='lat' dir='ltr'><strong>spiritus</strong></span> <span class='ocrx_word' id='word_1_422' title='bbox 666 2978 932 3050; x_wconf 91' lang='lat' dir='ltr'><strong>pupugit,</strong></span> <span class='ocrx_word' id='word_1_423' title='bbox 963 2979 1034 3034; x_wconf 89' lang='lat' dir='ltr'><strong>Et</strong></span> <span class='ocrx_word' id='word_1_424' title='bbox 1059 2977 1341 3034; x_wconf 86' lang='lat' dir='ltr'><strong>satisfacti</strong></span> <span class='ocrx_word' id='word_1_425' title='bbox 1374 2993 1575 3036; x_wconf 91' lang='lat' dir='ltr'><strong>sumus</strong></span> <span class='ocrx_word' id='word_1_426' title='bbox 1608 2993 1706 3049; x_wconf 86' lang='lat' dir='ltr'><strong>per</strong></span> <span class='ocrx_word' id='word_1_427' title='bbox 1735 2981 1950 3051; x_wconf 84' lang='lat' dir='ltr'><strong>omnia,</strong></span> <span class='ocrx_word' id='word_1_428' title='bbox 1998 2980 2046 3036; x_wconf 82' lang='lat' dir='ltr'><strong>et</strong></span> 
     </span>
    </p>
   </div>
   <div class='ocr_carea' id='block_1_61' title="bbox 2161 2977 3821 3070">
    <p class='ocr_par' dir='ltr' id='par_1_61' title="bbox 2164 2977 3821 3070">
     <span class='ocr_line' id='line_1_61' title="bbox 2164 2977 3821 3070; baseline 0 -19"><span class='ocrx_word' id='word_1_429' title='bbox 2164 2996 2276 3052; x_wconf 92' lang='lat' dir='ltr'><strong>bus</strong></span> <span class='ocrx_word' id='word_1_430' title='bbox 2297 2996 2680 3053; x_wconf 89' lang='lat' dir='ltr'><strong>Ecclesiarum</strong></span> <span class='ocrx_word' id='word_1_431' title='bbox 2711 3011 2836 3067; x_wconf 66' lang='lat' dir='ltr'><strong>quae</strong></span> <span class='ocrx_word' id='word_1_432' title='bbox 2857 2998 3007 3068; x_wconf 91' lang='lat' dir='ltr'><strong>apud</strong></span> <span class='ocrx_word' id='word_1_433' title='bbox 3031 3011 3136 3055; x_wconf 88' lang='lat' dir='ltr'><strong>nos</strong></span> <span class='ocrx_word' id='word_1_434' title='bbox 3157 2977 3309 3070; x_wconf 77' lang='lat' dir='ltr'><strong>sunt,</strong></span> <span class='ocrx_word' id='word_1_435' title='bbox 3342 3005 3408 3055; x_wconf 90' lang='lat' dir='ltr'><strong>ut</strong></span> <span class='ocrx_word' id='word_1_436' title='bbox 3435 3013 3564 3056; x_wconf 81' lang='lat' dir='ltr'><strong>cum</strong></span> <span class='ocrx_word' id='word_1_437' title='bbox 3600 2998 3678 3054; x_wconf 91' lang='lat' dir='ltr'><strong>ﬁd</strong></span> <span class='ocrx_word' id='word_1_438' title='bbox 3700 2997 3821 3055; x_wconf 89' lang='lat' dir='ltr'><strong>ucia</strong></span> 
     </span>
    </p>
   </div>
   <div class='ocr_carea' id='block_1_62' title="bbox 395 3066 3818 3158">
    <p class='ocr_par' dir='ltr' id='par_1_62' title="bbox 395 3066 3818 3158">
     <span class='ocr_line' id='line_1_62' title="bbox 395 3066 3818 3158; baseline 0 -18"><span class='ocrx_word' id='word_1_439' title='bbox 395 3081 494 3140; x_wconf 79' lang='lat' dir='ltr'><strong>per</strong></span> <span class='ocrx_word' id='word_1_440' title='bbox 533 3066 1019 3158; x_wconf 8' lang='lat' dir='ltr'><strong>experimentum,</strong></span> <span class='ocrx_word' id='word_1_441' title='bbox 1048 3067 1442 3158; x_wconf 57' lang='lat' dir='ltr'><strong>cognovimus,</strong></span> <span class='ocrx_word' id='word_1_442' title='bbox 1498 3068 1635 3139; x_wconf 81' lang='lat' dir='ltr'><strong>quia</strong></span> <span class='ocrx_word' id='word_1_443' title='bbox 1687 3067 1835 3124; x_wconf 74' lang='lat' dir='ltr'><strong>valet</strong></span> <span class='ocrx_word' id='word_1_444' title='bbox 1885 3083 2056 3140; x_wconf 77' lang='lat' dir='ltr'><strong>super</strong></span> <span class='ocrx_word' id='word_1_445' title='bbox 2084 3089 2134 3154; x_wconf 74' lang='grc' dir='ltr'>ο</span> <span class='ocrx_word' id='word_1_446' title='bbox 2166 3086 2478 3143; x_wconf 90' lang='lat' dir='ltr'><strong>secundum</strong></span> <span class='ocrx_word' id='word_1_447' title='bbox 2515 3066 2778 3142; x_wconf 86' lang='lat' dir='ltr'><strong>divinum</strong></span> <span class='ocrx_word' id='word_1_448' title='bbox 2821 3066 3158 3156; x_wconf 82' lang='lat' dir='ltr'><strong>Apostolum</strong></span> <span class='ocrx_word' id='word_1_449' title='bbox 3195 3066 3456 3145; x_wconf 83' lang='lat' dir='ltr'><strong>dicamus</strong></span> <span class='ocrx_word' id='word_1_450' title='bbox 3483 3085 3626 3158; x_wconf 84' lang='lat' dir='ltr'><strong>(Act.</strong></span> <span class='ocrx_word' id='word_1_451' title='bbox 3663 3087 3818 3144; x_wconf 72' lang='lat' dir='ltr'><strong>xxi:</strong></span> 
     </span>
    </p>
   </div>
   <div class='ocr_carea' id='block_1_63' title="bbox 391 3155 2050 3225">
    <p class='ocr_par' dir='ltr' id='par_1_63' title="bbox 391 3155 2050 3225">
     <span class='ocr_line' id='line_1_63' title="bbox 391 3155 2050 3225; baseline -0.001 -10"><span class='ocrx_word' id='word_1_452' title='bbox 391 3157 586 3215; x_wconf 90' lang='lat' dir='ltr'><strong>omnia</strong></span> <span class='ocrx_word' id='word_1_453' title='bbox 615 3156 844 3225; x_wconf 84' lang='lat' dir='ltr'><strong>veritas,</strong></span> <span class='ocrx_word' id='word_1_454' title='bbox 871 3160 926 3212; x_wconf 92' lang='lat' dir='ltr'><strong>et</strong></span> <span class='ocrx_word' id='word_1_455' title='bbox 969 3155 1154 3212; x_wconf 92' lang='lat' dir='ltr'><strong>vincit</strong></span> <span class='ocrx_word' id='word_1_456' title='bbox 1178 3157 1492 3213; x_wconf 89' lang='lat' dir='ltr'><strong>secundum</strong></span> <span class='ocrx_word' id='word_1_457' title='bbox 1525 3170 1636 3214; x_wconf 91' lang='lat' dir='ltr'><strong>non</strong></span> <span class='ocrx_word' id='word_1_458' title='bbox 1688 3158 2050 3214; x_wconf 89' lang='lat' dir='ltr'><strong>mentientem</strong></span> 
     </span>
    </p>
   </div>
   <div class='ocr_carea' id='block_1_64' title="bbox 308 3244 2050 3312">
    <p class='ocr_par' dir='ltr' id='par_1_64' title="bbox 308 3244 2050 3312">
     <span class='ocr_line' id='line_1_64' title="bbox 308 3244 2050 3312; baseline 0 -8"><span class='ocrx_word' id='word_1_459' title='bbox 308 3303 320 3312; x_wconf 84' lang='grc'><em>,</em></span> <span class='ocrx_word' id='word_1_460' title='bbox 390 3246 638 3305; x_wconf 91' lang='lat' dir='ltr'><strong>dicentis</strong></span> <span class='ocrx_word' id='word_1_461' title='bbox 657 3259 868 3302; x_wconf 89' lang='lat' dir='ltr'><strong>vocem.</strong></span> <span class='ocrx_word' id='word_1_462' title='bbox 897 3244 1344 3301; x_wconf 87' lang='lat' dir='ltr'><strong>Resistitautem</strong></span> <span class='ocrx_word' id='word_1_463' title='bbox 1362 3245 1415 3301; x_wconf 91' lang='lat' dir='ltr'><strong>ei</strong></span> <span class='ocrx_word' id='word_1_464' title='bbox 1438 3245 1836 3304; x_wconf 88' lang='lat' dir='ltr'><strong>universorum</strong></span> <span class='ocrx_word' id='word_1_465' title='bbox 1853 3247 2050 3304; x_wconf 89' lang='lat' dir='ltr'><strong>nullus</strong></span> 
     </span>
    </p>
   </div>
   <div class='ocr_carea' id='block_1_65' title="bbox 393 3331 2055 3411">
    <p class='ocr_par' dir='ltr' id='par_1_65' title="bbox 393 3331 2055 3411">
     <span class='ocr_line' id='line_1_65' title="bbox 393 3331 2055 3411; baseline 0.001 -19"><span class='ocrx_word' id='word_1_466' title='bbox 393 3332 536 3411; x_wconf 86' lang='lat' dir='ltr'><strong>[G-r.,</strong></span> <span class='ocrx_word' id='word_1_467' title='bbox 563 3335 759 3392; x_wconf 91' lang='lat' dir='ltr'><strong>omnin</strong></span> <span class='ocrx_word' id='word_1_468' title='bbox 812 3331 1010 3409; x_wconf 90' lang='lat' dir='ltr'><strong>nihil],</strong></span> <span class='ocrx_word' id='word_1_469' title='bbox 1062 3338 1118 3391; x_wconf 91' lang='lat' dir='ltr'><strong>et</strong></span> <span class='ocrx_word' id='word_1_470' title='bbox 1141 3339 1227 3391; x_wconf 90' lang='lat' dir='ltr'><strong>est</strong></span> <span class='ocrx_word' id='word_1_471' title='bbox 1256 3334 1680 3408; x_wconf 89' lang='lat' dir='ltr'><strong>robustissima,</strong></span> <span class='ocrx_word' id='word_1_472' title='bbox 1733 3337 1812 3392; x_wconf 89' lang='lat' dir='ltr'><strong>ita</strong></span> <span class='ocrx_word' id='word_1_473' title='bbox 1844 3341 1908 3393; x_wconf 93' lang='lat' dir='ltr'><strong>ut</strong></span> <span class='ocrx_word' id='word_1_474' title='bbox 1929 3337 2055 3394; x_wconf 89' lang='lat' dir='ltr'><strong>ele-</strong></span> 
     </span>
    </p>
   </div>
   <div class='ocr_carea' id='block_1_66' title="bbox 392 3423 2052 3495">
    <p class='ocr_par' dir='ltr' id='par_1_66' title="bbox 392 3423 2052 3495">
     <span class='ocr_line' id='line_1_66' title="bbox 392 3423 2052 3495; baseline 0.001 -13"><span class='ocrx_word' id='word_1_475' title='bbox 392 3429 558 3482; x_wconf 89' lang='lat' dir='ltr'><strong>vetur</strong></span> <span class='ocrx_word' id='word_1_476' title='bbox 584 3430 780 3480; x_wconf 90' lang='lat' dir='ltr'><strong>contra</strong></span> <span class='ocrx_word' id='word_1_477' title='bbox 801 3437 998 3480; x_wconf 89' lang='lat' dir='ltr'><strong>omnes</strong></span> <span class='ocrx_word' id='word_1_478' title='bbox 1015 3423 1322 3494; x_wconf 91' lang='lat' dir='ltr'><strong>inimicos;</strong></span> <span class='ocrx_word' id='word_1_479' title='bbox 1354 3428 1409 3481; x_wconf 91' lang='lat' dir='ltr'><strong>et</strong></span> <span class='ocrx_word' id='word_1_480' title='bbox 1433 3439 1630 3481; x_wconf 90' lang='lat' dir='ltr'><strong>eorum</strong></span> <span class='ocrx_word' id='word_1_481' title='bbox 1648 3425 1748 3495; x_wconf 92' lang='lat' dir='ltr'><strong>qui</strong></span> <span class='ocrx_word' id='word_1_482' title='bbox 1773 3425 2052 3483; x_wconf 90' lang='lat' dir='ltr'><strong>resistunt</strong></span> 
     </span>
    </p>
   </div>
   <div class='ocr_carea' id='block_1_67' title="bbox 393 3511 2048 3585">
    <p class='ocr_par' dir='ltr' id='par_1_67' title="bbox 393 3511 2048 3585">
     <span class='ocr_line' id='line_1_67' title="bbox 393 3511 2048 3585; baseline 0 -15"><span class='ocrx_word' id='word_1_483' title='bbox 393 3512 530 3584; x_wconf 91' lang='lat' dir='ltr'><strong>sibi,</strong></span> <span class='ocrx_word' id='word_1_484' title='bbox 555 3511 806 3585; x_wconf 87' lang='lat' dir='ltr'><strong>legiones</strong></span> <span class='ocrx_word' id='word_1_485' title='bbox 823 3513 1112 3570; x_wconf 89' lang='lat' dir='ltr'><strong>dissolvit.</strong></span> <span class='ocrx_word' id='word_1_486' title='bbox 1136 3514 1275 3569; x_wconf 88' lang='lat' dir='ltr'><strong>Ecce</strong></span> <span class='ocrx_word' id='word_1_487' title='bbox 1290 3513 1467 3584; x_wconf 91' lang='lat' dir='ltr'><strong>enim,</strong></span> <span class='ocrx_word' id='word_1_488' title='bbox 1489 3527 1616 3570; x_wconf 91' lang='lat' dir='ltr'><strong>ecce</strong></span> <span class='ocrx_word' id='word_1_489' title='bbox 1633 3513 1787 3570; x_wconf 90' lang='lat' dir='ltr'><strong>labia</strong></span> <span class='ocrx_word' id='word_1_490' title='bbox 1817 3514 2048 3584; x_wconf 91' lang='lat' dir='ltr'><strong>quidem</strong></span> 
     </span>
    </p>
   </div>
   <div class='ocr_carea' id='block_1_68' title="bbox 394 3599 2049 3674">
    <p class='ocr_par' dir='ltr' id='par_1_68' title="bbox 394 3599 2049 3674">
     <span class='ocr_line' id='line_1_68' title="bbox 394 3599 2049 3674; baseline 0.001 -17"><span class='ocrx_word' id='word_1_491' title='bbox 394 3599 539 3658; x_wconf 87' lang='lat' dir='ltr'><strong>falsa</strong></span> <span class='ocrx_word' id='word_1_492' title='bbox 565 3601 924 3674; x_wconf 91' lang='lat' dir='ltr'><strong>loquentium</strong></span> <span class='ocrx_word' id='word_1_493' title='bbox 953 3606 1342 3672; x_wconf 86' lang='lat' dir='ltr'><strong>cessaverunt,</strong></span> <span class='ocrx_word' id='word_1_494' title='bbox 1391 3606 1448 3656; x_wconf 91' lang='lat' dir='ltr'><strong>et</strong></span> <span class='ocrx_word' id='word_1_495' title='bbox 1475 3601 1663 3672; x_wconf 88' lang='lat' dir='ltr'><strong>caligo</strong></span> <span class='ocrx_word' id='word_1_496' title='bbox 1719 3602 2049 3671; x_wconf 89' lang='lat' dir='ltr'><strong>procacium</strong></span> 
     </span>
    </p>
   </div>
   <div class='ocr_carea' id='block_1_69' title="bbox 394 3687 2053 3762">
    <p class='ocr_par' dir='ltr' id='par_1_69' title="bbox 394 3687 2053 3762">
     <span class='ocr_line' id='line_1_69' title="bbox 394 3687 2053 3762; baseline -0.001 -14"><span class='ocrx_word' id='word_1_497' title='bbox 394 3690 884 3759; x_wconf 89' lang='lat' dir='ltr'><strong>vituperationum</strong></span> <span class='ocrx_word' id='word_1_498' title='bbox 897 3687 2053 3762; x_wconf 79' lang='lat' dir='ltr'><strong>quievit;illuxitautemveritatisdogma-</strong></span> 
     </span>
    </p>
   </div>
   <div class='ocr_carea' id='block_1_70' title="bbox 395 3775 2043 3848">
    <p class='ocr_par' dir='ltr' id='par_1_70' title="bbox 395 3775 2043 3848">
     <span class='ocr_line' id='line_1_70' title="bbox 395 3775 2043 3848; baseline 0 -13"><span class='ocrx_word' id='word_1_499' title='bbox 395 3784 518 3835; x_wconf 91' lang='lat' dir='ltr'><strong>tum</strong></span> <span class='ocrx_word' id='word_1_500' title='bbox 552 3776 1202 3848; x_wconf 81' lang='lat' dir='ltr'><strong>speciositas,&#39;undique</strong></span> <span class='ocrx_word' id='word_1_501' title='bbox 1226 3775 1444 3848; x_wconf 89' lang='lat' dir='ltr'><strong>abjecta</strong></span> <span class='ocrx_word' id='word_1_502' title='bbox 1484 3777 1752 3834; x_wconf 68' lang='lat' dir='ltr'><strong>haeretica</strong></span> <span class='ocrx_word' id='word_1_503' title='bbox 1788 3777 2043 3836; x_wconf 88' lang='lat' dir='ltr'><strong>infamia.</strong></span> 
     </span>
    </p>
   </div>
   <div class='ocr_carea' id='block_1_71' title="bbox 395 3865 2052 3938">
    <p class='ocr_par' dir='ltr' id='par_1_71' title="bbox 395 3865 2052 3938">
     <span class='ocr_line' id='line_1_71' title="bbox 395 3865 2052 3938; baseline 0.002 -18"><span class='ocrx_word' id='word_1_504' title='bbox 395 3867 465 3921; x_wconf 88' lang='lat' dir='ltr'><strong>Et</strong></span> <span class='ocrx_word' id='word_1_505' title='bbox 493 3865 746 3920; x_wconf 86' lang='lat' dir='ltr'><strong>Ecclesia</strong></span> <span class='ocrx_word' id='word_1_506' title='bbox 775 3868 1172 3920; x_wconf 88' lang='lat' dir='ltr'><strong>ornamentum</strong></span> <span class='ocrx_word' id='word_1_507' title='bbox 1192 3877 1365 3919; x_wconf 91' lang='lat' dir='ltr'><strong>suum</strong></span> <span class='ocrx_word' id='word_1_508' title='bbox 1383 3865 1590 3922; x_wconf 90' lang='lat' dir='ltr'><strong>sortita</strong></span> <span class='ocrx_word' id='word_1_509' title='bbox 1613 3871 1719 3937; x_wconf 90' lang='lat' dir='ltr'><strong>est,</strong></span> <span class='ocrx_word' id='word_1_510' title='bbox 1752 3870 1809 3922; x_wconf 91' lang='lat' dir='ltr'><strong>et</strong></span> <span class='ocrx_word' id='word_1_511' title='bbox 1831 3869 2052 3938; x_wconf 90' lang='lat' dir='ltr'><strong>accepit</strong></span> 
     </span>
    </p>
   </div>
   <div class='ocr_carea' id='block_1_72' title="bbox 398 3951 2053 4023">
    <p class='ocr_par' dir='ltr' id='par_1_72' title="bbox 398 3951 2053 4023">
     <span class='ocr_line' id='line_1_72' title="bbox 398 3951 2053 4023; baseline 0.004 -14"><span class='ocrx_word' id='word_1_512' title='bbox 398 3953 653 4023; x_wconf 89' lang='lat' dir='ltr'><strong>requiem</strong></span> <span class='ocrx_word' id='word_1_513' title='bbox 684 3966 752 4008; x_wconf 84' lang='lat' dir='ltr'><strong>ex</strong></span> <span class='ocrx_word' id='word_1_514' title='bbox 781 3951 1243 4022; x_wconf 89' lang='lat' dir='ltr'><strong>opprimentibus</strong></span> <span class='ocrx_word' id='word_1_515' title='bbox 1279 3967 1339 4010; x_wconf 89' lang='lat' dir='ltr'><strong>se</strong></span> <span class='ocrx_word' id='word_1_516' title='bbox 1363 3952 1681 4010; x_wconf 90' lang='lat' dir='ltr'><strong>doloribus.</strong></span> <span class='ocrx_word' id='word_1_517' title='bbox 1736 3955 2053 4015; x_wconf 86' lang='lat' dir='ltr'><strong>Immobilis</strong></span> 
     </span>
    </p>
   </div>
   <div class='ocr_carea' id='block_1_73' title="bbox 397 4040 2051 4114">
    <p class='ocr_par' dir='ltr' id='par_1_73' title="bbox 397 4040 2051 4114">
     <span class='ocr_line' id='line_1_73' title="bbox 397 4040 2051 4114; baseline 0.003 -16"><span class='ocrx_word' id='word_1_518' title='bbox 397 4040 551 4098; x_wconf 90' lang='lat' dir='ltr'><strong>enim</strong></span> <span class='ocrx_word' id='word_1_519' title='bbox 593 4044 764 4097; x_wconf 91' lang='lat' dir='ltr'><strong>estet</strong></span> <span class='ocrx_word' id='word_1_520' title='bbox 803 4040 1271 4112; x_wconf 83' lang='lat' dir='ltr'><strong>inexpugnabilis</strong></span> <span class='ocrx_word' id='word_1_521' title='bbox 1299 4061 1310 4096; x_wconf 92' lang='lat'><strong>:</strong></span> <span class='ocrx_word' id='word_1_522' title='bbox 1339 4042 1614 4100; x_wconf 90' lang='lat' dir='ltr'><strong>adversus</strong></span> <span class='ocrx_word' id='word_1_523' title='bbox 1663 4044 1831 4114; x_wconf 88' lang='lat' dir='ltr'><strong>cujus</strong></span> <span class='ocrx_word' id='word_1_524' title='bbox 1885 4045 2051 4104; x_wconf 88' lang='lat' dir='ltr'><strong>ﬁdem</strong></span> 
     </span>
    </p>
   </div>
   <div class='ocr_carea' id='block_1_74' title="bbox 401 4127 2049 4207">
    <p class='ocr_par' dir='ltr' id='par_1_74' title="bbox 401 4127 2049 4207">
     <span class='ocr_line' id='line_1_74' title="bbox 401 4127 2049 4207; baseline 0.003 -21"><span class='ocrx_word' id='word_1_525' title='bbox 401 4134 576 4200; x_wconf 67' lang='lat' dir='ltr'><strong>portae</strong></span> <span class='ocrx_word' id='word_1_526' title='bbox 606 4127 776 4187; x_wconf 86' lang='lat' dir='ltr'><strong>inferi</strong></span> <span class='ocrx_word' id='word_1_527' title='bbox 809 4135 866 4186; x_wconf 93' lang='lat' dir='ltr'><strong>et</strong></span> <span class='ocrx_word' id='word_1_528' title='bbox 891 4127 1255 4186; x_wconf 88' lang='lat' dir='ltr'><strong>inﬁdelitatis</strong></span> <span class='ocrx_word' id='word_1_529' title='bbox 1281 4131 1584 4202; x_wconf 63' lang='lat' dir='ltr'><strong>praevalere</strong></span> <span class='ocrx_word' id='word_1_530' title='bbox 1615 4146 1726 4190; x_wconf 90' lang='lat' dir='ltr'><strong>non</strong></span> <span class='ocrx_word' id='word_1_531' title='bbox 1762 4137 2049 4207; x_wconf 90' lang='lat' dir='ltr'><strong>poterunt,</strong></span> 
     </span>
    </p>
   </div>
   <div class='ocr_carea' id='block_1_75' title="bbox 400 4219 2056 4292">
    <p class='ocr_par' dir='ltr' id='par_1_75' title="bbox 400 4219 2056 4292">
     <span class='ocr_line' id='line_1_75' title="bbox 400 4219 2056 4292; baseline 0.002 -16"><span class='ocrx_word' id='word_1_532' title='bbox 400 4219 554 4277; x_wconf 87' lang='lat' dir='ltr'><strong>sicut</strong></span> <span class='ocrx_word' id='word_1_533' title='bbox 589 4233 658 4276; x_wconf 79' lang='lat' dir='ltr'><strong>ex</strong></span> <span class='ocrx_word' id='word_1_534' title='bbox 685 4219 986 4276; x_wconf 90' lang='lat' dir='ltr'><strong>Dominica</strong></span> <span class='ocrx_word' id='word_1_535' title='bbox 1014 4232 1149 4277; x_wconf 87' lang='lat' dir='ltr'><strong>voce</strong></span> <span class='ocrx_word' id='word_1_536' title='bbox 1185 4220 1516 4278; x_wconf 88' lang='lat' dir='ltr'><strong>audivimus</strong></span> <span class='ocrx_word' id='word_1_537' title='bbox 1548 4220 1738 4292; x_wconf 74' lang='lat' dir='ltr'><strong>(Matii.</strong></span> <span class='ocrx_word' id='word_1_538' title='bbox 1782 4226 1902 4292; x_wconf 79' lang='lat' dir='ltr'><strong>xvr)</strong></span> <span class='ocrx_word' id='word_1_539' title='bbox 1937 4243 1954 4278; x_wconf 91' lang='lat'><strong><em>:</em></strong></span> <span class='ocrx_word' id='word_1_540' title='bbox 1985 4227 2056 4279; x_wconf 91' lang='lat' dir='ltr'><strong>Et</strong></span> 
     </span>
    </p>
   </div>
   <div class='ocr_carea' id='block_1_76' title="bbox 2160 3175 3822 3248">
    <p class='ocr_par' dir='ltr' id='par_1_76' title="bbox 2160 3175 3822 3248">
     <span class='ocr_line' id='line_1_76' title="bbox 2160 3175 3822 3248; baseline 0.002 -18"><span class='ocrx_word' id='word_1_541' title='bbox 2160 3175 2358 3231; x_wconf 85' lang='lat' dir='ltr'><strong>Mundi</strong></span> <span class='ocrx_word' id='word_1_542' title='bbox 2391 3189 2591 3232; x_wconf 90' lang='lat' dir='ltr'><strong>sumus</strong></span> <span class='ocrx_word' id='word_1_543' title='bbox 2610 3189 2644 3231; x_wconf 89' lang='lat' dir='ltr'><strong>a</strong></span> <span class='ocrx_word' id='word_1_544' title='bbox 2673 3177 2952 3248; x_wconf 86' lang='lat' dir='ltr'><strong>sanguine</strong></span> <span class='ocrx_word' id='word_1_545' title='bbox 2982 3177 3476 3246; x_wconf 69' lang='lat' dir='ltr'><strong>prmvaricantium</strong></span> <span class='ocrx_word' id='word_1_546' title='bbox 3507 3179 3822 3234; x_wconf 82' lang='lat' dir='ltr'><strong>canonicas</strong></span> 
     </span>
    </p>
   </div>
   <div class='ocr_carea' id='block_1_77' title="bbox 2159 3264 3820 3337">
    <p class='ocr_par' dir='ltr' id='par_1_77' title="bbox 2159 3264 3820 3337">
     <span class='ocr_line' id='line_1_77' title="bbox 2159 3264 3820 3337; baseline 0.001 -17"><span class='ocrx_word' id='word_1_547' title='bbox 2159 3264 2591 3336; x_wconf 90' lang='lat' dir='ltr'><strong>dispositiones,</strong></span> <span class='ocrx_word' id='word_1_548' title='bbox 2615 3270 2670 3321; x_wconf 92' lang='lat' dir='ltr'><strong>et</strong></span> <span class='ocrx_word' id='word_1_549' title='bbox 2688 3265 2867 3322; x_wconf 90' lang='lat' dir='ltr'><strong>multo</strong></span> <span class='ocrx_word' id='word_1_550' title='bbox 2885 3265 3068 3337; x_wconf 86' lang='lat' dir='ltr'><strong>magis</strong></span> <span class='ocrx_word' id='word_1_551' title='bbox 3087 3279 3283 3323; x_wconf 90' lang='lat' dir='ltr'><strong>eorum</strong></span> <span class='ocrx_word' id='word_1_552' title='bbox 3306 3267 3406 3337; x_wconf 89' lang='lat' dir='ltr'><strong>qui</strong></span> <span class='ocrx_word' id='word_1_553' title='bbox 3426 3281 3525 3337; x_wconf 92' lang='lat' dir='ltr'><strong>per</strong></span> <span class='ocrx_word' id='word_1_554' title='bbox 3544 3267 3820 3337; x_wconf 83' lang='lat' dir='ltr'><strong>pecunias</strong></span> 
     </span>
    </p>
   </div>
   <div class='ocr_carea' id='block_1_78' title="bbox 2161 3351 3822 3428">
    <p class='ocr_par' dir='ltr' id='par_1_78' title="bbox 2161 3351 3822 3428">
     <span class='ocr_line' id='line_1_78' title="bbox 2161 3351 3822 3428; baseline 0.004 -20"><span class='ocrx_word' id='word_1_555' title='bbox 2161 3366 2366 3410; x_wconf 90' lang='lat' dir='ltr'><strong>manus</strong></span> <span class='ocrx_word' id='word_1_556' title='bbox 2395 3354 2796 3424; x_wconf 91' lang='lat' dir='ltr'><strong>imposuerunt</strong></span> <span class='ocrx_word' id='word_1_557' title='bbox 2811 3354 2894 3410; x_wconf 91' lang='lat' dir='ltr'><strong>vel</strong></span> <span class='ocrx_word' id='word_1_558' title='bbox 2914 3351 3372 3428; x_wconf 87' lang='lat' dir='ltr'><strong>imponunt[Gr.,</strong></span> <span class='ocrx_word' id='word_1_559' title='bbox 3387 3355 3471 3411; x_wconf 87' lang='lat' dir='ltr'><strong>vel</strong></span> <span class='ocrx_word' id='word_1_560' title='bbox 3493 3369 3706 3414; x_wconf 87' lang='lat' dir='ltr'><strong>manus</strong></span> <span class='ocrx_word' id='word_1_561' title='bbox 3727 3359 3822 3416; x_wconf 90' lang='lat' dir='ltr'><strong>im-</strong></span> 
     </span>
    </p>
   </div>
   <div class='ocr_carea' id='block_1_79' title="bbox 2161 3440 3820 3519">
    <p class='ocr_par' dir='ltr' id='par_1_79' title="bbox 2161 3440 3820 3519">
     <span class='ocr_line' id='line_1_79' title="bbox 2161 3440 3820 3519; baseline 0.004 -20"><span class='ocrx_word' id='word_1_562' title='bbox 2161 3443 2502 3513; x_wconf 91' lang='lat' dir='ltr'><strong>positionem</strong></span> <span class='ocrx_word' id='word_1_563' title='bbox 2523 3440 2916 3518; x_wconf 89' lang='lat' dir='ltr'><strong>acceperunt];</strong></span> <span class='ocrx_word' id='word_1_564' title='bbox 2940 3445 3102 3500; x_wconf 88' lang='lat' dir='ltr'><strong>Petro</strong></span> <span class='ocrx_word' id='word_1_565' title='bbox 3115 3443 3316 3501; x_wconf 89' lang='lat' dir='ltr'><strong>divino</strong></span> <span class='ocrx_word' id='word_1_566' title='bbox 3337 3445 3633 3518; x_wconf 84' lang='lat' dir='ltr'><strong>Apostolo,</strong></span> <span class='ocrx_word' id='word_1_567' title='bbox 3655 3450 3820 3519; x_wconf 82' lang='lat' dir='ltr'><strong>cujus</strong></span> 
     </span>
    </p>
   </div>
   <div class='ocr_carea' id='block_1_80' title="bbox 2159 3531 3821 3604">
    <p class='ocr_par' dir='ltr' id='par_1_80' title="bbox 2159 3531 3821 3604">
     <span class='ocr_line' id='line_1_80' title="bbox 2159 3531 3821 3604; baseline 0.004 -18"><span class='ocrx_word' id='word_1_568' title='bbox 2159 3531 2485 3588; x_wconf 87' lang='lat' dir='ltr'><strong>cathedram</strong></span> <span class='ocrx_word' id='word_1_569' title='bbox 2515 3531 2718 3586; x_wconf 82' lang='lat' dir='ltr'><strong>sortita</strong></span> <span class='ocrx_word' id='word_1_570' title='bbox 2743 3536 2830 3586; x_wconf 89' lang='lat' dir='ltr'><strong>est</strong></span> <span class='ocrx_word' id='word_1_571' title='bbox 2859 3531 3108 3588; x_wconf 87' lang='lat' dir='ltr'><strong>fraterna</strong></span> <span class='ocrx_word' id='word_1_572' title='bbox 3147 3533 3424 3590; x_wconf 88' lang='lat' dir='ltr'><strong>sanctitas</strong></span> <span class='ocrx_word' id='word_1_573' title='bbox 3454 3539 3669 3604; x_wconf 90' lang='lat' dir='ltr'><strong>vestra,</strong></span> <span class='ocrx_word' id='word_1_574' title='bbox 3723 3536 3821 3592; x_wconf 92' lang='lat' dir='ltr'><strong>hos</strong></span> 
     </span>
    </p>
   </div>
   <div class='ocr_carea' id='block_1_81' title="bbox 2159 3618 3821 3693">
    <p class='ocr_par' dir='ltr' id='par_1_81' title="bbox 2159 3618 3821 3693">
     <span class='ocr_line' id='line_1_81' title="bbox 2159 3618 3821 3693; baseline 0.002 -18"><span class='ocrx_word' id='word_1_575' title='bbox 2159 3624 2433 3688; x_wconf 89' lang='lat' dir='ltr'><strong>tanquam</strong></span> <span class='ocrx_word' id='word_1_576' title='bbox 2489 3618 2776 3674; x_wconf 88' lang='lat' dir='ltr'><strong>Simonem</strong></span> <span class='ocrx_word' id='word_1_577' title='bbox 2831 3622 3057 3693; x_wconf 89' lang='lat' dir='ltr'><strong>Magum</strong></span> <span class='ocrx_word' id='word_1_578' title='bbox 3108 3621 3440 3692; x_wconf 90' lang='lat' dir='ltr'><strong>deponente.</strong></span> <span class='ocrx_word' id='word_1_579' title='bbox 3511 3624 3705 3692; x_wconf 84' lang='lat' dir='ltr'><strong>Hujus</strong></span> <span class='ocrx_word' id='word_1_580' title='bbox 3744 3623 3821 3680; x_wconf 89' lang='lat' dir='ltr'><strong>rei</strong></span> 
     </span>
    </p>
   </div>
   <div class='ocr_carea' id='block_1_82' title="bbox 2160 3706 3824 3782">
    <p class='ocr_par' dir='ltr' id='par_1_82' title="bbox 2160 3706 3824 3782">
     <span class='ocr_line' id='line_1_82' title="bbox 2160 3706 3824 3782; baseline 0.002 -19"><span class='ocrx_word' id='word_1_581' title='bbox 2160 3707 2344 3780; x_wconf 89' lang='lat' dir='ltr'><strong>gratia</strong></span> <span class='ocrx_word' id='word_1_582' title='bbox 2378 3720 2491 3762; x_wconf 92' lang='lat' dir='ltr'><strong>non</strong></span> <span class='ocrx_word' id='word_1_583' title='bbox 2513 3706 2992 3782; x_wconf 85' lang='lat' dir='ltr'><strong>subterfugimus,</strong></span> <span class='ocrx_word' id='word_1_584' title='bbox 3026 3723 3141 3781; x_wconf 90' lang='lat' dir='ltr'><strong>quo</strong></span> <span class='ocrx_word' id='word_1_585' title='bbox 3166 3711 3362 3767; x_wconf 92' lang='lat' dir='ltr'><strong>minus</strong></span> <span class='ocrx_word' id='word_1_586' title='bbox 3407 3714 3824 3770; x_wconf 89' lang='lat' dir='ltr'><strong>annuntiemus</strong></span> 
     </span>
    </p>
   </div>
   <div class='ocr_carea' id='block_1_83' title="bbox 2162 3795 3824 3870">
    <p class='ocr_par' dir='ltr' id='par_1_83' title="bbox 2162 3795 3824 3870">
     <span class='ocr_line' id='line_1_83' title="bbox 2162 3795 3824 3870; baseline 0.004 -20"><span class='ocrx_word' id='word_1_587' title='bbox 2162 3795 2476 3867; x_wconf 87' lang='lat' dir='ltr'><strong>veritatem,</strong></span> <span class='ocrx_word' id='word_1_588' title='bbox 2501 3797 2893 3854; x_wconf 88' lang='lat' dir='ltr'><strong>custodientes</strong></span> <span class='ocrx_word' id='word_1_589' title='bbox 2921 3804 2977 3854; x_wconf 91' lang='lat' dir='ltr'><strong>et</strong></span> <span class='ocrx_word' id='word_1_590' title='bbox 3007 3804 3260 3855; x_wconf 90' lang='lat' dir='ltr'><strong>tenentes</strong></span> <span class='ocrx_word' id='word_1_591' title='bbox 3285 3813 3410 3870; x_wconf 68' lang='lat' dir='ltr'><strong>quae</strong></span> <span class='ocrx_word' id='word_1_592' title='bbox 3438 3813 3472 3855; x_wconf 90' lang='lat' dir='ltr'><strong>a</strong></span> <span class='ocrx_word' id='word_1_593' title='bbox 3500 3802 3728 3858; x_wconf 88' lang='lat' dir='ltr'><strong>sanctis</strong></span> <span class='ocrx_word' id='word_1_594' title='bbox 3772 3805 3824 3856; x_wconf 91' lang='lat' dir='ltr'><strong>et</strong></span> 
     </span>
    </p>
   </div>
   <div class='ocr_carea' id='block_1_84' title="bbox 2161 3882 3826 3954">
    <p class='ocr_par' dir='ltr' id='par_1_84' title="bbox 2161 3882 3826 3954">
     <span class='ocr_line' id='line_1_84' title="bbox 2161 3882 3826 3954; baseline 0.004 -16"><span class='ocrx_word' id='word_1_595' title='bbox 2161 3882 2582 3940; x_wconf 90' lang='lat' dir='ltr'><strong>laudatissimis</strong></span> <span class='ocrx_word' id='word_1_596' title='bbox 2608 3882 2920 3954; x_wconf 82' lang='lat' dir='ltr'><strong>Apostolis,</strong></span> <span class='ocrx_word' id='word_1_597' title='bbox 2947 3892 3003 3942; x_wconf 90' lang='lat' dir='ltr'><strong>et</strong></span> <span class='ocrx_word' id='word_1_598' title='bbox 3043 3887 3511 3944; x_wconf 90' lang='lat' dir='ltr'><strong>memorabilibus</strong></span> <span class='ocrx_word' id='word_1_599' title='bbox 3551 3890 3826 3946; x_wconf 89' lang='lat' dir='ltr'><strong>Patribus</strong></span> 
     </span>
    </p>
   </div>
   <div class='ocr_carea' id='block_1_85' title="bbox 2163 3973 3827 4048">
    <p class='ocr_par' dir='ltr' id='par_1_85' title="bbox 2163 3973 3827 4048">
     <span class='ocr_line' id='line_1_85' title="bbox 2163 3973 3827 4048; baseline 0.004 -20"><span class='ocrx_word' id='word_1_600' title='bbox 2163 3973 2379 4029; x_wconf 90' lang='lat' dir='ltr'><strong>nostris</strong></span> <span class='ocrx_word' id='word_1_601' title='bbox 2399 3973 2671 4029; x_wconf 89' lang='lat' dir='ltr'><strong>canonice</strong></span> <span class='ocrx_word' id='word_1_602' title='bbox 2696 3979 2833 4030; x_wconf 90' lang='lat' dir='ltr'><strong>sunt</strong></span> <span class='ocrx_word' id='word_1_603' title='bbox 2862 3974 3082 4044; x_wconf 88' lang='lat' dir='ltr'><strong>prolata</strong></span> <span class='ocrx_word' id='word_1_604' title='bbox 3113 3993 3126 4029; x_wconf 91' lang='lat'><strong>:</strong></span> <span class='ocrx_word' id='word_1_605' title='bbox 3160 3981 3218 4032; x_wconf 91' lang='lat' dir='ltr'><strong>et</strong></span> <span class='ocrx_word' id='word_1_606' title='bbox 3244 3977 3351 4033; x_wconf 88' lang='lat' dir='ltr'><strong>hos</strong></span> <span class='ocrx_word' id='word_1_607' title='bbox 3395 3977 3494 4047; x_wconf 90' lang='lat' dir='ltr'><strong>qui</strong></span> <span class='ocrx_word' id='word_1_608' title='bbox 3525 3978 3672 4048; x_wconf 88' lang='lat' dir='ltr'><strong>quid</strong></span> <span class='ocrx_word' id='word_1_609' title='bbox 3720 3979 3827 4034; x_wconf 89' lang='lat' dir='ltr'><strong>ho—</strong></span> 
     </span>
    </p>
   </div>
   <div class='ocr_carea' id='block_1_86' title="bbox 2163 4063 3828 4138">
    <p class='ocr_par' dir='ltr' id='par_1_86' title="bbox 2163 4063 3828 4138">
     <span class='ocr_line' id='line_1_86' title="bbox 2163 4063 3828 4138; baseline 0.004 -21"><span class='ocrx_word' id='word_1_610' title='bbox 2163 4076 2290 4118; x_wconf 93' lang='lat' dir='ltr'><strong>rum</strong></span> <span class='ocrx_word' id='word_1_611' title='bbox 2312 4063 2784 4133; x_wconf 86' lang='lat' dir='ltr'><strong>contempserint,</strong></span> <span class='ocrx_word' id='word_1_612' title='bbox 2814 4063 3233 4122; x_wconf 85' lang='lat' dir='ltr'><strong>abominamur.</strong></span> <span class='ocrx_word' id='word_1_613' title='bbox 3262 4066 3446 4138; x_wconf 88' lang='lat' dir='ltr'><strong>Igitur</strong></span> <span class='ocrx_word' id='word_1_614' title='bbox 3479 4065 3739 4123; x_wconf 84' lang='lat' dir='ltr'><strong>fraterna</strong></span> <span class='ocrx_word' id='word_1_615' title='bbox 3774 4072 3828 4123; x_wconf 86' lang='lat' dir='ltr'><strong>et</strong></span> 
     </span>
    </p>
   </div>
   <div class='ocr_carea' id='block_1_87' title="bbox 2165 4150 3826 4224">
    <p class='ocr_par' dir='ltr' id='par_1_87' title="bbox 2165 4150 3826 4224">
     <span class='ocr_line' id='line_1_87' title="bbox 2165 4150 3826 4224; baseline 0.002 -18"><span class='ocrx_word' id='word_1_616' title='bbox 2165 4163 2388 4206; x_wconf 91' lang='lat' dir='ltr'><strong>summo</strong></span> <span class='ocrx_word' id='word_1_617' title='bbox 2409 4150 2728 4206; x_wconf 90' lang='lat' dir='ltr'><strong>sacerdotio</strong></span> <span class='ocrx_word' id='word_1_618' title='bbox 2757 4150 3024 4208; x_wconf 87' lang='lat' dir='ltr'><strong>decorata</strong></span> <span class='ocrx_word' id='word_1_619' title='bbox 3051 4152 3324 4209; x_wconf 89' lang='lat' dir='ltr'><strong>sanctitas</strong></span> <span class='ocrx_word' id='word_1_620' title='bbox 3363 4159 3570 4222; x_wconf 90' lang='lat' dir='ltr'><strong>vestra,</strong></span> <span class='ocrx_word' id='word_1_621' title='bbox 3597 4155 3737 4224; x_wconf 89' lang='lat' dir='ltr'><strong>jure</strong></span> <span class='ocrx_word' id='word_1_622' title='bbox 3764 4167 3826 4210; x_wconf 87' lang='lat' dir='ltr'><strong>ac</strong></span> 
     </span>
    </p>
   </div>
   <div class='ocr_carea' id='block_1_88' title="bbox 2165 4238 3826 4314">
    <p class='ocr_par' dir='ltr' id='par_1_88' title="bbox 2165 4238 3826 4314">
     <span class='ocr_line' id='line_1_88' title="bbox 2165 4238 3826 4314; baseline 0.002 -20"><span class='ocrx_word' id='word_1_623' title='bbox 2165 4238 2479 4294; x_wconf 91' lang='lat' dir='ltr'><strong>secundum</strong></span> <span class='ocrx_word' id='word_1_624' title='bbox 2509 4238 2610 4294; x_wconf 92' lang='lat' dir='ltr'><strong>Dei</strong></span> <span class='ocrx_word' id='word_1_625' title='bbox 2637 4239 2983 4295; x_wconf 87' lang='lat' dir='ltr'><strong>voluntatem</strong></span> <span class='ocrx_word' id='word_1_626' title='bbox 3013 4241 3394 4310; x_wconf 89' lang='lat' dir='ltr'><strong>pontiﬁcalem</strong></span> <span class='ocrx_word' id='word_1_627' title='bbox 3411 4242 3694 4300; x_wconf 84' lang='lat' dir='ltr'><strong>ordinans</strong></span> <span class='ocrx_word' id='word_1_628' title='bbox 3716 4244 3826 4314; x_wconf 89' lang='lat' dir='ltr'><strong>pie-</strong></span> 
     </span>
    </p>
   </div>
   <div class='ocr_carea' id='block_1_89' title="bbox 398 4308 2046 4403">
    <p class='ocr_par' dir='ltr' id='par_1_89' title="bbox 398 4308 2046 4382">
     <span class='ocr_line' id='line_1_89' title="bbox 398 4308 2046 4382; baseline 0.002 -17"><span class='ocrx_word' id='word_1_629' title='bbox 398 4309 662 4382; x_wconf 81' lang='lat' dir='ltr'><strong>repletum</strong></span> <span class='ocrx_word' id='word_1_630' title='bbox 726 4313 804 4365; x_wconf 88' lang='lat' dir='ltr'><strong>est</strong></span> <span class='ocrx_word' id='word_1_631' title='bbox 841 4308 1046 4378; x_wconf 88' lang='lat' dir='ltr'><strong>gaudio</strong></span> <span class='ocrx_word' id='word_1_632' title='bbox 1096 4324 1154 4363; x_wconf 86' lang='lat' dir='ltr'><strong>os</strong></span> <span class='ocrx_word' id='word_1_633' title='bbox 1226 4314 1493 4374; x_wconf 82' lang='lat' dir='ltr'><strong>nostrum,</strong></span> <span class='ocrx_word' id='word_1_634' title='bbox 1539 4315 1591 4366; x_wconf 87' lang='lat' dir='ltr'><strong>et</strong></span> <span class='ocrx_word' id='word_1_635' title='bbox 1634 4311 1826 4379; x_wconf 87' lang='lat' dir='ltr'><strong>lingua</strong></span> <span class='ocrx_word' id='word_1_636' title='bbox 1866 4318 2046 4368; x_wconf 83' lang='lat' dir='ltr'><strong>nostra</strong></span> 
     </span>
    </p>
   </div>
   <div class='ocr_carea' id='block_1_90' title="bbox 2161 4308 3829 4403">
    <p class='ocr_par' dir='ltr' id='par_1_90' title="bbox 2167 4308 3829 4403">
     <span class='ocr_line' id='line_1_90' title="bbox 2167 4308 3829 4403; baseline 0.002 -20"><span class='ocrx_word' id='word_1_637' title='bbox 2167 4331 2336 4383; x_wconf 86' lang='lat' dir='ltr'><strong>tatem</strong></span> <span class='ocrx_word' id='word_1_638' title='bbox 2386 4323 2527 4399; x_wconf 86' lang='lat' dir='ltr'><strong>[Gr.,</strong></span> <span class='ocrx_word' id='word_1_639' title='bbox 2554 4341 2779 4384; x_wconf 90' lang='lat' dir='ltr'><strong>sacrum</strong></span> <span class='ocrx_word' id='word_1_640' title='bbox 2825 4308 3252 4386; x_wconf 81' lang='lat' dir='ltr'><strong>hierarchicum</strong></span> <span class='ocrx_word' id='word_1_641' title='bbox 3279 4331 3608 4403; x_wconf 86' lang='lat' dir='ltr'><strong>gubernans</strong></span> <span class='ocrx_word' id='word_1_642' title='bbox 3658 4308 3829 4390; x_wconf 66' lang='lat' dir='ltr'><strong>ordi-</strong></span> 
     </span>
    </p>
   </div>
   <div class='ocr_carea' id='block_1_91' title="bbox 401 4395 2046 4493">
    <p class='ocr_par' dir='ltr' id='par_1_91' title="bbox 401 4395 2046 4470">
     <span class='ocr_line' id='line_1_91' title="bbox 401 4395 2046 4470; baseline 0.002 -16"><span class='ocrx_word' id='word_1_643' title='bbox 401 4399 761 4454; x_wconf 64' lang='lat' dir='ltr'><strong>exsultatione</strong></span> <span class='ocrx_word' id='word_1_644' title='bbox 805 4397 972 4469; x_wconf 88' lang='lat' dir='ltr'><strong>(Psal.</strong></span> <span class='ocrx_word' id='word_1_645' title='bbox 1003 4397 1168 4470; x_wconf 80' lang='lat' dir='ltr'><strong>cxxv)</strong></span> <span class='ocrx_word' id='word_1_646' title='bbox 1201 4415 1214 4452; x_wconf 91' lang='lat'><strong>:</strong></span> <span class='ocrx_word' id='word_1_647' title='bbox 1252 4403 1308 4454; x_wconf 92' lang='lat' dir='ltr'><strong>et</strong></span> <span class='ocrx_word' id='word_1_648' title='bbox 1365 4395 1502 4454; x_wconf 86' lang='lat' dir='ltr'><strong>facti</strong></span> <span class='ocrx_word' id='word_1_649' title='bbox 1555 4413 1756 4456; x_wconf 91' lang='lat' dir='ltr'><strong>sumus</strong></span> <span class='ocrx_word' id='word_1_650' title='bbox 1799 4399 2046 4458; x_wconf 67' lang='lat' dir='ltr'><strong>laetantes</strong></span> 
     </span>
    </p>
   </div>
   <div class='ocr_carea' id='block_1_92' title="bbox 2161 4395 3829 4493">
    <p class='ocr_par' dir='ltr' id='par_1_92' title="bbox 2166 4395 3829 4493">
     <span class='ocr_line' id='line_1_92' title="bbox 2166 4395 3829 4493; baseline 0.002 -19"><span class='ocrx_word' id='word_1_651' title='bbox 2166 4415 2336 4492; x_wconf 92' lang='lat' dir='ltr'><strong>nem],</strong></span> <span class='ocrx_word' id='word_1_652' title='bbox 2369 4395 2827 4488; x_wconf 79' lang='lat' dir='ltr'><strong>opinatissimam</strong></span> <span class='ocrx_word' id='word_1_653' title='bbox 2861 4419 3030 4474; x_wconf 89' lang='lat' dir='ltr'><strong>habet</strong></span> <span class='ocrx_word' id='word_1_654' title='bbox 3058 4395 3320 4491; x_wconf 70' lang='lat' dir='ltr'><strong>gloriam.</strong></span> <span class='ocrx_word' id='word_1_655' title='bbox 3343 4421 3506 4477; x_wconf 81' lang='lat' dir='ltr'><strong>Dixit</strong></span> <span class='ocrx_word' id='word_1_656' title='bbox 3542 4423 3702 4478; x_wconf 87' lang='lat' dir='ltr'><strong>enim</strong></span> <span class='ocrx_word' id='word_1_657' title='bbox 3732 4437 3829 4493; x_wconf 89' lang='lat' dir='ltr'><strong>per</strong></span> 
     </span>
    </p>
   </div>
   <div class='ocr_carea' id='block_1_93' title="bbox 403 4485 2058 4565">
    <p class='ocr_par' dir='ltr' id='par_1_93' title="bbox 403 4485 2058 4565">
     <span class='ocr_line' id='line_1_93' title="bbox 403 4485 2058 4565; baseline 0.002 -21"><span class='ocrx_word' id='word_1_658' title='bbox 403 4487 464 4545; x_wconf 92' lang='lat' dir='ltr'><strong>in</strong></span> <span class='ocrx_word' id='word_1_659' title='bbox 487 4487 760 4558; x_wconf 90' lang='lat' dir='ltr'><strong>Ecclesia,</strong></span> <span class='ocrx_word' id='word_1_660' title='bbox 793 4487 889 4543; x_wconf 92' lang='lat' dir='ltr'><strong>cui</strong></span> <span class='ocrx_word' id='word_1_661' title='bbox 921 4485 1295 4565; x_wconf 71' lang='lat' dir='ltr'><strong>praesidemus</strong></span> <span class='ocrx_word' id='word_1_662' title='bbox 1315 4486 1630 4545; x_wconf 89' lang='lat' dir='ltr'><strong>secundum</strong></span> <span class='ocrx_word' id='word_1_663' title='bbox 1651 4489 1751 4545; x_wconf 91' lang='lat' dir='ltr'><strong>Dei</strong></span> <span class='ocrx_word' id='word_1_664' title='bbox 1782 4490 2058 4547; x_wconf 84' lang='lat' dir='ltr'><strong>volunta—</strong></span> 
     </span>
    </p>
   </div>
   <div class='ocr_carea' id='block_1_94' title="bbox 405 4574 2056 4650">
    <p class='ocr_par' dir='ltr' id='par_1_94' title="bbox 405 4574 2056 4650">
     <span class='ocr_line' id='line_1_94' title="bbox 405 4574 2056 4650; baseline 0 -14"><span class='ocrx_word' id='word_1_665' title='bbox 405 4584 536 4636; x_wconf 86' lang='lat' dir='ltr'><strong>tem.</strong></span> <span class='ocrx_word' id='word_1_666' title='bbox 567 4579 692 4634; x_wconf 76' lang='lat' dir='ltr'><strong>Haec</strong></span> <span class='ocrx_word' id='word_1_667' title='bbox 724 4578 919 4649; x_wconf 90' lang='lat' dir='ltr'><strong>itaque</strong></span> <span class='ocrx_word' id='word_1_668' title='bbox 940 4574 1088 4631; x_wconf 89' lang='lat' dir='ltr'><strong>facta</strong></span> <span class='ocrx_word' id='word_1_669' title='bbox 1115 4581 1250 4632; x_wconf 90' lang='lat' dir='ltr'><strong>sunt</strong></span> <span class='ocrx_word' id='word_1_670' title='bbox 1271 4576 1520 4649; x_wconf 89' lang='lat' dir='ltr'><strong>Christo,</strong></span> <span class='ocrx_word' id='word_1_671' title='bbox 1545 4577 1647 4649; x_wconf 88' lang='lat' dir='ltr'><strong>qui</strong></span> <span class='ocrx_word' id='word_1_672' title='bbox 1670 4593 1842 4650; x_wconf 85' lang='lat' dir='ltr'><strong>super</strong></span> <span class='ocrx_word' id='word_1_673' title='bbox 1862 4581 2056 4636; x_wconf 90' lang='lat' dir='ltr'><strong>omnia</strong></span> 
     </span>
    </p>
   </div>
   <div class='ocr_carea' id='block_1_95' title="bbox 403 4663 2058 4734">
    <p class='ocr_par' dir='ltr' id='par_1_95' title="bbox 403 4663 2058 4734">
     <span class='ocr_line' id='line_1_95' title="bbox 403 4663 2058 4734; baseline 0.001 -13"><span class='ocrx_word' id='word_1_674' title='bbox 403 4667 554 4722; x_wconf 91' lang='lat' dir='ltr'><strong>Deus</strong></span> <span class='ocrx_word' id='word_1_675' title='bbox 583 4670 775 4722; x_wconf 89' lang='lat' dir='ltr'><strong>noster</strong></span> <span class='ocrx_word' id='word_1_676' title='bbox 802 4669 909 4734; x_wconf 89' lang='lat' dir='ltr'><strong>est,</strong></span> <span class='ocrx_word' id='word_1_677' title='bbox 934 4663 1177 4734; x_wconf 90' lang='lat' dir='ltr'><strong>volente,</strong></span> <span class='ocrx_word' id='word_1_678' title='bbox 1205 4677 1304 4734; x_wconf 89' lang='lat' dir='ltr'><strong>per</strong></span> <span class='ocrx_word' id='word_1_679' title='bbox 1332 4665 1680 4724; x_wconf 82' lang='lat' dir='ltr'><strong>orthodoxos</strong></span> <span class='ocrx_word' id='word_1_680' title='bbox 1716 4673 1771 4723; x_wconf 91' lang='lat' dir='ltr'><strong>et</strong></span> <span class='ocrx_word' id='word_1_681' title='bbox 1796 4666 2058 4725; x_wconf 84' lang='lat' dir='ltr'><strong>fortissi—</strong></span> 
     </span>
    </p>
   </div>
   <div class='ocr_carea' id='block_1_96' title="bbox 406 4753 2055 4824">
    <p class='ocr_par' dir='ltr' id='par_1_96' title="bbox 406 4753 2055 4824">
     <span class='ocr_line' id='line_1_96' title="bbox 406 4753 2055 4824; baseline 0.003 -15"><span class='ocrx_word' id='word_1_682' title='bbox 406 4767 528 4809; x_wconf 92' lang='lat' dir='ltr'><strong>mos</strong></span> <span class='ocrx_word' id='word_1_683' title='bbox 577 4753 946 4822; x_wconf 90' lang='lat' dir='ltr'><strong>imperatores</strong></span> <span class='ocrx_word' id='word_1_684' title='bbox 989 4757 1240 4810; x_wconf 88' lang='lat' dir='ltr'><strong>nostros.</strong></span> <span class='ocrx_word' id='word_1_685' title='bbox 1275 4753 1390 4824; x_wconf 87' lang='lat' dir='ltr'><strong>Ipsi</strong></span> <span class='ocrx_word' id='word_1_686' title='bbox 1420 4753 1573 4811; x_wconf 90' lang='lat' dir='ltr'><strong>enim</strong></span> <span class='ocrx_word' id='word_1_687' title='bbox 1629 4756 1689 4811; x_wconf 92' lang='lat' dir='ltr'><strong>in</strong></span> <span class='ocrx_word' id='word_1_688' title='bbox 1741 4757 1896 4813; x_wconf 89' lang='lat' dir='ltr'><strong>omni</strong></span> <span class='ocrx_word' id='word_1_689' title='bbox 1930 4757 2055 4815; x_wconf 89' lang='lat' dir='ltr'><strong>loco</strong></span> 
     </span>
    </p>
   </div>
   <div class='ocr_carea' id='block_1_97' title="bbox 411 4841 2060 4916">
    <p class='ocr_par' dir='ltr' id='par_1_97' title="bbox 411 4841 2060 4916">
     <span class='ocr_line' id='line_1_97' title="bbox 411 4841 2060 4916; baseline 0.004 -19"><span class='ocrx_word' id='word_1_690' title='bbox 411 4841 766 4898; x_wconf 87' lang='lat' dir='ltr'><strong>venerabiles</strong></span> <span class='ocrx_word' id='word_1_691' title='bbox 797 4841 1076 4913; x_wconf 85' lang='lat' dir='ltr'><strong>imagines</strong></span> <span class='ocrx_word' id='word_1_692' title='bbox 1106 4848 1436 4916; x_wconf 77' lang='lat' dir='ltr'><strong>erexerunt,</strong></span> <span class='ocrx_word' id='word_1_693' title='bbox 1463 4849 1578 4900; x_wconf 90' lang='lat' dir='ltr'><strong>tam</strong></span> <span class='ocrx_word' id='word_1_694' title='bbox 1595 4844 1819 4902; x_wconf 91' lang='lat' dir='ltr'><strong>scilicet</strong></span> <span class='ocrx_word' id='word_1_695' title='bbox 1855 4845 1916 4902; x_wconf 89' lang='lat' dir='ltr'><strong>in</strong></span> <span class='ocrx_word' id='word_1_696' title='bbox 1957 4859 2060 4903; x_wconf 90' lang='lat' dir='ltr'><strong>ce-</strong></span> 
     </span>
    </p>
   </div>
   <div class='ocr_carea' id='block_1_98' title="bbox 409 4928 2054 5006">
    <p class='ocr_par' dir='ltr' id='par_1_98' title="bbox 409 4928 2054 5006">
     <span class='ocr_line' id='line_1_98' title="bbox 409 4928 2054 5006; baseline 0.004 -20"><span class='ocrx_word' id='word_1_697' title='bbox 409 4928 732 4986; x_wconf 90' lang='lat' dir='ltr'><strong>leberrimis</strong></span> <span class='ocrx_word' id='word_1_698' title='bbox 768 4928 1018 5004; x_wconf 91' lang='lat' dir='ltr'><strong>templis,</strong></span> <span class='ocrx_word' id='word_1_699' title='bbox 1053 4944 1221 5004; x_wconf 89' lang='lat' dir='ltr'><strong>quam</strong></span> <span class='ocrx_word' id='word_1_700' title='bbox 1249 4932 1307 4988; x_wconf 93' lang='lat' dir='ltr'><strong>in</strong></span> <span class='ocrx_word' id='word_1_701' title='bbox 1340 4932 1629 5006; x_wconf 83' lang='lat' dir='ltr'><strong>regalibus</strong></span> <span class='ocrx_word' id='word_1_702' title='bbox 1661 4934 2054 5005; x_wconf 89' lang='lat' dir='ltr'><strong>palatiissuis.</strong></span> 
     </span>
    </p>
   </div>
   <div class='ocr_carea' id='block_1_99' title="bbox 409 5017 2060 5094">
    <p class='ocr_par' dir='ltr' id='par_1_99' title="bbox 409 5017 2060 5094">
     <span class='ocr_line' id='line_1_99' title="bbox 409 5017 2060 5094; baseline 0.004 -20"><span class='ocrx_word' id='word_1_703' title='bbox 409 5017 634 5089; x_wconf 89' lang='lat' dir='ltr'><strong>Quibus</strong></span> <span class='ocrx_word' id='word_1_704' title='bbox 657 5017 935 5076; x_wconf 89' lang='lat' dir='ltr'><strong>Dominus</strong></span> <span class='ocrx_word' id='word_1_705' title='bbox 958 5020 1110 5077; x_wconf 91' lang='lat' dir='ltr'><strong>Deus</strong></span> <span class='ocrx_word' id='word_1_706' title='bbox 1141 5020 1604 5079; x_wconf 88' lang='lat' dir='ltr'><strong>vicissitudinem</strong></span> <span class='ocrx_word' id='word_1_707' title='bbox 1638 5022 1877 5094; x_wconf 89' lang='lat' dir='ltr'><strong>tribuat,</strong></span> <span class='ocrx_word' id='word_1_708' title='bbox 1911 5024 2060 5080; x_wconf 78' lang='lat' dir='ltr'><strong>exal-</strong></span> 
     </span>
    </p>
   </div>
   <div class='ocr_carea' id='block_1_100' title="bbox 410 5107 2055 5181">
    <p class='ocr_par' dir='ltr' id='par_1_100' title="bbox 410 5107 2055 5181">
     <span class='ocr_line' id='line_1_100' title="bbox 410 5107 2055 5181; baseline 0.004 -17"><span class='ocrx_word' id='word_1_709' title='bbox 410 5113 539 5164; x_wconf 88' lang='lat' dir='ltr'><strong>tans</strong></span> <span class='ocrx_word' id='word_1_710' title='bbox 561 5119 741 5164; x_wconf 89' lang='lat' dir='ltr'><strong>cornu</strong></span> <span class='ocrx_word' id='word_1_711' title='bbox 771 5107 929 5181; x_wconf 87' lang='lat' dir='ltr'><strong>regni</strong></span> <span class='ocrx_word' id='word_1_712' title='bbox 960 5122 1156 5166; x_wconf 91' lang='lat' dir='ltr'><strong>eorum</strong></span> <span class='ocrx_word' id='word_1_713' title='bbox 1184 5113 1299 5166; x_wconf 91' lang='lat' dir='ltr'><strong>tam</strong></span> <span class='ocrx_word' id='word_1_714' title='bbox 1329 5109 1399 5166; x_wconf 90' lang='lat' dir='ltr'><strong>ad</strong></span> <span class='ocrx_word' id='word_1_715' title='bbox 1449 5123 1640 5181; x_wconf 89' lang='lat' dir='ltr'><strong>pacem</strong></span> <span class='ocrx_word' id='word_1_716' title='bbox 1670 5112 2055 5170; x_wconf 89' lang='lat' dir='ltr'><strong>Ecclesiarum</strong></span> 
     </span>
    </p>
   </div>
   <div class='ocr_carea' id='block_1_101' title="bbox 410 5197 2052 5270">
    <p class='ocr_par' dir='ltr' id='par_1_101' title="bbox 410 5197 2052 5270">
     <span class='ocr_line' id='line_1_101' title="bbox 410 5197 2052 5270; baseline 0.004 -18"><span class='ocrx_word' id='word_1_717' title='bbox 410 5209 666 5269; x_wconf 89' lang='lat' dir='ltr'><strong>suarum,</strong></span> <span class='ocrx_word' id='word_1_718' title='bbox 701 5210 870 5270; x_wconf 90' lang='lat' dir='ltr'><strong>quam</strong></span> <span class='ocrx_word' id='word_1_719' title='bbox 894 5197 963 5255; x_wconf 90' lang='lat' dir='ltr'><strong>ad</strong></span> <span class='ocrx_word' id='word_1_720' title='bbox 991 5197 1239 5256; x_wconf 86' lang='lat' dir='ltr'><strong>salutem</strong></span> <span class='ocrx_word' id='word_1_721' title='bbox 1270 5198 1530 5257; x_wconf 91' lang='lat' dir='ltr'><strong>omnium</strong></span> <span class='ocrx_word' id='word_1_722' title='bbox 1567 5199 2052 5259; x_wconf 77' lang='lat' dir='ltr'><strong>Christianorum.</strong></span> 
     </span>
    </p>
   </div>
   <div class='ocr_carea' id='block_1_102' title="bbox 410 5282 2056 5432">
    <p class='ocr_par' dir='ltr' id='par_1_102' title="bbox 410 5282 2056 5432">
     <span class='ocr_line' id='line_1_102' title="bbox 410 5282 2056 5432; baseline 0.003 -91"><span class='ocrx_word' id='word_1_723' title='bbox 410 5282 478 5432; x_wconf 57' lang='lat' dir='ltr'><strong>ﬁt</strong></span> <span class='ocrx_word' id='word_1_724' title='bbox 503 5284 582 5343; x_wconf 89' lang='lat' dir='ltr'><strong>sit</strong></span> <span class='ocrx_word' id='word_1_725' title='bbox 605 5298 808 5345; x_wconf 86' lang='lat' dir='ltr'><strong>nomen</strong></span> <span class='ocrx_word' id='word_1_726' title='bbox 833 5286 958 5358; x_wconf 88' lang='lat' dir='ltr'><strong>ejus</strong></span> <span class='ocrx_word' id='word_1_727' title='bbox 984 5285 1352 5346; x_wconf 89' lang='lat' dir='ltr'><strong>benedictum</strong></span> <span class='ocrx_word' id='word_1_728' title='bbox 1376 5287 1437 5346; x_wconf 90' lang='lat' dir='ltr'><strong>in</strong></span> <span class='ocrx_word' id='word_1_729' title='bbox 1467 5288 1675 5347; x_wconf 69' lang='lat' dir='ltr'><strong>saecula</strong></span> <span class='ocrx_word' id='word_1_730' title='bbox 1695 5290 2056 5348; x_wconf 64' lang='lat' dir='ltr'><strong>saeculorum.</strong></span> 
     </span>
     <span class='ocr_line' id='line_1_103' title="bbox 463 5388 609 5432; baseline 0 0"><span class='ocrx_word' id='word_1_731' title='bbox 463 5388 609 5432; x_wconf 89' lang='lat' dir='ltr'><strong>men.</strong></span> 
     </span>
    </p>
   </div>
   <div class='ocr_carea' id='block_1_103' title="bbox 463 5388 609 5434">
    <p class='ocr_par' dir='ltr' id='par_1_103' title="bbox 463 5388 609 5434">
     <span class='ocr_line' id='line_1_104' title="bbox 463 5388 609 5434; baseline 0.014 -2"><span class='ocrx_word' id='word_1_732' title='bbox 463 5388 589 5434; x_wconf 90' lang='lat' dir='ltr'><strong>men</strong></span> <span class='ocrx_word' id='word_1_733' title='bbox 600 5425 609 5433; x_wconf 87' lang='lat'><strong>.</strong></span> 
     </span>
    </p>
   </div>
   <div class='ocr_carea' id='block_1_104' title="bbox 2167 4505 3835 4578">
    <p class='ocr_par' dir='ltr' id='par_1_104' title="bbox 2167 4505 3835 4578">
     <span class='ocr_line' id='line_1_105' title="bbox 2167 4505 3835 4578; baseline 0.002 -18"><span class='ocrx_word' id='word_1_734' title='bbox 2167 4505 2496 4577; x_wconf 83' lang='lat' dir='ltr'><strong>pr0phetam</strong></span> <span class='ocrx_word' id='word_1_735' title='bbox 2529 4505 2752 4574; x_wconf 87' lang='lat' dir='ltr'><strong>primus</strong></span> <span class='ocrx_word' id='word_1_736' title='bbox 2771 4510 2828 4561; x_wconf 91' lang='lat' dir='ltr'><strong>et</strong></span> <span class='ocrx_word' id='word_1_737' title='bbox 2845 4519 3084 4578; x_wconf 89' lang='lat' dir='ltr'><strong>magnus</strong></span> <span class='ocrx_word' id='word_1_738' title='bbox 3100 4522 3361 4565; x_wconf 89' lang='lat' dir='ltr'><strong>summus</strong></span> <span class='ocrx_word' id='word_1_739' title='bbox 3385 4510 3654 4566; x_wconf 87' lang='lat' dir='ltr'><strong>sacerdos</strong></span> <span class='ocrx_word' id='word_1_740' title='bbox 3669 4510 3835 4566; x_wconf 86' lang='lat' dir='ltr'><strong>Chri-</strong></span> 
     </span>
    </p>
   </div>
   <div class='ocr_carea' id='block_1_105' title="bbox 2165 4592 3832 4667">
    <p class='ocr_par' dir='ltr' id='par_1_105' title="bbox 2165 4592 3832 4667">
     <span class='ocr_line' id='line_1_106' title="bbox 2165 4592 3832 4667; baseline 0.001 -19"><span class='ocrx_word' id='word_1_741' title='bbox 2165 4597 2290 4649; x_wconf 88' lang='lat' dir='ltr'><strong>stus</strong></span> <span class='ocrx_word' id='word_1_742' title='bbox 2319 4594 2468 4648; x_wconf 92' lang='lat' dir='ltr'><strong>Deus</strong></span> <span class='ocrx_word' id='word_1_743' title='bbox 2497 4598 2724 4648; x_wconf 90' lang='lat' dir='ltr'><strong>noster:</strong></span> <span class='ocrx_word' id='word_1_744' title='bbox 2762 4595 2895 4648; x_wconf 80' lang='lat' dir='ltr'><strong>Vivo</strong></span> <span class='ocrx_word' id='word_1_745' title='bbox 2917 4611 3029 4663; x_wconf 87' lang='lat' dir='ltr'><strong>ego,</strong></span> <span class='ocrx_word' id='word_1_746' title='bbox 3062 4596 3160 4650; x_wconf 88' lang='lat' dir='ltr'><strong>sed</strong></span> <span class='ocrx_word' id='word_1_747' title='bbox 3208 4592 3572 4667; x_wconf 67' lang='lat' dir='ltr'><strong>gloriﬁcanles</strong></span> <span class='ocrx_word' id='word_1_748' title='bbox 3602 4614 3693 4652; x_wconf 86' lang='lat' dir='ltr'><strong>me</strong></span> <span class='ocrx_word' id='word_1_749' title='bbox 3720 4598 3832 4666; x_wconf 82' lang='lat' dir='ltr'><strong>glo-</strong></span> 
     </span>
    </p>
   </div>
   <div class='ocr_carea' id='block_1_106' title="bbox 2163 4682 3828 4757">
    <p class='ocr_par' dir='ltr' id='par_1_106' title="bbox 2163 4682 3828 4757">
     <span class='ocr_line' id='line_1_107' title="bbox 2163 4682 3828 4757; baseline 0.004 -21"><span class='ocrx_word' id='word_1_750' title='bbox 2163 4683 2384 4751; x_wconf 77' lang='lat' dir='ltr'><strong>riﬁcabo</strong></span> <span class='ocrx_word' id='word_1_751' title='bbox 2442 4682 2492 4753; x_wconf 89' lang='grc' dir='ltr'><strong>(Ι</strong></span> <span class='ocrx_word' id='word_1_752' title='bbox 2514 4684 2641 4750; x_wconf 82' lang='lat' dir='ltr'><strong>Reg.</strong></span> <span class='ocrx_word' id='word_1_753' title='bbox 2672 4682 2754 4757; x_wconf 91' lang='grc' dir='ltr'>ιι).</span> <span class='ocrx_word' id='word_1_754' title='bbox 2813 4685 2974 4741; x_wconf 89' lang='lat' dir='ltr'><strong>Nosti</strong></span> <span class='ocrx_word' id='word_1_755' title='bbox 3028 4685 3202 4756; x_wconf 89' lang='lat' dir='ltr'><strong>enim,</strong></span> <span class='ocrx_word' id='word_1_756' title='bbox 3255 4687 3347 4742; x_wconf 90' lang='lat' dir='ltr'><strong>vir</strong></span> <span class='ocrx_word' id='word_1_757' title='bbox 3398 4685 3828 4743; x_wconf 87' lang='lat' dir='ltr'><strong>desideriorum</strong></span> 
     </span>
    </p>
   </div>
   <div class='ocr_carea' id='block_1_107' title="bbox 2165 4769 3827 4842">
    <p class='ocr_par' dir='ltr' id='par_1_107' title="bbox 2165 4769 3827 4842">
     <span class='ocr_line' id='line_1_108' title="bbox 2165 4769 3827 4842; baseline 0.002 -17"><span class='ocrx_word' id='word_1_758' title='bbox 2165 4769 2438 4842; x_wconf 88' lang='lat' dir='ltr'><strong>Spiritus,</strong></span> <span class='ocrx_word' id='word_1_759' title='bbox 2471 4771 2608 4842; x_wconf 90' lang='lat' dir='ltr'><strong>quia</strong></span> <span class='ocrx_word' id='word_1_760' title='bbox 2634 4771 2992 4829; x_wconf 89' lang='lat' dir='ltr'><strong>tolerabilior</strong></span> <span class='ocrx_word' id='word_1_761' title='bbox 3024 4777 3110 4829; x_wconf 90' lang='lat' dir='ltr'><strong>est</strong></span> <span class='ocrx_word' id='word_1_762' title='bbox 3154 4774 3471 4830; x_wconf 86' lang='lat' dir='ltr'><strong>Macedonii</strong></span> <span class='ocrx_word' id='word_1_763' title='bbox 3526 4778 3583 4830; x_wconf 90' lang='lat' dir='ltr'><strong>et</strong></span> <span class='ocrx_word' id='word_1_764' title='bbox 3625 4786 3827 4831; x_wconf 87' lang='lat' dir='ltr'><strong>eorum</strong></span> 
     </span>
    </p>
   </div>
   <div class='ocr_carea' id='block_1_108' title="bbox 2167 4859 3830 4934">
    <p class='ocr_par' dir='ltr' id='par_1_108' title="bbox 2167 4859 3830 4934">
     <span class='ocr_line' id='line_1_109' title="bbox 2167 4859 3830 4934; baseline 0.001 -19"><span class='ocrx_word' id='word_1_765' title='bbox 2167 4859 2269 4930; x_wconf 93' lang='lat' dir='ltr'><strong>qui</strong></span> <span class='ocrx_word' id='word_1_766' title='bbox 2299 4859 2454 4916; x_wconf 89' lang='lat' dir='ltr'><strong>circa</strong></span> <span class='ocrx_word' id='word_1_767' title='bbox 2481 4859 2666 4930; x_wconf 83' lang='lat' dir='ltr'><strong>ipsum</strong></span> <span class='ocrx_word' id='word_1_768' title='bbox 2690 4865 2845 4931; x_wconf 86' lang='lat' dir='ltr'><strong>sunt,</strong></span> <span class='ocrx_word' id='word_1_769' title='bbox 2868 4860 3120 4930; x_wconf 90' lang='lat' dir='ltr'><strong>Spiritus</strong></span> <span class='ocrx_word' id='word_1_770' title='bbox 3148 4862 3619 4934; x_wconf 88' lang='lat' dir='ltr'><strong>impugnatorum</strong></span> <span class='ocrx_word' id='word_1_771' title='bbox 3647 4862 3830 4932; x_wconf 88' lang='lat' dir='ltr'><strong>impia</strong></span> 
     </span>
    </p>
   </div>
   <div class='ocr_carea' id='block_1_109' title="bbox 2168 4948 3834 5007">
    <p class='ocr_par' dir='ltr' id='par_1_109' title="bbox 2168 4948 3834 5007">
     <span class='ocr_line' id='line_1_110' title="bbox 2168 4948 3834 5007; baseline 0 -2"><span class='ocrx_word' id='word_1_772' title='bbox 2168 4948 2421 5005; x_wconf 64' lang='lat' dir='ltr'><strong>haresis.</strong></span> <span class='ocrx_word' id='word_1_773' title='bbox 2455 4948 2580 5007; x_wconf 91' lang='lat' dir='ltr'><strong>Illis</strong></span> <span class='ocrx_word' id='word_1_774' title='bbox 2602 4950 2754 5006; x_wconf 87' lang='lat' dir='ltr'><strong>enim</strong></span> <span class='ocrx_word' id='word_1_775' title='bbox 2783 4955 3103 5006; x_wconf 89' lang='lat' dir='ltr'><strong>creaturam</strong></span> <span class='ocrx_word' id='word_1_776' title='bbox 3132 4956 3190 5007; x_wconf 91' lang='lat' dir='ltr'><strong>et</strong></span> <span class='ocrx_word' id='word_1_777' title='bbox 3217 4965 3444 5007; x_wconf 90' lang='lat' dir='ltr'><strong>servum</strong></span> <span class='ocrx_word' id='word_1_778' title='bbox 3465 4951 3566 5007; x_wconf 90' lang='lat' dir='ltr'><strong>Dei</strong></span> <span class='ocrx_word' id='word_1_779' title='bbox 3615 4964 3688 5007; x_wconf 89' lang='lat' dir='ltr'><strong>ac</strong></span> <span class='ocrx_word' id='word_1_780' title='bbox 3719 4952 3834 5005; x_wconf 87' lang='lat' dir='ltr'><strong>Pa-</strong></span> 
     </span>
    </p>
   </div>
   <div class='ocr_carea' id='block_1_110' title="bbox 2168 5036 3832 5112">
    <p class='ocr_par' dir='ltr' id='par_1_110' title="bbox 2168 5036 3832 5112">
     <span class='ocr_line' id='line_1_111' title="bbox 2168 5036 3832 5112; baseline 0 -16"><span class='ocrx_word' id='word_1_781' title='bbox 2168 5039 2278 5097; x_wconf 89' lang='lat' dir='ltr'><strong>tris</strong></span> <span class='ocrx_word' id='word_1_782' title='bbox 2304 5038 2586 5109; x_wconf 88' lang='lat' dir='ltr'><strong>Spiritum</strong></span> <span class='ocrx_word' id='word_1_783' title='bbox 2615 5039 2796 5095; x_wconf 87' lang='lat' dir='ltr'><strong>delire</strong></span> <span class='ocrx_word' id='word_1_784' title='bbox 2815 5036 3148 5112; x_wconf 87' lang='lat' dir='ltr'><strong>fatentibus,</strong></span> <span class='ocrx_word' id='word_1_785' title='bbox 3183 5040 3281 5096; x_wconf 89' lang='lat' dir='ltr'><strong>isti</strong></span> <span class='ocrx_word' id='word_1_786' title='bbox 3322 5041 3412 5097; x_wconf 91' lang='lat' dir='ltr'><strong>sui</strong></span> <span class='ocrx_word' id='word_1_787' title='bbox 3447 5041 3638 5110; x_wconf 89' lang='lat' dir='ltr'><strong>ipsius</strong></span> <span class='ocrx_word' id='word_1_788' title='bbox 3673 5053 3832 5108; x_wconf 88' lang='lat' dir='ltr'><strong>eum,</strong></span> 
     </span>
    </p>
   </div>
   <div class='ocr_carea' id='block_1_111' title="bbox 2167 5127 3836 5197">
    <p class='ocr_par' dir='ltr' id='par_1_111' title="bbox 2167 5127 3836 5197">
     <span class='ocr_line' id='line_1_112' title="bbox 2167 5127 3836 5197; baseline -0.002 -11"><span class='ocrx_word' id='word_1_789' title='bbox 2167 5133 2234 5186; x_wconf 92' lang='lat' dir='ltr'><strong>ut</strong></span> <span class='ocrx_word' id='word_1_790' title='bbox 2250 5131 2572 5197; x_wconf 89' lang='lat' dir='ltr'><strong>autumant,</strong></span> <span class='ocrx_word' id='word_1_791' title='bbox 2601 5139 2822 5184; x_wconf 85' lang='lat' dir='ltr'><strong>servum</strong></span> <span class='ocrx_word' id='word_1_792' title='bbox 2848 5127 3124 5187; x_wconf 83' lang='lat' dir='ltr'><strong>eﬂiciunt.</strong></span> <span class='ocrx_word' id='word_1_793' title='bbox 3144 5129 3350 5186; x_wconf 90' lang='lat' dir='ltr'><strong>Omnis</strong></span> <span class='ocrx_word' id='word_1_794' title='bbox 3367 5131 3519 5187; x_wconf 88' lang='lat' dir='ltr'><strong>enim</strong></span> <span class='ocrx_word' id='word_1_795' title='bbox 3551 5130 3836 5186; x_wconf 88' lang='lat' dir='ltr'><strong>dominus</strong></span> 
     </span>
    </p>
   </div>
   <div class='ocr_carea' id='block_1_112' title="bbox 2171 5214 3829 5291">
    <p class='ocr_par' dir='ltr' id='par_1_112' title="bbox 2171 5214 3829 5291">
     <span class='ocr_line' id='line_1_113' title="bbox 2171 5214 3829 5291; baseline -0.001 -17"><span class='ocrx_word' id='word_1_796' title='bbox 2171 5217 2321 5288; x_wconf 91' lang='lat' dir='ltr'><strong>quod</strong></span> <span class='ocrx_word' id='word_1_797' title='bbox 2350 5214 2635 5286; x_wconf 88' lang='lat' dir='ltr'><strong>habuerit,</strong></span> <span class='ocrx_word' id='word_1_798' title='bbox 2666 5215 2717 5271; x_wconf 92' lang='lat' dir='ltr'><strong>si</strong></span> <span class='ocrx_word' id='word_1_799' title='bbox 2749 5216 3016 5291; x_wconf 90' lang='lat' dir='ltr'><strong>voluerit,</strong></span> <span class='ocrx_word' id='word_1_800' title='bbox 3057 5219 3366 5290; x_wconf 87' lang='lat' dir='ltr'><strong>venundat,</strong></span> <span class='ocrx_word' id='word_1_801' title='bbox 3421 5219 3543 5276; x_wconf 85' lang='lat' dir='ltr'><strong>sive</strong></span> <span class='ocrx_word' id='word_1_802' title='bbox 3571 5230 3829 5286; x_wconf 84' lang='lat' dir='ltr'><strong>servum,</strong></span> 
     </span>
    </p>
   </div>
   <div class='ocr_carea' id='block_1_113' title="bbox 2171 5303 3831 5378">
    <p class='ocr_par' dir='ltr' id='par_1_113' title="bbox 2171 5303 3831 5378">
     <span class='ocr_line' id='line_1_114' title="bbox 2171 5303 3831 5378; baseline -0.002 -16"><span class='ocrx_word' id='word_1_803' title='bbox 2171 5305 2292 5362; x_wconf 89' lang='lat' dir='ltr'><strong>sive</strong></span> <span class='ocrx_word' id='word_1_804' title='bbox 2319 5303 2478 5360; x_wconf 88' lang='lat' dir='ltr'><strong>aliud</strong></span> <span class='ocrx_word' id='word_1_805' title='bbox 2510 5305 2649 5376; x_wconf 89' lang='lat' dir='ltr'><strong>quid</strong></span> <span class='ocrx_word' id='word_1_806' title='bbox 2672 5318 2867 5363; x_wconf 89' lang='lat' dir='ltr'><strong>eorum</strong></span> <span class='ocrx_word' id='word_1_807' title='bbox 2889 5321 3016 5378; x_wconf 72' lang='lat' dir='ltr'><strong>quae</strong></span> <span class='ocrx_word' id='word_1_808' title='bbox 3042 5307 3312 5378; x_wconf 90' lang='lat' dir='ltr'><strong>possidet.</strong></span> <span class='ocrx_word' id='word_1_809' title='bbox 3337 5307 3618 5364; x_wconf 89' lang='lat' dir='ltr'><strong>Similiter</strong></span> <span class='ocrx_word' id='word_1_810' title='bbox 3639 5312 3703 5363; x_wconf 88' lang='lat' dir='ltr'><strong>et</strong></span> <span class='ocrx_word' id='word_1_811' title='bbox 3727 5303 3831 5376; x_wconf 90' lang='lat' dir='ltr'><strong>qui</strong></span> 
     </span>
    </p>
   </div>
   <div class='ocr_carea' id='block_1_114' title="bbox 2173 5392 3832 5468">
    <p class='ocr_par' dir='ltr' id='par_1_114' title="bbox 2173 5392 3832 5468">
     <span class='ocr_line' id='line_1_115' title="bbox 2173 5392 3832 5468; baseline -0.001 -18"><span class='ocrx_word' id='word_1_812' title='bbox 2173 5392 2332 5461; x_wconf 90' lang='lat' dir='ltr'><strong>emit,</strong></span> <span class='ocrx_word' id='word_1_813' title='bbox 2359 5393 2628 5451; x_wconf 87' lang='lat' dir='ltr'><strong>dominus</strong></span> <span class='ocrx_word' id='word_1_814' title='bbox 2672 5395 2867 5453; x_wconf 89' lang='lat' dir='ltr'><strong>volens</strong></span> <span class='ocrx_word' id='word_1_815' title='bbox 2911 5408 3034 5453; x_wconf 82' lang='lat' dir='ltr'><strong>esse</strong></span> <span class='ocrx_word' id='word_1_816' title='bbox 3087 5397 3214 5466; x_wconf 88' lang='lat' dir='ltr'><strong>ejus</strong></span> <span class='ocrx_word' id='word_1_817' title='bbox 3266 5398 3417 5468; x_wconf 91' lang='lat' dir='ltr'><strong>quod</strong></span> <span class='ocrx_word' id='word_1_818' title='bbox 3467 5395 3695 5465; x_wconf 85' lang='lat' dir='ltr'><strong>emerit,</strong></span> <span class='ocrx_word' id='word_1_819' title='bbox 3732 5406 3832 5464; x_wconf 86' lang='lat' dir='ltr'><strong>per</strong></span> 
     </span>
    </p>
   </div>
   <div class='ocr_carea' id='block_1_115' title="bbox 2177 5481 3835 5556">
    <p class='ocr_par' dir='ltr' id='par_1_115' title="bbox 2177 5481 3835 5556">
     <span class='ocr_line' id='line_1_116' title="bbox 2177 5481 3835 5556; baseline 0.001 -19"><span class='ocrx_word' id='word_1_820' title='bbox 2177 5481 2424 5552; x_wconf 88' lang='lat' dir='ltr'><strong>pretium</strong></span> <span class='ocrx_word' id='word_1_821' title='bbox 2459 5483 2710 5553; x_wconf 61' lang='lat' dir='ltr'><strong>pecunia</strong></span> <span class='ocrx_word' id='word_1_822' title='bbox 2730 5483 2875 5540; x_wconf 89' lang='lat' dir='ltr'><strong>illud</strong></span> <span class='ocrx_word' id='word_1_823' title='bbox 2905 5484 3178 5556; x_wconf 86' lang='lat' dir='ltr'><strong>acquirit.</strong></span> <span class='ocrx_word' id='word_1_824' title='bbox 3203 5487 3285 5541; x_wconf 83' lang='lat' dir='ltr'><strong>ita</strong></span> <span class='ocrx_word' id='word_1_825' title='bbox 3313 5491 3374 5541; x_wconf 81' lang='lat' dir='ltr'><strong>et</strong></span> <span class='ocrx_word' id='word_1_826' title='bbox 3400 5485 3500 5556; x_wconf 90' lang='lat' dir='ltr'><strong>qui</strong></span> <span class='ocrx_word' id='word_1_827' title='bbox 3524 5484 3673 5539; x_wconf 86' lang='lat' dir='ltr'><strong>hanc</strong></span> <span class='ocrx_word' id='word_1_828' title='bbox 3703 5482 3835 5538; x_wconf 89' lang='lat' dir='ltr'><strong>ini—</strong></span> 
     </span>
    </p>
   </div>
   <div class='ocr_carea' id='block_1_116' title="bbox 2178 5570 3834 5646">
    <p class='ocr_par' dir='ltr' id='par_1_116' title="bbox 2178 5570 3834 5646">
     <span class='ocr_line' id='line_1_117' title="bbox 2178 5570 3834 5646; baseline 0 -19"><span class='ocrx_word' id='word_1_829' title='bbox 2178 5583 2348 5642; x_wconf 88' lang='lat' dir='ltr'><strong>quam</strong></span> <span class='ocrx_word' id='word_1_830' title='bbox 2368 5572 2649 5630; x_wconf 86' lang='lat' dir='ltr'><strong>actionem</strong></span> <span class='ocrx_word' id='word_1_831' title='bbox 2677 5577 3006 5646; x_wconf 87' lang='lat' dir='ltr'><strong>operantur,</strong></span> <span class='ocrx_word' id='word_1_832' title='bbox 3036 5573 3350 5632; x_wconf 87' lang='lat' dir='ltr'><strong>detrahunt</strong></span> <span class='ocrx_word' id='word_1_833' title='bbox 3400 5570 3650 5645; x_wconf 88' lang='lat' dir='ltr'><strong>Spiritui</strong></span> <span class='ocrx_word' id='word_1_834' title='bbox 3683 5583 3834 5628; x_wconf 84' lang='lat' dir='ltr'><strong>san-</strong></span> 
     </span>
    </p>
   </div>
  </div>
