4016 6168
207 294 307 356 504

947 288 1499 350 ΙΝἸἘΒΡΒΕΤᾹΤΙΟ
1531 286 1781 348 SYNODI
1817 288 1834 331 Ἰ

1946 287 2351 345 GENERALIS.
2369 319 2444 332 —
2477 289 2680 346 ACTIO
2711 291 2849 346 VIII.

3493 286 3603 349 502

207 430 311 494 cto,
340 421 643 494 aequaliter
671 424 966 492 peccantes
994 421 1089 478 his
1109 421 1210 493 qui
1236 420 1633 492 blasphemant
1659 419 1852 475 dicen-
1873 413 1934 475 A
1954 419 2034 474 Ex
2059 418 2210 475 libro
2241 424 2444 491 quarto
2474 421 2796 492 Regnorum
2821 418 2959 491 (cap.
3003 420 3084 490 v),
3114 419 3185 474 de
3225 418 3381 490 lepra
3416 421 3597 478 Giezi.

207 518 304 583 tes,
345 513 405 568 in
449 512 757 569 Beelzebub
784 512 992 581 ejicere
1033 510 1311 567 daemonia
1355 510 1647 566 Christum
1689 511 1842 580 (Luc.

206 601 297 673 xi).
341 602 528 673 Atque
560 608 624 658 ut
658 601 852 658 verius
903 601 1186 670 dicamus,
1237 600 1396 655 Judae
1442 604 1848 670 comparantur

205 690 492 761 traditori,
525 690 624 761 qui
656 690 752 746 Dei
785 689 1146 746 occlsoribus
1167 688 1380 745 Iudaeis
1410 688 1594 758 pretio
1622 686 1843 760 argenti

202 779 491 836 Christum
539 778 906 835 venundedit.
953 779 1093 835 Cum
1136 791 1270 851 ergo
1318 782 1552 833 sanctus
1592 776 1847 847 Spiritus

201 867 716 925 consubstantialis
765 867 844 925 sit
880 866 1111 924 Christo
1161 868 1276 923 Deo
1323 870 1540 936 nostro,
1592 864 1845 935 ejusdem

200 957 433 1015 omnino
457 964 514 1014 et
554 957 665 1028 ipsi
700 957 987 1028 partionis
1015 960 1204 1028 erunt,
1239 959 1302 1012 ut
1332 959 1623 1012 ostensum
1649 959 1754 1010 est.
1785 952 1843 1008 Si

198 1061 324 1104 vero
347 1061 461 1104 non
483 1046 772 1118 venditur,
793 1044 1183 1117 (perspicuum
1201 1045 1356 1102 enim
1378 1049 1485 1111 est,
1512 1044 1659 1115 quod
1685 1041 1847 1099 nullo

199 1138 383 1209 modo)
424 1149 539 1193 non
577 1140 665 1192 est
692 1136 888 1206 procul
931 1133 1111 1192 dubio
1161 1136 1220 1191 in
1250 1135 1337 1191 eis
1376 1133 1561 1206 gratia
1590 1132 1846 1203 Spiritus

196 1226 401 1293 sancti,
435 1226 495 1281 id
524 1231 627 1295 est,
672 1224 977 1281 sacerdotii
1026 1224 1320 1280 sanctitas.
1356 1225 1495 1279 Nam
1529 1223 1679 1293 quod
1732 1234 1843 1278 non

196 1320 555 1385 acceperunt,
594 1328 702 1371 non
738 1314 965 1370 habent.
998 1315 1272 1369 Memores
1312 1326 1449 1386 ergo
1491 1312 1611 1368 sint
1659 1310 1843 1367 sancti

195 1404 363 1473 Petri,
397 1404 466 1460 ad
495 1411 636 1461 'eum
677 1403 778 1475 qui
810 1403 917 1459 hoc
959 1402 1231 1459 studebat
1280 1401 1360 1457 ita
1403 1400 1688 1458 dicentis:
1722 1401 1845 1457 Non

195 1498 266 1547 est
293 1493 401 1546 tibi
416 1508 575 1562 pars,
602 1507 773 1561 neque
804 1507 921 1546 sors
949 1494 1009 1545 in
1038 1506 1280 1545 sermone
1304 1490 1401 1545 hoc
1436 1489 1582 1559 (Act.
1608 1488 1752 1560 VIII).
1783 1487 1842 1543 Si

194 1581 339 1637 enim
386 1580 750 1636 venundatur
790 1580 1097 1636 sacerdotii
1146 1579 1423 1651 dignitas,
1457 1592 1593 1649 ergo
1636 1590 1845 1647 super-

195 1669 300 1725 ﬂua
323 1673 416 1725 est
438 1668 591 1739 apud
617 1669 772 1740 ipsos
802 1668 932 1724 vitae
964 1666 1282 1738 probabilis
1305 1667 1476 1737 actio,
1509 1670 1566 1722 et
1588 1666 1646 1721 in
1677 1664 1846 1721 casti-

2026 529 2395 597 Be'oersusque
2445 529 2697 584 Naaman
2730 527 2806 581 ad
2842 529 3023 581 virum
3058 528 3160 582 Dei
3197 543 3317 581 cum
3354 530 3602 584 universo

1955 618 2213 671 comitatu
2264 632 2382 679 suo,
2412 619 2562 671 venit
2601 621 2652 671 et
2694 618 2841 671 stetit
2888 631 3068 670 coram
3096 632 3174 678 eo,
3223 620 3281 670 et
3319 618 3439 671 ait:
3472 618 3604 671 Vere

1955 708 2064 762 scio
2093 706 2240 775 quod
2266 722 2374 760 non
2412 708 2485 761 sit
2517 708 2659 760 Deus
2701 705 2847 759 alius
2876 707 2937 758 in
2978 706 3235 759 universa
3282 709 3449 768 terra,
3494 706 3606 759 nisi

1956 799 2170 849 tantum
2192 796 2253 849 in
2279 795 2471 850 Israel.
2502 793 2725 849 Obsecro
2758 797 2962 863 itaque,
3006 798 3067 848 ut
3094 796 3332 863 accipias
3378 793 3607 848 benedi-

1956 886 2182 939 ctionem
2211 901 2245 937 a
2270 899 2421 939 servo
2451 888 2560 938 tuo.
2584 883 2661 938 At
2685 883 2778 937 ille
2800 883 3120 952 respondit:
3150 883 3297 937 Vivit
3320 883 3601 940 Dominus.

1956 978 2082 1029 ante
2108 989 2267 1044 quem
2298 978 2399 1036 sto,
2438 974 2571 1043 quia
2600 988 2710 1027 non
2740 974 3024 1041 accipiam.
3058 970 3297 1041 Cumque
3332 973 3440 1026 vim
3464 974 3606 1040 face-

1953 1068 2054 1132 ret,
2100 1066 2319 1134 penitus
2366 1078 2475 1117 non
2503 1064 2803 1132 acquievit;
2853 1065 2909 1117 et
2941 1067 3065 1131 post
3095 1073 3308 1132 pauca:
3341 1063 3604 1131 Dicitque

1955 1151 2102 1207 Giezi
2130 1168 2273 1222 puer
2308 1154 2418 1206 viri
2445 1154 2544 1208 Dei
2573 1170 2589 1208 :
2616 1153 2859 1222 Pepercit
2895 1151 3146 1205 dominus
3173 1166 3321 1206 meus
3349 1152 3603 1208 Naaman

1955 1241 2092 1309 Syro
2122 1242 2236 1310 isti,
2284 1245 2346 1295 ut
2373 1256 2482 1295 non
2525 1243 2790 1311 accipe-ret
2819 1241 2887 1295 ab
2926 1256 2984 1296 eo
3031 1255 3151 1310 quae
3191 1240 3396 1295 attulit.
3454 1240 3602 1295 Vivit

1953 1332 2236 1393 Dominus,
2287 1332 2421 1399 quia
2466 1346 2685 1385 curram
2709 1333 2836 1400 post
2865 1346 3006 1392 eum,
3037 1334 3088 1386 et
3136 1331 3400 1398 accipiam
3443 1330 3512 1383 ab
3543 1345 3601 1384 eo

1953 1419 2205 1488 aliquid:
2246 1423 2296 1474 et
2318 1424 2530 1473 secutus
2559 1424 2636 1473 est
2671 1419 2819 1475 Giezi
2836 1408 2962 1487 post
2996 1424 3205 1487 tergum
3231 1420 3503 1474 Naaman.
3532 1419 3602 1474 Et

1956 1510 2083 1577 post
2121 1521 2330 1576 pauca:
2364 1510 2434 1563 Et
2455 1509 2613 1562 Dian't
2648 1509 2940 1564 Naaman:
2972 1507 3171 1576 Accipe
3210 1507 3473 1561 talentum
3514 1523 3601 1561 ar-

1952 1598 2102 1663 genti
2126 1600 2177 1650 et
2201 1598 2369 1664 coegit
2397 1612 2537 1657 eum,
2569 1580 2866 1665 ligauitque
2910 1596 3017 1650 duo
3055 1596 3262 1650 talenta
3299 1596 3515 1664 argenti
3539 1596 3599 1648 in

1952 1684 2162 1738 duobus
2191 1687 2383 1747 saccis,
2414 1690 2464 1739 et
2514 1685 2761 1755 duplicia
2801 1687 3136 1739 vestimenta.
3181 1685 3248 1739 Et
3274 1687 3401 1754 post
3438 1683 3592 1739 alia:

194 1762 301 1813 tate
329 1758 586 1829 aliisque
624 1758 942 1815 virtutibus
966 1756 1342 1813 conversatio.
1388 1755 1729 1825 Snperiluns
1757 1760 1843 1811 est
1873 1742 1926 1804 B
1949 1774 2021 1826 Et
2058 1773 2203 1827 dixit
2247 1742 2511 1830 Ειίεξταεε
2561 1742 2713 1829 ﬁnde
2740 1777 2886 1829 venit
2930 1775 3119 1831 δίεπε)
3148 1772 3252 1839 Qui
3277 1742 3595 1843 ‘respondit:

193 1847 503 1903 secundum
537 1847 691 1917 ipsos
714 1847 885 1902 “iam
911 1846 1124 1902 P311113
1154 1845 1392 1901 dii/inus
1412 1843 1719 1913 Ᾱυοδῑοιυδ
1747 1843 1843 1900 ἀο-
1948 1862 2071 1917 Νοη
2100 1864 2201 1916 ivit
2222 1878 2408 1917 servus
2438 1867 2563 1917 tuus
2596 1878 2887 1932 quoquam.
2918 1864 2996 1917 At
3024 1864 3116 1916 ille
3145 1864 3261 1917 ait:
3293 1864 3484 1918 Nonne
3508 1877 3598 1916 cor

191 1948 334 2006 cens,
363 1943 628 2005 oportere
657 1938 963 2006 episcopum
988 1933 1523 2003 irreprehensibilem
1554 1947 1685 2001 esse,
1714 1948 1834 2002 pru-

1948 1966 2124 2004 meum
2155 1952 2211 2004 in
2237 1953 2500 2019 praesenti
2524 1956 2661 2015 erat,
2689 1951 2910 2020 quando
2934 1966 3181 2005 reversus
3224 1956 3302 2005 est
3339 1952 3491 2004 homo
3531 1951 3597 2004 de

190 2024 419 2087 dentem,
474 2030 748 2088 ornatum,
801 2024 1091 2086 doctorem,
1147 2024 1525 2084 continentem,
1580 2021 1834 2084 sobrium,

1949 2053 2117 2093 curru
2144 2053 2241 2093 suo
2270 2041 2331 2093 in
2357 2055 2637 2094 occursum
2663 2042 2793 2094 tui?
2829 2040 2987 2095 Nuuc
3012 2042 3183 2107 igitur
3206 2041 3461 2108 accepisti
3493 2055 3597 2091 ar-

191 2114 589 2183 amplectentem
610 2129 729 2168 eum
757 2114 854 2183 qui
876 2111 1172 2167 secundum
1196 2111 1501 2165 doctrinam
1531 2114 1609 2164 est
1630 2108 1834 2179 fidelem

1946 2131 2187 2194 genium,
2219 2132 2270 2183 et
2298 2130 2555 2200 accepisti
2577 2132 2767 2191 vestes,
2791 2132 2852 2183 ut
2880 2143 3024 2182 emas
3049 2128 3265 2190 oliveta,
3306 2130 3356 2182 et
3382 2128 3591 2189 vineas,

190 2215 500 2265 sermonem,
530 2206 592 2256 ut
609 2207 799 2271 potens
830 2203 903 2256 sit
934 2200 1215 2255 exhortari
1238 2200 1298 2253 in
1326 2196 1577 2254 doctrina
1601 2211 1761 2259 sana,
1789 2199 1834 2251 et

1946 2218 1998 2270 et
2021 2231 2162 2279 oves,
2194 2221 2246 2272 et
2274 2196 2450 2281 boves,
2482 2220 2534 2271 et
2561 2231 2761 2279 seruos,
2788 2220 2839 2271 et
2858 2216 3125 2281 ancillas;
3152 2215 3247 2270 sed
3276 2214 3427 2284 lepra
3447 2215 3595 2272 Naav

191 2304 269 2345 eos
300 2292 397 2360 qui
424 2292 808 2346 contradicunt
835 2304 1065 2359 arguere
1088 2288 1142 2358 (Ι
1172 2289 1308 2343 Tim.
1343 2301 1430 2354 ιιι,
1468 2287 1573 2341 Tit.
1617 2283 1674 2357 1).
1708 2285 1839 2341 Pro-

187 2377 450 2435 feruntur
471 2375 856 2453 [evanescunt]
888 2377 1069 2450 igitur
1086 2376 1203 2433 haec
1224 2375 1418 2432 omnia
1441 2374 1512 2430 de
1540 2372 1836 2430 venditore

186 2480 243 2524 ac
289 2474 553 2540 emptore
600 2468 863 2525 beneficii
921 2462 1296 2541 [sacerdotii].
1351 2465 1525 2520 Porro
1579 2461 1833 2533 subjecta

186 2563 513 2615 sanctorum
545 2557 875 2615 testimonia
911 2555 1164 2613 alienum
1192 2554 1427 2611 omnino
1454 2566 1487 2609 a
1512 2550 1833 2610 sacerdotio

187 2646 568 2717 pronuntiant
586 2660 716 2702 eum
748 2646 847 2717 qui
870 2644 1080 2701 delerit
1103 2642 1418 2714 aliquando
1438 2641 1524 2698 vel
1547 2640 1834 2711 acceperit

185 2735 237 2790 in
250 2735 458 2806 aliquo
476 2740 745 2804 tempore,
764 2734 884 2789 sive
900 2732 1126 2789 scilicet
1139 2736 1272 2788 ante
1291 2744 1493 2786 manus
1512 2728 1833 2800 impositio-

183 2837 328 2896 nem,
358 2824 483 2879 sive
527 2823 589 2878 in
620 2835 822 2878 manus
864 2820 1255 2891 impositione,
1305 2818 1427 2875 sive
1471 2822 1598 2889 post
1627 2830 1830 2874 manus

184 2912 632 2983 impositionem.
666 2910 937 2981 Accipere
956 2914 1044 2966 est
1081 2909 1255 2980 enim,
1288 2908 1550 2979 accipere
1579 2906 1829 2978 quando-

181 3014 426 3072 cenque.
467 3000 575 3057 Sed
613 3006 671 3057 et
723 3012 920 3057 omnes
968 2996 1356 3070 promotiones
1409 2994 1829 3053 ecclesiasticas
1888 3010 1891 3015 ·

178 3088 453 3147 auferunt
481 3088 544 3146 in
567 3089 803 3147 datione
830 3086 1225 3159 pecuniarum.

473 3212 660 3269 Canon
688 3216 1000 3268 sanctorum
1025 3209 1411 3282 Apostolorum
1437 3204 1527 3264 29.

235 3343 292 3399 Si
321 3341 474 3415 quis
501 3340 807 3411 episcopus
824 3342 928 3396 aut
956 3336 1268 3409 presbyter,
1295 3337 1400 3392 aut
1421 3333 1703 3390 diaconus
1727 3345 1829 3404 per

179 3432 451 3501 pecunias
480 3429 629 3487 hanc
663 3427 985 3486 obtinuerit
1024 3425 1387 3498 dignitatem,
1426 3421 1736 3493 deiiciatur
1770 3424 1827 3479 et

178 3518 289 3591 ipse
323 3524 387 3577 et
434 3519 738 3576 ordinatur
790 3517 937 3588 ejus,
986 3520 1042 3572 et
1100 3528 1135 3571 a
1184 3511 1588 3569 communione
1639 3509 1827 3568 modis

176 3608 445 3666 omnibus
503 3605 900 3677 abscindatur,
963 3604 1117 3662 sicut
1161 3598 1359 3659 Simon
1402 3599 1603 3673 Magus
1627 3597 1690 3672 fa
1738 3612 1828 3659 me

176 3698 350 3757 Petro.

426 3806 515 3861 De
549 3802 792 3860 Actibus
819 3799 1215 3875 apostolorum
1242 3797 1379 3872 (cap.
1413 3795 1557 3871 vm).

235 3928 366 3985 Cum
395 3928 632 3984 vidisset
681 3931 863 3982 autem
893 3925 1101 3987 Simon,
1131 3924 1263 3994 quia
1283 3937 1388 3994 per
1434 3921 1829 3992 impositionem

172 4032 357 4073 manus
397 4016 773 4088 apostolorum
817 4015 1047 4070 daretur
1089 4012 1330 4084 Spiritus
1359 4014 1599 4072 sanctus,
1632 4008 1830 4063 obtulit

168 4107 237 4160 eis
257 4109 584 4177 pecuniam,
631 4105 851 4160 dicens:
886 4105 1023 4158 Date
1064 4107 1116 4157 et
1139 4100 1277 4156 mihi
1304 4099 1445 4154 hanc
1480 4102 1823 4170 potestatem,

170 4199 227 4248 ut
273 4199 591 4264 cuicunque
639 4196 942 4265 imposuero
990 4205 1208 4254 manus,
1266 4190 1502 4259 accipiat
1559 4187 1826 4257 Spiritum

167 4291 436 4341 sanctwn.
487 4284 678 4338 Petrus
723 4286 904 4337 autem
948 4282 1095 4336 dicit
1134 4280 1210 4335 ad
1254 4293 1413 4335 eum:
1455 4277 1692 4331 Pecunia
1729 4280 1827 4329 tua

1941 2319 2074 2358 man
2096 2305 2395 2361 adhaerebit
2431 2305 2533 2361 tibi
2562 2310 2612 2361 et
2641 2306 2836 2360 semini
2875 2308 2966 2359 tuo
2995 2306 3055 2359 in
3083 2304 3508 2375 sempiternum:
3543 2306 3594 2359 et

1942 2407 2188 2461 egressus
2208 2398 2287 2449 est
2310 2395 2380 2449 ab
2405 2410 2464 2450 eo
2494 2396 2736 2466 leprosus
2766 2395 2929 2464 quasi
2956 2394 3076 2448 nim.

1938 2537 2028 2593 Ea:
2055 2514 2233 2593 sancti
2271 2536 2474 2591 Basilii
2514 2536 2752 2606 episcOpi
2778 2536 3225 2605 interpretatione
3260 2535 3323 2589 in
3362 2535 3586 2590 Isaiam.

2329 2607 2421 2678 (In
2456 2623 2577 2677 cap.
2609 2620 2736 2670 Vill,
2761 2610 2890 2678 post
2912 2606 3202 2678 medium.)

2011 2752 2211 2823 Legem
2239 2747 2400 2805 dedit
2425 2748 2484 2805 in
2512 2747 2890 2818 adjutorium,
2923 2751 2988 2803 ut
3016 2746 3249 2804 dicant:
3278 2747 3402 2803 Non
3428 2745 3584 2803 sicut

1941 2837 2048 2895 hoc
2076 2839 2147 2895 de
2186 2851 2300 2908 quo
2331 2850 2443 2894 non
2483 2836 2618 2893 licet
2659 2834 2799 2892 dare
2860 2849 3113 2893 munera.
3161 2837 3288 2891 Haec
3318 2848 3450 2891 vero
3498 2835 3588 2890 lex

1939 2940 2053 2985 non
2077 2930 2164 2983 est
2192 2926 2348 2983 sicut
2375 2926 2613 2982 verbum
2645 2925 2751 2982 hoc
2779 2925 2928 2997 quod
2961 2930 3046 2981 est
3090 2924 3149 2980 in
3186 2923 3581 2995 ventriloquo:

1940 3029 2052 3072 non
2080 3015 2235 3073 enim
2263 3015 2333 3071 ad
2364 3014 2752 3085 deceptionem
2785 3014 3103 3087 excogitata
3133 3018 3238 3085 est,
3273 3013 3428 3069 sicut
3458 3012 3581 3086 illa,

1856 3074 1906 3139 Ο
1936 3104 2033 3162 sed
2066 3104 2339 3177 magistra
2366 3107 2453 3159 est
2478 3074 2771 3159 veritatis:
2797 3107 2854 3157 et
2884 3074 2975 3158 illi
3002 3074 3238 3174 quidem
3264 3102 3325 3157 in
3350 3074 3587 3173 argento

1937 3193 2063 3265 [pro
2091 3190 2237 3269 arg.]
2282 3193 2564 3251 divinant.
2612 3192 2727 3249 Hoc
2751 3190 3031 3249 enimest
3056 3190 3205 3263 quod
3262 3190 3580 3262 deridetur,

1936 3286 2075 3361 quia
2102 3289 2160 3341 et
2184 3287 2485 3355 argentum
2512 3282 2599 3339 eis
2629 3281 2893 3338 tribuunt
2914 3281 3224 3337 mercedem
3246 3278 3490 3336 fallacia:
3521 3279 3581 3335 hi

1936 3376 2038 3450 qui
2068 3373 2457 3444 decipiuntur.
2512 3370 2628 3428 Hoc
2657 3374 2844 3427 auten
2876 3369 3133 3439 verbum,
3182 3367 3239 3424 id
3285 3374 3372 3424 est
3414 3368 3578 3440 legis,

1936 3478 2050 3524 non
2078 3468 2167 3520 est
2206 3461 2339 3530 tale,
2385 3464 2450 3517 ut
2496 3470 2731 3515 munera
2760 3459 2897 3514 dent
2923 3470 3025 3527 pro
3071 3470 3157 3513 eo.
3206 3457 3382 3512 Nemo
3427 3456 3581 3511 enim

1936 3553 2176 3628 gratiam
2202 3549 2304 3605 Dei
2324 3547 2630 3605 venundat.
2661 3545 2866 3610 Gratis,
2897 3544 3441 3617 inquit,,aecepistis,
3460 3559 3584 3614 gra-

1936 3645 2006 3700 tis
2035 3643 2161 3698 date
2188 3637 2405 3711 (Matth.
2448 3638 2530 3707 x).
2576 3635 2767 3707 Vides,
2819 3634 3070 3706 qualiter
3100 3633 3435 3706 indignatus
3472 3632 3582 3687 Pe-

1935 3736 2062 3789 trus
2105 3731 2182 3789 sit
2229 3732 2429 3786 contra
2473 3725 2781 3796 Simonem,
2829 3723 3129 3796 pecuniam
3184 3736 3285 3793 pro
3327 3721 3581 3793 Spiritus

1936 3820 2119 3877 sancti
2151 3819 2335 3892 gratia
2362 3816 2687 3875 olferentem
2706 3813 2736 3869 ‘l
2757 3815 2999 3869 Pecunia
3019 3816 3136 3875 tua,
3165 3810 3375 3882 inquit,
3409 3816 3581 3866 tecum

1933 3911 2010 3965 sit
2035 3910 2097 3963 in
2128 3908 2517 3977 perditionem;
2562 3907 2697 3975 quia
2743 3903 3074 3959 existimasti
3101 3900 3303 3955 donum
3339 3901 3438 3954 Dei
3478 3916 3582 3969 per

1932 3998 2222 4070 pecuniam
2260 3994 2540 4066 possidere
2571 3991 2717 4062 (Act.
2764 3992 2916 4061 vm).
2963 3992 3087 4047 Non
3117 3994 3204 4046 est
3228 4002 3361 4060 ergo
3390 3989 3582 4044 Evan—

1937 4086 2074 4160 gelii
2101 4097 2307 4154 sermo,
2334 4082 2489 4139 sicut
2525 4081 2693 4137 verba
2718 4094 2852 4152 quae
2885 4080 3215 4136 venduntur
3236 4092 3269 4134 a
3296 4077 3584 4134 ventrilo—

1935 4176 2088 4248 quis.
2111 4172 2260 4242 Quid
2290 4171 2445 4229 enim
2474 4169 2639 4227 dabit
2669 4169 2975 4239 quisquam
3001 4166 3243 4240 dignum
3272 4180 3374 4236 pro
3402 4164 3489 4221 eis
3519 4164 3579 4221 in

1933 4261 2436 4321 commutationem
2462 4258 2491 4313 ‘2
2517 4257 2667 4315 Audi
2694 4256 2873 4313 David
2903 4255 3257 4312 haesitantem
3283 4259 3453 4326 atque
3480 4254 3581 4309 di—

164 4377 331 4430 tecum
356 4377 437 4429 sit
458 4375 520 4427 in
540 4372 923 4443 perditionem,
956 4373 1090 4441 quia
1119 4370 1321 4425 donum
1348 4369 1446 4422 Dei
1465 4361 1828 4421 ‘ean‘stamasti
1848 4439 1887 4443 _
1933 4358 2179 4409 Gentem:
2396 4348 2714 4443 retribuam
2743 4347 2971 4443 Domino
3009 4360 3123 4443 pro
3170 4346 3419 4401 omnibus
3462 4358 3581 4413 qua

156 4466 395 4531 pecunia
434 4436 738 4533 possidere,
771 4461 893 4517 Non
935 4436 1013 4515 eg,
1055 4459 1157 4513 tibi
1196 4472 1354 4527 pars,
1401 4471 1575 4525 neque
1615 4469 1731 4510 εογε
1760 4456 1821 4508 in
1846 4439 1902 4503 D
1929 4442 2194 4533 retribuit
2222 4439 2360 4495 mihi
2382 4436 2522 4533 (Pal.
2548 4436 2864 4533 cxvii-{on
2892 4436 3132 4533 possunt
3179 4446 3314 4503 ergo
3330 4444 3579 4533 ‘m'unera

162 4565 406 4607 sermone
456 4553 598 4605 isto:
628 4566 719 4603 cor
748 4551 889 4603 enim
937 4553 1092 4602 tuum
1119 4561 1228 4601 non
1253 4549 1333 4599 est
1381 4548 1588 4599 rectum
1641 4559 1823 4599 coram

158 4639 281 4694 Deo.
314 4640 713 4695 Paenitentiam
752 4639 937 4707 itaque
970 4652 1069 4704 age
1097 4636 1165 4690 ab
1196 4635 1297 4689 hac
1344 4635 1593 4704 nequitia
1622 4638 1739 4696 tua,
1772 4638 1823 4688 et

157 4743 289 4795 roga
311 4731 518 4791 Deum,
543 4730 591 4782 si
608 4730 748 4795 forte
768 4727 1081 4781 remittatur
1106 4724 1207 4779 tibi
1231 4724 1339 4779 huic
1365 4722 1619 4791 cogitatio
1645 4721 1823 4776 cordis

160 4819 258 4871 tui.
288 4819 360 4873 In
386 4818 527 4887 felle
568 4818 712 4871 enim
738 4814 1129 4870 amaritudinis
1154 4818 1206 4869 et
1232 4813 1564 4882 obligatione
1599 4811 1825 4880 iniqui—

158 4909 286 4961 tatis
308 4908 482 4962 uideo
513 4911 562 4960 te
582 4920 710 4960 esse.

412 5032 505 5088 Ex
529 5029 681 5087 libro
709 5029 881 5087 tertio
906 5029 1226 5100 Regnorum
1252 5023 1390 5099 (cap.
1418 5024 1570 5097 xm).

219 5157 348 5212 Non
381 5161 473 5212 est
498 5170 745 5211 reuersus
781 5154 1063 5232 Jeroboam
1085 5152 1153 5207 de
1174 5154 1267 5207 via
1308 5166 1413 5207 sua
1434 5151 1693 5221 pessima,
1725 5150 1822 5205 sed
1844 5159 1853 5169 '

158 5262 184 5300 e
200 5248 499 5303 contrario
520 5247 654 5313 fecit
680 5244 747 5299 de
774 5243 1085 5299 novissimis
1103 5241 1300 5311 populi
1327 5239 1630 5295 sacerdotes
1651 5238 1821 5293 excel-

157 5349 357 5390 sorum.
416 5334 741 5403 Quicunque
775 5332 1009 5394 uolebat,
1036 5330 1297 5400 implebat
1321 5342 1545 5383 manum
1569 5342 1728 5383 suam
1770 5331 1821 5383 et

159 5424 318 5493 ﬁebat
366 5422 631 5479 sacerdos
673 5421 1040 5487 cacclsorum;
1066 5424 1117 5475 et
1136 5422 1364 5490 propter
1412 5418 1553 5472 hanc
1598 5431 1821 5471 causam

155 5514 405 5582 peccauit
428 5510 624 5567 domus
645 5509 947 5573 Jeroboam,
992 5513 1043 5565 et
1065 5523 1251 5565 euersa
1283 5511 1382 5573 est,
1422 5511 1473 5563 et
1500 5505 1677 5563 deleta
1713 5505 1821 5561 de-

156 5615 319 5671 super
347 5601 511 5670 facie
537 5604 708 5655 terrae.

1927 4530 2056 4589 dari
2085 4531 2156 4587 de
2182 4529 2289 4585 hoc
2315 4526 2593 4598 condigna
2624 4523 2841 4597 gratiae,
2866 4535 2993 4593 quae
3012 4520 3082 4577 ab
3110 4521 3235 4591 ipso
3264 4526 3366 4576 est.
3390 4520 3578 4574 Unum

1929 4625 2016 4679 est
2038 4620 2253 4676 donum
2272 4616 2533 4688 dignum,
2558 4612 2822 4669 custodia
2851 4609 3119 4667 videlicet
3148 4610 3274 4679 ejus
3303 4607 3452 4680 quod
3483 4607 3582 4664 do-

1930 4714 2128 4767 natum
2168 4710 2273 4763 est.
2305 4703 2418 4774 Qui
2445 4702 2606 4759 dedit
2644 4701 2751 4757 tibi
2800 4700 3154 4767 thesaurum,
3185 4712 3296 4754 non
3330 4697 3577 4768 pretium

1930 4797 2136 4869 repetit
2162 4794 2305 4867 dati,
2330 4792 2427 4850 sed
2450 4789 2772 4847 custodiam
2797 4788 3030 4859 dignam
3056 4787 3183 4857 ejus
3203 4786 3355 4858 quod
3380 4785 3577 4843 datum

1929 4891 2032 4943 est.

1926 5026 2191 5099 Ejusdem
2226 5038 2293 5099 es
2330 5020 2558 5093 epistola
2592 5018 2667 5073 ad
2704 5020 2974 5099 episcopos
3018 5017 3295 5099 destinata
3336 5019 3434 5099 qui
3477 5020 3577 5075 sub

1998 5102 2116 5170 ipso
2136 5098 2313 5158 erant,
2334 5092 2397 5149 ut
2415 5108 2523 5148 non
2535 5105 2732 5147 manus
2753 5092 3089 5160 imponerent
3100 5104 3206 5160 per
3218 5092 3503 5160 pecunias.

1997 5222 2346 5281 Existimant
2371 5232 2432 5276 se
2459 5228 2570 5275 non
2603 5227 2854 5288 peccare,
2888 5213 3026 5286 quia
3052 5228 3166 5273 non
3200 5214 3416 5285 pariter
3440 5227 3571 5270 cum

1928 5326 2135 5372 manus
2151 5307 2523 5382 impositione
2543 5319 2754 5364 munus
2768 5303 3082 5375 accipiunt.
3103 5302 3375 5375 Accipere
3387 5307 3575 5360 autem

1927 5408 2034 5473 est,
2068 5400 2529 5474 quandocuon
2554 5394 2895 5466 accipiatur.
2943 5394 3099 5467 Rogo
3141 5406 3298 5465 ergo,
3335 5396 3401 5449 ut
3433 5390 3577 5447 hanc

1928 5492 2297 5559 oblationem,
2329 5487 2446 5544 imo
2489 5497 2620 5542 vero
2646 5487 2934 5541 terrenum
2977 5481 3338 5539 commodum
3366 5475 3568 5552 [indu-

1928 5584 2175 5641 ctionem
2194 5578 2252 5634 in
2270 5569 2605 5650 gehennam]
2625 5570 2947 5643 deponatis,
2967 5574 3109 5625 etne
3140 5581 3341 5626 manus
3358 5563 3572 5621 talibus
