4016 6168
401 251 508 312 503

1623 256 1984 316 ANASTASII
2033 257 2575 322 BIBLIOTHECARH

3687 269 3790 332 504

407 377 865 468 contaminantes
889 377 1340 451 acceptionibus,
1369 382 1743 454 vosmetipsos
1775 381 2045 455 indignos
2069 381 2127 442 A
2167 382 2542 458 defensorem,
2576 388 2661 446 vel
2693 390 3167 466 mansionarium,
3193 397 3295 453 aut
3317 408 3657 468 quemquam
3695 395 3790 466 qui

403 465 634 524 faciatis
654 468 978 526 celebrandi
1012 475 1205 526 sancta
1236 472 1523 538 mysteria.

773 596 850 650 De
876 596 990 649 vita
1018 594 1074 650 S.
1102 597 1330 650 Joannis
1355 598 1512 651 aurei
1533 598 1661 652 oris.

469 715 725 774 Accessit
761 717 860 774 ille
891 719 996 789 qui
1041 719 1223 793 longae
1255 719 1422 776 nobis
1471 723 1593 776 erat
1634 717 2052 790 disputationis

398 810 620 877 auctor,
647 807 715 863 ad
747 807 1047 878 episcopos
1063 822 1276 877 omnes,
1305 809 1587 866 Eusebius
1607 809 1873 865 videlicet
1892 822 2054 864 accu-

405 903 561 951 sator
599 909 694 952 sex
730 897 1084 966 reliquorum
1134 897 1552 969 episcoporum,
1584 902 1640 954 et
1666 897 1963 968 postulans
1989 900 2054 952 ut

404 985 796 1055 susciperetur
813 987 873 1042 in
894 987 1370 1043 communionem.
1389 987 1802 1044 Contradicunt
1819 987 2051 1058 quidam

411 1077 832 1146 episcoporum,
867 1090 977 1131 non
1011 1080 1270 1144 oportere
1302 1075 1466 1132 illum
1499 1077 1559 1131 in
1595 1072 1697 1150 [ul]
1728 1075 2055 1131 calumnia-

410 1171 586 1220 torem
622 1164 872 1220 admitti.
907 1167 969 1219 In
997 1164 1091 1218 his
1115 1165 1464 1235 supplicavit
1501 1165 1733 1221 dicens:
1773 1163 2053 1233 Quoniam

409 1253 534 1308 litis
567 1249 686 1327 [lis]
718 1254 986 1322 majorem
1011 1257 1224 1323 partem
1251 1267 1349 1323 per
1377 1254 1523 1309 duos
1551 1266 1732 1308 annos
1756 1253 2058 1308 examina-

411 1342 496 1398 vit
555 1338 898 1414 [examinata
930 1339 1059 1416 est],
1115 1346 1202 1397 est
1246 1341 1452 1397 dilatio
1505 1338 1719 1416 [causa]
1763 1342 1832 1396 ad
1885 1345 2056 1396 testes

411 1431 607 1488 eﬁecta
653 1435 758 1502 est,
803 1431 1077 1500 deprecor
1100 1437 1341 1486 vestram
1387 1431 1502 1486 Deo
1545 1429 1955 1485 amabilitatem
1993 1432 2056 1484 ut

408 1521 553 1576 mihi
582 1519 652 1576 ab
673 1533 738 1575 eo
760 1524 932 1576 testes
955 1517 1095 1592 [(λῖνν
1119 1523 1184 1574 ut
1207 1532 1239 1573 a
1266 1532 1353 1574 me
1379 1516 1570 1592 testes]
1602 1518 1771 1574 hodie
1799 1517 2056 1574 iribuan—

408 1613 522 1666 tur.
557 1610 696 1664 Nam
739 1609 789 1663 si
839 1612 897 1663 et
936 1593 1263 1663 Antoninus
1301 1608 1604 1676 episcopus
1648 1611 1907 1662 mortuus
1950 1610 2054 1677 est,

2167 473 2459 544 subjectus
2482 482 2568 534 est
2592 481 2820 552 regulae,
2855 498 2955 553 pro
2984 485 3077 542 sui
3105 486 3427 557 turpissimi
3461 485 3607 542 lucri
3639 497 3794 541 com-

2163 567 2363 621 modo:
2399 565 2451 622 is
2479 582 2647 639 quem
2675 571 2781 631 hoc
2801 577 3110 631 attentasse
3136 576 3432 646 probatum
3455 574 3650 645 fuerit,
3680 586 3801 644 pro-

2160 654 2273 723 prii
2297 658 2509 727 gradus
2530 660 2787 729 periculo
2809 663 3157 733 subjacebit:
3183 671 3239 722 et
3256 666 3356 737 qui
3373 665 3674 722 ordinatus
3693 667 3795 732 est,

2161 743 2312 800 nihil
2351 759 2420 801 ex
2465 746 2568 803 hac
2597 749 2963 810 ordinatione
2990 758 3092 810 aut
3121 755 3492 825 promotione,
3539 769 3666 826 quae
3705 767 3801 824 per

2162 834 2604 906 negotiationem
2648 837 2796 896 facta
2838 846 2942 910 est,
2995 843 3275 914 proﬁciat,
3320 845 3415 900 sed
3460 844 3539 900 sit
3579 843 3805 900 alienus

2161 937 2224 980 ea
2243 924 2526 997 dignitate
2545 933 2602 984 et
2613 928 3028 1005 sollicitudine,
3049 947 3218 1005 quam
3240 934 3499 1004 pecuniis
3516 933 3802 1004 quaesivit.

2161 1013 2219 1069 Si
2245 1015 2376 1085 quis
2406 1031 2536 1073 vero
2566 1019 2846 1076 mediator
2874 1026 2987 1078 tam
3019 1022 3290 1092 turpibus
3317 1029 3373 1079 et
3406 1022 3670 1079 nefandis
3697 1023 3808 1078 da—

2164 1104 2242 1160 tis
2271 1106 2355 1162 vel
2399 1109 2649 1178 acceptis
2678 1111 2984 1176 exstiterit,
3016 1112 3305 1184 siquidem
3334 1113 3580 1170 clericus
3610 1111 3806 1181 fuerit,

2166 1196 2396 1264 proprio
2423 1199 2603 1268 gradu
2623 1199 2878 1258 decidat:
2909 1201 2960 1257 si
2987 1215 3116 1258 vero
3138 1201 3322 1258 laicus
3341 1207 3440 1260 aut
3470 1201 3808 1271 monachus,

2163 1284 2698 1344 anathematizetur.

2163 1409 2252 1462 Ea:
2280 1410 2540 1485 synodica
2587 1414 2812 1480 epistola
2856 1413 3129 1469 Gennadii
3155 1417 3486 1470 sanctissimi
3535 1415 3812 1485 archiepi-

2236 1482 2385 1606 ἔδοξέ
2440 1481 2992 1556 Constantinopoleos,
3041 1490 3091 1542 et
3143 1488 3341 1557 synodi
3399 1502 3522 1557 quae
3579 1481 3736 1542 eum'
3760 1501 3817 1541 eo

2266 1568 2330 1606 ra
2362 1592 2373 1604 .

2266 1568 2373 1606 rat.

425 1698 526 1770 qui
557 1701 787 1766 accepto
817 1709 958 1752 auro
990 1696 1303 1765 promovit;
1337 1674 1430 1752 sed
1472 1674 1701 1751 manent
1730 1696 1828 1766 qui
1882 1674 2058 1750 dede;
2085 1697 2137 1758 Β
2185 1674 2326 1770 __Sit_
2357 1675 2539 1748 igitur
2561 1678 3056 1770 et‘estiabjectus,
3090 1686 3148 1738 et
3174 1682 3245 1738 ab
3290 1683 3444 1739 omni
3473 1681 3819 1738 sacerdotali

409 1792 546 1843 runt
575 1792 631 1842 et
659 1786 910 1842 ordinati
939 1790 1090 1842 sunt.
1127 1787 1326 1841 Sanxit
1358 1800 1608 1856 praesens
1633 1785 1967 1855 concilium,
1997 1790 2061 1841 ut

415 1877 746 1948 requiratur
776 1875 1107 1947 negotium;
1143 1875 1447 1931 inchoatur
1489 1889 1660 1931 causa
1699 1889 1768 1949 ex
1817 1874 2061 1930 lectione

417 1970 913 2022 monumentorum
941 1978 1066 2034 quae
1111 1964 1383 2034 primitus
1424 1970 1579 2037 gesta
1610 1968 1762 2020 sunt.
1809 1962 2058 2034 Ingressl

420 2059 556 2111 sunt
588 2058 794 2109 testes:
828 2053 1072 2124 ingressi
1105 2057 1240 2109 sunt
1264 2057 1319 2108 et
1347 2066 1444 2108 sex
1470 2051 1569 2123 qui
1595 2053 1877 2108 dederunt
1897 2055 1954 2106 et
1978 2064 2065 2106 or-

409 2142 595 2200 (linati
631 2147 798 2198 sunt:
835 2141 895 2196 in
924 2141 1096 2197 initio
1129 2141 1424 2214 negabant.
1475 2141 1730 2212 Cumque
1777 2151 2067 2210 permane

412 2236 538 2291 rent
574 2237 744 2289 testes
763 2235 877 2286 tam
902 2229 1036 2286 laici
1071 2244 1240 2302 quam
1269 2230 1606 2302 presbyteri,
1637 2229 1852 2302 quibus
1877 2229 2067 2284 visum

413 2321 600 2379 fuerat
660 2321 899 2377 ﬁdenter
944 2333 1068 2376 esse
1121 2315 1262 2393 [Gr.,
1305 2319 1416 2375 visi
1480 2319 1708 2376 fuerant
1760 2311 2067 2387 conﬁdere]

414 2412 788 2480 credendum;
819 2409 1076 2480 quaedam
1107 2414 1296 2466 autem
1327 2413 1382 2464 et
1410 2409 1718 2464 mulieres:
1749 2409 1920 2464 etiam
1950 2419 2070 2477 spe-

419 2502 538 2558 cies
567 2501 873 2572 pignorum
901 2498 1228 2572 praefati,'_et
1249 2499 1392 2569 loca,
1420 2502 1476 2555 et
1508 2501 1780 2568 tempora,
1811 2501 1868 2552 et
1894 2508 2070 2567 quan-

421 2591 643 2647 titatem
670 2609 685 2660 ;
719 2603 830 2646 non
858 2588 1164 2646 admodum
1195 2587 1336 2644 bene
1366 2585 1720 2643 conscientia
1750 2597 1854 2641 sua
1879 2584 2069 2654 dispo-

418 2679 551 2750 sita,
587 2678 837 2737 ultronei
868 2677 1213 2735 conﬁtentur
1241 2676 1456 2747 absque
1479 2674 1658 2731 multa
1689 2673 2062 2729 necessitate:

421 2769 558 2842 quia
583 2768 866 2839 dedimus,
898 2767 1263 2836 conﬁtentur,
1286 2771 1342 2821 et
1371 2763 1509 2820 facti
1532 2777 1734 2819 sumus
1759 2762 1926 2818 talem
1955 2759 2070 2816 exi-

419 2861 720 2916 stimantes
758 2856 1225 2928 consequentiam
1262 2848 1780 2928 [consuetudinem]
1826 2863 1968 2921 esse,
2006 2852 2070 2905 nt

417 2949 742 3005 videremur
766 2962 799 3004 a
827 2947 992 3003 curia
1032 2944 1263 3017 publica
1301 2941 1556 2999 liberari.
1601 2942 1670 2997 Et
1701 2954 1852 2996 nunc
1896 2940 2072 2996 obse-

419 3052 644 3094 cramus
675 3041 759 3108 ut,
790 3037 840 3092 si
872 3035 1104 3107 quidem
1125 3035 1347 3103 justum
1378 3034 1464 3088 est
1493 3044 1598 3086 nos
1623 3043 1747 3086 esse
1793 3029 1851 3084 in
1884 3029 2070 3084 mini—

419 3127 595 3184 sterio
625 3125 912 3194 Ecclesiae,
962 3123 1176 3180 simus:
1222 3121 1314 3176 sin
1370 3124 1583 3191 autem,
1629 3118 1829 3175 saltem
1860 3131 2067 3174 aurum

426 3216 576 3288 quod
599 3214 884 3284 dedimus,
915 3211 1293 3282 recipiamus:
1321 3222 1449 3266 nam
1471 3222 1716 3264 uxorum
1744 3211 2068 3264 nostrarum

425 3307 682 3378 quaadam
713 3304 980 3361 dedimus
1009 3314 1164 3376 vasa,
1193 3301 1436 3357 Joannes
1460 3299 1528 3356 ad
1558 3299 1678 3355 haec
1716 3295 2071 3368 repromitte-

424 3396 522 3453 bat
545 3394 815 3465 concilio,
845 3393 983 3466 quia
1021 3405 1054 3447 a
1079 3391 1242 3448 curia
1270 3391 1501 3462 quidem
1541 3402 1642 3461 ego
1671 3401 1768 3445 eos
1797 3401 1927 3444 cum
1957 3388 2069 3443 Deo

2169 1765 2451 1837 dignitate
2479 1771 2648 1837 atque
2677 1767 2869 1826 ofﬁcio
2889 1771 3134 1843 alienus,
3168 1777 3223 1826 et
3251 1772 3641 1828 maledictioni
3669 1786 3824 1828 ana-

2170 1853 2437 1910 thematis
2450 1856 2736 1920 subditus,
2754 1863 2866 1915 tam
2882 1861 2979 1930 qui
3002 1862 3290 1931 possidere
3310 1862 3413 1917 hoc
3433 1863 3826 1918 sacerdotium

2173 1956 2270 2013 per
2298 1944 2569 2013 pecunias
2595 1947 2886 2016 Opinatur,
2916 1963 3084 2021 quam
3117 1951 3168 2005 is
3199 1951 3298 2022 qui
3328 1951 3574 2021 prmbere
3605 1952 3662 2007 id
3701 1966 3830 2021 pro-

2174 2035 2299 2102 pter
2335 2034 2606 2104 pecunias
2652 2036 2977 2111 pollicetur,
3011 2039 3132 2094 sive
3157 2039 3422 2111 clericus,
3475 2041 3595 2096 sive
3636 2040 3830 2097 laicus

2176 2119 2292 2175 sit:
2345 2122 2465 2177 sive
2494 2124 2810 2196 convictus,
2861 2126 2980 2182 sive
3010 2141 3120 2182 non
3163 2126 3343 2183 fuerit
3375 2129 3677 2184 convictus
3723 2128 3832 2186 hoc

2177 2207 2378 2266 facere.
2427 2213 2548 2266 Non
2594 2216 2680 2268 est
2707 2214 2861 2269 enim
2893 2215 3167 2285 possibile
3214 2218 3516 2272 convenire
3547 2218 3836 2273 inconve-

2178 2299 2420 2372 nientia,
2470 2315 2653 2374 neque
2675 2318 2805 2360 cum
2836 2306 2949 2361 Deo
2977 2307 3323 2363 concordare
3355 2320 3701 2376 mammona,
3747 2307 3834 2363 vel

2177 2402 2274 2446 eos
2321 2391 2420 2460 qui
2454 2390 2590 2448 huic
2634 2394 2908 2460 serviunt,
2959 2397 3173 2452 servire
3208 2399 3339 2453 Deo.
3399 2397 3704 2453 Dominica
3752 2401 3838 2453 est

2177 2479 2349 2534 etiam
2381 2481 2661 2538 sententia
2694 2483 2812 2540 haec
2843 2498 2966 2555 qum
2998 2485 3395 2541 incunctanter
3426 2485 3655 2557 asserit,
3721 2498 3836 2541 non

2179 2579 2343 2729 pos)se
2391 2569 2505 2625 Deo
2561 2570 2777 2627 servire
2823 2576 2879 2628 et
2927 2585 3257 2630 mammonae
3283 2571 3494 2645 (Matth.
3537 2587 3635 2645 v1;
3697 2575 3833 2629 Luc.

2179 2668 2312 2710 xvr.

2175 2668 2312 2710 XVI).

2175 2785 2265 2840 Ea:
2315 2787 2611 2842 canonibus
2655 2789 2854 2842 sanctae
2883 2792 3050 2916 sexta;
3086 2789 3284 2858 synodi
3337 2790 3531 2858 regula
3568 2790 3844 2859 vigesima

2843 2875 3008 2916 secun
3051 2877 3085 2915 α
3110 2873 3157 2915 α.

2843 2873 3085 2917 secunda
3110 2873 3157 2915 α.

2248 2983 2358 3038 Eos
2385 2983 2484 3055 qui
2513 2997 2611 3054 per
2639 2985 2913 3055 pecunias
2944 2986 3195 3043 ordinati
3219 2991 3375 3053 sunt,
3404 2987 3524 3045 sive
3546 2989 3817 3062 episcOpi
3835 3031 3849 3058 ,

2100 3071 2150 3136 G
2180 3071 2300 3128 sive
2326 3072 2657 3145 quicunque
2681 3073 2902 3144 clerici,
2935 3079 2992 3132 et
3021 3089 3133 3132 non
3178 3078 3495 3134 secundum
3529 3078 3850 3149 probatio-

2182 3174 2306 3218 nem
2338 3167 2393 3218 et
2438 3161 2568 3218 vita“:
2597 3163 2908 3237 optionem,
2951 3165 3159 3235 deponi
3196 3167 3584 3237 praecipimus,
3641 3169 3752 3224 sed
3793 3173 3851 3224 et

2182 3249 2318 3307 illos
2368 3251 2469 3322 qui
2502 3251 2606 3308 hos
2635 3252 2934 3310 ordinasse
2964 3258 3298 3310 noscuntur.
3345 3255 3667 3312 Audiamus
3726 3257 3850 3315 hac

2180 3340 2393 3412 omnia,
2421 3345 2477 3397 et
2514 3339 2758 3398 auribus
2802 3342 3207 3413 percipiamus,
3241 3357 3356 3400 non
3394 3344 3581 3401 solum
3622 3347 3850 3402 summi

2179 3429 2500 3485 sacerdotes
2519 3429 2596 3485 et'
2609 3430 2927 3487 sacerdotes
2947 3435 3003 3487 et
3023 3431 3123 3502 qui
3157 3431 3218 3487 in
3242 3432 3394 3489 clero
3410 3447 3855 3491 connumeran~

2183 3523 2296 3589 tur,
2330 3519 2425 3574 sed
2471 3521 2527 3575 et
2557 3532 2751 3574 omnes
2781 3520 2881 3593 qui
2927 3520 3116 3576 orbem
3166 3521 3492 3579 habitamus
3523 3528 3846 3581 terrarum.

2181 3607 2417 3677 Oportet
2459 3607 2612 3662 enim
2643 3607 3038 3666 abundantius
3068 3625 3172 3669 nos
3215 3612 3509 3668 intendere
3554 3627 3688 3684 quae
3738 3629 3856 3670 au—

2185 3697 2450 3767 diuntur,
2476 3710 2545 3753 ne
2570 3695 2717 3754 forte
2733 3699 3080 3756 deﬂuamus:
3107 3702 3248 3768 Quia
3263 3718 3373 3757 non
3397 3704 3861 3773 corruptibilibus

2187 3791 2412 3854 argento
2441 3791 2492 3842 et
2519 3803 2655 3842 auro
2688 3788 2952 3861 redempti
2981 3805 3166 3846 sumus
3193 3792 3259 3847 de
3282 3808 3429 3848 vana
3455 3798 3648 3847 nostra
3679 3796 3868 3850 tradi-

2191 3877 2354 3930 tionis
2398 3881 2644 3947 paternaz
2695 3881 3117 3950 conversatione,
3157 3881 3254 3935 sed
3291 3884 3528 3950 pretioso
3579 3886 3870 3952 sanguine

2189 3965 2343 4033 Agni
2407 3967 2744 4022 inmaculati
2818 3973 2868 4022 et
2950 3971 3370 4024 incontaminati
3439 3973 3566 4025 Iesu
3649 3971 3871 4028 Christi

2193 4053 2247 4125 (Ι
2271 4055 2412 4108 Pet-r.
2466 4055 2524 4127 1).
2557 4055 2651 4110 Sic
2697 4069 2799 4111 nos
2836 4056 3056 4128 doceto,
3101 4059 3190 4114 vir
3233 4060 3645 4130 sacratissime,
3689 4063 3871 4134 sequi

2195 4142 2450 4199 divinam
2495 4144 2870 4216 Scripturam,
2910 4153 2967 4202 et
3003 4148 3348 4220 evangelica,
3381 4150 3728 4222 apOStolica,
3765 4166 3874 4208 ca—

2200 4233 2425 4305 nonica,
2458 4238 2515 4289 et
2546 4239 2777 4304 paterna
2805 4240 3099 4306 praecepta.
3135 4236 3447 4295 Obedimus
3476 4239 3631 4294 enim
3663 4240 3876 4297 verbis

2203 4322 2324 4378 oris
2353 4323 2547 4378 vestri.
2575 4323 2756 4392 Super
2782 4325 3003 4381 excelsa
3031 4328 3367 4398 conscende,
3395 4327 3580 4383 exalta
3608 4327 3670 4383 in
3703 4329 3882 4386 forti-

2207 4412 2409 4468 tudine
2436 4425 2627 4468 vocem
2659 4417 2813 4469 tuam
2839 4432 2851 4468 :
2875 4413 2969 4468 abi
2999 4415 3058 4469 in
3091 4413 3420 4486 latitudine,
3445 4417 3700 4487 praedica
3735 4432 3877 4475 cum

422 3484 697 3556 liberabo,
733 3482 1030 3555 postulans
1054 3481 1486 3551 imperatorem:
1521 3491 1621 3534 vos
1645 3482 1835 3533 autem
1877 3475 2074 3545 praeci-

423 3577 543 3648 pite
571 3574 829 3645 accipere
851 3573 984 3628 illos
1013 3570 1164 3641 quod
1190 3569 1492 3637 dederunt,
1521 3565 1593 3621 ab
1618 3565 1944 3620 haeredibus
1963 3563 2073 3618 An-

425 3664 634 3724 tonini.
659 3660 935 3730 Praecepit
957 3657 1210 3728 synodus
1224 3669 1430 3712 aurum
1453 3653 1686 3724 quidem
1707 3666 1802 3708 eos
1820 3653 2075 3721 recipere

427 3754 499 3810 ab
531 3749 856 3808 haeredibus
896 3744 1194 3814 Antonini,
1227 3741 1652 3799 communicare
1697 3744 1886 3796 autem
1921 3740 2076 3795 intra

429 3843 627 3910 altare,
673 3841 729 3894 et
761 3848 885 3891 esse
925 3833 1177 3903 privatos
1206 3829 1554 3886 sacerdotio:
1589 3842 1657 3885 ne
1689 3828 1822 3883 istis
1871 3827 2079 3882 indul—

433 3929 681 4004 gentiam
723 3921 1068 3990 consecutis,
1115 3918 1468 3976 consuetudo
1512 3917 1672 3973 ﬁeret
1710 3916 1946 3973 Judaica
1992 3915 2079 3973 vel

433 4017 696 4091 Egyptia
733 4011 1014 4070 vendendi
1045 4009 1451 4080 sacerdotium,
1494 4007 1579 4064 vel
1625 4007 1871 4063 emendi.
1904 4005 2084 4062 Aiunt

437 4107 591 4165 enim
618 4102 976 4176 pestilentem
1007 4104 1063 4156 et
1095 4097 1434 4155 falsidicum
1463 4096 1847 4169 patriarcham
1870 4095 2088 4152 Judwo-

440 4210 568 4254 rum
615 4207 714 4266 per
751 4189 1014 4263 singulos
1046 4201 1227 4245 annos
1268 4187 1355 4243 vel
1389 4185 1559 4256 infra,
1605 4185 2088 4256 arehisynagogos

441 4297 542 4358 per
589 4283 745 4339 vices
793 4279 1146 4336 constituere
1191 4288 1363 4333 causa
1415 4273 1751 4345 colligendae
1791 4271 2084 4342 pecuniae:

441 4373 716 4432 similiter
739 4373 796 4426 et
820 4367 1208 4457 simulatorem
1225 4365 1425 4457 hujus,
1453 4361 1849 4457 {Egyptiorum
1869 4359 2093 4457 scilicet
2125 4396 2175 4457 D

448 4463 875 4538 patriarcham;
911 4462 979 4515 ut
1003 4455 1312 4527 impleatur
1343 4451 1490 4509 illud
1519 4449 1921 4521 propheticum
1947 4467 1960 4503 :
1984 4448 2098 4504 Sa-

448 4555 686 4610 cerdotes
734 4550 853 4620 ejus
902 4562 1023 4602 cum
1072 4542 1390 4598 muneribus
1433 4538 1854 4608 respondebant,
1895 4541 1946 4594 et
1973 4553 2102 4609 pro-

447 4643 621 4714 pheta
642 4641 796 4695 illius
829 4651 951 4692 cum
985 4635 1209 4701 argento
1235 4629 1560 4685 divinabant
1583 4627 1769 4698 (Mich.
1817 4627 1922 4701 III).

2211 4499 2441 4571 ﬁducia,
2475 4505 2541 4556 ut
2562 4499 2860 4557 auferatur
2887 4507 2944 4558 et
2974 4502 3033 4558 in
3061 4503 3435 4561 abolitionem
3465 4505 3661 4561 veniat
3688 4507 3884 4579 impo-

2209 4588 2350 4645 sitio
2376 4603 2580 4645 manus
2604 4604 2731 4661 quae
2779 4603 2878 4660 per
2908 4593 3181 4661 pecunias
3213 4594 3308 4650 ﬁt:
3346 4607 3565 4650 necnon
3609 4599 3667 4651 et
3702 4598 3885 4668 quid-

2214 4677 2355 4750 quid
2381 4678 2528 4733 hanc
2554 4683 2783 4750 propter
2801 4680 3128 4752 avaritiam,
3157 4681 3506 4753 injustitiam
3527 4687 3585 4739 et
3612 4686 3887 4756 acquisi-

2214 4768 2450 4839 tionem,
2490 4767 2681 4839 turpis
2711 4769 2860 4825 lucri
2887 4771 3071 4843 gratia
3095 4773 3378 4842 sequitur.
3413 4774 3526 4829 Hac
3564 4774 3726 4829 enim
3765 4788 3885 4832 una

2212 4871 2341 4914 cum
2365 4856 2609 4928 bisjquai
2633 4867 2763 4914 cum
2796 4858 2898 4914 illa
2925 4861 3292 4933 conveniunt,
3320 4875 3352 4917 a
3375 4862 3587 4932 populo
3616 4865 3893 4934 acquisi-

2215 4946 2393 5002 tionis
2418 4945 2520 5017 qui
2552 4947 2781 5003 nomine
2807 4947 3022 5003 Christi
3053 4955 3339 5020 censetur,
3378 4955 3435 5006 et
3463 4952 3648 5024 gratis
3678 4967 3894 5012 conse-

2214 5037 2385 5090 cutus
2407 5037 2494 5088 est
2513 5035 2978 5106 redemptionem,
3010 5036 3219 5108 ablata,
3243 5039 3435 5094 omnia
3455 5041 3728 5113 contagia
3754 5057 3894 5113 quae

2217 5122 2533 5193 nequitiam
2581 5127 2921 5194 sequuntur,
2975 5125 3257 5182 radicitus
3293 5129 3781 5201 amputabuntur,
3834 5137 3897 5188 et

456 5230 546 5288 vel
571 5203 1065 5295 chorepiscopum,
1096 5217 1180 5274 vel
1205 5203 1617 5287 presbyterum,
1645 5218 1750 5269 aut
1773 5213 2106 5287 diaconum,
2218 5212 2537 5268 sacerdotes
2574 5217 2640 5268 ut
2677 5211 2865 5283 palma
2906 5214 3210 5287 ﬂorebunt,
3249 5216 3467 5273 Christi
3499 5219 3741 5276 odorem
3788 5220 3895 5278 his

459 5317 548 5376 vel
583 5310 894 5386 quemlibet
920 5322 989 5364 ex
1033 5307 1126 5362 his
1156 5304 1257 5376 qui
1299 5305 1789 5360 connumerantur
1819 5301 1880 5357 in
1918 5301 2106 5371 clero;
2219 5302 2320 5373 qui
2359 5299 2501 5356 salvi
2541 5300 2688 5357 ﬁunt
2719 5301 3088 5372 inspirantes,
3119 5308 3176 5359 et
3209 5304 3476 5361 Ecclesiae
3515 5307 3897 5379 triumphale

459 5412 564 5463 aut
610 5397 957 5474 promoverit
1009 5409 1108 5467 per
1165 5392 1437 5465 pecunias
1482 5391 1960 5464 dispensatorem,
2009 5397 2112 5449 aut
2219 5405 2445 5448 carmen
2473 5396 2769 5448 canentes:
2801 5391 3058 5448 Abstulit
3084 5393 3362 5450 Dominus
3389 5394 3717 5464 injustitias
3747 5404 3895 5457 tuas

534 5536 560 5564 ι
586 5519 858 5648 Aduoram
883 5514 1006 5572 cod.
1037 5510 1258 5584 Jolyani
1285 5528 1303 5566 :
1329 5509 1399 5566 Hi
1430 5520 1674 5565 canones
1699 5517 1812 5564 non
1835 5506 1986 5578 apud
2017 5508 2269 5582 Latinos,
2293 5508 2389 5566 sed
2419 5508 2571 5580 apud
2608 5508 2879 5581 quosdam
2907 5507 3132 5566 Graecos
3159 5510 3555 5578 inveniuntur,
3578 5513 3744 5572 sicut
3772 5516 3905 5574 alia

534 5605 666 5648 mnu
716 5603 768 5646 a.

471 5603 768 5652 nonnulla.

451 4768 541 4821 Ea)
589 4761 887 4820 eanonibus
924 4758 1296 4811 sexcentarum
1351 4753 1583 4821 triginta
1633 4756 1947 4808 sanctorum
1987 4751 2107 4806 Pa-

490 4841 676 4901 trum;
707 4834 804 4902 qui
835 4827 1166 4906 Chalcedone
1186 4827 1548 4880 convenerunt
1574 4824 1768 4891 regula
1805 4823 2063 4878 secunda.

527 4961 587 5017 Si
616 4956 748 5031 quis
772 4953 1077 5026 episcopus
1102 4964 1201 5021 per
1232 4948 1505 5020 pecunias
1549 4946 1751 5003 fecerit
1789 4946 2107 5003 ordinatio-

459 5065 609 5122 nem,
634 5052 692 5104 et
718 5044 825 5103 sub
851 5041 1036 5116 pretio
1065 5039 1351 5112 redegerit
1366 5037 1607 5110 gratiam
1639 5050 1764 5107 quae
1787 5049 1900 5093 non
1924 5041 2108 5106 potest

458 5139 650 5209 vendi,
717 5130 1182 5201 ordinaveritque
1236 5141 1334 5198 per
1395 5125 1694 5209 pecuniam
1734 5125 2105 5196 epiSCOpum,
