4016 6168
180 306 274 368 505
897 295 1443 360 INTERPRETATIO
1478 293 1725 352 SY'NODI
1760 288 1854 347 VII
1889 286 2033 346 GEN
2043 286 2306 344 ERALIS.
2336 313 2410 327 —
2445 281 2645 340 ACTIO
2679 278 2822 337 VIII.

3458 259 3566 322 506

184 435 244 478 ex
273 425 340 477 te.
369 418 520 489 Quin
545 423 602 476 et
638 431 736 476 eos
760 417 860 490 qui
896 418 1137 488 carpunt
1165 413 1469 472 dulcedine
1513 411 1813 482 replentes,
1847 407 2134 469 Anostraa
2182 407 2392 460 sanctae
2437 400 2537 457 Dei
2570 395 2891 472 genitricis,
2929 393 3368 490 sanctorumque
3404 394 3568 490 ange-

193 516 243 566 et
285 508 738 579 multiplicantes
787 507 920 562 illos
959 506 1019 561 in
1070 509 1219 562 terra
1260 515 1283 540 ι
1326 501 1528 574 pingui
1571 495 1817 573 [senecta

187 595 382 673 uberi],
415 597 699 670 longaevae,
735 595 990 668 inquam,
1027 594 1192 651 illius
1214 591 1346 650 vitae
1373 604 1439 647 ac
1473 586 1819 658 incorrupti-

183 685 310 742 bilis
350 685 602 742 haeredes
632 687 1030 741 monstrantes.

180 812 276 865 Deo
318 809 696 863 colendissimo
727 807 1087 862 comministro
1135 805 1351 872 domino
1378 804 1580 858 Joanni
1598 802 1822 872 presby-

243 886 351 936 tero
393 886 443 935 et
472 882 764 948 hegumeno
807 893 899 933 seu
944 879 1282 932 anachoreta?
1325 871 1467 949 [Gr.,
1499 879 1550 928 et
1592 871 1822 949 anacho-

239 957 387 1014 τετε,
433 943 691 1004 curarum
718 950 920 1004 scilicet
966 943 1392 1020 mundanaruni
1412 943 1818 1020 comtemptori],

246 1025 510 1078 Tarasius
531 1023 794 1089 indignus
815 1023 1092 1091 episcopus
1114 1017 1642 1088 Constantinopoleos
1672 1017 1822 1072 novae

240 1097 420 1151 Romae
443 1097 503 1148 in
527 1095 751 1148 Domino
771 1094 1017 1147 salutem.

246 1219 355 1288 Qui
384 1232 454 1274 ex
481 1218 716 1275 ﬂuentis
740 1215 927 1273 divini
953 1214 1208 1286 Spiritus
1239 1213 1534 1286 irrigatus,
1561 1217 1618 1269 et
1650 1211 1826 1283 inspi-

183 1309 394 1364 ratione
416 1308 592 1377 hujus
613 1310 699 1362 est
725 1305 1081 1374 illustratus,
1107 1303 1282 1359 David
1309 1303 1407 1359 ille
1430 1302 1656 1358 scilicet
1676 1303 1828 1358 inter

184 1412 332 1470 reges
363 1397 640 1468 propheta
667 1400 722 1451 et
744 1396 895 1451 inter
921 1394 1226 1466 prophetas
1257 1406 1375 1463 rex,
1405 1393 1646 1448 laudans
1676 1390 1824 1446 dice-

184 1488 306 1544 bat:
353 1489 523 1542 Initio
550 1487 774 1554 cognovi
817 1485 883 1540 de
926 1485 1242 1539 testimoniis
1290 1485 1421 1544 tuis,
1473 1484 1729 1551 quoniam
1766 1482 1826 1534 in

183 1583 434 1632 mum
479 1575 737 1644 fundasti
785 1590 848 1628 ea
891 1572 1054 1644 (Psal.
1098 1573 1316 1638 cxvui).
1359 1571 1494 1626 Sine
1532 1568 1826 1625 mendacio

188 1667 368 1736 itaque
391 1665 488 1720 his
505 1663 605 1735 qui
632 1662 982 1718 intellectum
1002 1661 1230 1731 habent,
1250 1666 1335 1716 est
1358 1659 1662 1730 hymnodia
1686 1658 1822 1728 haec,

1927 495 2134 567 lorum,
2181 503 2236 550 et
2279 493 2540 550 omnium
2581 493 2916 546 sanctorum
2946 484 3177 538 Patrum
3221 479 3564 567 nostrorum.

1924 584 2027 640 His
2053 561 2132 640 ita
2156 598 2218 640 se
2244 581 2608 649 habentibus,
2645 579 2844 649 questa
2871 576 2956 629 est
2985 569 3198 642 synodo
3231 579 3362 637 pars
3392 561 3570 630 major

1927 675 2365 730 reverendorum
2410 669 2816 727 monachorum
2849 653 3311 738 [episcoporum].
3356 652 3460 708 Sed
3513 649 3568 704 et

1928 777 2034 820 nos
2106 763 2499 834 praescivimus
2551 757 2838 831 querelam
2911 753 3100 815 istam,
3183 745 3336 834 quia
3380 740 3574 834 plures

1927 831 2326 926 episcoporum
2357 850 2622 923 pecuniis
2650 845 3027 905 obtinuerunt
3065 833 3446 926 sacerdotium
3475 849 3488 885 :
3518 831 3574 926 et

1929 919 2068 1001 licet
2107 919 2600 1015 peccatis—nostris
2643 937 2994 994 obcaecemur
3039 919 3574 1015 [implicemur],et

1930 1008 2134 1090 horum
2184 1031 2407 1088 retibus
2430 1029 2913 1098 constringamur,
2943 1022 3002 1077 in
3042 1017 3257 1090 quibus
3287 1008 3575 1083 propitius

1931 1123 2097 1180 nobis
2123 1123 2202 1178 sit
2229 1124 2379 1178 Deus
2402 1139 2414 1176 :
2439 1124 2686 1176 attamen
2708 1113 3158 1186 evangelicorum
3181 1104 3575 1160 mandatorum

1933 1218 1988 1271 et
2016 1213 2422 1270 canonicarum
2451 1208 2893 1281 praeceptionum
2919 1199 3304 1273 cognitionem
3333 1189 3580 1264 percepi-

1936 1318 2083 1374 mus,
2117 1306 2256 1359 etin
2288 1301 2498 1358 munda
2529 1295 2901 1365 conscientia,
2933 1297 2990 1348 et
3015 1287 3269 1358 simplici
3301 1283 3490 1374 corde,
3523 1283 3580 1335 et
3689 1297 3692 1300 ~

1936 1393 1998 1449 in
2042 1373 2196 1447 more
2237 1391 2364 1446 sine
2392 1388 2655 1457 avaritia,
2689 1390 2744 1441 et
2792 1375 3253 1453 imperturbabili
3286 1374 3355 1429 ad
3401 1373 3578 1426 Deum

1937 1482 2154 1554 habito,
2174 1480 2511 1537 canonicum
2529 1475 2669 1552 [Gr.,
2683 1471 3035 1532 conscientia
3051 1466 3319 1524 alacriter
3329 1461 3582 1532 erigente

1935 1586 1996 1629 se
2033 1572 2102 1627 ad
2129 1573 2326 1640 Deum,
2355 1566 2508 1642 can.]
2540 1581 2637 1636 per
2665 1564 2857 1622 omnia
2888 1560 3050 1630 sequi
3079 1561 3340 1627 optamus
3367 1561 3584 1642 praece—

1937 1667 2113 1733 ptum:
2131 1641 2732 1730 etcomprehendimus
2746 1644 3164 1727 [submisimus]
3182 1641 3579 1709 nosmetipsos,

185 1759 234 1810 et
260 1754 424 1809 ﬁrma
457 1753 551 1808 his
587 1752 688 1822 qui
719 1750 1036 1807 concinunt
1063 1763 1204 1805 eam.
1239 1749 1336 1804 Ait
1364 1749 1514 1804 enim
1541 1748 1829 1816 inspector
1857 1757 1910 1817 Β
1939 1751 2348 1808 inclinavimus
2378 1749 2446 1804 ad
2475 1745 2839 1803 serviendum
2863 1736 3208 1810 evangelicis
3233 1737 3404 1802 atque
3441 1740 3586 1798 apo—

186 1843 275 1898 Dei
301 1843 524 1912 Moyses
546 1841 615 1896 de
635 1840 791 1897 omni
816 1839 1027 1895 divina:
1051 1839 1362 1908 Scriptura:
1385 1837 1559 1893 aifatu
1584 1854 1596 1890 :
1624 1839 1683 1891 In
1709 1835 1830 1890 illis

191 1944 292 1986 non
333 1936 424 1986 est
462 1929 689 1999 addere,
729 1933 786 1983 et
831 1927 900 1983 ab
933 1927 1056 1983 illis
1105 1941 1216 1984 non
1241 1931 1329 1982 est
1381 1924 1608 1982 auferre
1651 1922 1828 1995 (Deut.

193 2033 287 2088 ιιι,
312 2017 651 2090 xxxiv).Qui
682 2031 816 2088 ergo
844 2015 1244 2072 scrutabiliter
1275 2019 1329 2070 et
1360 2027 1472 2070 non
1499 2011 1836 2069 transitorie

1939 1840 2164 1897 stolicis
2198 1842 2256 1894 et
2280 1835 2534 1908 paternis
2552 1828 3070 1903 dispositionibus:
3124 1824 3478 1879 decertantes
3525 1817 3590 1872 ut

1940 1929 2001 1986 hi
2031 1928 2130 1998 qui
2159 1925 2540 1983 sacerdotium
2563 1921 2756 1978 sortiti
2789 1922 2944 1987 sunt,
2977 1915 3063 1988 sic
3087 1914 3295 1983 degant
3314 1913 3369 1964 et
3395 1908 3589 1998 vivant

1940 2025 1999 2074 et
2042 1995 2467 2080 conversentur,
2500 2011 2596 2066 sed
2627 2015 2683 2064 et
2727 2020 2922 2064 omnes
2954 2003 3054 2073 qui
3097 1999 3313 2055 Christi
3360 1995 3591 2052 nomine

1942 2106 2287 2164 vocitantur.
2311 2101 2383 2156 At
2409 2100 2457 2156 si
2482 2098 2715 2170 quidam
2742 2109 2854 2151 non
2881 2089 3271 2162 acquieverint
3293 2082 3592 2156 praeceptis

199 2194 482 2264 θηωδιιηιν
525 2200 582 2250 ει
620 2172 854 2249 leciiOll—i
901 2172 1476 2258 horum—illicildunt.
1507 2196 1564 2246 et
1594 2193 1834 2245 mentem
1947 2195 2099 2265 istis,
2140 2189 2594 2248 communicator
2635 2185 2840 2242 talium
2872 2182 2969 2252 qui
3014 2180 3292 2234 dicuntur
3338 2172 3590 2265 quidem,

202 2297 346 2340 suam
365 2256 566 2353 pietati
592 2286 650 2337 et
669 2281 898 2337 veritati
932 2281 1180 2353 inﬁgunt
1209 2285 1265 2335 et
1299 2293 1411 2336 non
1439 2256 1509 2334 ad
1548 2276 1835 2348 pr0priani
1947 2296 2060 2339 non
2088 2256 2297 2336 autem
2349 2281 2485 2332 sunt
2532 2273 2872 2341 sacerdotes,
2917 2281 3041 2324 esse
3071 2278 3182 2322 non
3237 2262 3458 2353 patior,
3485 2256 3592 2353 sed

203 2372 335 2428 hanc
365 2348 722 2428 voluntatem
754 2348 1449 2441 referunt,'illuminatur
1491 2366 1840 2423 mirabiliter
1947 2372 2175 2428 alienus
2203 2369 2274 2424 ab
2306 2367 2509 2423 horum
2554 2377 2680 2420 sum
2727 2359 3024 2431 portione:
3073 2361 3130 2410 et
3173 2352 3318 2408 mihi
3363 2348 3596 2441 quidem

203 2473 234 2515 a
259 2459 547 2516 montibus
571 2457 822 2527 aeternis,
850 2435 1128 2513 illustrati
1153 2457 1224 2512 ab
1255 2456 1600 2527 evangelicis
1629 2460 1685 2510 et
1712 2468 1842 2525 apo-
1951 2457 2256 2532 protestari
2290 2457 2406 2511 haec
2438 2467 2549 2508 non
2578 2451 2828 2523 pigrum,
2871 2446 3016 2516 ipsis
3052 2447 3240 2499 autem
3267 2444 3475 2532 tutum.

209 2547 418 2603 stolicis
447 2545 764 2617 pmceptis.
795 2523 1012 2601 Montes
1040 2544 1192 2600 enim
1247 2545 1366 2598 hinc
1402 2523 1702 2598 psalmista
1732 2523 1843 2598 1ίο-
1951 2523 2074 2606 vini
2099 2561 2232 2619 ergo
2271 2557 2516 2602 canones
2552 2542 2780 2596 dantem
2823 2536 2909 2592 vel
2953 2532 3331 2602 accipientem
3362 2527 3422 2581 in
3453 2523 3603 2619 ordi-

213 2635 377 2690 miuat
412 2608 577 2705 (13ml.
629 2608 820 2706 txxv),
865 2631 1137 2703 quoniam
1178 2631 1240 2686 in
1285 2630 1378 2686 his
1408 2630 1748 2686 meditantes
1789 2633 1846 2685 et
1956 2608 2196 2696 nation;
2227 2631 2556 2702 sacerdotii,
2599 2629 2912 2698 deponunt.
2939 2629 2996 2680 et
3036 2608 3603 2706 persequunturjex-

219 2703 646 2793 immolantes,
696 2703 791 2778 ad'
820 2720 1074 2778 coelestia
1114 2719 1564 2790 pertransimnsz
1607 2724 1848 2775 aeternos
1957 2723 2200 2800 pellunt]
2231 2738 2264 2779 a
2290 2719 2629 2779 sacerdotali
2676 2715 2978 2788 dignitate.
3012 2711 3301 2779 Inspector
3326 2703 3427 2759 Dei
3458 2703 3608 2800 Moy:

222 2815 413 2880 autem,
463 2809 602 2880 (Ιηίᾶ
635 2792 750 2865 ίῐιοη
802 2808 1052 2864 recentia
1084 2820 1186 2862 nec
1234 2806 1588 2877 temporalia,
1630 2807 1725 2862 5θά
1777 2805 1850 2861 ab
1959 2792 2074 2886 ses,
2121 2792 2200 2872 ιη’
2229 2813 2378 2882 dixi,
2420 2810 2663 2866 clamat:
2709 2807 2772 2861 In
2821 2802 2964 2871 illis,
3019 2798 3310 2869 inquiens,
3359 2804 3471 2848 non
3525 2792 3611 2845 est

225 2899 426 2970 origine
457 2897 656 2953 mundi
687 2897 957 2967 praedicta
987 2901 1122 2952 sunt
1145 2890 1286 2969 [Gr.,
1316 2898 1447 2950 ante
1479 2894 1678 2950 mundi
1709 2907 1844 2950 con-

1966 2882 2312 2974 addendum,
2367 2904 2423 2956 et
2473 2898 2544 2955 ab
2575 2896 2660 2953 eis
2707 2896 2965 2950 non-est
3011 2882 3609 2974 auferendum_(Deut_.

229 2967 570 3041 stitutionem
593 2985 749 3042 dicta
780 2982 936 3059 sunt]
963 3002 979 3056 ς
1010 2967 1338 3054 quanquam
1363 2981 1698 3038 novissimis
1723 2985 1844 3036 tem-

1966 2967 2310 3064 xn,xxx1v).
2347 2987 2630 3044 Similiter
2666 2988 2723 3039 et
2752 2978 3221 3053 hymnographus
3245 2971 3424 3064 David

232 3074 447 3144 βοτῖὺιιε
491 3075 712 3145 ΡιὌῙείῙι³
756 3075 876 3131 Sim
919 3058 957 3130 il
1000 3072 1474 3145 Ρΐκάίθὲῐοτίῧιιδ
1519 3070 1858 3144 evangelicae
1887 3083 1936 3144 υ
1970 3058 2070 3150 lit,
2095 3065 2154 3137 et
2183 3058 2287 3136 nos
2305 3090 2435 3134 cum
2467 3076 2600 3132 illo:
2645 3073 2734 3127 Ab
2763 3072 2924 3124 initio
2949 3067 3174 3135 cognovi
3206 3064 3272 3118 de
3300 3058 3622 3150 testimoni—is

235 3163 660 3231 priedicationis.
694 3165 809 3219 Nos
855 3177 1008 3235 ergo,
1040 3162 1132 3217 vir
1169 3162 1610 3231 desideriorum,
1661 3173 1856 3217 eorum
1969 3145 2101 3233 tuis,
2152 3166 2310 3238 quia}
2329 3169 2390 3220 in
2427 3167 2688 3219 aeternum
2723 3157 2979 3227 fundasti
3006 3170 3069 3209 ea
3112 3151 3276 3238 (Psal.
3309 3147 3523 3238 cxvni).
3555 3145 3624 3199 Et

235 3251 478 3307 videlicet
495 3267 623 3324 qua:
642 3255 780 3308 sunt
798 3233 1072 3322 Spiritus,
1090 3252 1204 3306 Deo
1222 3255 1276 3306 te
1295 3264 1327 3306 a
1343 3251 1642 3320 juventute
1661 3261 1844 3319 cogno

1973 3258 2106 3329 quis
2135 3233 2204 3312 ad
2234 3233 2352 3310 hinc
2384 3249 2690 3308 resistendi
2745 3242 3030 3302 idoneus?
3060 3241 3175 3296 nisi
3209 3237 3356 3293 forte
3390 3233 3609 3329 infatue

238 3345 434 3396 δοθηιεδ
487 3322 772 3410 deditum.
827 3353 1039 3412 paucos
1091 3339 1286 3395 cordis
1337 3338 1520 3394 nostri
1576 3341 1765 3394 motus
1807 3339 1864 3392 et
1974 3322 2070 3402 t-ur
2095 3357 2285 3410 sensu,
2313 3339 2604 3398 etdivinis
2627 3336 2768 3392 velit
2789 3334 3050 3389 illudere.
3070 3331 3190 3384 Jam
3211 3326 3364 3382 enim
3388 3322 3627 3412 fundata

240 3428 533 3486 voluntates
584 3430 654 3485 ad
717 3411 897 3484 animi
955 3429 1311 3484 alacritatem
1365 3426 1859 3483 commendamus:
1975 3411 3623 3497 sunttestimoniaDei,etradicatasuntinEcclesiaejus:

242 3516 386 3586 plura
403 3519 612 3590 quippe
628 3518 864 3574 silentio
884 3519 1256 3574 honorentur.
1272 3517 1483 3586 Utique
1498 3515 1762 3571 auditum
1781 3527 1843 3569 es

1979 3523 2115 3578 licet
2131 3520 2366 3591 quidam
2384 3514 2773 3586 temporaliter
2789 3524 2900 3567 non
2921 3506 3270 3573 obedientes,
3287 3501 3365 3591 mi
3373 3499 3524 3591 nime
3536 3511 3637 3591 cu_-

241 3585 268 3660 έί
295 3585 440 3663 νοδίέ
463 3585 780 3677 άξεέγηοάο
807 3620 932 3678 (ἔαξε
964 3604 1110 3662 ἴδειῐᾶ
1141 3609 1227 3661 θεῖ
1264 3585 1622 3674 δθηέριθοίῐο
1673 3603 1772 3658 Ι)θὶ
1808 3602 1868 3657 in
1981 3585 2234 3667 stodiant
2254 3622 2336 3663 ea.
2363 3606 2465 3662 Illa
2482 3585 2691 3677 ergoin
2713 3608 2982 3657 internum
3007 3595 3265 3661 manent;
3283 3595 3340 3646 et
3354 3587 3505 3678 beati
3529 3585 3630 3656 qui

245 3694 549 3752 Nicensium
578 3676 745 3751 urbe:
783 3676 851 3750 ad
887 3708 1052 3766 quam
1084 3693 1352 3749 videlicet
1382 3693 1659 3763 synodum
1691 3705 1795 3748 nos
1817 3694 1874 3747 et
1985 3676 2904 3766 scrutanturea,ethisobediunt:
2925 3690 2981 3742 et
2995 3682 3189 3754 viequi
3211 3681 3321 3736 non
3335 3676 3629 3734 obediunt.

248 3785 430 3839 sacrati
481 3784 592 3839 viri
641 3789 699 3839 et
739 3783 849 3839 loci
899 3787 1217 3839 servatores
1259 3788 1373 3838 tam
1421 3795 1575 3852 papa:
1626 3780 1877 3836 senioris
1984 3788 2185 3847 Omnis
2215 3799 2350 3857 ergo
2376 3785 2699 3854 episcOpus,
2743 3778 2829 3834 vel
2863 3775 3176 3846 presbyter,
3214 3774 3315 3826 aut
3357 3768 3639 3824 diaconus

251 3870 432 3945 Romae,
489 3885 658 3944 quam
702 3872 960 3929 Orientis
1002 3872 1499 3928 sanctissimorum
1550 3869 1844 3940 principui

1989 3856 2306 3946 convictus,
2355 3874 2503 3945 quod
2537 3886 2635 3942 per
2664 3867 2938 3940 pecunias
2970 3876 3172 3918 manus
3212 3856 3640 3946 impositionem

249 3943 584 4018 ωοθτάήοίιίω
637 3961 1046 4030 convenimus;
1088 3974 1305 4016 necnon
1358 3963 1414 4014 εἰ
1439 3961 1554 4014 Βθο
1605 3957 1882 4014 amabiles
1992 3967 2218 4025 dederit
2237 3943 2322 4021 vel
2349 3943 2649 4030 acceperit,
2687 3971 2719 4012 a
2745 3953 3064 4012 sacerdotio
3089 3950 3325 4006 decidit.
3357 3943 3643 4003 Fortassis

248 4050 481 4122 episcopi
516 4051 754 4121 plurimi
800 4051 1115 4106 secundum
1166 4049 1602 4119 praeceptionem
1654 4047 1844 4117 piorui

1995 4062 2184 4113 autem
2214 4055 2418 4110 dicunt
2456 4049 2666 4120 aliqui,
2699 4047 2836 4117 quia
2863 4040 3256 4115 pmnitentiam
3289 4038 3515 4109 agimus
3542 4046 3644 4104 pro

252 4137 639 4210 imperatorum
712 4144 1063 4210 nostrorum-
1123 4138 1407 4194 Similiter
1471 4141 1527 4192 θῐ
1590 4133 1882 4191 ι’θνθΐθηάἱ
1996 4147 2245 4214 peccato,
2278 4146 2334 4196 et
2358 4141 2508 4194 Deus
2538 4133 2788 4208 ignoscit
2816 4131 2982 4188 illud.
3008 4133 3091 4185 Ita
3120 4133 3178 4183 et
3201 4140 3303 4198 ego
3323 4126 3474 4192 dico,
3509 4122 3650 4194 quia

248 4209 697 4284 archimandritaa
727 4232 784 4284 et
811 4226 1138 4299 hegumeni,
1157 4228 1224 4282 ‘et
1246 4226 1557 4282 multitudo
1590 4224 1844 4280 monachi

1997 4209 2054 4287 et
2069 4209 2263 4287 omnes
2281 4231 2510 4299 agentes
2530 4220 2921 4293 paenitentiam
2937 4220 3087 4274 Deus
3103 4214 3370 4284 suscipit.
3391 4216 3446 4267 et
3464 4210 3559 4265 ind
3572 4209 3650 4264 ul-

249 4331 383 4372 rum.
431 4319 690 4387 Cumque
739 4317 919 4372 multa
978 4316 1129 4372 inter
1185 4328 1288 4371 nos
1336 4315 1686 4382 dicerentur,
1738 4311 1886 4384 quod
2001 4324 2093 4392 get
2114 4332 2212 4388 per
2243 4313 2641 4387 paenitentiam
2675 4313 2901 4381 peccata
2937 4321 3061 4378 quae
3091 4307 3208 4375 jam
3240 4305 3462 4374 patrata
3491 4302 3648 4392 sunt.

249 4420 428 4462 verum
458 4410 516 4462 et
546 4383 822 4476 placitum
870 4410 956 4462 est
1002 4407 1136 4476 Deo,
1176 4404 1465 4461 sancitum
1509 4407 1630 4473 est;
1679 4383 1892 4458 secun—
1919 4437 1972 4497 Ι)
2001 4383 2142 4462 fvovi
2174 4383 2328 4460 enim
2362 4408 2418 4459 et
2437 4400 2614 4457 David
2649 4395 2936 4454 adulterio
2965 4396 3294 4464 depressum
3325 4394 3382 4444 et
3419 4383 3657 4442 homici-

264 4494 277 4497 -
483 4495 492 4497 _
706 4494 719 4497 _
803 4494 866 4497 μ-
940 4494 950 4497 -
1518 4493 1549 4497 _
2020 4495 2057 4497 __
2139 4491 2259 4497 .,__
2472 4489 2483 4497 .
2621 4488 2635 4497 .
2761 4489 2770 4497 ,
3246 4481 3528 4497 “unum
3603 4475 3654 4497 Α,

245 4494 376 4551 dum
407 4475 656 4567 priscam
705 4475 1130 4567 legislationem
1158 4499 1487 4550 sanctorum
1518 4493 1748 4548 Patrum
1781 4504 1893 4547 no—
1921 4475 1972 4497 υ
2002 4495 2102 4550 dio
2132 4491 2206 4564 (Π
2227 4495 2354 4559 Reg.
2409 4489 2510 4562 ιιι),
2544 4488 2639 4545 sed
2689 4489 2813 4542 acta
2862 4481 3198 4554 poenitentia
3245 4481 3555 4567 receptum,
3587 4475 3658 4567 et

248 4589 492 4641 strorum
550 4560 808 4641 Ecclesia
860 4583 1074 4654 recepit
1134 4583 1454 4655 imaginum
1504 4582 1785 4652 picturam
1840 4583 1896 4636 et
2004 4560 2202 4640 divino
2230 4560 2561 4637 testimonio
2581 4571 3199 4648 approbatumzlnveni
3223 4565 3421 4627 David,
3439 4560 3652 4632 inquit,

252 4674 468 4746 titulos,
497 4675 567 4730 ad
600 4675 954 4744 superiorem
987 4651 1218 4729 sensum
1259 4651 1656 4745 {elevationem
1691 4667 1894 4745 animi]
2005 4674 2179 4744 filium
2230 4674 2397 4732 Jesse,
2436 4670 2614 4722 virum
2657 4663 2952 4721 secundum
2997 4675 3085 4714 cor
3109 4673 3302 4719 meum,
3346 4655 3443 4724 qui
3493 4651 3659 4720 faciet

252 4769 307 4819 et
351 4764 683 4821 memoriam
743 4765 953 4820 mentis
1004 4768 1232 4834 nostrae,
1265 4740 1351 4817 -ac
1402 4740 1898 4832 participationem
2005 4740 2188 4817 omnes
2215 4760 2519 4815 voluntates
2545 4771 2688 4810 meas
2712 4752 2876 4825 (Psal.
2915 4761 3212 4816 Lxxxvm;
3240 4745 3364 4800 Act.
3407 4740 3538 4810 xm)
3563 4757 3576 4834 ξ
3601 4741 3658 4794 et

253 4855 550 4923 cujusdam
586 4854 1086 4909 sanctiﬁcationis.
1119 4829 1419 4922 Quidquid
1459 4829 1899 4906 enimisanctum
2012 4854 2205 4907 sancta
2264 4847 2443 4903 David
2515 4843 2845 4915 prophetico
2903 4835 3300 4896 testimonium
3350 4829 3655 4923 habent-ia:

195 2106 453 2163 omnibus
481 2105 665 2162 sacris
692 2104 1011 2175 Scripturis
1039 2109 1097 2159 et
1126 2105 1381 2174 paternis
1423 2101 1710 2158 doctrinis
1737 2100 1836 2156 in—

255 4943 625 5015 Evangelium
657 4955 757 5012 per
786 4942 1086 4998 lectionem
1125 4941 1383 4997 insinuat
1409 4938 1598 5004 nobis,
1628 4938 1685 4993 id
1714 4938 1902 5007 ipsum

257 5037 312 5086 et
338 5032 656 5104 imagines;
689 5035 746 5086 et
777 5030 1022 5102 quiquid
1069 5035 1356 5102 gestorum
1387 5029 1526 5084 libri
1565 5029 1635 5083 de
1680 5026 1907 5097 passio-

263 5119 430 5177 nibus
457 5124 775 5190 martyrum
805 5124 1060 5191 narrant,
1089 5119 1361 5175 similiter
1389 5123 1445 5174 et
1485 5117 1799 5190 imagines:
1852 5118 1910 5170 et

266 5210 362 5266 has
417 5211 741 5268 salutamus
781 5215 1051 5281 tanquam
1105 5208 1315 5265 formas
1357 5207 1810 5280 primitivorum,
1856 5208 1912 5260 et

2017 4937 2387 5009 perspicuum
2415 4947 2549 5006 ergo
2575 4935 2682 5002 est,
2716 4943 2815 5000 per
2867 4924 3263 4998 paenitentiam
3307 4935 3436 4977 eum
3483 4917 3664 4975 fuisse

2017 5030 2333 5084 correctum
2368 5021 2509 5096 [Gr.,
2543 5034 2729 5092 persp.
2767 5017 2864 5074 ubi
2892 5016 2946 5072 is
2983 5029 3082 5086 per
3115 5010 3508 5083 pwnitentiam
3546 5020 3666 5062 cor-

2019 5120 2211 5174 rectus
2233 5109 2363 5187 est].
2395 5110 2499 5167 Sed
2546 5109 2754 5164 iterum
2785 5105 2916 5162 novi
2959 5101 3191 5159 audisse
3239 5099 3405 5155 illum
3447 5111 3480 5150 a
3511 5097 3658 5149 Deo:

2019 5207 2143 5263 Non
2171 5208 2232 5258 tu
2255 5200 2549 5271 adificabis
2590 5199 2725 5252 mihi
2773 5196 3010 5256 domum,
3042 5193 3174 5262 quia
3210 5191 3297 5245 vir
3338 5188 3668 5251 sanguinum

271 5300 410 5356 nihil
455 5300 641 5372 aliud,
675 5273 926 5371 profecto
966 5299 1026 5354 in
1072 5312 1249 5354 unum
1295 5273 1472 5354 Deum
1521 5297 1579 5352 in
1634 5273 1916 5351 Trinitate
2024 5309 2077 5349 es
2108 5293 2158 5365 (Ι
2191 5294 2322 5346 Par.
2355 5293 2516 5354 xvn).
2556 5286 2696 5342 Novi
2737 5286 3048 5372 manassem
3109 5294 3209 5351 per
3238 5273 3667 5372 confessionem

275 5387 617 5448 laudandum
690 5389 1006 5460 credentes,
1079 5393 1135 5443 et
1209 5388 1320 5458 ipsi
1400 5386 1512 5443 soli
1580 5386 1910 5442 servientes.

2025 5383 2095 5438 ab
2118 5362 2419 5452 impietate
2455 5376 2763 5432 dimissum
2789 5370 2864 5445 (II
2887 5376 3015 5428 Par.
3046 5366 3274 5440 χχχιιι).
3307 5362 3446 5452 Novi
3477 5365 3538 5452 et
3553 5370 3666 5452 me-

279 5477 604 5553 Expetimus
631 5479 805 5536 etiam
839 5447 1278 5534 intercessiones
1298 5477 1648 5532 intemeratae
1671 5473 1918 5532 domina:
2029 5447 2264 5527 retrices
2305 5474 2362 5526 et
2417 5465 2755 5538 publicanos
2825 5465 3078 5531 receptos
3123 5471 3222 5528 per
3271 5447 3665 5525 pmnitentiam

346 5608 375 5639 ι
393 5597 637 5655 Videtur
664 5594 876 5667 legisse
897 5593 1093 5651 Anast.
1126 5611 1139 5649 :
1173 5586 1228 5642 ἐν
1246 5587 1317 5663 γῆ
1339 5596 1442 5648 aut
1467 5581 1640 5666 χώρα.
