4010 6160
389 217 499 280 ῦσῖ

1631 219 1989 278 ANASTASII
2035 221 2576 282 BIBLIOTHECARII

3694 229 3795 290 508

389 343 602 416 (Matth.
651 358 778 414 xxx;
830 347 999 400 Marc.
1053 360 1122 416 Il;
1166 347 1297 400 Luc.
1330 345 1386 420 v)
1427 365 1439 401 :
1469 359 1664 403 verum
1696 345 1920 402 nullum
1973 357 2042 399 ex
2069 343 2120 402 A
2155 353 2368 418 quanto
2398 352 2580 422 magis
2605 353 2756 408 Deus
2794 352 3050 410 omnium
3080 357 3338 409 nostrum
3371 356 3550 424 pater,
3580 366 3795 408 omnem

395 433 488 489 his
519 434 576 488 in
595 435 899 490 sacerdotii
922 436 1203 507 dignitate
1243 441 1623 505 numeratum,
1655 435 1769 490 nisi
1802 433 1947 489 forte
1985 432 2042 487 id

394 527 524 579 ante
543 524 822 595 baptisma
843 527 1213 582 commiserit.
1235 527 1376 582 Novi
1394 532 1447 582 et
1471 525 1777 581 monachos
1798 523 2042 593 aliquot,

394 626 522 669 cum
557 614 616 668 in
649 616 860 671 mundo
889 621 1096 685 essent,
1133 617 1286 672 omni
1320 615 1566 671 libidine
1600 616 2042 683 conspurcatos;

393 715 525 758 cum
552 707 741 758 autem
772 705 1032 760 solitarie
1055 706 1328 776 viverent,
1361 709 1629 775 tanquam
1652 701 1802 758 faces
1824 701 1883 756 in
1909 699 2045 756 orbe

396 792 822 860 resplenduisse
853 793 1258 865 [fornicatione
1287 795 1564 856 detentos,
1605 791 1832 848 effectos
1855 795 2043 846 autem

401 883 707 939 monachos
737 885 889 940 sicut
927 885 1238 942 luminaria
1270 886 1328 940 in
1362 886 1573 941 mundo
1597 897 1694 953 per
1713 881 2044 954 [studiosam

396 971 570 1026 vitam
610 973 917 1044 lucentes]:
947 975 1169 1030 nullum
1194 982 1378 1030 tamen
1413 989 1481 1030 ex
1500 975 1592 1029 his
1619 974 1677 1028 in
1696 972 2043 1028 sacerdotem

399 1061 746 1118 ordinatum.
776 1063 933 1130 Quod
985 1065 1034 1119 si
1067 1071 1256 1121 autem
1305 1066 1359 1120 id
1407 1064 1576 1120 semel
1622 1068 1791 1133 atque
1839 1061 2044 1116 iterum

401 1148 610 1206 factum
644 1159 750 1224 est,
783 1168 892 1208 non
925 1160 1109 1208 tamen
1140 1153 1440 1210 confestim
1473 1155 1651 1224 legem
1699 1153 1756 1206 in
1795 1148 2047 1205 Ecclesia

401 1241 741 1309 praescribit.
767 1243 991 1300 Scimus
1019 1248 1271 1300 sanctam
1296 1241 1543 1318 [almam]
1567 1244 1800 1299 Mariam
1826 1251 1856 1280 α
1886 1241 2048 1313 prius

399 1331 751 1386 meretricem
785 1331 982 1404 fuisse,
1018 1338 1206 1403 postea
1240 1331 1443 1388 factam
1474 1334 1859 1389 continentem
1910 1330 2046 1402 [for-

401 1421 699 1491 nicariam,
734 1437 937 1478 rursus
964 1427 1152 1478 autem
1186 1422 1472 1492 pudicam]
1505 1440 1517 1476 :
1549 1436 1657 1478 non
1693 1427 1874 1476 tamen
1900 1421 2050 1475 inter

397 1509 670 1566 diaconas
702 1511 876 1566 relata
901 1518 1002 1566 est.
1046 1513 1326 1580 Quorsum
1364 1525 1495 1566 vero
1536 1511 1651 1566 haec
1698 1511 1828 1566 dico
1855 1511 1883 1564 ‘?
1920 1521 2049 1565 cum

398 1599 659 1655 veritatis
689 1614 1002 1654 sermonem
1035 1614 1389 1672 cognoscam,
1437 1607 1492 1655 et
1539 1614 1668 1656 eum
1713 1600 1812 1670 qui
1846 1614 1878 1654 a
1907 1598 2052 1655 divi-

2156 439 2518 507 puenitentem
2541 443 2819 514 suscipiet
2847 445 2902 499 in
2929 444 3086 500 ulnis
3106 443 3251 513 suis,
3276 457 3405 499 cum
3433 443 3513 498 sit
3537 441 3800 514 singula-

2157 527 2299 584 riter
2321 530 2675 587 misericorsl
2719 535 2838 588 Non
2889 533 3041 588 enim
3079 539 3313 587 mortem
3365 531 3510 600 petit
3561 535 3802 600 peccato-

2157 615 2258 686 ris,
2293 619 2388 673 sed
2424 621 2606 692 magis
2634 626 2697 676 ut
2725 625 3087 678 convertatur
3123 625 3178 676 et
3216 621 3367 675 vivat
3396 619 3605 690 (Ezech.
3639 632 3798 688 xvru,

2155 707 2385 778 χχχιιι).
2419 709 2902 778 Quemadmodum
2931 711 3104 767 etiam
3143 710 3202 765 in
3253 708 3561 779 Evangelio
3590 707 3661 763 ab
3685 708 3804 778 ipsa

2152 795 2380 852 Domini
2409 812 2542 854 voce
2579 814 2676 870 per
2730 800 3051 870 parabolam
3095 800 3165 854 de
3214 798 3474 869 prodigo,
3516 802 3574 852 et
3615 802 3805 867 postea

2157 885 2463 953 pmnitente
2494 889 2638 958 (Luc.
2689 889 2801 962 xv),
2855 889 3122 945 instructi
3175 902 3394 956 sumus,
3426 901 3457 942 a
3501 887 3667 941 Patre
3707 900 3810 942 cte-

2157 974 2285 1030 lesti
2320 982 2542 1046 recepto
2574 978 2632 1034 in
2676 979 2838 1034 cmlis
2867 978 2915 1022 b-
2941 978 3162 1034 Gaudet
3191 963 3342 1032 enim
3388 989 3560 1045 super
3585 989 3808 1031 omnem

2159 1065 2445 1122 hominem
2472 1073 2724 1139 agentem
2753 1067 3164 1138 pmnitentiam.
3187 1065 3528 1120 Plenitentia
3560 1064 3810 1135 insignis

2158 1159 2243 1211 est
2267 1161 2577 1228 armatura,
2618 1171 2817 1229 magna
2855 1156 3063 1212 salutis
3101 1156 3212 1225 via,
3259 1160 3314 1210 et
3363 1153 3604 1224 hospitii
3650 1153 3809 1224 regni

2159 1245 2430 1301 caelorum
2461 1247 2849 1317 dispensatrix
2873 1243 3014 1319 [Gr.,
3043 1245 3200 1318 regni
3229 1244 3354 1300 cmi.
3390 1242 3764 1298 conciliatrix
3796 1259 3806 1295 :

2159 1334 2275 1387 cod.
2321 1336 2424 1388 Jol.
2473 1335 2866 1391 reconciliatio
2916 1334 3072 1406 regni
3119 1331 3292 1407 coal],
3341 1330 3814 1399 incorruptibilis

2161 1422 2266 1478 vize
2289 1423 2425 1494 dux,
2462 1424 2895 1494 martyricorum
2919 1423 3294 1478 certaminum
3315 1419 3718 1490 aequiparatio,
3743 1418 3812 1473 ad

2164 1513 2337 1567 Deum
2367 1514 2513 1567 viam
2540 1513 2820 1581 indicans,
2853 1518 2908 1567 et
2945 1526 3074 1567 cum
3118 1512 3241 1580 ipso
3269 1524 3370 1566 nos
3412 1523 3534 1564 esse
3563 1508 3813 1579 faciens;

2167 1602 2399 1658 humani
2428 1604 2649 1674 generis
2677 1603 2936 1672 baculus,
2957 1601 3283 1657 cadentium
3302 1604 3356 1654 et
3379 1600 3673 1668 lapsorum
3693 1613 3818 1654 sur-

399 1688 491 1742 nis
514 1690 791 1757 apostolis
814 1689 1082 1745 initiatus
1107 1666 1212 1761 est,
1236 1666 1506 1746 audacter
1525 1666 1859 1744 clamantem
1887 1703 1917 1744 a
1946 1685 2054 1760 [di-
2080 1666 2134 1728 Β
2165 1692 2360 1747 rectio.
2397 1666 2548 1747 Beati
2571 1693 2669 1763 qui
2697 1693 2838 1746 hanc
2870 1666 3312 1760 amplectuntur,
3365 1693 3420 1743 et
3439 1666 3596 1742 thic
3629 1687 3819 1742 adhze-

398 1776 552 1832 vinis
581 1779 859 1847 apostolis
888 1784 943 1833 et
986 1779 1201 1834 sanctis
1244 1779 1510 1833 Patribus
1560 1778 1774 1833 nostris
1815 1779 2051 1833 edoctus

397 1867 668 1921 audacter
695 1866 886 1941 clam.]
930 1869 1147 1942 videam
1180 1868 1330 1938 (Can.
1362 1867 1485 1940 30):
1523 1869 1682 1937 Quod
1720 1868 2050 1938 quicunque

401 1969 500 2024 per
532 1956 832 2024 pecuniam
865 1957 1170 2014 ordinatus
1198 1962 1284 2013 est
1307 1959 1630 2027 episcopus,
1663 1961 1764 2012 aut
1811 1956 2053 2026 presby-

399 2049 503 2113 ter,
550 2049 650 2100 aut
687 2045 989 2116 diaconus,
1029 2047 1256 2102 alienus
1285 2053 1370 2102 est
1415 2060 1447 2102 a
1487 2045 1822 2102 sacerdotali
1865 2044 2053 2116 digni-

398 2137 513 2188 tate
545 2151 558 2187 :
593 2147 705 2188 non
737 2135 887 2189 enim
919 2135 1106 2190 divini
1137 2136 1392 2204 Spiritus
1417 2136 1600 2208 gratia
1625 2133 2053 2191 venditur.Cai-

400 2223 665 2291 phaicum
701 2223 806 2279 hoc
837 2225 1095 2280 studium
1127 2230 1231 2296 est,
1260 2225 1582 2281 Simoniaca
1616 2225 1733 2280 haec
1767 2223 2053 2280 machina-

399 2312 500 2382 tio,
529 2318 586 2366 et
609 2312 794 2367 aliena
821 2327 852 2368 a
875 2315 1213 2369 sacerdotali
1241 2313 1713 2369 sanctificatione.
1747 2316 1809 2368 In
1841 2317 2052 2368 scorta-

398 2401 555 2456 tione
584 2406 684 2456 aut
708 2402 995 2457 adulterio
1025 2403 1074 2457 si
1099 2402 1386 2472 quispiam
1420 2407 1546 2472 post
1572 2402 1853 2471 baptisma
1874 2400 2052 2456 fuerit

397 2488 806 2559 deprehensus,
839 2491 1024 2546 divini
1057 2504 1300 2546 canones
1345 2491 1509 2546 illum
1549 2491 1616 2545 ad
1667 2490 2048 2546 sacerdotium

400 2591 513 2633 non
544 2578 893 2633 admittunt:
924 2581 1063 2649 quin
1089 2580 1260 2634 etiam
1279 2579 1330 2634 si
1354 2580 1643 2650 quispiam
1667 2584 1962 2649 promotus
1978 2579 2046 2635 ad

399 2667 801 2738 sacerdotium,
847 2669 957 2722 tale
1008 2665 1146 2740 [Gr..
1196 2683 1372 2738 prom.
1425 2675 1512 2724 est
1555 2669 1624 2724 ad
1669 2668 2048 2723 sacerdotium

401 2755 500 2824 qui
530 2753 662 2829 tale]
690 2755 913 2826 aliquid
954 2755 1171 2825 fecerit,
1203 2756 1501 2813 confestim
1550 2757 1803 2826 ejicitur.
1849 2756 2052 2812 Omnis

402 2842 584 2912 igitur
612 2843 702 2898 vir
727 2845 827 2914 qui
853 2845 910 2899 in
937 2846 1270 2914 pmnitentia
1303 2847 1591 2916 perdurat,
1622 2860 1720 2915 per
1740 2845 2048 2901 bonitatem

401 2936 457 2986 et
489 2934 983 2989 mansuetudinem
1015 2936 1114 2990 Dei
1161 2936 1381 2990 veniam
1425 2940 1781 3004 peccatorum
1813 2947 2048 2990 suorum

402 3018 642 3091 obtinet,
677 3023 1152 3091 quemadmodum
1197 3025 1369 3079 etiam
1423 3024 1480 3078 in
1525 3024 1925 3092 superioribus
1961 3023 2051 3078 de-
2081 3004 2126 3066 Ο

401 3109 863 3166 monstravimus.
895 3113 1171 3167 Novatum
1208 3118 1418 3183 autem,
1455 3120 1510 3168 et
1538 3113 1662 3182 ejus
1707 3112 1897 3181 impiae
1930 3111 2053 3166 hie—

400 3199 549 3254 resis
573 3199 820 3254 asseclas
849 3200 1285 3271 anathematizo,
1320 3207 1514 3271 utpote
1560 3200 1660 3271 qui
1690 3200 1946 3270 injurias
1974 3200 2054 3254 sit

399 3288 673 3344 adversus
695 3288 1103 3359 paenitentiam,
1132 3295 1187 3344 et
1209 3289 1703 3347 mansuetudinem
1725 3290 1824 3344 Dei
1851 3288 2046 3344 elevet.

399 3377 585 3448 Quare
609 3378 735 3447 ejus
760 3377 1059 3447 opinionis
1089 3393 1237 3450 sum,
1273 3384 1337 3435 ut
1365 3379 1639 3436 confitear
1659 3378 2050 3447 recipiendum

398 3467 730 3537 episcopum
765 3481 863 3536 per
891 3467 1164 3536 pecunias
1193 3468 1522 3523 ordinatum
1555 3467 1721 3522 modo
1745 3466 2045 3535 poeniteat:

398 3556 584 3614 bonus
609 3557 761 3612 enim
792 3558 942 3612 Deus
975 3561 1061 3612 est
1109 3557 1167 3610 in
1217 3555 1506 3624 omnibus,
1555 3560 1612 3610 et
1657 3555 1875 3610 viscera
1925 3556 2050 3623 ejus

397 3650 594 3716 aperta
643 3649 780 3701 sunt
823 3658 996 3714 super
1041 3657 1263 3698 omnem
1323 3644 1610 3699 hominem
1659 3643 2044 3713 pmnitentem,

401 3748 567 3804 quem
593 3734 765 3788 etiam
798 3733 857 3787 in
885 3745 1122 3802 regnum
1160 3747 1327 3787 suum
1359 3732 1603 3787 inducit.
1635 3732 1738 3787 Sed
1777 3730 2048 3801 quoniam

394 3831 559 3901 juxta
574 3831 839 3885 divinum
869 3828 1202 3898 Apostolum
1244 3827 1292 3898 (I
1339 3831 1475 3884 Tim.
1497 3829 1601 3902 Ill),
1629 3829 1932 3899 episcopus
1968 3827 2051 3882 in-

398 3919 710 3989 culpabilis
737 3915 1236 3993 [irreprensibilis]
1270 3931 1391 3974 esse
1417 3918 1622 3974 debet:
1676 3919 1775 3989 qui
1822 3923 2050 3989 propter

400 4009 672 4079 pecunias
696 4009 946 4079 aliquem
997 4008 1244 4074 ordinat,
1276 4015 1377 4065 aut
1427 4009 1497 4065 ab
1540 4009 1676 4065 aliis
1724 4008 2044 4078 ordinatur,

398 4097 626 4152 alienus
647 4101 734 4152 est
752 4111 782 4152 a
806 4097 1142 4153 sacerdotali
1167 4098 1470 4170 dignitate,
1494 4105 1764 4154 utomnes
1787 4097 2050 4153 novimus

399 4185 732 4256 quicunque
769 4186 1035 4241 Ecclesia:
1078 4186 1299 4242 alumni
1349 4201 1569 4243 sumus.
1622 4188 1767 4258 Ergo
1807 4185 1951 4241 bona
1995 4189 2051 4240 et

399 4273 715 4330 laudabilis
742 4274 1077 4344 pmnitentia
1099 4289 1224 4346 quae
1249 4275 1318 4330 ad
1360 4278 1535 4330 Deum
1575 4275 1758 4345 ducit,
1790 4279 1845 4329 et
1879 4289 1909 4330 a
1931 4289 2051 4344 pec-

2165 1787 2306 1837 rent.
2340 1781 2448 1850 Qui
2483 1783 2625 1836 hanc
2656 1785 2935 1848 exercent,
2981 1793 3110 1835 cum
3149 1777 3370 1848 angelis
3409 1776 3585 1830 vitam
3629 1790 3822 1845 aequa-

2162 1871 2269 1927 lem
2295 1873 2523 1941 ducent,
2553 1871 2622 1926 ab
2662 1870 2816 1926 omni
2851 1869 2998 1924 malo
3027 1868 3338 1936 declinant,
3370 1871 3425 1920 et
3457 1865 3671 1920 bonum
3722 1863 3822 1918 fa—

2161 1961 2341 2016 ciunt.
2366 1960 2705 2016 Pmnitentia
2740 1965 2826 2014 est
2864 1958 3130 2014 columna
3147 1960 3202 2011 et
3225 1954 3532 2010 familiaris
3552 1953 3823 2010 dilectio-

2162 2050 2254 2104 nis
2287 2045 2651 2122 [collactanea
2682 2053 2737 2102 et
2767 2045 3152 2102 cohabitatrix
3183 2040 3532 2116 cbaritatis],
3579 2041 3823 2096 eleemo-

2161 2152 2312 2209 synae
2345 2134 2460 2210 [Ην.
2493 2138 2624 2191 add.
2651 2133 2954 2208 orationis]
2977 2132 3212 2204 jejunii,
3251 2131 3635 2200 abstinentiae,
3683 2135 3824 2185 tem-

2163 2226 2452 2297 perantiae,
2484 2223 2807 2296 probitatis,
2840 2221 3178 2286 honestatis,
3213 2217 3680 2275 mansuetudinis
3711 2236 3724 2270 :
3767 2222 3822 2274 et

2161 2320 2226 2373 ut
2246 2329 2439 2370 verum
2476 2328 2588 2371 uno
2609 2312 2777 2369 verbo
2815 2312 3023 2382 dicam,
3059 2311 3176 2366 haec
3203 2309 3393 2365 omnia
3423 2307 3598 2378 pollet
3625 2307 3824 2377 paeni-

2161 2405 2338 2459 tentia
2370 2400 2486 2476 [Gn
2526 2404 2644 2458 haec
2689 2401 2878 2458 omnia
2917 2404 3004 2455 est
3055 2397 3302 2473 ptenit.].
3350 2397 3408 2452 Si
3457 2395 3591 2466 quis
3619 2399 3820 2451 autem

2156 2493 2306 2549 hanc
2337 2493 2688 2548 contaminat
2716 2496 2771 2546 et
2814 2489 3146 2560 contemnit,
3191 2500 3300 2543 non
3349 2487 3498 2542 inter
3536 2489 3819 2556 servatos,

2161 2583 2256 2638 sed
2284 2581 2432 2636 inter
2460 2581 2713 2650 perditos
2748 2578 3136 2635 numerandus
3177 2582 3283 2646 est,
3326 2588 3570 2645 quorum
3602 2574 3826 2630 vermis

2162 2684 2273 2726 non
2297 2670 2562 2739 moritur,
2596 2673 2650 2724 et
2679 2669 2831 2740 ignis
2861 2682 2973 2723 non
3003 2665 3417 2737 exstinguitur.
3443 2663 3489 2718 A
3511 2661 3729 2732 quibus
3757 2663 3827 2718 li-

2162 2758 2441 2827 beremur,
2474 2757 2636 2828 digni
2668 2757 2850 2811 habiti
2882 2753 3188 2827 promissis
3220 2752 3388 2808 bonis
3415 2750 3825 2806 misericordia

2161 2852 2215 2904 et
2246 2846 2718 2902 miserationibus
2743 2845 2956 2900 Christi
2997 2844 3096 2899 Dei
3144 2841 3347 2898 nostri.
3404 2842 3529 2894 Haec
3578 2853 3609 2894 a
3647 2838 3825 2895 nobis

2162 2937 2566 3008 pra-dicantur,
2600 2936 2690 2990 vir
2711 2933 3093 3002 sanctissime,
3143 2931 3195 2987 si
3243 2929 3386 2985 forte
3429 2927 3668 2999 fuerint,
3715 2927 3822 2998 qui

2162 3040 2266 3082 nos
2296 3039 2524 3096 quoque
2571 3022 2849 3079 infamare
2887 3021 3196 3078 voluerint.
3237 3019 3530 3075 Novimus.
3573 3017 3730 3072 enim
3772 3023 3826 3073 te

2161 3115 2510 3186 singularem
2537 3113 2984 3169 admonitionem
3018 3107 3132 3183 [Gn
3170 3113 3220 3164 et
3244 3109 3361 3162 cod.
3407 3107 3534 3176 Jol.,
3572 3111 3825 3177 recepta-

2162 3202 2380 3279 culum]
2413 3208 2469 3259 et
2493 3203 2768 3260 cultorem
2792 3200 3249 3273 evangelicarum
3269 3203 3324 3253 et
3343 3196 3820 3268 apostolicarum,

2161 3293 2682 3362 canonicarumque
2711 3291 3060 3360 jussionum.
3111 3286 3487 3358 Quamobrem
3533 3285 3824 3341 audacius

2163 3397 2390 3453 quoque
2415 3383 2483 3438 ad
2508 3386 2561 3436 te
2593 3382 2702 3437 ista
2728 3380 3057 3449 scribimus,
3087 3378 3468 3448 cupimusque
3509 3381 3574 3431 ut
3603 3387 3668 3429 ea
3706 3389 3824 3430 mo-

2163 3471 2383 3539 nachis,
2423 3477 2479 3526 et
2524 3471 2751 3540 ascetis,
2788 3469 3046 3538 virisque
3080 3465 3350 3523 omnibus
3378 3461 3524 3538 [Gr.,
3553 3462 3822 3532 virisque

2161 3556 2555 3633 saecularibus]
2572 3558 2882 3630 religiosis,
2897 3570 3024 3613 cum
3045 3555 3258 3626 quibus
3279 3553 3387 3608 tibi
3406 3551 3820 3608 commercium

2160 3653 2265 3718 est,
2297 3647 2588 3721 signiﬁces
2614 3643 2727 3720 [Gn
2761 3647 2891 3701 add.
2921 3645 2970 3701 si
3000 3658 3129 3700 vero
3149 3644 3320 3699 etiam
3349 3641 3605 3708 libuerit,
3631 3645 3824 3696 osten-

2159 3735 2284 3813 das]
2323 3755 2336 3791 :
2372 3741 2430 3792 et
2458 3741 2523 3792 ut
2550 3736 2608 3791 in
2639 3733 3002 3792 orationibus
3027 3733 3146 3788 tuis
3185 3731 3469 3801 ccelipetis
3492 3730 3676 3785 nostri
3711 3742 3822 3784 me-

2162 3841 2285 3883 mor
2305 3825 2407 3897 sis,
2431 3824 2640 3881 obnixe
2662 3838 2948 3895 rogamus,
2973 3836 3086 3892 quo
3109 3835 3175 3875 ex
3196 3817 3697 3875 circumdantibus
3715 3831 3821 3872 nos

2160 3917 2420 3986 undique
2452 3913 2622 3969 malis
2653 3912 2880 3968 tandem
2908 3908 3220 3981 aliquando
3243 3907 3574 3964 liberemur.
3602 3905 3820 3978 Urgent

2159 4005 2312 4061 enim
2336 4009 2391 4060 et
2417 4003 2576 4058 intus
2605 4006 2661 4056 et
2685 4005 2842 4056 extra
2876 3998 3302 4068 insultationes,
3325 4010 3357 4051 a
3397 3995 3612 4066 quibus
3653 3995 3822 4050 mise-

2161 4094 2413 4150 ricordia
2443 4091 2545 4147 Dei
2574 4105 2774 4147 sumus
2800 4088 3050 4155 liberati,
3084 4092 3140 4142 et
3175 4086 3408 4157 posthac
3453 4097 3684 4155 quoque
3717 4098 3818 4139 nos

2161 4195 2431 4239 evasuros
2456 4179 2818 4236 conﬁdimus.
2842 4175 3220 4247 Quamobrem
3261 4175 3469 4228 iterum
3513 4176 3689 4241 atque
3723 4173 3820 4226 ite—

2161 4286 2285 4328 rum
2317 4271 2589 4339 dicimus,
2616 4282 2734 4338 ora,
2759 4277 2990 4337 precare
3014 4279 3046 4321 ο
3070 4263 3254 4319 amice
3273 4262 3363 4316 vir
3382 4260 3482 4316 Dei
3514 4265 3569 4314 et
3604 4264 3813 4331 noster,

398 4363 544 4420 catis
570 4342 793 4418 liberat.
837 4365 905 4419 Et
934 4377 1035 4435 ego
1068 4342 1293 4436 quoque
1334 4342 2001 4435 misericordia-indigeo
2029 4384 2042 4420 :
2074 4342 2129 4404 D
2163 4362 2276 4417 imo
2305 4359 2499 4431 potius
2522 4361 2712 4429 pater:
2752 4355 2968 4412 scimus
2991 4353 3143 4408 enim
3178 4351 3325 4422 quod
3359 4347 3563 4404 affectu
3595 4361 3662 4403 eo
3684 4361 3816 4419 erga

398 4452 529 4509 novi
562 4452 713 4508 enim
744 4453 844 4509 Dei
896 4453 1411 4520 mansuetudinem,
1461 4452 1559 4521 qui
1605 4465 1825 4507 omnem
1870 4453 1937 4508 ad
1989 4469 2048 4510 se

398 4541 713 4597 venientem
748 4541 972 4612 recipit.
1007 4540 1167 4594 Dixit
1207 4539 1360 4594 enim
1407 4553 1504 4609 per
1553 4540 1882 4610 prephetam
1916 4561 1928 4597 :
1968 4545 2048 4596 Tu

391 4632 606 4699 primus
638 4631 725 4683 dic
751 4635 971 4699 peccata
996 4634 1112 4691 tua,
1141 4633 1200 4682 ut
1215 4629 1534 4698 J'ustiﬁceris
1563 4627 1689 4700 (Isa.
1725 4630 1902 4704 XLm).
1938 4632 2040 4687 Et:

395 4719 567 4773 Dixi:
602 4719 845 4787 Eloquar
881 4719 1228 4787 iniquitatem
1277 4733 1449 4772 meam
1491 4735 1670 4773 coram
1710 4721 1955 4785 Domino,
1996 4727 2046 4777 et

397 4813 457 4862 tu
494 4809 753 4862 remisisti
788 4809 1116 4877 impietatem
1163 4808 1337 4862 cordis
1379 4810 1484 4862 mei
1518 4809 1668 4877 (Ρεαι
1711 4809 1889 4882 xxxx).
1932 4813 2041 4867 Et:

397 4896 501 4950 Pro
532 4912 593 4950 ea
623 4896 800 4950 orabit
827 4895 902 4950 ad
930 4900 980 4950 te
1021 4898 1193 4950 omnis
1222 4902 1442 4951 sanctus
1485 4899 1546 4952 in
1583 4903 1816 4967 tempore
1855 4915 2047 4969 oppor-

398 4991 529 5040 tuno
557 4985 756 5055 (ibid.).
791 4981 928 5056 [Gr.:
965 4986 1094 5040 add.
1125 4987 1193 5041 Et
1212 4985 1574 5042 Corinthium
1599 4987 1698 5057 qui
1728 4985 2046 5044 fornicatus

398 5081 503 5145 est,
538 5074 668 5131 novi
694 5087 726 5128 a
751 5074 948 5130 divino
973 5075 1234 5144 apostolo
1263 5075 1436 5130 Paulo
1470 5081 1777 5144 receptum,
1809 5089 1917 5131 non
1952 5080 2049 5132 ta-

399 5179 524 5222 men
556 5168 808 5220 evectum
841 5165 909 5218 ad
962 5161 1385 5238 sacerdotium].
1425 5167 1563 5218 Nam
1607 5164 1655 5218 si
1705 5169 1880 5234 pater,
1925 5164 2048 5221 tilio

401 5268 632 5326 peregre
693 5253 991 5318 existente,
1026 5257 1082 5309 et
1125 5265 1240 5308 rem
1275 5252 1451 5322 impie
1494 5256 1550 5307 et
1593 5251 1793 5323 inique
1825 5258 2044 5327 agente,

401 5343 730 5401 redeuntem
756 5342 962 5398 iterum
994 5341 1064 5397 ad
1095 5355 1155 5398 se
1184 5341 1433 5397 naturali
1463 5354 1655 5397 amore
1681 5343 2049 5414 prosequitur

471 5535 504 5568 οι
549 5525 610 5582 Id
640 5529 746 5598 est,
773 5522 1177 5596 Egyptiacam.

2159 4465 2262 4506 nos
2292 4448 2524 4504 effectus
2550 4460 2629 4509 es,
2678 4459 2790 4515 quo
2831 4449 2990 4512 pater
3032 4453 3164 4511 erga
3213 4438 3427 4494 liberos
3461 4451 3617 4492 suos.
3665 4437 3816 4491 Deus

2158 4538 2337 4609 pacis,
2368 4537 2467 4607 qui
2507 4540 2560 4591 et
2588 4539 2804 4590 remota
2853 4537 2909 4588 et
2959 4529 3280 4601 propinqua
3311 4527 3378 4583 ad
3416 4540 3474 4581 se
3516 4528 3810 4593 convocat,

2157 4628 2330 4684 vitam
2354 4629 2606 4682 nostram
2635 4623 2694 4679 in
2728 4635 2861 4693 pace
2890 4623 3200 4690 conservet,
3229 4621 3284 4672 et
3310 4628 3506 4671 omnes
3546 4613 3682 4670 illos
3713 4614 3807 4682 qui

2156 4732 2284 4775 eum
2308 4717 2505 4774 colunt
2526 4720 2582 4771 et
2601 4713 2979 4778 admirantur,
3004 4719 3317 4776 nomenque
3332 4704 3498 4759 illius
3520 4703 3806 4761 invocant.

2158 4809 2345 4864 salvos
2371 4805 2544 4860 faciat
2573 4800 2986 4858 intercessione
3024 4803 3080 4852 et
3118 4793 3384 4866 precibus
3423 4792 3676 4848 dominae
3721 4802 3814 4844 no-

2158 4903 2290 4953 strae
2312 4899 2519 4950 sancta:
2561 4890 2661 4946 Dei
2702 4887 3025 4962 genitricis,
3065 4889 3120 4940 et
3164 4883 3419 4939 omnium
3459 4887 3800 4937 sanctorum.

2156 4985 2351 5040 Amen.
2386 4981 2591 5037 Omnes
2612 4980 2817 5035 fratres
2844 4976 2943 5048 qui
2975 4975 3042 5030 ad
3071 4985 3168 5030 vos
3191 4971 3572 5043 pervenerint,
3618 4977 3808 5027 nostro

2159 5073 2386 5129 nomine
2406 5070 2622 5127 salutes
2642 5067 2832 5138 velim,
2862 5069 2926 5122 ut
2945 5069 3002 5120 et
3032 5063 3144 5134 ipsi
3175 5061 3470 5119 vobiscum
3510 5075 3615 5131 pro
3646 5057 3807 5116 nobis

2157 5165 2339 5219 orent.

2229 5515 2260 5559 ι)
2288 5518 2351 5572 In
2390 5513 2555 5572 caelis
2588 5511 2884 5572 redundat.
