4010 6160
183 273 267 335 509

263 448 456 470 αυτηνυυ
692 448 892 463 ωυρμ...
931 448 1000 462 υι.
1040 448 1136 461 ην.
1178 448 1368 461 "cum.
1418 448 1526 460 νην
1570 448 1742 458 ...πη-

183 448 207 480 ι
227 448 544 544 ιίηαηίειιὸὶιε,
576 486 625 535 et
637 448 861 534 vgmnem
894 480 1264 551 propheticum
1299 479 1634 539 locutionem,
1659 490 1780 545 quae

240 557 480 612 invehitur
496 556 555 607 in
585 553 752 606 idola.
1259 577 1264 582 ν

239 662 328 734 Qui
360 661 410 716 in
441 658 666 715 tertium
714 655 1026 727 penetravit
1065 654 1291 722 ccelum,
1350 658 1406 709 et
1453 653 1779 724 paradisum

185 753 434 824 ingressus
456 746 678 803 audivit
699 756 905 800 arcana
935 743 1103 799 verba
1133 742 1208 813 (II
1238 742 1357 797 Cor.
1388 747 1488 808 xu)
1515 760 1530 812 ;
1581 741 1681 812 qui
1714 739 1784 796 ab

182 837 443 895 Jerusalem
475 848 572 906 per
600 832 913 890 circuitum
946 845 1129 902 usque
1149 831 1217 886 ad
1243 831 1534 901 Illyricum
1572 828 1789 898 praedi—

180 927 299 983 cavit
323 922 681 995 Evangelium
712 919 877 991 (Rom.
905 919 1021 991 xv),
1048 920 1262 976 Paulus
1289 919 1525 974 divinus
1550 921 1790 987 aposto-

182 1017 476 1084 lusimpiam
521 1018 576 1068 et
599 1013 822 1067 inanem
855 1010 1158 1083 gentilium
1187 1008 1650 1079 superstitionem
1685 1020 1784 1061 re-

177 1107 416 1177 dargucns
439 1103 554 1158 ait:
597 1103 954 1156 Mutaverunt
982 1101 1214 1168 gloriam
1234 1098 1662 1167 incorruptibilis
1683 1097 1782 1150 Dei

177 1198 223 1248 in
256 1193 646 1248 similitudinem
683 1192 944 1259 imaginis
997 1189 1366 1258 corruptibilis
1431 1189 1684 1248 hominis,
1735 1189 1784 1239 et

176 1285 424 1345 volucrum,
456 1288 506 1336 et
547 1280 984 1351 quadrupedum,
1011 1284 1060 1333 et
1107 1280 1433 1348 serpentium
1464 1295 1476 1331 :
1511 1281 1562 1331 et
1599 1276 1785 1330 colue—

176 1378 294 1434 runt,
339 1377 382 1425 et
431 1372 735 1425 servierunt
790 1374 1052 1423 creatura:
1097 1369 1283 1437 potius
1331 1382 1496 1434 quam
1543 1365 1783 1419 Creatori

176 1460 305 1530 (Rom.
338 1460 388 1532 ι).
414 1460 582 1514 Juxta
632 1459 784 1513 hunc
818 1457 1000 1529 igitur
1029 1470 1258 1512 sensum
1306 1454 1628 1525 intelligere
1675 1457 1781 1514 est,

176 1549 292 1618 quod
315 1544 845 1602 incommunicabile
865 1544 962 1599 Dei
982 1557 1182 1599 nomen
1206 1543 1382 1614 lignis
1417 1547 1470 1596 et
1492 1539 1785 1609 lapidibus

176 1635 469 1704 adaptarunt
505 1651 520 1687 :
551 1632 656 1687 hoc
693 1631 844 1686 enim
873 1631 959 1686 illi
985 1630 1258 1701 fecerunt,
1291 1630 1390 1700 qui
1413 1629 1482 1683 ab
1503 1627 1657 1683 omni
1685 1625 1784 1681 Dei

869 262 1412 322 INTERPRETATIO
1448 259 1697 320 SYNODI
1733 263 1827 318 VII
1863 255 2269 320 GENERALIS.
2291 286 2367 298 —
2411 253 2612 312 ACTIO
2648 254 2785 311 VIII.

365 413 457 468 οάο
478 408 892 478 intelligendum
931 410 1004 462 sit
1040 408 1138 461 Dei
1177 422 1368 461 nomen
1418 420 1528 460 εεεθ
1566 406 1780 458 imam.
1804 384 1858 444 A
1887 387 2068 444 nostri
2095 384 2470 442 celeberrimi.
2495 383 2629 453 Quae
2661 383 2913 437 tenentes
2938 377 3276 446 Christiani,
3300 376 3530 446 signum

3421 246 3530 307 540

1888 477 2216 534 veneranda:
2246 477 2437 532 crucis
2475 477 2732 530 sanctum
2764 471 3131 541 Evangelium
3163 467 3378 535 scripto
3408 471 3534 519 tra—

1888 568 2099 638 ditum,
2147 565 2496 622 venerabiles
2548 563 2826 636 imagines
2865 576 2964 632 per
3000 559 3408 629 exprimentem
3450 553 3532 609 rei

1890 657 2310 730 ﬁgurationem,
2338 660 2394 710 et
2424 653 2847 725 quamplurima
2877 650 2993 706 alia
3029 650 3141 703 Deo
3171 647 3394 702 dicata:
3435 656 3537 698 ea-

1890 761 2000 818 que
2035 745 2202 802 nobis
2240 745 2620 814 admoventes,
2647 746 2704 798 et
2735 754 2867 798 cum
2897 738 3101 796 aﬁ‘ectu
3135 737 3436 792 adorantes
3472 746 3537 789 ac

1893 835 2224 906 salutantes,
2258 833 2735 892 sanctiﬁcationis
2775 832 3031 902 ipsorum
3073 825 3383 898 participes
3407 821 3542 878 efﬁ—

1891 925 2096 981 cimur.
2127 927 2248 980 Non
2283 929 2468 980 tamen
2495 923 2564 978 ad
2605 922 2721 976 haec
2762 919 2925 990 quasi
2966 917 3034 973 ad
3080 917 3214 972 deos
3254 925 3539 970 accessere

1893 1014 2232 1085 Christiani,
2262 1011 2736 1084 quemadmodum
2775 1010 2843 1065 ad
2884 1008 3037 1064 idola
3081 1005 3340 1078 gentiles.
3373 1002 3542 1058 Absit

1896 1102 1952 1158 id
1988 1103 2058 1158 ab
2098 1104 2185 1159 eis
2213 1104 2468 1158 crimen:
2513 1114 2674 1172 nugte
2706 1103 2841 1155 sunt
2876 1097 2978 1166 hae,
3013 1100 3068 1152 et
3111 1092 3538 1163 vaniloquentia

1889 1193 2387 1249 Iconoclastarum.
2419 1192 2498 1246 Ex
2524 1203 2637 1260 quo
2658 1189 2827 1244 etiam
2855 1187 3055 1241 merito
3079 1183 3538 1239 Christianorum

1890 1288 2249 1338 accusatores
2313 1279 2693 1350 appellantur.
2740 1277 2992 1346 Cumque
3047 1275 3336 1330 dementes
3396 1271 3534 1342 sint,

1891 1385 2033 1427 vana
2071 1371 2245 1426 locuti
2278 1375 2412 1426 sunt
2459 1367 2860 1437 unusquisque
2901 1365 2969 1419 ad
3019 1362 3338 1434 proximum
3371 1373 3538 1415 suum

1893 1458 2056 1531 (Psal.
2087 1459 2182 1533 x1).
2215 1460 2382 1515 Labia
2415 1459 2611 1514 dolosa
2641 1457 2698 1510 in
2734 1455 2924 1524 corde,
2955 1458 3010 1508 et
3056 1453 3112 1506 in
3158 1451 3326 1506 corde
3370 1461 3538 1518 prava

1896 1549 2072 1605 locuti
2101 1556 2253 1607 sunt.
2280 1550 2438 1619 Quod
2471 1563 2531 1603 ea
2556 1561 2680 1617 quae
2701 1545 2972 1600 adversus
2995 1542 3145 1597 idola
3171 1539 3539 1610 pronuntiata

1895 1646 2031 1696 sunt
2058 1653 2090 1695 a
2131 1641 2250 1711 lege
2282 1640 2498 1702 divina,
2537 1635 2828 1707 prophetis
2860 1639 2916 1689 et
2945 1631 3241 1702 apostolis,
3274 1630 3331 1683 in
3362 1640 3541 1682 evan-

174 1722 301 1777 cultu
330 1720 477 1776 fuere
501 1719 701 1786 alieni,
731 1724 786 1774 et
823 1719 920 1788 qui
948 1733 1012 1774 ex
1039 1718 1286 1773 Hebraeis
1314 1717 1601 1772 dementes
1621 1728 1651 1768 a
1675 1715 1787 1768 Deo
1819 1710 1868 1768 Β
1896 1710 2206 1803 ganearum
2237 1743 2424 1784 rerum
2454 1727 2708 1796 picturas
2734 1724 2878 1780 male
2906 1723 3267 1790 exceperunt,
3309 1731 3540 1787 ρει-γει».

173 1809 472 1865 defecerunt.
513 1809 816 1865 Commissi
847 1813 983 1864 sunt
1006 1809 1157 1864 enim
1183 1809 1330 1863 inter
1349 1812 1560 1878 gentes,
1593 1809 1648 1860 et
1686 1803 1786 1858 di-

171 1901 396 1955 dicerunt
423 1913 601 1968 opera
628 1912 845 1954 eorum.
878 1899 947 1953 Et
979 1897 1178 1952 relicto
1202 1895 1507 1965 invisibili,
1561 1895 1787 1951 incom-

174 1988 532 2058 prehensibili,
560 1993 615 2042 et
638 1987 840 2057 opiﬁce
869 1986 1126 2043 omnium
1151 1987 1264 2041 Deo
1307 1991 1524 2056 nostro,
1575 1985 1786 2039 immo—

169 2077 388 2133 laverunt
409 2077 737 2146 daamoniis,
765 2076 915 2143 Baal',
941 2075 1197 2144 Astarte),
1239 2075 1500 2140 Chamos,
1527 2072 1782 2143 Apollini

168 2171 211 2219 et
229 2166 349 2236 iovi,
390 2167 593 2221 Dianae
638 2171 694 2221 et
742 2165 968 2231 Veneri,
1018 2164 1234 2220 Baccho
1275 2169 1331 2219 et
1378 2165 1681 2231 Mercurio,
1730 2165 1786 2216 et

170 2253 398 2322 plurimis
424 2254 606 2320 aliis;
631 2259 687 2309 et
713 2253 915 2310 horum
941 2253 1093 2308 idola
1113 2252 1249 2308 deos
1262 2251 1659 2321 appellarunt;
1687 2251 1783 2306 sed

168 2341 491 2397 etvolucrum
536 2347 592 2396 et
618 2342 1048 2411 quadrupedum
1096 2346 1153 2395 et
1200 2335 1571 2408 serpentium.
1627 2338 1787 2407 Qua-

169 2434 361 2497 propter
376 2430 534 2484 idem
559 2429 866 2498 Apostolus
898 2447 910 2482 :
945 2428 1216 2489 Tradidit,
1241 2427 1454 2497 inquit,
1490 2426 1613 2480 illos
1640 2428 1783 2480 Deus

168 2517 214 2567 in
234 2518 494 2585 reprobum
553 2533 789 2579 sensum,
831 2521 893 2570 ut
920 2518 1133 2583 faciant
1177 2531 1240 2569 ea
1287 2530 1406 2584 qua
1451 2529 1557 2568 non
1604 2529 1786 2568 conve-

169 2605 318 2666 niunt,
363 2607 598 2676 repletos
652 2606 799 2658 omni
848 2606 1161 2672 iniquitate,
1209 2603 1446 2665 malitia,
1512 2604 1780 2671 nequitia,

169 2695 404 2758 auaritia;
419 2695 620 2763 plenos
648 2693 882 2754 inuidia,
932 2692 1241 2754 homicidio,
1281 2693 1658 2755 contentione;
1697 2706 1786 2745 su-

167 2795 402 2846 surrones,
443 2784 798 2843 detracto-res,
831 2785 939 2835 Deo
977 2782 1222 2844 odibiles,
1263 2781 1541 2852 superbos,
1593 2780 1782 2842 elatos,

165 2868 429 2924 inventores
452 2871 744 2924 maloram.
780 2869 942 2938 (Ibid.
946 2869 972 2936 )

1894 1824 2076 1875 tentes
2106 1831 2321 1874 sacram
2361 1816 2713 1884 Scripturam
2748 1814 2910 1881 juxta
2950 1809 3177 1879 propria
3221 1805 3534 1874 desideria;

1896 1907 2059 1962 nihid
2101 1907 2260 1962 aliud
2306 1903 2712 1972 intelligentes,
2743 1914 2911 1970 quam
2947 1913 3012 1953 ex
3056 1896 3229 1952 idolis
3273 1895 3395 1949 illis
3427 1907 3535 1949 non

1893 2010 2016 2052 esse
2047 2009 2148 2051 nos
2180 2008 2277 2064 per
2305 1993 2597 2048 Christum
2624 1993 2799 2045 Deum
2831 1993 3089 2044 nostrum
3119 1984 3412 2052 liberatos,
3438 1986 3539 2038 aut

1894 2085 2158 2140 salvatos.
2187 2084 2232 2139 Ο
2269 2081 2565 2137 hominum
2608 2077 2949 2134 dementiam
2996 2081 3167 2144 atque
3216 2069 3532 2127 insaniam!

1895 2173 2031 2244 quia
2080 2175 2338 2227 sanctum
2396 2183 2428 2223 a
2486 2166 2721 2238 profano
2769 2179 2880 2220 non
2933 2163 3343 2219 distinxerunt.
3395 2161 3534 2212 Nam

1893 2261 2121 2318 Domini
2175 2265 2232 2316 et
2282 2262 2608 2314 sanctorum
2655 2257 2782 2324 ejus
2831 2253 3135 2324 imaginem
3179 2249 3372 2305 eodem
3420 2261 3534 2317 quo

1892 2350 2304 2405 daemoniorum
2339 2346 2558 2416 efﬁgies
2590 2344 2818 2400 nomine
2846 2341 3225 2410 appellarunt.
3259 2337 3404 2392 Proh
3435 2335 3537 2390 im-

1895 2438 2152 2508 probitas
2199 2433 2528 2492 hominum!
2581 2434 2671 2488 Va:
2712 2431 2875 2500 ipsis,
2915 2427 3063 2499 quod
3095 2440 3128 2481 a
3167 2427 3282 2481 Deo
3321 2424 3539 2480 resilie-

1892 2532 2045 2583 runt.
2063 2526 2282 2582 Etenim
2295 2523 2609 2579 Christiani
2632 2533 2806 2577 unum
2823 2521 3000 2573 Deum
3017 2516 3265 2572 colentes
3279 2515 3338 2568 in
3353 2513 3540 2568 Trini-

1891 2623 2007 2674 tate
2034 2614 2443 2683 collaudatum,
2476 2617 2533 2667 et
2561 2611 2671 2666 soli
2700 2609 2810 2679 ipsi
2841 2607 3068 2662 latriam
3098 2604 3415 2672 offerentes,
3441 2616 3540 2672 per

1893 2705 2192 2762 sensibilia
2217 2705 2382 2776 signa
2403 2701 2672 2758 ducimur
2695 2699 2763 2754 ad
2790 2694 3206 2766 intelligibilia.
3225 2692 3364 2748 Cum
3385 2691 3538 2746 enim

1894 2794 2199 2852 sensibiles
2223 2793 2425 2862 simus,
2451 2804 2560 2846 non
2583 2788 2752 2843 aliter
2771 2786 2840 2843 ad
2866 2781 3262 2854 intelligibilia
3285 2779 3542 2850 provehi-

1897 2899 2044 2952 mur,
2080 2896 2248 2952 quam
2286 2894 2384 2950 per
2430 2877 2736 2934 sensibiles
2780 2879 2942 2930 notas
2982 2876 3102 2927 tum
3141 2867 3438 2938 scripturae
3466 2867 3537 2922 ad

222 2957 498 3027 Propterea
539 2959 687 3012 Deus
734 2957 909 3029 legem
939 2957 1098 3012 dedit
1151 2971 1251 3026 per
1277 2958 1501 3027 Moysen
1534 2975 1546 3011 :
1583 2955 1788 3012 deinde

1899 2972 2309 3040 meditandum,
2343 2974 2464 3025 tum
2501 2968 2760 3037 picturae,
2793 2976 2905 3034 qua
2936 2976 3025 3017 res
3049 2958 3342 3015 coloribus
3379 2960 3436 3011 et
3476 2956 3543 3010 li-

169 3025 435 3115 prophetas
464 3046 778 3102 adventum
792 3025 1259 3116 praenuntiantes
1281 3025 1593 3102 Salvatoris
1615 3044 1788 3099 Chri—

1900 3060 2212 3117 neamentis
2239 3058 2658 3128 exprimuntur.
2688 3055 2813 3108 Haec
2841 3052 2992 3107 enim
3023 3050 3082 3104 in
3111 3051 3539 3118 prototyporum

168 3133 226 3188 sti
251 3135 338 3189 Dei
356 3135 570 3203 nostri,
605 3148 819 3190 necnon
841 3139 1164 3206 argueutes,
1207 3134 1557 3202 minitantes,
1585 3133 1792 3189 admo—

168 3229 350 3293 nentes,
390 3225 784 3294 cohortantes,
831 3228 896 3279 ut
937 3223 982 3278 ii
1030 3223 1284 3279 redirent
1323 3223 1391 3278 ad
1437 3223 1787 3295 agnitionem

167 3311 410 3384 veritatis,
438 3320 494 3368 et
537 3311 859 3382 posthabita
897 3317 1157 3368 creatura
1195 3312 1472 3368 servirent
1500 3313 1614 3367 Deo
1660 3311 1789 3367 vivo

163 3404 206 3453 et
229 3415 362 3473 vero,
393 3403 574 3471 cujus
603 3415 804 3457 nomen
849 3415 978 3457 cum
1026 3402 1309 3458 creaturis
1355 3406 1411 3457 et
1457 3400 1790 3456 simulacris

166 3486 364 3545 idolicis
389 3489 812 3546 communicari
846 3503 958 3545 non
987 3494 1185 3559 potest.
1225 3489 1323 3545 Ait
1360 3503 1604 3560 namque
1632 3489 1792 3558 Apo-

161 3577 352 3633 stolus:
387 3579 526 3644 Quae
585 3581 809 3633 societas
842 3578 950 3633 luci
996 3579 1070 3632 ad
1112 3580 1358 3633 tenebras
1379 3581 1408 3634 ?
1453 3594 1575 3648 qua
1611 3583 1792 3633 autem

165 3670 405 3722 conventio
431 3669 645 3724 Christi
681 3667 756 3721 ad
787 3668 964 3722 Belial
1007 3668 1084 3738 (II
1113 3667 1230 3722 Cor.
1256 3667 1381 3741 v1)?
1425 3669 1632 3724 Verum
1685 3680 1792 3722 ne—

164 3768 253 3825 que
268 3755 372 3828 lex,
396 3769 592 3828 neque
619 3755 910 3826 propheta:
949 3770 1046 3812 eos
1089 3764 1412 3813 convertere
1438 3761 1746 3826 potuerunt
1771 3773 1786 3825 ;

163 3850 581 3910 permanserunt
603 3846 753 3901 enim
799 3845 857 3900 in
886 3845 1208 3915 perditione
1237 3860 1358 3901 sua.
1392 3845 1635 3902 Advenit
1658 3858 1790 3915 ergo

164 3931 245 4000 qui
274 3934 590 4002 praedictus
619 3939 788 3989 erata
821 3934 1137 4004 prophetis,
1172 3934 1359 4004 ipsius
1386 3935 1486 3990 Dei
1523 3933 1788 4004 Verbum,

170 4027 464 4078 (maternus
495 4023 678 4091 Patri,
710 4035 991 4092 verusque
1018 4023 1187 4089 Deus,
1212 4028 1502 4092 assumpta
1529 4035 1698 4078 carne
1724 4036 1794 4077 ex

168 4105 480 4166 intemerata
510 4110 616 4165 Dei
657 4109 932 4182 genitrice
962 4123 1182 4180 semper
1228 4111 1462 4183 Virgine
1507 4111 1706 4181 Maria,
1739 4116 1795 4167 et

161 4191 321 4253 factus
348 4205 436 4254 est
476 4200 649 4255 homo
698 4198 862 4255 nobis
892 4198 1106 4255 similis
1162 4205 1393 4269 excepto
1438 4204 1685 4270 peccato,
1730 4201 1794 4254 ut

163 4295 249 4338 nos
269 4285 334 4340 ab
364 4301 566 4342 errore
599 4287 882 4343 idolorum
908 4287 1198 4358 liberaret,
1228 4293 1283 4343 et
1307 4301 1339 4343 a
1362 4287 1580 4344 diaboli
1608 4286 1796 4342 servi—

1899 3151 2156 3207 omnium
2178 3147 2404 3204 inducit
2427 3151 2482 3200 et
2501 3143 2690 3200 evehit
2710 3139 3158 3197 recordationem
3183 3154 3195 3190 :
3221 3139 3276 3190 et
3295 3135 3539 3190 alterum

1900 3240 2131 3310 quidem
2160 3237 2367 3292 auditu
2395 3233 2762 3304 percipimus,
2786 3229 3028 3284 alterum
3054 3239 3185 3280 vero
3207 3223 3393 3279 oculis
3413 3235 3541 3278 con-

1900 3327 2259 3397 templamur.
2295 3323 2428 3391 Quae
2460 3323 2538 3376 ita
2578 3334 2639 3376 se
2673 3318 2900 3386 habent,
2933 3320 2998 3371 ut
3025 3314 3268 3370 alterum
3298 3310 3540 3366 alterius

1899 3416 2163 3473 notitiam
2197 3414 2404 3468 inferat
2429 3430 2440 3465 :
2471 3409 2680 3464 habent
2702 3407 2873 3463 etiam
2905 3404 3031 3459 sinc
3061 3400 3445 3458 controversia
3475 3400 3541 3454 ut

1897 3507 2138 3562 alterum
2165 3501 2407 3558 alterius
2433 3498 2723 3555 contineat
2757 3492 3218 3562 declarationem,
3251 3494 3308 3544 et
3334 3488 3539 3544 iisdem

1898 3594 2227 3652 afﬁciantur
2252 3587 2585 3646 honoribus.

1969 3683 2052 3738 Ad
2089 3681 2392 3737 clariorem
2427 3682 2616 3734 autem
2647 3675 2729 3732 rei
2763 3671 3202 3743 intelligentiam
3233 3667 3347 3724 alia
3379 3681 3543 3738 qua:—

1899 3775 2029 3830 dam
2064 3771 2236 3826 etiam
2267 3767 2545 3839 apologize
2573 3778 2745 3821 causa
2781 3775 3108 3834 proponam.
3141 3759 3409 3816 Omnium
3439 3755 3540 3811 Dei

1899 3867 2291 3917 creaturarum
2321 3868 2619 3913 commune
2648 3858 2754 3925 est,
2779 3857 2844 3908 ut
2873 3849 3311 3922 participatione
3346 3846 3543 3916 aliqua

1902 3951 2049 4007 inter
2080 3962 2140 4004 se
2181 3949 2498 4017 conjuncta:
2531 3944 2650 4001 sint
2685 3941 2964 3998 afﬁnitate
2993 3959 3004 3995 :
3043 3945 3098 3994 et
3127 3937 3388 4009 quamvis
3414 3935 3545 3992 alia:

1900 4040 2038 4095 aliis
2069 4037 2352 4108 dignitate
2377 4039 2432 4089 et
2469 4033 2670 4089 ordine
2700 4031 3060 4099 antecellunt,
3094 4041 3184 4083 res
3213 4033 3398 4082 tamen
3430 4039 3545 4082 om-

1902 4142 2002 4183 nes
2054 4122 2570 4182 communicatione
2615 4119 2859 4191 quadam
2905 4119 3055 4174 inter
3095 4130 3156 4172 se
3197 4117 3538 4186 junguntur.

1900 4219 2036 4272 Nam
2074 4213 2260 4286 angeli
2294 4226 2422 4268 cum
2467 4211 2585 4267 sint
2623 4222 2777 4280 purae
2811 4213 3043 4277 mentes,
3075 4220 3144 4262 ex
3192 4204 3381 4260 nihilo
3423 4217 3547 4272 pro-

1900 4305 2061 4362 ducti
2094 4308 2230 4360 sunt
2252 4301 2324 4357 ab
2362 4300 2616 4357 omnium
2659 4310 2848 4353 rerum
2892 4295 3188 4352 conditore
3210 4294 3357 4360 Deo;
3389 4291 3549 4346 simi-

158 4377 263 4428 tute
289 4377 560 4446 eriperet.
613 4376 868 4445 Expletis
895 4390 1030 4447 ergo
1061 4377 1329 4432 omnibus
1359 4391 1475 4432 suae
1504 4376 1788 4446 dispensa-

1906 4395 2038 4449 liter
2067 4397 2123 4447 et
2148 4397 2352 4446 natura
2375 4390 2658 4444 humana:
2701 4385 2798 4440 sed
2839 4391 2895 4439 et
2920 4383 3105 4438 media
3146 4388 3230 4436 est
3276 4381 3426 4435 inter
3456 4392 3549 4434 ex-

159 4459 320 4518 tionis
344 4465 662 4535 mysteriis,
694 4479 895 4534 passus
923 4479 1092 4520 carne
1119 4465 1177 4520 in
1202 4479 1391 4535 cruce,
1429 4471 1484 4520 et
1510 4466 1790 4534 sepultus,

156 4553 202 4602 et
221 4564 547 4624 resurgens,
579 4556 635 4607 et
663 4553 971 4608 ascendens
999 4553 1056 4608 in
1097 4553 1289 4623 caelos,
1320 4554 1471 4609 unde
1499 4554 1797 4609 descende-

157 4644 250 4704 rat,
279 4641 435 4695 omni
474 4641 579 4696 illa
610 4640 940 4710 impuritate
985 4647 1041 4697 et
1078 4641 1503 4698 abominatione
1534 4657 1636 4698 nos
1662 4642 1800 4698 libe-

155 4727 306 4798 ravit,
335 4730 546 4786 missis
574 4731 809 4800 sanctis,
839 4731 964 4788 suis
995 4731 1271 4801 apostolis
1299 4736 1356 4788 et
1391 4732 1703 4802 discipulis
1725 4732 1792 4787 ad

155 4828 332 4873 omnes
352 4825 580 4890 gentes,
603 4824 831 4888 accepta
869 4819 940 4875 ab
969 4820 1073 4891 eis,
1131 4821 1605 4891 quemadmodum
1652 4821 1798 4890 ipsis

154 4906 510 4976 promiserat,
544 4907 753 4964 virtute
781 4922 850 4964 ex
877 4909 1016 4981 alto,
1047 4909 1268 4979 Spiritu
1315 4910 1572 4979 Domino,
1621 4910 1800 4966 viviﬁ-

153 5000 298 5049 cante
318 5001 374 5050 et
396 4995 813 5065 omnipotente,
848 4997 949 5068 qui
979 5011 1046 5053 ex
1074 5003 1231 5068 patre
1280 5014 1378 5068 per
1405 4997 1618 5056 Filium
1673 5015 1796 5069 pro-

152 5083 305 5139 cedit.
343 5084 454 5139 Per
511 5097 676 5153 quem
716 5083 851 5141 facti
909 5091 1164 5155 potentes
1201 5101 1367 5157 opere
1413 5091 1469 5142 et
1515 5101 1793 5160 sermone,

153 5185 315 5239 genus
337 5172 665 5228 humanum
677 5173 920 5230 abinani
937 5174 1225 5232 idolorum
1247 5175 1409 5232 cultu
1435 5175 1791 5247 liberarunt;

153 5256 411 5316 docentes
437 5273 555 5316 nos
575 5261 799 5319 credere
841 5263 899 5318 in
942 5277 1120 5320 unum
1150 5265 1327 5322 Deum
1359 5264 1460 5336 qui
1502 5265 1560 5321 in
1611 5267 1796 5322 Trini-

151 5349 252 5403 tate
306 5349 595 5404 laudatur
646 5355 702 5405 et
746 5351 1146 5422 gloriﬁcatur:
1181 5353 1468 5410 tradentes
1517 5354 1689 5411 etiam
1734 5356 1795 5410 in

150 5435 396 5495 Ecclesia
425 5437 688 5508 symbola
717 5440 828 5511 ipsi
849 5445 906 5500 et
932 5457 1289 5502 successores
1317 5443 1574 5514 ipsorum
1604 5444 1798 5502 Patres

212 5553 243 5584 ι
265 5546 350 5601 Ex
381 5556 544 5602 nova
563 5547 832 5604 versione.

1903 4481 2227 4538 cellentiam
2264 4484 2319 4534 et
2370 4477 2725 4540 tenuitatem,
2771 4472 3087 4528 caelestium
3123 4469 3347 4526 scilicet
3383 4480 3546 4538 ange-

1908 4570 2115 4638 lorum,
2164 4579 2468 4636 rerumque
2501 4570 2889 4620 terrenarum:
2925 4572 3118 4615 verum
3164 4562 3228 4612 ut
3270 4561 3546 4611 creatura:

1907 4655 2256 4714 conveniunt
2305 4653 2454 4708 inter
2492 4666 2569 4706 se.
2615 4650 2829 4706 Deinde
2871 4648 3058 4721 angeli
3109 4645 3340 4717 quidem
3391 4657 3548 4714 pura:

1907 4749 2042 4803 sunt
2081 4749 2296 4799 mentes
2333 4748 2390 4797 et
2433 4740 2924 4810 incorruptibiles,
2967 4738 3134 4793 homo
3172 4738 3361 4791 autem
3406 4747 3550 4789 mor-

1905 4836 2042 4893 talis
2073 4852 2085 4888 :
2121 4833 2216 4889 sed
2248 4845 2374 4887 cum
2407 4831 2486 4886 sit
2519 4830 2726 4884 mentis
2763 4842 2828 4884 ac
2864 4827 3189 4896 disciplina:
3219 4839 3416 4895 capax,
3455 4837 3551 4880 an-

1906 4927 2143 4997 gelicam
2176 4923 2481 4994 participat
2512 4924 2792 4975 naturam.
2817 4919 3037 4974 Rursus
3065 4922 3267 4973 natura
3296 4914 3550 4971 hominis

1906 5021 2123 5071 natura
2169 5019 2501 5068 cancrorum
2545 5007 2880 5064 animalium
2919 5013 3004 5062 est
3046 5007 3350 5078 particeps,
3397 5004 3546 5075 quod

1903 5112 1959 5161 et
1999 5105 2121 5174 ipse
2171 5107 2228 5157 et
2273 5101 2396 5170 ipsa
2453 5111 2603 5168 caro,
2653 5102 2709 5153 et
2753 5097 3076 5161 comedunt,
3131 5101 3186 5153 et
3231 5095 3546 5165 dormiunt,

1905 5201 2226 5265 terramque
2269 5203 2622 5248 communem
2672 5187 2900 5257 habent,
2945 5193 3000 5244 et
3044 5203 3155 5259 qua
3199 5186 3412 5256 sumpti
3457 5201 3546 5242 su-

1906 5299 2052 5353 mus,
2107 5287 2164 5338 et
2210 5283 2270 5337 in
2319 5293 2488 5352 quam
2536 5277 2878 5334 resolvimur
2925 5292 3107 5348 usque
3149 5277 3218 5333 ad
3269 5280 3552 5331 transmu-

1906 5373 2178 5429 tationem
2198 5376 2448 5426 nostram
2472 5382 2540 5424 ex
2565 5367 2931 5438 corruptione
2957 5368 3014 5422 in
3035 5364 3540 5435 incorruptionem.

1907 5463 1989 5518 Ita
2018 5460 2183 5533 plane
2209 5463 2266 5516 et
2290 5464 2538 5530 quatuor
2573 5456 2849 5514 elementa
2877 5454 3164 5514 communi
3182 5454 3383 5525 juncta
3411 5456 3548 5507 sunt
