4016 6168
417 244 514 304 5M

1647 245 2005 303 ANASTASH
2041 245 2398 304 BIBLIOTAR
2404 247 2580 305 HECII

3719 247 3819 308 512

413 385 583 440 nexu,
616 374 786 440 terra,
815 384 986 443 aqua,
1015 384 1130 441 aer,
1165 371 1358 444 ignis:
1391 375 1447 428 et
1466 376 1616 428 terra
1647 373 1878 444 quidem
1910 373 2061 428 sicca
2089 365 2146 426 A
2173 374 2369 430 munia
2397 374 2748 445 hominibus,
2779 378 2836 430 et
2862 389 2959 432 vos
2990 375 3241 446 habetis;
3270 378 3468 446 estque
3496 373 3660 431 vobis
3691 389 3814 431 cum

412 465 500 516 est
520 464 575 515 et
607 459 837 532 frigida,
869 461 1022 531 ignis
1049 461 1238 517 siccus
1263 465 1318 516 et
1337 461 1580 531 calidus,
1604 476 1750 533 aqua
1779 461 1989 533 frigida
2010 465 2067 516 et

417 549 676 619 humida,
701 563 798 605 aer
817 549 1042 606 calidus
1065 555 1121 606 et
1143 552 1419 607 humidus
1442 571 1454 606 :
1490 556 1545 608 et
1573 551 1922 608 conveniunt
1943 551 2065 623 qui-

415 637 542 693 dem
566 643 716 693 terra
742 641 797 692 et
829 638 1000 708 ignis,
1031 644 1094 694 ut
1123 639 1304 711 sicca;
1338 645 1487 696 terra
1529 653 1658 695 vero
1701 644 1756 694 et
1805 653 1972 710 aqua,
2003 641 2068 694 ut

417 725 658 796 frigida:
682 725 865 782 simili
887 727 1052 782 modo
1072 731 1127 782 et
1140 729 1362 799 reliqua
1380 729 1653 785 elementa
1670 728 2070 785 communione

420 815 527 870 hac
567 815 717 870 inter
756 829 814 871 se
855 816 1168 873 sociantur.
1205 818 1348 874 Hinc
1381 820 1553 876 etiam
1595 823 1790 874 nostra
1834 831 2071 888 corpora

418 904 786 974 proportione
809 904 1010 961 horum
1037 910 1284 976 quatuor
1309 907 1715 963 elementorum
1737 921 1804 962 ex
1822 910 2070 977 quatuor

419 992 764 1049 humoribus
789 999 1072 1063 constant,
1107 996 1405 1066 sanguine,
1435 997 1667 1066 pituita,
1693 997 1832 1052 ﬂava
1863 1001 1918 1050 et
1948 999 2071 1050 atra

418 1081 558 1152 bili;
587 1087 642 1138 et
669 1084 907 1154 sanguis
931 1083 1158 1154 quidem
1187 1085 1412 1141 calidus
1442 1089 1499 1140 et
1521 1085 1812 1155 humidus,
1844 1098 2074 1155 propor-

420 1171 576 1228 tione
613 1173 917 1240 respondet
949 1173 1067 1227 aeri
1108 1192 1120 1227 :
1168 1173 1308 1228 ﬂava
1340 1173 1479 1229 bilis
1503 1174 1689 1229 calida
1718 1180 1774 1228 et
1813 1174 1983 1242 sicca,
2015 1177 2073 1230 et

421 1262 790 1332 proportione
808 1263 1109 1331 respondet
1132 1263 1281 1334 igni:
1303 1267 1425 1318 atra
1443 1262 1582 1318 bilis
1599 1263 1748 1318 sicca
1765 1267 1820 1318 et
1836 1261 2067 1334 frigida,

421 1356 477 1408 et
505 1351 874 1420 proportione
910 1352 1214 1421 respondet
1244 1356 1406 1407 terra:
1433 1371 1444 1406 :
1484 1353 1690 1408 humor
1716 1352 1990 1408 humidus
2018 1356 2074 1406 et

423 1440 694 1512 frigidus,
745 1447 800 1496 et
850 1441 1216 1510 proportione
1275 1442 1576 1511 respondet
1630 1455 1809 1512 aquae.
1857 1440 2072 1496 Addam

2173 463 2442 520 omnibus
2461 465 2652 520 eadem
2679 468 2889 532 natura
2919 465 3258 520 communis.
3301 464 3374 520 At
3397 479 3526 520 vero
3558 466 3707 519 Deus
3738 464 3816 519 in-

2176 552 2450 623 visibilis,
2487 553 3110 624 incomprehensibilis,
3156 553 3598 625 investigabilis,
3636 552 3818 608 incir-

2176 641 2582 712 cumscriptus,
2638 641 3039 712 impassibilis,
3093 640 3457 712 immortalis,
3510 640 3669 696 solus
3713 640 3823 696 Rex

2178 743 2395 802 regum,
2436 732 2493 785 et
2529 730 2808 785 Dominus
2855 729 3302 799 dominantium,
3348 729 3508 785 nulla
3551 733 3653 784 aut
3698 742 3823 784 cum

2178 818 2418 891 angelis,
2441 823 2544 874 aut
2567 833 2698 875 cum
2731 818 3083 888 hominibus,
3120 822 3220 874 aut
3249 832 3380 874 cum
3419 817 3533 873 alia
3568 822 3827 874 creatura

2178 907 2696 963 communicatione
2736 912 2823 963 est
2861 908 3222 977 conjunctus.
3257 908 3380 976 Ipse
3419 906 3570 961 enim
3601 905 3814 977 opifex,

2179 1001 2384 1052 cuncta
2414 1010 2544 1052 vero
2577 1000 2765 1052 creata
2800 1014 2812 1050 :
2849 997 2970 1065 ipse
3007 995 3364 1066 providentia
3398 995 3564 1067 regit,
3604 994 3828 1065 reliqua

2179 1085 2370 1140 omnia
2420 1085 2778 1154 providentia
2825 1090 3122 1157 reguntur.
3169 1086 3341 1139 Extra
3387 1084 3569 1156 igitur
3606 1097 3826 1139 omnem

2179 1179 2424 1229 creatam
2464 1176 2725 1228 naturam
2763 1178 2850 1229 est
2877 1174 3060 1229 Deus:
3097 1177 3268 1244 atque
3317 1173 3422 1228 hac
3468 1173 3694 1228 ratione
3724 1186 3830 1228 no—

2183 1275 2308 1316 men
2329 1261 2526 1331 ipsius
2549 1266 2603 1316 et
2635 1260 3196 1317 incommunicabile.
3232 1261 3450 1317 Idcirco
3475 1267 3530 1316 et
3567 1261 3832 1316 admira-

2182 1351 2322 1406 bilis
2346 1351 2564 1420 Moyses
2595 1350 2911 1420 peculiares
2937 1350 3180 1405 tradidit
3213 1349 3436 1404 litteras
3464 1350 3532 1404 ad
3567 1348 3832 1404 scriben-

2182 1439 2318 1495 dum
2358 1438 2458 1492 Dei
2507 1451 2730 1509 nomen,
2764 1451 2907 1508 quas
2945 1438 3013 1492 ad
3054 1437 3202 1492 alias
3231 1451 3392 1492 voces
3431 1451 3540 1493 non
3578 1450 3835 1506 usurpa-

425 1528 598 1583 etiam
629 1528 696 1582 ad
728 1530 995 1597 majorem
1040 1529 1496 1598 explanationem
1523 1547 1535 1582 :
1573 1530 1851 1584 Dominus
1883 1543 1978 1584 rex
2021 1531 2077 1583 et
2184 1527 2341 1582 bant.
2373 1526 2532 1596 Quod
2570 1527 2619 1582 si
2652 1527 2896 1582 virtutes
2920 1526 3212 1597 angelicae,
3242 1531 3415 1596 atque
3443 1526 3713 1581 homines
3757 1525 3834 1595 pii

427 1617 737 1685 imperator
762 1621 879 1688 est;
923 1619 1017 1672 sed
1051 1623 1105 1672 et
1146 1618 1449 1687 imperium
1490 1623 1738 1674 vestrum
1781 1617 2078 1689 prazfulget
2183 1617 2474 1687 Deumque
2501 1615 2767 1670 timentes
2799 1615 3107 1685 participes
3137 1615 3237 1670 Dei
3283 1621 3438 1686 sunt,
3469 1614 3525 1669 id
3558 1616 3691 1683 ejus
3725 1629 3840 1684 gra-

426 1705 716 1775 omnibus,
759 1710 814 1761 et
855 1707 1138 1777 dignitate
1188 1707 1521 1776 praaemines
1567 1723 1696 1764 cum
1744 1708 1977 1764 domina
2023 1689 2152 1762 etB
2188 1706 2288 1776 tia,
2324 1719 2434 1760 non
2468 1708 2670 1760 natura
2707 1703 2934 1759 habent.
2970 1703 3148 1774 Cujus
3189 1709 3250 1760 tu
3293 1717 3522 1774 quoque
3570 1703 3680 1758 ﬁas
3723 1718 3842 1772 par-

428 1795 790 1864 imperatrice
829 1801 1007 1851 matre
1047 1801 1162 1866 tua,
1197 1800 1497 1867 vestroque
1524 1797 1692 1853 nutui
1720 1796 1938 1853 subditi
1966 1809 2079 1851 om-
2189 1795 2369 1864 ticeps
2404 1807 2502 1864 per
2544 1793 2690 1849 bona
2730 1806 2918 1862 opera.
2961 1794 3029 1848 Et
3070 1793 3190 1863 ipse
3236 1793 3538 1862 imperium
3584 1795 3841 1848 vestrum

428 1896 528 1938 nes
574 1888 792 1953 parent.
831 1882 1092 1939 Attamen
1139 1884 1400 1941 homines
1444 1885 1604 1958 estis,
1647 1890 1702 1940 et
1744 1885 2080 1940 definitione
2187 1882 2416 1953 exaltet,
2457 1885 2512 1937 et
2557 1881 2831 1938 subvehat
2870 1895 2973 1937 vos
3024 1881 3093 1937 ad
3144 1881 3519 1953 intelligenda
3565 1885 3622 1936 et
3675 1882 3843 1952 cogi-

425 1972 1006 2043 comprehendimini,
1031 1974 1304 2044 quoniam
1336 1974 1524 2030 omnis
1557 1974 1727 2030 homo
1755 1972 1969 2028 animal
1995 1976 2082 2028 est
2189 1972 2361 2027 tanda
2394 1985 2520 2041 qua:
2559 1970 2878 2041 perducunt
2919 1971 2987 2026 ad
3029 1974 3302 2026 aeternum
3350 1969 3536 2039 ipsius
3575 1983 3837 2042 regnum,

427 2060 728 2129 rationale,
763 2061 1030 2131 mortale,
1079 2061 1287 2118 mentis
1335 2066 1392 2118 et
1442 2061 1699 2118 scientiae
1745 2075 1923 2131 capax
1963 2079 1976 2115 :
2027 2064 2084 2116 et
2194 2060 2560 2116 miseratione
2600 2072 2703 2115 sua
2725 2063 2781 2114 et
2803 2058 3072 2129 precibus
3110 2063 3320 2115 sancta:
3361 2063 3418 2114 et
3456 2059 3839 2115 immaculata:

427 2150 629 2206 Petrus
664 2151 817 2206 enim
859 2155 915 2206 et
953 2151 1183 2222 Paulus,
1217 2156 1273 2207 et
1305 2153 1494 2208 caeteri
1541 2151 1802 2207 homines
1829 2150 2082 2206 eamdem
2191 2147 2438 2204 domina:
2470 2152 2678 2204 nostrae
2714 2147 2815 2203 Dei
2861 2148 3183 2220 genitricis,
3212 2147 3585 2220 omniumque
3621 2151 3843 2204 sancto-

429 2240 766 2310 suscipiunt
793 2240 1226 2297 deﬁnitionem:
1263 2241 1367 2297 hoc
1393 2244 1497 2313 est,
1531 2253 1596 2296 ea
1622 2254 1749 2312 quae
1778 2243 1916 2296 sunt
1935 2251 2084 2296 com-
2195 2251 2320 2293 rum
2348 2238 2491 2308 ejus.
2524 2237 2728 2293 Amen.

438 2388 3836 2418 π

868 2527 1920 2635 CHRONOLOGIA
2003 2525 2524 2630 SANCTI
2602 2524 3395 2628 NICEPHORI

1565 2689 1869 2778 Errscom
1903 2715 2702 2776 CONSTANTINOPOLITANI

1091 2845 1658 2986 Anastasio
1716 2874 2546 2979 Bibliothecario
2621 2871 3189 3008 interprete

1507 3078 1602 3142 (Ex
1632 3075 1953 3127 Bibliotheca
1979 3076 2210 3123 veterum
2240 3073 2471 3132 Patrum,
2501 3087 2622 3124 saec.
2652 3073 2752 3134 Ix.)

1926 3331 2282 3401 LECTORI
2303 3380 2319 3394 .

506 3522 639 3579 Cum
672 3538 933 3578 consensu
961 3527 1199 3578 omnium
1247 3527 1435 3576 auctor
1459 3521 1624 3590 hujus
1667 3519 2033 3584 Chronologiaz
2057 3515 2112 3569 S.
2143 3514 2480 3590 Nicephorus
2527 3510 3192 3590 Constailtinppolitanus
3206 3514 3487 3590 episcopus
3538 3517 3844 3576 asseratur,

435 3610 592 3664 quem
621 3610 687 3648 ea:
723 3596 1032 3648 certissimis
1073 3595 1382 3664 auctoribus
1413 3581 1552 3645 diem
1589 3592 1782 3664 obiisse
1820 3581 1964 3664 anno
1998 3588 2214 3664 Domini
2253 3581 2362 3664 8:8
2390 3586 2450 3637 in
2474 3582 2934 3664 funali-ligatas.
2988 3589 3111 3664 tom.
3276 3581 3532 3664 refertur,
3575 3600 3848 3664 _necessa—_

433 3653 516 3718 rio
570 3665 858 3717 dicendum
903 3665 1229 3718 Theodotum
1268 3663 1611 3724 Cassiteram,
1655 3662 1977 3718 Antonium,
2007 3660 2266 3711 Joannem
2293 3655 2620 3724 Syncellum,
2662 3653 3016 3717 Methodium,
3058 3656 3333 3722 Ignatium
3375 3655 3727 3717 Eunuchum,
3759 3657 3849 3724 qui

428 3740 554 3806 post
595 3735 958 3806 Nicephorum
997 3737 1234 3806 episcopi
1271 3733 1856 3806 ConstantinOpolitani
1897 3730 2128 3806 inferius
2159 3730 2218 3781 in
2232 3728 2347 3806 hoc
2391 3725 3152 3806 Chronoloqia‘recensentur,
3182 3741 3307 3806 non
3339 3743 3380 3806 _a
3493 3727 3844 3806 ΔΝἰσερξιοὴο,

433 3797 532 3860 sed
581 3805 652 3858 ab
710 3797 1040 3860 Anastasio'
1069 3797 1502 3874 Bibiiothecario,
1554 3797 1719 3872 hujus
1793 3800 2159 3868 Chronologim
2220 3800 2530 3868 interprete,
2593 3798 2689 3866 qui
2749 3799 2981 3866 tempore
3029 3798 3238 3864 Ignatii
3292 3797 3524 3860 uiuebat,
3603 3798 3846 3867 adiectos

435 3877 628 3943 fuisse.

441 4085 519 4149 In
553 4081 812 4147 Christi
856 4083 1134 4149 nomine
1165 4083 1404 4169 incipit
1433 4080 1892 4166 Chronologia
1921 4077 2290 4169 Tripartita
2319 4096 2402 4141 ex
2429 4075 2632 4169 beato
2660 4071 3047 4169 N_i_cep1_1_o.ro
3067 4070 3844 4169 ‘ponstantinOpol‘itano

529 4173 602 4236 in
634 4172 782 4236 Lati
802 4193 971 4237 num
1003 4174 1169 4239 olim
1200 4160 1530 4240 conversa
1561 4191 1683 4256 per
1717 4160 2165 4234 Anastasium
2195 4164 2579 4256 apostolicae
2618 4161 2808 4256 sedis,
2838 4160 3470 4256 bibliothecarium,
3503 4161 3592 4228 ad
3638 4161 3844 4228 ﬁdem

529 4262 748 4326 Anast
765 4263 987 4328 asiani
1019 4264 1428 4350 exemplaris
1469 4249 1834 4327 emendata
1862 4263 1930 4323 et
1958 4257 2141 4322 notis
2169 4254 2504 4319 illustrats
2535 4271 2657 4336 per
2682 4249 3065 4315 Antonium
3102 4249 3452 4314 Contium.

1849 4433 2068 4504 PARS
2135 4429 2428 4500 PRIMA.

1929 4597 2322 4611 _________.

991 4680 1212 4737 CAPUT
1249 4681 1540 4736 PRIMUM.

509 4770 694 4844 (Anno
722 4771 917 4825 mundi
937 4768 1062 4842 236)
1099 4770 1275 4825 Adam
1304 4770 1491 4826 aetatis
1520 4783 1670 4826 anno
1693 4769 2086 4826 ducentesimo

444 4861 736 4917 tricesimo
767 4861 968 4933 genuit
1003 4860 1158 4932 Seth,
1185 4864 1242 4916 et
1271 4865 1463 4931 postea
1491 4861 1639 4916 vixit
1663 4861 1831 4916 annis
1860 4859 2089 4929 septin—

441 4951 647 5023 gentis.

510 5036 650 5112 (435)
674 5039 816 5094 ΒΘΗ]
861 5043 1032 5096 natus
1068 5052 1248 5095 annos
1283 5039 1560 5096 ducentos
1596 5042 1654 5094 et
1693 5039 1947 5110 quinque
1984 5050 2088 5109 ge—

441 5128 570 5184 nuit
590 5129 757 5184 Enos.

510 5213 651 5288 (625)
690 5217 840 5272 Enos
883 5220 1052 5272 natus
1077 5229 1256 5272 annos
1291 5220 1518 5274 centum
1547 5217 1856 5289 nonaginta
1888 5216 2088 5290 genuit

437 5304 690 5359 Cainam.

509 5389 652 5462 (795)
686 5392 919 5448 Cainam
948 5395 1117 5450 natus
1139 5407 1320 5452 annos
1343 5399 1569 5452 centum
1601 5393 1964 5468 septuaginta
1985 5409 2090 5467 ge-

440 5480 573 5537 nuit
595 5480 868 5537 Malaleel.

2115 4672 2164 4732 C

2263 4685 2405 4760 (960)
2469 4685 2722 4743 Malaleel
2783 4687 2953 4740 natus
3010 4697 3192 4740 annos
3250 4689 3481 4742 centum
3545 4687 3843 4759 sexaginta

2195 4778 2452 4849 quinque
2480 4775 2680 4848 genuit
2706 4773 2890 4828 Jared.

2267 4864 2449 4938 (“22)
2475 4864 2637 4920 Jared
2673 4867 2840 4919 natus
2869 4873 3050 4916 annos
3091 4866 3320 4917 centum
3360 4865 3656 4935 sexaginta
3701 4865 3847 4921 duos

2196 4955 2396 5026 genuit
2422 4955 2630 5010 Enocb.

2269 5041 2446 5115 (4287)
2471 5044 2661 5098 Enoch
2688 5049 2858 5102 natus
2882 5058 3062 5102 annos
3095 5051 3322 5101 centum
3351 5042 3652 5113 sexaginta
3681 5043 3849 5113 quin-

2197 5145 2307 5200 que
2324 5132 2524 5202 genuit
2542 5132 2878 5190 Mathusala.

2265 5217 2447 5292 (1474)
2484 5221 2804 5278 Mathusala
2847 5227 3015 5280 natus
3050 5236 3232 5280 annos
3278 5224 3505 5277 centum
3549 5219 3845 5291 octoginta

2194 5314 2407 5379 septem
2434 5309 2633 5380 genuit
2656 5311 2914 5367 Lamech.

2265 5394 2442 5472 (4662)
2473 5399 2710 5454 Lamech
2733 5404 2903 5457 natus
2931 5414 3110 5458 annos
3136 5404 3363 5458 centum
3395 5397 3692 5469 octoginta
3717 5399 3845 5453 octo

2197 5487 2397 5558 genuit
2423 5488 2556 5543 Noe.
