  <div class='ocr_page' id='page_1' title='image "/cluster/home/n/w/nwhite01/storage/ocr_20150623/129/hvd.32044054759907/266.png"; bbox 0 0 4016 6168; ppageno 0'>
   <div class='ocr_carea' id='block_1_1' title="bbox 193 246 300 309">
    <p class='ocr_par' dir='ltr' id='par_1_1' title="bbox 193 246 300 309">
     <span class='ocr_line' id='line_1_1' title="bbox 193 246 300 309; baseline -0.028 0"><span class='ocrx_word' id='word_1_1' title='bbox 193 246 300 309; x_wconf 73' lang='grc'><strong>524</strong></span> 
     </span>
    </p>
   </div>
   <div class='ocr_carea' id='block_1_2' title="bbox 261 372 1609 447">
    <p class='ocr_par' dir='ltr' id='par_1_2' title="bbox 261 372 1609 447">
     <span class='ocr_line' id='line_1_2' title="bbox 261 372 1609 447; baseline -0.001 -15"><span class='ocrx_word' id='word_1_2' title='bbox 261 378 494 432; x_wconf 89' lang='lat' dir='ltr'><strong>ruerunt</strong></span> <span class='ocrx_word' id='word_1_3' title='bbox 524 372 811 444; x_wconf 68' lang='lat' dir='ltr'><strong>propheta:</strong></span> <span class='ocrx_word' id='word_1_4' title='bbox 840 375 1126 447; x_wconf 68' lang='lat' dir='ltr'><strong>Michaeas,</strong></span> <span class='ocrx_word' id='word_1_5' title='bbox 1157 377 1332 445; x_wconf 79' lang='lat' dir='ltr'><strong>Elias,</strong></span> <span class='ocrx_word' id='word_1_6' title='bbox 1363 377 1609 434; x_wconf 91' lang='lat' dir='ltr'><strong>Eliseus.</strong></span> 
     </span>
    </p>
   </div>
   <div class='ocr_carea' id='block_1_3' title="bbox 196 463 867 521">
    <p class='ocr_par' dir='ltr' id='par_1_3' title="bbox 196 463 867 521">
     <span class='ocr_line' id='line_1_3' title="bbox 196 463 867 521; baseline -0.001 -2"><span class='ocrx_word' id='word_1_7' title='bbox 196 466 300 521; x_wconf 81' lang='lat' dir='ltr'><strong>Rex</strong></span> <span class='ocrx_word' id='word_1_8' title='bbox 325 465 505 521; x_wconf 86' lang='lat' dir='ltr'><strong>Joram</strong></span> <span class='ocrx_word' id='word_1_9' title='bbox 528 463 698 521; x_wconf 89' lang='lat' dir='ltr'><strong>annis</strong></span> <span class='ocrx_word' id='word_1_10' title='bbox 719 468 867 520; x_wconf 92' lang='lat' dir='ltr'><strong>octo.</strong></span> 
     </span>
    </p>
   </div>
   <div class='ocr_carea' id='block_1_4' title="bbox 192 552 1832 630">
    <p class='ocr_par' dir='ltr' id='par_1_4' title="bbox 192 552 1832 630">
     <span class='ocr_line' id='line_1_4' title="bbox 192 552 1832 630; baseline 0.002 -21"><span class='ocrx_word' id='word_1_11' title='bbox 192 553 457 610; x_wconf 88' lang='lat' dir='ltr'><strong>Ochozias</strong></span> <span class='ocrx_word' id='word_1_12' title='bbox 480 566 631 609; x_wconf 90' lang='lat' dir='ltr'><strong>anno</strong></span> <span class='ocrx_word' id='word_1_13' title='bbox 656 566 769 609; x_wconf 90' lang='lat' dir='ltr'><strong>uno</strong></span> <span class='ocrx_word' id='word_1_14' title='bbox 792 571 807 626; x_wconf 87' lang='lat'><strong>;</strong></span> <span class='ocrx_word' id='word_1_15' title='bbox 833 552 1099 611; x_wconf 90' lang='lat' dir='ltr'><strong>Gotholia</strong></span> <span class='ocrx_word' id='word_1_16' title='bbox 1143 559 1320 612; x_wconf 83' lang='lat' dir='ltr'><strong>mater</strong></span> <span class='ocrx_word' id='word_1_17' title='bbox 1348 555 1628 630; x_wconf 67' lang='lat' dir='ltr'><strong>Ochoziae,</strong></span> <span class='ocrx_word' id='word_1_18' title='bbox 1660 555 1832 612; x_wconf 88' lang='lat' dir='ltr'><strong>annis</strong></span> 
     </span>
    </p>
   </div>
   <div class='ocr_carea' id='block_1_5' title="bbox 255 645 484 713">
    <p class='ocr_par' dir='ltr' id='par_1_5' title="bbox 255 645 484 713">
     <span class='ocr_line' id='line_1_5' title="bbox 255 645 484 713; baseline 0 -16"><span class='ocrx_word' id='word_1_19' title='bbox 255 645 484 713; x_wconf 86' lang='lat' dir='ltr'><strong>septem.</strong></span> 
     </span>
    </p>
   </div>
   <div class='ocr_carea' id='block_1_6' title="bbox 188 731 948 805">
    <p class='ocr_par' dir='ltr' id='par_1_6' title="bbox 188 731 948 805">
     <span class='ocr_line' id='line_1_6' title="bbox 188 731 948 805; baseline -0.003 -16"><span class='ocrx_word' id='word_1_20' title='bbox 188 733 308 789; x_wconf 83' lang='lat' dir='ltr'><strong>Joas</strong></span> <span class='ocrx_word' id='word_1_21' title='bbox 335 731 506 788; x_wconf 89' lang='lat' dir='ltr'><strong>annis</strong></span> <span class='ocrx_word' id='word_1_22' title='bbox 549 731 948 805; x_wconf 81' lang='lat' dir='ltr'><strong>quadraginta.</strong></span> 
     </span>
    </p>
   </div>
   <div class='ocr_carea' id='block_1_7' title="bbox 189 820 1131 894">
    <p class='ocr_par' dir='ltr' id='par_1_7' title="bbox 189 820 1131 894">
     <span class='ocr_line' id='line_1_7' title="bbox 189 820 1131 894; baseline 0.001 -17"><span class='ocrx_word' id='word_1_23' title='bbox 189 820 440 877; x_wconf 77' lang='lat' dir='ltr'><strong>Amasias</strong></span> <span class='ocrx_word' id='word_1_24' title='bbox 463 822 634 877; x_wconf 90' lang='lat' dir='ltr'><strong>annis</strong></span> <span class='ocrx_word' id='word_1_25' title='bbox 661 821 870 894; x_wconf 79' lang='lat' dir='ltr'><strong>viginti</strong></span> <span class='ocrx_word' id='word_1_26' title='bbox 918 835 1131 879; x_wconf 90' lang='lat' dir='ltr'><strong>novem.</strong></span> 
     </span>
    </p>
   </div>
   <div class='ocr_carea' id='block_1_8' title="bbox 188 909 1829 985">
    <p class='ocr_par' dir='ltr' id='par_1_8' title="bbox 188 909 1829 985">
     <span class='ocr_line' id='line_1_8' title="bbox 188 909 1829 985; baseline 0.001 -20"><span class='ocrx_word' id='word_1_27' title='bbox 188 921 208 948; x_wconf 77' lang='grc' dir='ltr'>ι</span> <span class='ocrx_word' id='word_1_28' title='bbox 227 909 476 981; x_wconf 79' lang='lat' dir='ltr'><strong>Azarias,</strong></span> <span class='ocrx_word' id='word_1_29' title='bbox 502 910 601 982; x_wconf 91' lang='lat' dir='ltr'><strong>qui</strong></span> <span class='ocrx_word' id='word_1_30' title='bbox 629 915 685 965; x_wconf 92' lang='lat' dir='ltr'><strong>et</strong></span> <span class='ocrx_word' id='word_1_31' title='bbox 718 911 906 983; x_wconf 83' lang='lat' dir='ltr'><strong>Ozias,</strong></span> <span class='ocrx_word' id='word_1_32' title='bbox 934 912 1105 968; x_wconf 91' lang='lat' dir='ltr'><strong>annis</strong></span> <span class='ocrx_word' id='word_1_33' title='bbox 1135 912 1555 985; x_wconf 79' lang='lat' dir='ltr'><strong>quinquaginta</strong></span> <span class='ocrx_word' id='word_1_34' title='bbox 1582 912 1829 970; x_wconf 90' lang='lat' dir='ltr'><strong>duobus.</strong></span> 
     </span>
    </p>
   </div>
   <div class='ocr_carea' id='block_1_9' title="bbox 249 997 1829 1076">
    <p class='ocr_par' dir='ltr' id='par_1_9' title="bbox 249 997 1829 1076">
     <span class='ocr_line' id='line_1_9' title="bbox 249 997 1829 1076; baseline 0.003 -22"><span class='ocrx_word' id='word_1_35' title='bbox 249 997 347 1055; x_wconf 86' lang='lat' dir='ltr'><strong>His</strong></span> <span class='ocrx_word' id='word_1_36' title='bbox 374 998 733 1070; x_wconf 84' lang='lat' dir='ltr'><strong>temporibus</strong></span> <span class='ocrx_word' id='word_1_37' title='bbox 763 1000 1084 1057; x_wconf 85' lang='lat' dir='ltr'><strong>ﬂoruerunt</strong></span> <span class='ocrx_word' id='word_1_38' title='bbox 1116 1002 1407 1073; x_wconf 58' lang='lat' dir='ltr'><strong>prophetae</strong></span> <span class='ocrx_word' id='word_1_39' title='bbox 1446 1002 1606 1076; x_wconf 88' lang='lat' dir='ltr'><strong>Osee,</strong></span> <span class='ocrx_word' id='word_1_40' title='bbox 1639 1001 1829 1074; x_wconf 81' lang='lat' dir='ltr'><strong>Amos,</strong></span> 
     </span>
    </p>
   </div>
   <div class='ocr_carea' id='block_1_10' title="bbox 253 1088 834 1161">
    <p class='ocr_par' dir='ltr' id='par_1_10' title="bbox 253 1088 834 1161">
     <span class='ocr_line' id='line_1_10' title="bbox 253 1088 834 1161; baseline -0.002 -17"><span class='ocrx_word' id='word_1_41' title='bbox 253 1090 450 1160; x_wconf 85' lang='lat' dir='ltr'><strong>Isaias,</strong></span> <span class='ocrx_word' id='word_1_42' title='bbox 484 1089 673 1161; x_wconf 80' lang='lat' dir='ltr'><strong>Jonas,</strong></span> <span class='ocrx_word' id='word_1_43' title='bbox 695 1088 834 1145; x_wconf 82' lang='lat' dir='ltr'><strong>Joel.</strong></span> 
     </span>
    </p>
   </div>
   <div class='ocr_carea' id='block_1_11' title="bbox 188 1176 1043 1234">
    <p class='ocr_par' dir='ltr' id='par_1_11' title="bbox 188 1176 1043 1234">
     <span class='ocr_line' id='line_1_11' title="bbox 188 1176 1043 1234; baseline 0.002 -2"><span class='ocrx_word' id='word_1_44' title='bbox 188 1179 292 1233; x_wconf 84' lang='lat' dir='ltr'><strong>Rex</strong></span> <span class='ocrx_word' id='word_1_45' title='bbox 319 1176 565 1233; x_wconf 85' lang='lat' dir='ltr'><strong>Joathan</strong></span> <span class='ocrx_word' id='word_1_46' title='bbox 588 1177 759 1233; x_wconf 89' lang='lat' dir='ltr'><strong>annis</strong></span> <span class='ocrx_word' id='word_1_47' title='bbox 777 1178 1043 1234; x_wconf 85' lang='lat' dir='ltr'><strong>sedecim.</strong></span> 
     </span>
    </p>
   </div>
   <div class='ocr_carea' id='block_1_12' title="bbox 186 1265 869 1322">
    <p class='ocr_par' dir='ltr' id='par_1_12' title="bbox 186 1265 869 1322">
     <span class='ocr_line' id='line_1_12' title="bbox 186 1265 869 1322; baseline 0.001 -2"><span class='ocrx_word' id='word_1_48' title='bbox 186 1265 359 1322; x_wconf 81' lang='lat' dir='ltr'><strong>Achas</strong></span> <span class='ocrx_word' id='word_1_49' title='bbox 388 1266 565 1321; x_wconf 90' lang='lat' dir='ltr'><strong>annis</strong></span> <span class='ocrx_word' id='word_1_50' title='bbox 606 1267 869 1322; x_wconf 87' lang='lat' dir='ltr'><strong>sedecim.</strong></span> 
     </span>
    </p>
   </div>
   <div class='ocr_carea' id='block_1_13' title="bbox 184 1353 1156 1424">
    <p class='ocr_par' dir='ltr' id='par_1_13' title="bbox 184 1353 1156 1424">
     <span class='ocr_line' id='line_1_13' title="bbox 184 1353 1156 1424; baseline 0 -14"><span class='ocrx_word' id='word_1_51' title='bbox 184 1353 447 1410; x_wconf 84' lang='lat' dir='ltr'><strong>Ezechias</strong></span> <span class='ocrx_word' id='word_1_52' title='bbox 472 1354 645 1411; x_wconf 91' lang='lat' dir='ltr'><strong>annis</strong></span> <span class='ocrx_word' id='word_1_53' title='bbox 682 1354 890 1424; x_wconf 77' lang='lat' dir='ltr'><strong>viginti</strong></span> <span class='ocrx_word' id='word_1_54' title='bbox 940 1369 1156 1412; x_wconf 92' lang='lat' dir='ltr'><strong>novem.</strong></span> 
     </span>
    </p>
   </div>
   <div class='ocr_carea' id='block_1_14' title="bbox 186 1442 1832 1516">
    <p class='ocr_par' dir='ltr' id='par_1_14' title="bbox 186 1442 1832 1516">
     <span class='ocr_line' id='line_1_14' title="bbox 186 1442 1832 1516; baseline 0.001 -18"><span class='ocrx_word' id='word_1_55' title='bbox 186 1444 465 1499; x_wconf 81' lang='lat' dir='ltr'><strong>Manasses</strong></span> <span class='ocrx_word' id='word_1_56' title='bbox 516 1442 686 1499; x_wconf 91' lang='lat' dir='ltr'><strong>annis</strong></span> <span class='ocrx_word' id='word_1_57' title='bbox 742 1443 1165 1515; x_wconf 79' lang='lat' dir='ltr'><strong>quinquaginta</strong></span> <span class='ocrx_word' id='word_1_58' title='bbox 1213 1444 1487 1516; x_wconf 91' lang='lat' dir='ltr'><strong>quinque.</strong></span> <span class='ocrx_word' id='word_1_59' title='bbox 1544 1445 1659 1501; x_wconf 87' lang='lat' dir='ltr'><strong>Sub</strong></span> <span class='ocrx_word' id='word_1_60' title='bbox 1706 1445 1832 1515; x_wconf 91' lang='lat' dir='ltr'><strong>hoc,</strong></span> 
     </span>
    </p>
   </div>
   <div class='ocr_carea' id='block_1_15' title="bbox 248 1531 1836 1607">
    <p class='ocr_par' dir='ltr' id='par_1_15' title="bbox 248 1531 1836 1607">
     <span class='ocr_line' id='line_1_15' title="bbox 248 1531 1836 1607; baseline 0.002 -20"><span class='ocrx_word' id='word_1_61' title='bbox 248 1545 397 1587; x_wconf 88' lang='lat' dir='ltr'><strong>anno</strong></span> <span class='ocrx_word' id='word_1_62' title='bbox 441 1531 806 1603; x_wconf 89' lang='lat' dir='ltr'><strong>duodecimo,</strong></span> <span class='ocrx_word' id='word_1_63' title='bbox 861 1532 1133 1588; x_wconf 85' lang='lat' dir='ltr'><strong>conditur</strong></span> <span class='ocrx_word' id='word_1_64' title='bbox 1174 1533 1515 1607; x_wconf 88' lang='lat' dir='ltr'><strong>Bizantium,</strong></span> <span class='ocrx_word' id='word_1_65' title='bbox 1550 1549 1676 1605; x_wconf 72' lang='lat' dir='ltr'><strong>qua:</strong></span> <span class='ocrx_word' id='word_1_66' title='bbox 1708 1538 1836 1605; x_wconf 88' lang='lat' dir='ltr'><strong>post</strong></span> 
     </span>
    </p>
   </div>
   <div class='ocr_carea' id='block_1_16' title="bbox 245 1620 1117 1690">
    <p class='ocr_par' dir='ltr' id='par_1_16' title="bbox 245 1620 1117 1690">
     <span class='ocr_line' id='line_1_16' title="bbox 245 1620 1117 1690; baseline -0.002 -13"><span class='ocrx_word' id='word_1_67' title='bbox 245 1620 774 1690; x_wconf 83' lang='lat' dir='ltr'><strong>Constantinopolis</strong></span> <span class='ocrx_word' id='word_1_68' title='bbox 814 1621 969 1677; x_wconf 90' lang='lat' dir='ltr'><strong>dicta</strong></span> <span class='ocrx_word' id='word_1_69' title='bbox 1013 1625 1117 1678; x_wconf 91' lang='lat' dir='ltr'><strong>est.</strong></span> 
     </span>
    </p>
   </div>
   <div class='ocr_carea' id='block_1_17' title="bbox 243 1708 1015 1769">
    <p class='ocr_par' dir='ltr' id='par_1_17' title="bbox 243 1708 1015 1769">
     <span class='ocr_line' id='line_1_17' title="bbox 243 1708 1015 1769; baseline 0 -5"><span class='ocrx_word' id='word_1_70' title='bbox 243 1708 464 1766; x_wconf 77' lang='lat' dir='ltr'><strong>bAmos</strong></span> <span class='ocrx_word' id='word_1_71' title='bbox 493 1708 666 1769; x_wconf 90' lang='lat' dir='ltr'><strong>annis</strong></span> <span class='ocrx_word' id='word_1_72' title='bbox 693 1708 1015 1765; x_wconf 85' lang='lat' dir='ltr'><strong>duodecim.</strong></span> 
     </span>
    </p>
   </div>
   <div class='ocr_carea' id='block_1_18' title="bbox 244 1791 1834 1874">
    <p class='ocr_par' dir='ltr' id='par_1_18' title="bbox 244 1791 1834 1874">
     <span class='ocr_line' id='line_1_18' title="bbox 244 1791 1834 1874; baseline -0.002 -21"><span class='ocrx_word' id='word_1_73' title='bbox 244 1797 1509 1873; x_wconf 85' lang='lat' dir='ltr'><strong>Josiasannistrigintauno,etinterregnum,</strong></span> <span class='ocrx_word' id='word_1_74' title='bbox 1536 1791 1834 1874; x_wconf 73' lang='grc' dir='ltr'><strong>ἀναρχίας,</strong></span> 
     </span>
    </p>
   </div>
   <div class='ocr_carea' id='block_1_19' title="bbox 188 1887 1836 1961">
    <p class='ocr_par' dir='ltr' id='par_1_19' title="bbox 188 1887 1836 1961">
     <span class='ocr_line' id='line_1_19' title="bbox 188 1887 1836 1961; baseline 0.002 -18"><span class='ocrx_word' id='word_1_75' title='bbox 188 1888 344 1944; x_wconf 91' lang='lat' dir='ltr'><strong>annis</strong></span> <span class='ocrx_word' id='word_1_76' title='bbox 370 1887 626 1959; x_wconf 81' lang='lat' dir='ltr'><strong>triginta</strong></span> <span class='ocrx_word' id='word_1_77' title='bbox 672 1889 985 1944; x_wconf 88' lang='lat' dir='ltr'><strong>secundum</strong></span> <span class='ocrx_word' id='word_1_78' title='bbox 1039 1890 1211 1961; x_wconf 83' lang='lat' dir='ltr'><strong>LXX,</strong></span> <span class='ocrx_word' id='word_1_79' title='bbox 1258 1892 1574 1947; x_wconf 88' lang='lat' dir='ltr'><strong>secundum</strong></span> <span class='ocrx_word' id='word_1_80' title='bbox 1605 1891 1836 1947; x_wconf 69' lang='lat' dir='ltr'><strong>Hebreos</strong></span> 
     </span>
    </p>
   </div>
   <div class='ocr_carea' id='block_1_20' title="bbox 188 1977 1836 2051">
    <p class='ocr_par' dir='ltr' id='par_1_20' title="bbox 188 1977 1836 2051">
     <span class='ocr_line' id='line_1_20' title="bbox 188 1977 1836 2051; baseline 0.002 -19"><span class='ocrx_word' id='word_1_81' title='bbox 188 1977 628 2050; x_wconf 88' lang='lat' dir='ltr'><strong>quinquaginta.</strong></span> <span class='ocrx_word' id='word_1_82' title='bbox 662 1977 765 2033; x_wconf 87' lang='lat' dir='ltr'><strong>His</strong></span> <span class='ocrx_word' id='word_1_83' title='bbox 797 1978 1153 2049; x_wconf 90' lang='lat' dir='ltr'><strong>temporibus</strong></span> <span class='ocrx_word' id='word_1_84' title='bbox 1186 1979 1516 2036; x_wconf 88' lang='lat' dir='ltr'><strong>.ﬁoruerunt</strong></span> <span class='ocrx_word' id='word_1_85' title='bbox 1547 1982 1836 2051; x_wconf 72' lang='lat' dir='ltr'><strong>propheta:</strong></span> 
     </span>
    </p>
   </div>
   <div class='ocr_carea' id='block_1_21' title="bbox 184 2065 1190 2138">
    <p class='ocr_par' dir='ltr' id='par_1_21' title="bbox 184 2065 1190 2138">
     <span class='ocr_line' id='line_1_21' title="bbox 184 2065 1190 2138; baseline 0.001 -18"><span class='ocrx_word' id='word_1_86' title='bbox 184 2065 476 2138; x_wconf 83' lang='lat' dir='ltr'><strong>Jeremias,</strong></span> <span class='ocrx_word' id='word_1_87' title='bbox 498 2065 821 2136; x_wconf 84' lang='lat' dir='ltr'><strong>SOphonias</strong></span> <span class='ocrx_word' id='word_1_88' title='bbox 850 2071 906 2122; x_wconf 91' lang='lat' dir='ltr'><strong>et</strong></span> <span class='ocrx_word' id='word_1_89' title='bbox 950 2067 1190 2123; x_wconf 89' lang='lat' dir='ltr'><strong>Baruch.</strong></span> 
     </span>
    </p>
   </div>
   <div class='ocr_carea' id='block_1_22' title="bbox 254 2155 1476 2215">
    <p class='ocr_par' dir='ltr' id='par_1_22' title="bbox 254 2155 1476 2215">
     <span class='ocr_line' id='line_1_22' title="bbox 254 2155 1476 2215; baseline 0.002 -5"><span class='ocrx_word' id='word_1_90' title='bbox 254 2155 366 2211; x_wconf 80' lang='lat' dir='ltr'><strong>Rex</strong></span> <span class='ocrx_word' id='word_1_91' title='bbox 393 2155 606 2211; x_wconf 85' lang='lat' dir='ltr'><strong>Jachaz</strong></span> <span class='ocrx_word' id='word_1_92' title='bbox 636 2155 721 2211; x_wconf 93' lang='lat' dir='ltr'><strong>vel</strong></span> <span class='ocrx_word' id='word_1_93' title='bbox 769 2155 1006 2212; x_wconf 80' lang='lat' dir='ltr'><strong>Joaehaz</strong></span> <span class='ocrx_word' id='word_1_94' title='bbox 1046 2171 1266 2214; x_wconf 90' lang='lat' dir='ltr'><strong>menses</strong></span> <span class='ocrx_word' id='word_1_95' title='bbox 1293 2160 1406 2215; x_wconf 91' lang='lat' dir='ltr'><strong>tres</strong></span> <span class='ocrx_word' id='word_1_96' title='bbox 1434 2158 1476 2213; x_wconf 73' lang='grc' dir='ltr'><strong>ἀ.</strong></span> 
     </span>
    </p>
   </div>
   <div class='ocr_carea' id='block_1_23' title="bbox 254 2244 1839 2320">
    <p class='ocr_par' dir='ltr' id='par_1_23' title="bbox 254 2244 1839 2320">
     <span class='ocr_line' id='line_1_23' title="bbox 254 2244 1839 2320; baseline 0.003 -21"><span class='ocrx_word' id='word_1_97' title='bbox 254 2244 495 2301; x_wconf 88' lang='lat' dir='ltr'><strong>Eliacim</strong></span> <span class='ocrx_word' id='word_1_98' title='bbox 544 2258 727 2301; x_wconf 89' lang='lat' dir='ltr'><strong>annos</strong></span> <span class='ocrx_word' id='word_1_99' title='bbox 776 2244 1082 2301; x_wconf 88' lang='lat' dir='ltr'><strong>duodecim</strong></span> <span class='ocrx_word' id='word_1_100' title='bbox 1112 2255 1154 2301; x_wconf 88' lang='grc' dir='ltr'><strong>ο.</strong></span> <span class='ocrx_word' id='word_1_101' title='bbox 1205 2247 1479 2320; x_wconf 83' lang='lat' dir='ltr'><strong>Regnavit</strong></span> <span class='ocrx_word' id='word_1_102' title='bbox 1523 2247 1618 2303; x_wconf 87' lang='lat' dir='ltr'><strong>hic</strong></span> <span class='ocrx_word' id='word_1_103' title='bbox 1659 2260 1839 2303; x_wconf 89' lang='lat' dir='ltr'><strong>annos</strong></span> 
     </span>
    </p>
   </div>
   <div class='ocr_carea' id='block_1_24' title="bbox 193 2334 1838 2409">
    <p class='ocr_par' dir='ltr' id='par_1_24' title="bbox 193 2334 1838 2409">
     <span class='ocr_line' id='line_1_24' title="bbox 193 2334 1838 2409; baseline 0.002 -20"><span class='ocrx_word' id='word_1_104' title='bbox 193 2334 454 2389; x_wconf 89' lang='lat' dir='ltr'><strong>undecim</strong></span> <span class='ocrx_word' id='word_1_105' title='bbox 486 2336 545 2389; x_wconf 90' lang='lat' dir='ltr'><strong>et</strong></span> <span class='ocrx_word' id='word_1_106' title='bbox 576 2347 787 2404; x_wconf 92' lang='lat' dir='ltr'><strong>paucos</strong></span> <span class='ocrx_word' id='word_1_107' title='bbox 814 2348 1052 2407; x_wconf 86' lang='lat' dir='ltr'><strong>menses,</strong></span> <span class='ocrx_word' id='word_1_108' title='bbox 1076 2340 1131 2391; x_wconf 90' lang='lat' dir='ltr'><strong>et</strong></span> <span class='ocrx_word' id='word_1_109' title='bbox 1161 2337 1286 2406; x_wconf 87' lang='lat' dir='ltr'><strong>ejus</strong></span> <span class='ocrx_word' id='word_1_110' title='bbox 1307 2336 1467 2409; x_wconf 85' lang='lat' dir='ltr'><strong>regni</strong></span> <span class='ocrx_word' id='word_1_111' title='bbox 1497 2349 1647 2392; x_wconf 91' lang='lat' dir='ltr'><strong>anno</strong></span> <span class='ocrx_word' id='word_1_112' title='bbox 1668 2336 1838 2393; x_wconf 89' lang='lat' dir='ltr'><strong>tertio</strong></span> 
     </span>
    </p>
   </div>
   <div class='ocr_carea' id='block_1_25' title="bbox 190 2420 1161 2494">
    <p class='ocr_par' dir='ltr' id='par_1_25' title="bbox 190 2420 1161 2494">
     <span class='ocr_line' id='line_1_25' title="bbox 190 2420 1161 2494; baseline 0.003 -18"><span class='ocrx_word' id='word_1_113' title='bbox 190 2420 329 2479; x_wconf 78' lang='lat' dir='ltr'><strong>facta</strong></span> <span class='ocrx_word' id='word_1_114' title='bbox 353 2427 449 2480; x_wconf 87' lang='lat' dir='ltr'><strong>est</strong></span> <span class='ocrx_word' id='word_1_115' title='bbox 478 2426 537 2478; x_wconf 88' lang='lat' dir='ltr'><strong>et</strong></span> <span class='ocrx_word' id='word_1_116' title='bbox 566 2422 815 2479; x_wconf 89' lang='lat' dir='ltr'><strong>secunda</strong></span> <span class='ocrx_word' id='word_1_117' title='bbox 839 2423 1161 2494; x_wconf 68' lang='lat' dir='ltr'><strong>captivitas.</strong></span> 
     </span>
    </p>
   </div>
   <div class='ocr_carea' id='block_1_26' title="bbox 244 2509 1015 2570">
    <p class='ocr_par' dir='ltr' id='par_1_26' title="bbox 244 2509 1015 2570">
     <span class='ocr_line' id='line_1_26' title="bbox 244 2509 1015 2570; baseline 0 -3"><span class='ocrx_word' id='word_1_118' title='bbox 244 2513 555 2570; x_wconf 86' lang='lat' dir='ltr'><strong>Jechouias</strong></span> <span class='ocrx_word' id='word_1_119' title='bbox 578 2509 597 2548; x_wconf 65' lang='grc' dir='ltr'><em>τ</em></span> <span class='ocrx_word' id='word_1_120' title='bbox 628 2525 851 2569; x_wconf 90' lang='lat' dir='ltr'><strong>menses</strong></span> <span class='ocrx_word' id='word_1_121' title='bbox 880 2517 1015 2570; x_wconf 89' lang='lat' dir='ltr'><strong>tres.</strong></span> 
     </span>
    </p>
   </div>
   <div class='ocr_carea' id='block_1_27' title="bbox 248 2601 1844 2676">
    <p class='ocr_par' dir='ltr' id='par_1_27' title="bbox 248 2601 1844 2676">
     <span class='ocr_line' id='line_1_27' title="bbox 248 2601 1844 2676; baseline 0.001 -18"><span class='ocrx_word' id='word_1_122' title='bbox 248 2602 566 2659; x_wconf 85' lang='lat' dir='ltr'><strong>Sedechias</strong></span> <span class='ocrx_word' id='word_1_123' title='bbox 581 2602 753 2658; x_wconf 91' lang='lat' dir='ltr'><strong>annis</strong></span> <span class='ocrx_word' id='word_1_124' title='bbox 770 2601 1053 2658; x_wconf 89' lang='lat' dir='ltr'><strong>undecim.</strong></span> <span class='ocrx_word' id='word_1_125' title='bbox 1071 2604 1251 2673; x_wconf 89' lang='lat' dir='ltr'><strong>Ilune,</strong></span> <span class='ocrx_word' id='word_1_126' title='bbox 1267 2603 1453 2661; x_wconf 90' lang='lat' dir='ltr'><strong>oculis</strong></span> <span class='ocrx_word' id='word_1_127' title='bbox 1471 2603 1717 2676; x_wconf 88' lang='lat' dir='ltr'><strong>oﬁ‘ossis,</strong></span> <span class='ocrx_word' id='word_1_128' title='bbox 1737 2605 1844 2660; x_wconf 83' lang='lat' dir='ltr'><strong>Na-</strong></span> 
     </span>
    </p>
   </div>
   <div class='ocr_carea' id='block_1_28' title="bbox 188 2692 1845 2765">
    <p class='ocr_par' dir='ltr' id='par_1_28' title="bbox 188 2692 1845 2765">
     <span class='ocr_line' id='line_1_28' title="bbox 188 2692 1845 2765; baseline 0.001 -17"><span class='ocrx_word' id='word_1_129' title='bbox 188 2692 638 2749; x_wconf 88' lang='lat' dir='ltr'><strong>buchodonosor</strong></span> <span class='ocrx_word' id='word_1_130' title='bbox 661 2692 949 2761; x_wconf 86' lang='lat' dir='ltr'><strong>captivum</strong></span> <span class='ocrx_word' id='word_1_131' title='bbox 972 2692 1234 2764; x_wconf 90' lang='lat' dir='ltr'><strong>abduxit,</strong></span> <span class='ocrx_word' id='word_1_132' title='bbox 1253 2699 1309 2749; x_wconf 94' lang='lat' dir='ltr'><strong>et</strong></span> <span class='ocrx_word' id='word_1_133' title='bbox 1327 2693 1597 2765; x_wconf 90' lang='lat' dir='ltr'><strong>templum</strong></span> <span class='ocrx_word' id='word_1_134' title='bbox 1628 2694 1845 2750; x_wconf 65' lang='lat' dir='ltr'><strong>inﬁam«</strong></span> 
     </span>
    </p>
   </div>
   <div class='ocr_carea' id='block_1_29' title="bbox 186 2780 1845 2855">
    <p class='ocr_par' dir='ltr' id='par_1_29' title="bbox 186 2780 1845 2855">
     <span class='ocr_line' id='line_1_29' title="bbox 186 2780 1845 2855; baseline 0 -18"><span class='ocrx_word' id='word_1_135' title='bbox 186 2788 364 2838; x_wconf 90' lang='lat' dir='ltr'><strong>matur</strong></span> <span class='ocrx_word' id='word_1_136' title='bbox 395 2785 540 2852; x_wconf 89' lang='lat' dir='ltr'><strong>post</strong></span> <span class='ocrx_word' id='word_1_137' title='bbox 584 2794 805 2837; x_wconf 90' lang='lat' dir='ltr'><strong>menses</strong></span> <span class='ocrx_word' id='word_1_138' title='bbox 833 2780 1090 2852; x_wconf 90' lang='lat' dir='ltr'><strong>quinque</strong></span> <span class='ocrx_word' id='word_1_139' title='bbox 1117 2795 1148 2837; x_wconf 91' lang='lat' dir='ltr'><strong>a</strong></span> <span class='ocrx_word' id='word_1_140' title='bbox 1176 2781 1528 2855; x_wconf 89' lang='lat' dir='ltr'><strong>Nabuzarda,</strong></span> <span class='ocrx_word' id='word_1_141' title='bbox 1560 2798 1690 2840; x_wconf 88' lang='lat' dir='ltr'><strong>cum</strong></span> <span class='ocrx_word' id='word_1_142' title='bbox 1723 2787 1845 2838; x_wconf 88' lang='lat' dir='ltr'><strong>ste-</strong></span> 
     </span>
    </p>
   </div>
   <div class='ocr_carea' id='block_1_30' title="bbox 901 244 2904 309">
    <p class='ocr_par' dir='ltr' id='par_1_30' title="bbox 901 244 2904 309">
     <span class='ocr_line' id='line_1_30' title="bbox 901 244 2904 309; baseline 0.001 -5"><span class='ocrx_word' id='word_1_143' title='bbox 901 244 1445 305; x_wconf 83' lang='lat' dir='ltr'><strong>INTERPRETATIO</strong></span> <span class='ocrx_word' id='word_1_144' title='bbox 1481 244 1988 306; x_wconf 61' lang='lat' dir='ltr'><strong>CHRONOLOGL&#39;E</strong></span> <span class='ocrx_word' id='word_1_145' title='bbox 2024 250 2076 306; x_wconf 93' lang='lat' dir='ltr'><strong>S.</strong></span> <span class='ocrx_word' id='word_1_146' title='bbox 2119 248 2503 309; x_wconf 84' lang='lat' dir='ltr'><strong>NICEPHORI.</strong></span> <span class='ocrx_word' id='word_1_147' title='bbox 2544 282 2618 294; x_wconf 88' lang='lat'><strong><em>—</em></strong></span> <span class='ocrx_word' id='word_1_148' title='bbox 2654 252 2827 309; x_wconf 84' lang='lat' dir='ltr'><strong>PARS</strong></span> <span class='ocrx_word' id='word_1_149' title='bbox 2867 253 2904 308; x_wconf 88' lang='grc' dir='ltr'><strong>ῐ.</strong></span> 
     </span>
    </p>
   </div>
   <div class='ocr_carea' id='block_1_31' title="bbox 3477 245 3585 308">
    <p class='ocr_par' dir='ltr' id='par_1_31' title="bbox 3477 245 3585 308">
     <span class='ocr_line' id='line_1_31' title="bbox 3477 245 3585 308; baseline 0 0"><span class='ocrx_word' id='word_1_150' title='bbox 3477 245 3585 308; x_wconf 71' lang='grc'><strong>522</strong></span> 
     </span>
    </p>
   </div>
   <div class='ocr_carea' id='block_1_32' title="bbox 1857 378 3584 455">
    <p class='ocr_par' dir='ltr' id='par_1_32' title="bbox 1857 378 3584 455">
     <span class='ocr_line' id='line_1_32' title="bbox 1857 378 3584 455; baseline -0.002 -16"><span class='ocrx_word' id='word_1_151' title='bbox 1857 378 1911 439; x_wconf 87' lang='grc' dir='ltr'><strong>Α</strong></span> <span class='ocrx_word' id='word_1_152' title='bbox 1942 380 2126 447; x_wconf 90' lang='lat' dir='ltr'><strong>tisset,</strong></span> <span class='ocrx_word' id='word_1_153' title='bbox 2159 395 2227 437; x_wconf 91' lang='lat' dir='ltr'><strong>ex</strong></span> <span class='ocrx_word' id='word_1_154' title='bbox 2253 395 2366 452; x_wconf 90' lang='lat' dir='ltr'><strong>quo</strong></span> <span class='ocrx_word' id='word_1_155' title='bbox 2395 382 2690 438; x_wconf 90' lang='lat' dir='ltr'><strong>conditum</strong></span> <span class='ocrx_word' id='word_1_156' title='bbox 2718 379 2924 453; x_wconf 88' lang='lat' dir='ltr'><strong>fuerat,</strong></span> <span class='ocrx_word' id='word_1_157' title='bbox 2942 382 3112 440; x_wconf 88' lang='lat' dir='ltr'><strong>annis</strong></span> <span class='ocrx_word' id='word_1_158' title='bbox 3141 381 3584 455; x_wconf 87' lang='lat' dir='ltr'><strong>quadringentis</strong></span> 
     </span>
    </p>
   </div>
   <div class='ocr_carea' id='block_1_33' title="bbox 1938 467 2506 540">
    <p class='ocr_par' dir='ltr' id='par_1_33' title="bbox 1938 467 2506 540">
     <span class='ocr_line' id='line_1_33' title="bbox 1938 467 2506 540; baseline 0.007 -19"><span class='ocrx_word' id='word_1_159' title='bbox 1938 467 2148 539; x_wconf 84' lang='lat' dir='ltr'><strong>viginti</strong></span> <span class='ocrx_word' id='word_1_160' title='bbox 2188 474 2436 540; x_wconf 90' lang='lat' dir='ltr'><strong>quatuor</strong></span> <span class='ocrx_word' id='word_1_161' title='bbox 2463 481 2506 525; x_wconf 71' lang='grc' dir='ltr'><strong>ε.</strong></span> 
     </span>
    </p>
   </div>
   <div class='ocr_carea' id='block_1_34' title="bbox 2045 577 3481 648">
    <p class='ocr_par' dir='ltr' id='par_1_34' title="bbox 2045 577 3481 648">
     <span class='ocr_line' id='line_1_34' title="bbox 2045 577 3481 648; baseline 0.001 -17"><span class='ocrx_word' id='word_1_162' title='bbox 2045 577 2214 648; x_wconf 87' lang='lat' dir='ltr'><strong>Apud</strong></span> <span class='ocrx_word' id='word_1_163' title='bbox 2246 578 2607 635; x_wconf 82' lang='lat' dir='ltr'><strong>Anastasium</strong></span> <span class='ocrx_word' id='word_1_164' title='bbox 2626 579 2789 633; x_wconf 84' lang='lat' dir='ltr'><strong>annis</strong></span> <span class='ocrx_word' id='word_1_165' title='bbox 2809 577 3229 648; x_wconf 80' lang='lat' dir='ltr'><strong>quadringentis</strong></span> <span class='ocrx_word' id='word_1_166' title='bbox 3249 578 3481 647; x_wconf 75' lang='lat' dir='ltr'><strong>triginta</strong></span> 
     </span>
    </p>
   </div>
   <div class='ocr_carea' id='block_1_35' title="bbox 2642 654 2895 719">
    <p class='ocr_par' dir='ltr' id='par_1_35' title="bbox 2642 654 2895 719">
     <span class='ocr_line' id='line_1_35' title="bbox 2642 654 2895 719; baseline -0.004 -14"><span class='ocrx_word' id='word_1_167' title='bbox 2642 654 2895 719; x_wconf 77' lang='lat' dir='ltr'><strong>quatuor.</strong></span> 
     </span>
    </p>
   </div>
   <div class='ocr_carea' id='block_1_36' title="bbox 2011 756 3588 831">
    <p class='ocr_par' dir='ltr' id='par_1_36' title="bbox 2011 756 3588 831">
     <span class='ocr_line' id='line_1_36' title="bbox 2011 756 3588 831; baseline 0.001 -18"><span class='ocrx_word' id='word_1_168' title='bbox 2011 757 2273 814; x_wconf 91' lang='lat' dir='ltr'><strong>Universi</strong></span> <span class='ocrx_word' id='word_1_169' title='bbox 2326 757 2396 815; x_wconf 88' lang='lat' dir='ltr'><strong>ab</strong></span> <span class='ocrx_word' id='word_1_170' title='bbox 2450 758 2623 815; x_wconf 91' lang='lat' dir='ltr'><strong>initio</strong></span> <span class='ocrx_word' id='word_1_171' title='bbox 2676 757 2835 831; x_wconf 83' lang='lat' dir='ltr'><strong>regni</strong></span> <span class='ocrx_word' id='word_1_172' title='bbox 2890 756 3211 815; x_wconf 90' lang='lat' dir='ltr'><strong>Salomonis</strong></span> <span class='ocrx_word' id='word_1_173' title='bbox 3271 770 3454 829; x_wconf 79' lang='lat' dir='ltr'><strong>usque</strong></span> <span class='ocrx_word' id='word_1_174' title='bbox 3519 756 3588 814; x_wconf 88' lang='lat' dir='ltr'><strong>ad</strong></span> 
     </span>
    </p>
   </div>
   <div class='ocr_carea' id='block_1_37' title="bbox 1942 846 3591 920">
    <p class='ocr_par' dir='ltr' id='par_1_37' title="bbox 1942 846 3591 920">
     <span class='ocr_line' id='line_1_37' title="bbox 1942 846 3591 920; baseline 0.001 -18"><span class='ocrx_word' id='word_1_175' title='bbox 1942 847 2330 917; x_wconf 87' lang='lat' dir='ltr'><strong>captivitatem</strong></span> <span class='ocrx_word' id='word_1_176' title='bbox 2385 853 2520 904; x_wconf 91' lang='lat' dir='ltr'><strong>sunt</strong></span> <span class='ocrx_word' id='word_1_177' title='bbox 2569 847 2703 903; x_wconf 91' lang='lat' dir='ltr'><strong>anni</strong></span> <span class='ocrx_word' id='word_1_178' title='bbox 2752 846 3159 920; x_wconf 86' lang='lat' dir='ltr'><strong>quadringenti</strong></span> <span class='ocrx_word' id='word_1_179' title='bbox 3211 846 3591 919; x_wconf 86' lang='lat' dir='ltr'><strong>quadraginta</strong></span> 
     </span>
    </p>
   </div>
   <div class='ocr_carea' id='block_1_38' title="bbox 1944 935 2218 1008">
    <p class='ocr_par' dir='ltr' id='par_1_38' title="bbox 1944 935 2218 1008">
     <span class='ocr_line' id='line_1_38' title="bbox 1944 935 2218 1008; baseline -0.007 -16"><span class='ocrx_word' id='word_1_180' title='bbox 1944 935 2218 1008; x_wconf 86' lang='lat' dir='ltr'><strong>quinque.</strong></span> 
     </span>
    </p>
   </div>
   <div class='ocr_carea' id='block_1_39' title="bbox 2600 1025 2930 1087">
    <p class='ocr_par' dir='ltr' id='par_1_39' title="bbox 2600 1025 2930 1087">
     <span class='ocr_line' id='line_1_39' title="bbox 2600 1025 2930 1087; baseline 0 -4"><span class='ocrx_word' id='word_1_181' title='bbox 2600 1025 2821 1087; x_wconf 82' lang='lat' dir='ltr'>CAPUT</span> <span class='ocrx_word' id='word_1_182' title='bbox 2844 1028 2930 1083; x_wconf 87' lang='lat' dir='ltr'><strong>VI.</strong></span> 
     </span>
    </p>
   </div>
   <div class='ocr_carea' id='block_1_40' title="bbox 2013 1115 3591 1187">
    <p class='ocr_par' dir='ltr' id='par_1_40' title="bbox 2013 1115 3591 1187">
     <span class='ocr_line' id='line_1_40' title="bbox 2013 1115 3591 1187; baseline 0.002 -17"><span class='ocrx_word' id='word_1_183' title='bbox 2013 1116 2144 1173; x_wconf 88' lang='lat' dir='ltr'><strong>Post</strong></span> <span class='ocrx_word' id='word_1_184' title='bbox 2183 1116 2569 1187; x_wconf 88' lang='lat' dir='ltr'><strong>captivitatem</strong></span> <span class='ocrx_word' id='word_1_185' title='bbox 2601 1122 2790 1173; x_wconf 91' lang='lat' dir='ltr'><strong>autem</strong></span> <span class='ocrx_word' id='word_1_186' title='bbox 2833 1117 3156 1173; x_wconf 73' lang='lat' dir='ltr'><strong>Judteorum</strong></span> <span class='ocrx_word' id='word_1_187' title='bbox 3214 1115 3591 1174; x_wconf 90' lang='lat' dir='ltr'><strong>abductorum</strong></span> 
     </span>
    </p>
   </div>
   <div class='ocr_carea' id='block_1_41' title="bbox 1944 1204 3592 1277">
    <p class='ocr_par' dir='ltr' id='par_1_41' title="bbox 1944 1204 3592 1277">
     <span class='ocr_line' id='line_1_41' title="bbox 1944 1204 3592 1277; baseline 0.003 -19"><span class='ocrx_word' id='word_1_188' title='bbox 1944 1204 2224 1274; x_wconf 85' lang='lat' dir='ltr'><strong>Babylona</strong></span> <span class='ocrx_word' id='word_1_189' title='bbox 2250 1210 2307 1260; x_wconf 92' lang='lat' dir='ltr'><strong>et</strong></span> <span class='ocrx_word' id='word_1_190' title='bbox 2326 1205 2696 1261; x_wconf 90' lang='lat' dir='ltr'><strong>solitudinem</strong></span> <span class='ocrx_word' id='word_1_191' title='bbox 2727 1206 2837 1261; x_wconf 90' lang='lat' dir='ltr'><strong>loci</strong></span> <span class='ocrx_word' id='word_1_192' title='bbox 2861 1206 2996 1261; x_wconf 90' lang='lat' dir='ltr'><strong>anni</strong></span> <span class='ocrx_word' id='word_1_193' title='bbox 3026 1210 3349 1277; x_wconf 89' lang='lat' dir='ltr'><strong>sequuntur</strong></span> <span class='ocrx_word' id='word_1_194' title='bbox 3369 1212 3592 1277; x_wconf 84' lang='lat' dir='ltr'><strong>septua-</strong></span> 
     </span>
    </p>
   </div>
   <div class='ocr_carea' id='block_1_42' title="bbox 1944 1294 3595 1368">
    <p class='ocr_par' dir='ltr' id='par_1_42' title="bbox 1944 1294 3595 1368">
     <span class='ocr_line' id='line_1_42' title="bbox 1944 1294 3595 1368; baseline 0.003 -20"><span class='ocrx_word' id='word_1_195' title='bbox 1944 1294 2124 1365; x_wconf 87' lang='lat' dir='ltr'><strong>ginta.</strong></span> <span class='ocrx_word' id='word_1_196' title='bbox 2159 1295 2223 1349; x_wconf 89' lang='lat' dir='ltr'><strong>Hi</strong></span> <span class='ocrx_word' id='word_1_197' title='bbox 2258 1295 2616 1366; x_wconf 89' lang='lat' dir='ltr'><strong>complentur</strong></span> <span class='ocrx_word' id='word_1_198' title='bbox 2645 1309 2793 1351; x_wconf 92' lang='lat' dir='ltr'><strong>anno</strong></span> <span class='ocrx_word' id='word_1_199' title='bbox 2820 1296 3069 1352; x_wconf 92' lang='lat' dir='ltr'><strong>secundo</strong></span> <span class='ocrx_word' id='word_1_200' title='bbox 3090 1296 3249 1352; x_wconf 91' lang='lat' dir='ltr'><strong>Darii</strong></span> <span class='ocrx_word' id='word_1_201' title='bbox 3280 1297 3432 1368; x_wconf 90' lang='lat' dir='ltr'><strong>regis</strong></span> <span class='ocrx_word' id='word_1_202' title='bbox 3451 1296 3595 1353; x_wconf 90' lang='lat' dir='ltr'><strong>Per-</strong></span> 
     </span>
    </p>
   </div>
   <div class='ocr_carea' id='block_1_43' title="bbox 1945 1383 3595 1455">
    <p class='ocr_par' dir='ltr' id='par_1_43' title="bbox 1945 1383 3595 1455">
     <span class='ocr_line' id='line_1_43' title="bbox 1945 1383 3595 1455; baseline 0.003 -18"><span class='ocrx_word' id='word_1_203' title='bbox 1945 1396 2158 1454; x_wconf 88' lang='lat' dir='ltr'><strong>sarum,</strong></span> <span class='ocrx_word' id='word_1_204' title='bbox 2193 1384 2292 1455; x_wconf 91' lang='lat' dir='ltr'><strong>qui</strong></span> <span class='ocrx_word' id='word_1_205' title='bbox 2336 1383 2608 1454; x_wconf 88' lang='lat' dir='ltr'><strong>populum</strong></span> <span class='ocrx_word' id='word_1_206' title='bbox 2642 1384 2809 1440; x_wconf 90' lang='lat' dir='ltr'><strong>illum</strong></span> <span class='ocrx_word' id='word_1_207' title='bbox 2862 1384 3196 1455; x_wconf 89' lang='lat' dir='ltr'><strong>captivitate</strong></span> <span class='ocrx_word' id='word_1_208' title='bbox 3241 1383 3510 1442; x_wconf 88' lang='lat' dir='ltr'><strong>liberavit</strong></span> <span class='ocrx_word' id='word_1_209' title='bbox 3538 1392 3595 1443; x_wconf 92' lang='lat' dir='ltr'><strong>et</strong></span> 
     </span>
    </p>
   </div>
   <div class='ocr_carea' id='block_1_44' title="bbox 1947 1471 3230 1545">
    <p class='ocr_par' dir='ltr' id='par_1_44' title="bbox 1947 1471 3230 1545">
     <span class='ocr_line' id='line_1_44' title="bbox 1947 1471 3230 1545; baseline 0.002 -20"><span class='ocrx_word' id='word_1_210' title='bbox 1947 1471 2293 1529; x_wconf 87' lang='lat' dir='ltr'><strong>instauravit</strong></span> <span class='ocrx_word' id='word_1_211' title='bbox 2321 1472 2595 1543; x_wconf 89' lang='lat' dir='ltr'><strong>templum</strong></span> <span class='ocrx_word' id='word_1_212' title='bbox 2629 1473 3230 1545; x_wconf 89' lang='lat' dir='ltr'><strong>Hierosolymitanum.</strong></span> 
     </span>
    </p>
   </div>
   <div class='ocr_carea' id='block_1_45' title="bbox 2584 1596 2951 1655">
    <p class='ocr_par' dir='ltr' id='par_1_45' title="bbox 2584 1596 2951 1655">
     <span class='ocr_line' id='line_1_45' title="bbox 2584 1596 2951 1655; baseline 0 -2"><span class='ocrx_word' id='word_1_213' title='bbox 2584 1596 2804 1654; x_wconf 87' lang='lat' dir='ltr'><strong>CAPUT</strong></span> <span class='ocrx_word' id='word_1_214' title='bbox 2840 1598 2951 1655; x_wconf 70' lang='lat' dir='ltr'><strong>VII.</strong></span> 
     </span>
    </p>
   </div>
   <div class='ocr_carea' id='block_1_46' title="bbox 1862 1692 3589 1784">
    <p class='ocr_par' dir='ltr' id='par_1_46' title="bbox 1862 1692 3589 1784">
     <span class='ocr_line' id='line_1_46' title="bbox 1862 1692 3589 1784; baseline 0.002 -24"><span class='ocrx_word' id='word_1_215' title='bbox 1862 1692 1911 1753; x_wconf 86' lang='grc' dir='ltr'>Β</span> <span class='ocrx_word' id='word_1_216' title='bbox 2016 1705 2246 1763; x_wconf 89' lang='lat' dir='ltr'><strong>Primus</strong></span> <span class='ocrx_word' id='word_1_217' title='bbox 2290 1721 2387 1764; x_wconf 86' lang='lat' dir='ltr'><strong>rex</strong></span> <span class='ocrx_word' id='word_1_218' title='bbox 2435 1708 2736 1763; x_wconf 86' lang='lat' dir='ltr'><strong>Persarum</strong></span> <span class='ocrx_word' id='word_1_219' title='bbox 2774 1705 2891 1764; x_wconf 88' lang='lat' dir='ltr'><strong>fuit</strong></span> <span class='ocrx_word' id='word_1_220' title='bbox 2916 1707 3097 1779; x_wconf 84' lang='lat' dir='ltr'><strong>Cyrus</strong></span> <span class='ocrx_word' id='word_1_221' title='bbox 3121 1708 3292 1768; x_wconf 84' lang='lat' dir='ltr'><strong>annis</strong></span> <span class='ocrx_word' id='word_1_222' title='bbox 3330 1709 3589 1784; x_wconf 86' lang='lat' dir='ltr'><strong>triginta.</strong></span> 
     </span>
    </p>
   </div>
   <div class='ocr_carea' id='block_1_47' title="bbox 2016 1796 2792 1867">
    <p class='ocr_par' dir='ltr' id='par_1_47' title="bbox 2016 1796 2792 1867">
     <span class='ocr_line' id='line_1_47' title="bbox 2016 1796 2792 1867; baseline 0.001 -17"><span class='ocrx_word' id='word_1_223' title='bbox 2016 1796 2318 1866; x_wconf 86' lang='lat' dir='ltr'><strong>Cambyses</strong></span> <span class='ocrx_word' id='word_1_224' title='bbox 2345 1796 2515 1852; x_wconf 90' lang='lat' dir='ltr'><strong>annis</strong></span> <span class='ocrx_word' id='word_1_225' title='bbox 2558 1801 2792 1867; x_wconf 88' lang='lat' dir='ltr'><strong>septem.</strong></span> 
     </span>
    </p>
   </div>
   <div class='ocr_carea' id='block_1_48' title="bbox 2017 1884 3413 1961">
    <p class='ocr_par' dir='ltr' id='par_1_48' title="bbox 2017 1884 3413 1961">
     <span class='ocr_line' id='line_1_48' title="bbox 2017 1884 3413 1961; baseline 0.003 -22"><span class='ocrx_word' id='word_1_226' title='bbox 2017 1885 2227 1941; x_wconf 89' lang='lat' dir='ltr'><strong>Darius</strong></span> <span class='ocrx_word' id='word_1_227' title='bbox 2256 1885 2415 1941; x_wconf 89' lang='lat' dir='ltr'><strong>ﬁlius</strong></span> <span class='ocrx_word' id='word_1_228' title='bbox 2435 1884 2732 1956; x_wconf 85' lang='lat' dir='ltr'><strong>Hystaspis</strong></span> <span class='ocrx_word' id='word_1_229' title='bbox 2762 1884 2795 1928; x_wconf 82' lang='lat' dir='ltr'><strong>h</strong></span> <span class='ocrx_word' id='word_1_230' title='bbox 2816 1885 2986 1943; x_wconf 86' lang='lat' dir='ltr'><strong>annis</strong></span> <span class='ocrx_word' id='word_1_231' title='bbox 3025 1888 3264 1961; x_wconf 88' lang='lat' dir='ltr'><strong>triginta</strong></span> <span class='ocrx_word' id='word_1_232' title='bbox 3295 1903 3413 1946; x_wconf 89' lang='lat' dir='ltr'><strong>sex.</strong></span> 
     </span>
    </p>
   </div>
   <div class='ocr_carea' id='block_1_49' title="bbox 2019 1973 3593 2051">
    <p class='ocr_par' dir='ltr' id='par_1_49' title="bbox 2019 1973 3593 2051">
     <span class='ocr_line' id='line_1_49' title="bbox 2019 1973 3593 2051; baseline 0.004 -23"><span class='ocrx_word' id='word_1_233' title='bbox 2019 1973 2200 2043; x_wconf 87' lang='lat' dir='ltr'><strong>Hujus</strong></span> <span class='ocrx_word' id='word_1_234' title='bbox 2224 1987 2374 2030; x_wconf 89' lang='lat' dir='ltr'><strong>anno</strong></span> <span class='ocrx_word' id='word_1_235' title='bbox 2427 1974 2676 2030; x_wconf 89' lang='lat' dir='ltr'><strong>secundo</strong></span> <span class='ocrx_word' id='word_1_236' title='bbox 2705 1973 2801 2046; x_wconf 91' lang='lat' dir='ltr'><strong>(ut</strong></span> <span class='ocrx_word' id='word_1_237' title='bbox 2830 1976 2997 2032; x_wconf 92' lang='lat' dir='ltr'><strong>modo</strong></span> <span class='ocrx_word' id='word_1_238' title='bbox 3021 1974 3240 2033; x_wconf 91' lang='lat' dir='ltr'><strong>dictum</strong></span> <span class='ocrx_word' id='word_1_239' title='bbox 3267 1979 3381 2051; x_wconf 92' lang='lat' dir='ltr'><strong>est)</strong></span> <span class='ocrx_word' id='word_1_240' title='bbox 3419 1990 3593 2035; x_wconf 88' lang='lat' dir='ltr'><strong>rene-</strong></span> 
     </span>
    </p>
   </div>
   <div class='ocr_carea' id='block_1_50' title="bbox 1947 2061 3597 2135">
    <p class='ocr_par' dir='ltr' id='par_1_50' title="bbox 1947 2061 3597 2135">
     <span class='ocr_line' id='line_1_50' title="bbox 1947 2061 3597 2135; baseline 0.002 -17"><span class='ocrx_word' id='word_1_241' title='bbox 1947 2066 2138 2118; x_wconf 90' lang='lat' dir='ltr'><strong>vatum</strong></span> <span class='ocrx_word' id='word_1_242' title='bbox 2190 2061 2305 2118; x_wconf 87' lang='lat' dir='ltr'><strong>fuit</strong></span> <span class='ocrx_word' id='word_1_243' title='bbox 2362 2063 2635 2133; x_wconf 90' lang='lat' dir='ltr'><strong>templum</strong></span> <span class='ocrx_word' id='word_1_244' title='bbox 2691 2064 3291 2135; x_wconf 89' lang='lat' dir='ltr'><strong>Hierosolymitanum.</strong></span> <span class='ocrx_word' id='word_1_245' title='bbox 3358 2067 3597 2123; x_wconf 84' lang='lat' dir='ltr'><strong>Restant</strong></span> 
     </span>
    </p>
   </div>
   <div class='ocr_carea' id='block_1_51' title="bbox 1949 2152 3020 2225">
    <p class='ocr_par' dir='ltr' id='par_1_51' title="bbox 1949 2152 3020 2225">
     <span class='ocr_line' id='line_1_51' title="bbox 1949 2152 3020 2225; baseline 0.002 -18"><span class='ocrx_word' id='word_1_246' title='bbox 1949 2152 2132 2223; x_wconf 87' lang='lat' dir='ltr'><strong>igitur</strong></span> <span class='ocrx_word' id='word_1_247' title='bbox 2150 2153 2287 2209; x_wconf 89' lang='lat' dir='ltr'><strong>anni</strong></span> <span class='ocrx_word' id='word_1_248' title='bbox 2307 2152 2467 2208; x_wconf 88' lang='lat' dir='ltr'><strong>Darii</strong></span> <span class='ocrx_word' id='word_1_249' title='bbox 2496 2153 2735 2225; x_wconf 88' lang='lat' dir='ltr'><strong>triginta</strong></span> <span class='ocrx_word' id='word_1_250' title='bbox 2757 2157 3020 2224; x_wconf 90' lang='lat' dir='ltr'><strong>quatuor.</strong></span> 
     </span>
    </p>
   </div>
   <div class='ocr_carea' id='block_1_52' title="bbox 2018 2241 3521 2317">
    <p class='ocr_par' dir='ltr' id='par_1_52' title="bbox 2018 2241 3521 2317">
     <span class='ocr_line' id='line_1_52' title="bbox 2018 2241 3521 2317; baseline 0.003 -21"><span class='ocrx_word' id='word_1_251' title='bbox 2018 2241 2249 2298; x_wconf 76' lang='lat' dir='ltr'><strong>Xerxes</strong></span> <span class='ocrx_word' id='word_1_252' title='bbox 2264 2242 2422 2299; x_wconf 91' lang='lat' dir='ltr'><strong>Darii</strong></span> <span class='ocrx_word' id='word_1_253' title='bbox 2448 2242 2606 2298; x_wconf 84' lang='lat' dir='ltr'><strong>ﬁlius</strong></span> <span class='ocrx_word' id='word_1_254' title='bbox 2627 2243 2884 2315; x_wconf 89' lang='lat' dir='ltr'><strong>regnavit</strong></span> <span class='ocrx_word' id='word_1_255' title='bbox 2901 2243 3071 2300; x_wconf 91' lang='lat' dir='ltr'><strong>annis</strong></span> <span class='ocrx_word' id='word_1_256' title='bbox 3087 2244 3293 2317; x_wconf 88' lang='lat' dir='ltr'><strong>viginti</strong></span> <span class='ocrx_word' id='word_1_257' title='bbox 3312 2246 3469 2303; x_wconf 84' lang='lat' dir='ltr'><strong>octoi</strong></span> <span class='ocrx_word' id='word_1_258' title='bbox 3508 2287 3521 2301; x_wconf 92' lang='lat'><strong>.</strong></span> 
     </span>
    </p>
   </div>
   <div class='ocr_carea' id='block_1_53' title="bbox 2019 2330 2916 2401">
    <p class='ocr_par' dir='ltr' id='par_1_53' title="bbox 2019 2330 2916 2401">
     <span class='ocr_line' id='line_1_53' title="bbox 2019 2330 2916 2401; baseline -0.001 -13"><span class='ocrx_word' id='word_1_259' title='bbox 2019 2331 2332 2388; x_wconf 83' lang='lat' dir='ltr'><strong>Artabanes</strong></span> <span class='ocrx_word' id='word_1_260' title='bbox 2370 2330 2661 2387; x_wconf 76' lang='lat' dir='ltr'><strong>mensibus</strong></span> <span class='ocrx_word' id='word_1_261' title='bbox 2686 2336 2916 2401; x_wconf 90' lang='lat' dir='ltr'><strong>septem.</strong></span> 
     </span>
    </p>
   </div>
   <div class='ocr_carea' id='block_1_54' title="bbox 2018 2420 3598 2497">
    <p class='ocr_par' dir='ltr' id='par_1_54' title="bbox 2018 2420 3598 2497">
     <span class='ocr_line' id='line_1_54' title="bbox 2018 2420 3598 2497; baseline 0.004 -21"><span class='ocrx_word' id='word_1_262' title='bbox 2018 2420 2359 2477; x_wconf 81' lang='lat' dir='ltr'><strong>Artaxerxes</strong></span> <span class='ocrx_word' id='word_1_263' title='bbox 2404 2421 2791 2493; x_wconf 89' lang='lat' dir='ltr'><strong>Longimanus</strong></span> <span class='ocrx_word' id='word_1_264' title='bbox 2819 2421 2990 2478; x_wconf 90' lang='lat' dir='ltr'><strong>annis</strong></span> <span class='ocrx_word' id='word_1_265' title='bbox 3036 2421 3376 2497; x_wconf 85' lang='lat' dir='ltr'><strong>duodecim;</strong></span> <span class='ocrx_word' id='word_1_266' title='bbox 3423 2426 3598 2497; x_wconf 87' lang='lat' dir='ltr'><strong>hujus</strong></span> 
     </span>
    </p>
   </div>
   <div class='ocr_carea' id='block_1_55' title="bbox 1952 2510 3601 2581">
    <p class='ocr_par' dir='ltr' id='par_1_55' title="bbox 1952 2510 3601 2581">
     <span class='ocr_line' id='line_1_55' title="bbox 1952 2510 3601 2581; baseline 0.004 -15"><span class='ocrx_word' id='word_1_267' title='bbox 1952 2516 2202 2581; x_wconf 90' lang='lat' dir='ltr'><strong>tempore</strong></span> <span class='ocrx_word' id='word_1_268' title='bbox 2231 2510 2399 2567; x_wconf 90' lang='lat' dir='ltr'><strong>aiunt</strong></span> <span class='ocrx_word' id='word_1_269' title='bbox 2430 2510 2711 2567; x_wconf 88' lang='lat' dir='ltr'><strong>accidisse</strong></span> <span class='ocrx_word' id='word_1_270' title='bbox 2734 2523 2799 2567; x_wconf 90' lang='lat' dir='ltr'><strong>ea</strong></span> <span class='ocrx_word' id='word_1_271' title='bbox 2842 2524 2968 2581; x_wconf 71' lang='lat' dir='ltr'><strong>qua:</strong></span> <span class='ocrx_word' id='word_1_272' title='bbox 2996 2512 3066 2568; x_wconf 89' lang='lat' dir='ltr'><strong>de</strong></span> <span class='ocrx_word' id='word_1_273' title='bbox 3094 2513 3300 2570; x_wconf 88' lang='lat' dir='ltr'><strong>Esther</strong></span> <span class='ocrx_word' id='word_1_274' title='bbox 3337 2518 3394 2571; x_wconf 91' lang='lat' dir='ltr'><strong>et</strong></span> <span class='ocrx_word' id='word_1_275' title='bbox 3441 2518 3601 2572; x_wconf 87' lang='lat' dir='ltr'><strong>Mar-</strong></span> 
     </span>
    </p>
   </div>
   <div class='ocr_carea' id='block_1_56' title="bbox 1951 2598 2492 2672">
    <p class='ocr_par' dir='ltr' id='par_1_56' title="bbox 1951 2598 2492 2672">
     <span class='ocr_line' id='line_1_56' title="bbox 1951 2598 2492 2672; baseline 0 -17"><span class='ocrx_word' id='word_1_276' title='bbox 1951 2600 2181 2657; x_wconf 79' lang='lat' dir='ltr'><strong>(lochan</strong></span> <span class='ocrx_word' id='word_1_277' title='bbox 2203 2598 2492 2672; x_wconf 86' lang='lat' dir='ltr'><strong>leguntur.</strong></span> 
     </span>
    </p>
   </div>
   <div class='ocr_carea' id='block_1_57' title="bbox 2022 2687 2989 2748">
    <p class='ocr_par' dir='ltr' id='par_1_57' title="bbox 2022 2687 2989 2748">
     <span class='ocr_line' id='line_1_57' title="bbox 2022 2687 2989 2748; baseline 0 -3"><span class='ocrx_word' id='word_1_278' title='bbox 2022 2689 2241 2746; x_wconf 82' lang='lat' dir='ltr'><strong>Xerxes</strong></span> <span class='ocrx_word' id='word_1_279' title='bbox 2261 2690 2406 2746; x_wconf 88' lang='lat' dir='ltr'><strong>alter</strong></span> <span class='ocrx_word' id='word_1_280' title='bbox 2431 2688 2724 2748; x_wconf 90' lang='lat' dir='ltr'><strong>mensibus</strong></span> <span class='ocrx_word' id='word_1_281' title='bbox 2743 2687 2989 2747; x_wconf 88' lang='lat' dir='ltr'><strong>duobus.</strong></span> 
     </span>
    </p>
   </div>
   <div class='ocr_carea' id='block_1_58' title="bbox 2023 2779 2920 2852">
    <p class='ocr_par' dir='ltr' id='par_1_58' title="bbox 2023 2779 2920 2852">
     <span class='ocr_line' id='line_1_58' title="bbox 2023 2779 2920 2852; baseline -0.001 -17"><span class='ocrx_word' id='word_1_282' title='bbox 2023 2779 2344 2852; x_wconf 83' lang='lat' dir='ltr'><strong>Sogdianus</strong></span> <span class='ocrx_word' id='word_1_283' title='bbox 2375 2779 2667 2836; x_wconf 88' lang='lat' dir='ltr'><strong>mensibus</strong></span> <span class='ocrx_word' id='word_1_284' title='bbox 2687 2784 2920 2850; x_wconf 87' lang='lat' dir='ltr'><strong>septem.</strong></span> 
     </span>
    </p>
   </div>
   <div class='ocr_carea' id='block_1_59' title="bbox 1309 2886 2492 2947">
    <p class='ocr_par' dir='ltr' id='par_1_59' title="bbox 1309 2886 2492 2947">
     <span class='ocr_line' id='line_1_59' title="bbox 1309 2886 2492 2947; baseline -0.003 -2"><span class='ocrx_word' id='word_1_285' title='bbox 1309 2889 1373 2945; x_wconf 87' lang='lat' dir='ltr'><strong>A.</strong></span> <span class='ocrx_word' id='word_1_286' title='bbox 1409 2892 1639 2947; x_wconf 86' lang='lat' dir='ltr'><strong>CONTII</strong></span> <span class='ocrx_word' id='word_1_287' title='bbox 1687 2888 1891 2945; x_wconf 68' lang='lat' dir='ltr'><strong>NOTZE</strong></span> <span class='ocrx_word' id='word_1_288' title='bbox 1928 2886 2492 2943; x_wconf 65' lang='lat' dir='ltr'><strong>CIIRONOLOGICE.</strong></span> 
     </span>
    </p>
   </div>
   <div class='ocr_carea' id='block_1_60' title="bbox 187 2976 3605 3050">
    <p class='ocr_par' dir='ltr' id='par_1_60' title="bbox 187 2976 3605 3050">
     <span class='ocr_line' id='line_1_60' title="bbox 187 2976 3605 3050; baseline 0.001 -16"><span class='ocrx_word' id='word_1_289' title='bbox 187 2978 445 3047; x_wconf 79' lang='lat' dir='ltr'><strong>Baalino,</strong></span> <span class='ocrx_word' id='word_1_290' title='bbox 463 2977 790 3049; x_wconf 87' lang='lat' dir='ltr'><strong>traditaque</strong></span> <span class='ocrx_word' id='word_1_291' title='bbox 809 2981 896 3035; x_wconf 91' lang='lat' dir='ltr'><strong>est</strong></span> <span class='ocrx_word' id='word_1_292' title='bbox 917 2978 977 3034; x_wconf 90' lang='lat' dir='ltr'><strong>in</strong></span> <span class='ocrx_word' id='word_1_293' title='bbox 1000 2992 1201 3036; x_wconf 90' lang='lat' dir='ltr'><strong>manus</strong></span> <span class='ocrx_word' id='word_1_294' title='bbox 1225 2980 1630 3050; x_wconf 86' lang='lat' dir='ltr'><strong>diripientium</strong></span> <span class='ocrx_word' id='word_1_295' title='bbox 1657 2982 1836 3036; x_wconf 90' lang='lat' dir='ltr'><strong>donec</strong></span> <span class='ocrx_word' id='word_1_296' title='bbox 1873 2978 1920 3039; x_wconf 78' lang='grc' dir='ltr'>Ο</span> <span class='ocrx_word' id='word_1_297' title='bbox 1958 2984 2068 3032; x_wconf 91' lang='lat' dir='ltr'><strong>tem</strong></span> <span class='ocrx_word' id='word_1_298' title='bbox 2092 2976 2396 3050; x_wconf 85' lang='lat' dir='ltr'><strong>separatim</strong></span> <span class='ocrx_word' id='word_1_299' title='bbox 2418 2977 2670 3050; x_wconf 84' lang='lat' dir='ltr'><strong>censeri:</strong></span> <span class='ocrx_word' id='word_1_300' title='bbox 2702 2976 2921 3048; x_wconf 89' lang='lat' dir='ltr'><strong>alioqui</strong></span> <span class='ocrx_word' id='word_1_301' title='bbox 2950 2991 3048 3033; x_wconf 90' lang='lat' dir='ltr'><strong>nec</strong></span> <span class='ocrx_word' id='word_1_302' title='bbox 3073 2992 3294 3034; x_wconf 91' lang='lat' dir='ltr'><strong>summa</strong></span> <span class='ocrx_word' id='word_1_303' title='bbox 3320 2980 3605 3038; x_wconf 84' lang='lat' dir='ltr'><strong>collectio-</strong></span> 
     </span>
    </p>
   </div>
   <div class='ocr_carea' id='block_1_61' title="bbox 185 3050 1830 3122">
    <p class='ocr_par' dir='ltr' id='par_1_61' title="bbox 185 3050 1830 3122">
     <span class='ocr_line' id='line_1_61' title="bbox 185 3050 1830 3122; baseline -0.001 -15"><span class='ocrx_word' id='word_1_304' title='bbox 185 3051 419 3107; x_wconf 78' lang='lat' dir='ltr'><strong>suseitat</strong></span> <span class='ocrx_word' id='word_1_305' title='bbox 435 3065 505 3105; x_wconf 88' lang='lat' dir='ltr'><strong>us</strong></span> <span class='ocrx_word' id='word_1_306' title='bbox 529 3057 618 3105; x_wconf 91' lang='lat' dir='ltr'><strong>est</strong></span> <span class='ocrx_word' id='word_1_307' title='bbox 646 3050 913 3106; x_wconf 87' lang='lat' dir='ltr'><strong>Othoniel</strong></span> <span class='ocrx_word' id='word_1_308' title='bbox 938 3051 1037 3121; x_wconf 91' lang='lat' dir='ltr'><strong>qui</strong></span> <span class='ocrx_word' id='word_1_309' title='bbox 1069 3065 1166 3107; x_wconf 92' lang='lat' dir='ltr'><strong>eos</strong></span> <span class='ocrx_word' id='word_1_310' title='bbox 1198 3051 1514 3107; x_wconf 84' lang='lat' dir='ltr'><strong>liberaret?</strong></span> <span class='ocrx_word' id='word_1_311' title='bbox 1534 3055 1613 3107; x_wconf 78' lang='lat' dir='ltr'><strong>Ne</strong></span> <span class='ocrx_word' id='word_1_312' title='bbox 1645 3052 1830 3122; x_wconf 89' lang='lat' dir='ltr'><strong>plura,</strong></span> 
     </span>
    </p>
   </div>
   <div class='ocr_carea' id='block_1_62' title="bbox 188 3121 1839 3191">
    <p class='ocr_par' dir='ltr' id='par_1_62' title="bbox 188 3121 1839 3191">
     <span class='ocr_line' id='line_1_62' title="bbox 188 3121 1839 3191; baseline 0.001 -14"><span class='ocrx_word' id='word_1_313' title='bbox 188 3132 286 3177; x_wconf 91' lang='lat' dir='ltr'><strong>non</strong></span> <span class='ocrx_word' id='word_1_314' title='bbox 309 3121 574 3191; x_wconf 87' lang='lat' dir='ltr'><strong>abseque</strong></span> <span class='ocrx_word' id='word_1_315' title='bbox 611 3135 831 3177; x_wconf 91' lang='lat' dir='ltr'><strong>summa</strong></span> <span class='ocrx_word' id='word_1_316' title='bbox 863 3123 1083 3177; x_wconf 87' lang='lat' dir='ltr'><strong>ratione</strong></span> <span class='ocrx_word' id='word_1_317' title='bbox 1124 3123 1465 3179; x_wconf 89' lang='lat' dir='ltr'><strong>credendum</strong></span> <span class='ocrx_word' id='word_1_318' title='bbox 1499 3131 1583 3179; x_wconf 87' lang='lat' dir='ltr'><strong>est</strong></span> <span class='ocrx_word' id='word_1_319' title='bbox 1611 3121 1839 3179; x_wconf 55' lang='lat' dir='ltr'><strong>Graecos</strong></span> 
     </span>
    </p>
   </div>
   <div class='ocr_carea' id='block_1_63' title="bbox 187 3193 1841 3264">
    <p class='ocr_par' dir='ltr' id='par_1_63' title="bbox 187 3193 1841 3264">
     <span class='ocr_line' id='line_1_63' title="bbox 187 3193 1841 3264; baseline 0.001 -17"><span class='ocrx_word' id='word_1_320' title='bbox 187 3194 386 3263; x_wconf 87' lang='lat' dir='ltr'><strong>Patres,</strong></span> <span class='ocrx_word' id='word_1_321' title='bbox 422 3198 490 3247; x_wconf 86' lang='lat' dir='ltr'><strong>et</strong></span> <span class='ocrx_word' id='word_1_322' title='bbox 513 3206 583 3248; x_wconf 85' lang='lat' dir='ltr'><strong>ex</strong></span> <span class='ocrx_word' id='word_1_323' title='bbox 633 3193 725 3248; x_wconf 92' lang='lat' dir='ltr'><strong>his</strong></span> <span class='ocrx_word' id='word_1_324' title='bbox 778 3194 1117 3249; x_wconf 89' lang='lat' dir='ltr'><strong>Clementem</strong></span> <span class='ocrx_word' id='word_1_325' title='bbox 1156 3195 1556 3264; x_wconf 89' lang='lat' dir='ltr'><strong>Stromateum,</strong></span> <span class='ocrx_word' id='word_1_326' title='bbox 1583 3202 1638 3250; x_wconf 90' lang='lat' dir='ltr'><strong>et</strong></span> <span class='ocrx_word' id='word_1_327' title='bbox 1687 3195 1841 3250; x_wconf 83' lang='lat' dir='ltr'><strong>hunc</strong></span> 
     </span>
    </p>
   </div>
   <div class='ocr_carea' id='block_1_64' title="bbox 185 3265 1840 3336">
    <p class='ocr_par' dir='ltr' id='par_1_64' title="bbox 185 3265 1840 3336">
     <span class='ocr_line' id='line_1_64' title="bbox 185 3265 1840 3336; baseline 0 -17"><span class='ocrx_word' id='word_1_328' title='bbox 185 3265 576 3336; x_wconf 81' lang='lat' dir='ltr'><strong>Nicephorum</strong></span> <span class='ocrx_word' id='word_1_329' title='bbox 606 3269 834 3336; x_wconf 88' lang='lat' dir='ltr'><strong>secutos</strong></span> <span class='ocrx_word' id='word_1_330' title='bbox 857 3277 984 3336; x_wconf 90' lang='lat' dir='ltr'><strong>esse</strong></span> <span class='ocrx_word' id='word_1_331' title='bbox 999 3278 1119 3319; x_wconf 88' lang='lat' dir='ltr'><strong>eam</strong></span> <span class='ocrx_word' id='word_1_332' title='bbox 1149 3265 1601 3320; x_wconf 90' lang='lat' dir='ltr'><strong>numerationem</strong></span> <span class='ocrx_word' id='word_1_333' title='bbox 1629 3279 1753 3335; x_wconf 68' lang='lat' dir='ltr'><strong>quze</strong></span> <span class='ocrx_word' id='word_1_334' title='bbox 1773 3278 1840 3319; x_wconf 86' lang='lat' dir='ltr'><strong>ex</strong></span> 
     </span>
    </p>
   </div>
   <div class='ocr_carea' id='block_1_65' title="bbox 186 3335 1845 3406">
    <p class='ocr_par' dir='ltr' id='par_1_65' title="bbox 186 3335 1845 3406">
     <span class='ocr_line' id='line_1_65' title="bbox 186 3335 1845 3406; baseline 0 -16"><span class='ocrx_word' id='word_1_335' title='bbox 186 3335 365 3406; x_wconf 82' lang='lat' dir='ltr'><strong>verbis</strong></span> <span class='ocrx_word' id='word_1_336' title='bbox 396 3335 650 3406; x_wconf 83' lang='lat' dir='ltr'><strong>minime</strong></span> <span class='ocrx_word' id='word_1_337' title='bbox 679 3335 910 3391; x_wconf 88' lang='lat' dir='ltr'><strong>violatis</strong></span> <span class='ocrx_word' id='word_1_338' title='bbox 940 3335 1074 3391; x_wconf 84' lang='lat' dir='ltr'><strong>elici</strong></span> <span class='ocrx_word' id='word_1_339' title='bbox 1116 3342 1318 3406; x_wconf 88' lang='lat' dir='ltr'><strong>potest,</strong></span> <span class='ocrx_word' id='word_1_340' title='bbox 1353 3350 1521 3406; x_wconf 88' lang='lat' dir='ltr'><strong>quam</strong></span> <span class='ocrx_word' id='word_1_341' title='bbox 1552 3350 1651 3391; x_wconf 92' lang='lat' dir='ltr'><strong>nec</strong></span> <span class='ocrx_word' id='word_1_342' title='bbox 1678 3337 1845 3390; x_wconf 83' lang='lat' dir='ltr'><strong>Euse-</strong></span> 
     </span>
    </p>
   </div>
   <div class='ocr_carea' id='block_1_66' title="bbox 188 3404 1842 3478">
    <p class='ocr_par' dir='ltr' id='par_1_66' title="bbox 188 3404 1842 3478">
     <span class='ocr_line' id='line_1_66' title="bbox 188 3404 1842 3478; baseline 0.001 -18"><span class='ocrx_word' id='word_1_343' title='bbox 188 3405 311 3462; x_wconf 90' lang='lat' dir='ltr'><strong>bius</strong></span> <span class='ocrx_word' id='word_1_344' title='bbox 338 3407 403 3462; x_wconf 81' lang='lat' dir='ltr'><strong>in</strong></span> <span class='ocrx_word' id='word_1_345' title='bbox 430 3404 773 3478; x_wconf 63' lang='lat' dir='ltr'><strong>praefatione</strong></span> <span class='ocrx_word' id='word_1_346' title='bbox 801 3406 1211 3478; x_wconf 88' lang='lat' dir='ltr'><strong>Chronicorum</strong></span> <span class='ocrx_word' id='word_1_347' title='bbox 1235 3404 1504 3463; x_wconf 79' lang='lat' dir='ltr'><strong>damnare</strong></span> <span class='ocrx_word' id='word_1_348' title='bbox 1532 3420 1710 3463; x_wconf 87' lang='lat' dir='ltr'><strong>ausus</strong></span> <span class='ocrx_word' id='word_1_349' title='bbox 1731 3410 1842 3478; x_wconf 90' lang='lat' dir='ltr'><strong>est,</strong></span> 
     </span>
    </p>
   </div>
   <div class='ocr_carea' id='block_1_67' title="bbox 188 3477 1657 3547">
    <p class='ocr_par' dir='ltr' id='par_1_67' title="bbox 188 3477 1657 3547">
     <span class='ocr_line' id='line_1_67' title="bbox 188 3477 1657 3547; baseline -0.001 -14"><span class='ocrx_word' id='word_1_350' title='bbox 188 3479 272 3533; x_wconf 86' lang='lat' dir='ltr'><strong>sed</strong></span> <span class='ocrx_word' id='word_1_351' title='bbox 304 3478 366 3533; x_wconf 90' lang='lat' dir='ltr'><strong>in</strong></span> <span class='ocrx_word' id='word_1_352' title='bbox 398 3477 747 3547; x_wconf 74' lang='lat' dir='ltr'><strong>:cquilibrio</strong></span> <span class='ocrx_word' id='word_1_353' title='bbox 779 3491 907 3533; x_wconf 91' lang='lat' dir='ltr'><strong>cum</strong></span> <span class='ocrx_word' id='word_1_354' title='bbox 930 3477 1044 3532; x_wconf 90' lang='lat' dir='ltr'><strong>alia</strong></span> <span class='ocrx_word' id='word_1_355' title='bbox 1075 3477 1332 3533; x_wconf 90' lang='lat' dir='ltr'><strong>breviore</strong></span> <span class='ocrx_word' id='word_1_356' title='bbox 1357 3478 1657 3534; x_wconf 90' lang='lat' dir='ltr'><strong>sustinuit.</strong></span> 
     </span>
    </p>
   </div>
   <div class='ocr_carea' id='block_1_68' title="bbox 250 3548 1840 3621">
    <p class='ocr_par' dir='ltr' id='par_1_68' title="bbox 250 3548 1840 3621">
     <span class='ocr_line' id='line_1_68' title="bbox 250 3548 1840 3621; baseline 0.001 -18"><span class='ocrx_word' id='word_1_357' title='bbox 250 3550 329 3621; x_wconf 83' lang='lat' dir='ltr'><strong>An</strong></span> <span class='ocrx_word' id='word_1_358' title='bbox 356 3550 437 3604; x_wconf 76' lang='lat' dir='ltr'><strong>CA</strong></span> <span class='ocrx_word' id='word_1_359' title='bbox 452 3562 501 3602; x_wconf 75' lang='grc' dir='ltr'><strong>Ρ.</strong></span> <span class='ocrx_word' id='word_1_360' title='bbox 524 3548 588 3603; x_wconf 87' lang='lat' dir='ltr'><strong>V.</strong></span> <span class='ocrx_word' id='word_1_361' title='bbox 610 3550 775 3621; x_wconf 48' lang='lat' dir='ltr'><strong>ene</strong></span> <span class='ocrx_word' id='word_1_362' title='bbox 792 3548 1088 3618; x_wconf 88' lang='lat' dir='ltr'><strong>superiore</strong></span> <span class='ocrx_word' id='word_1_363' title='bbox 1108 3550 1515 3621; x_wconf 88' lang='lat' dir='ltr'><strong>supputatione</strong></span> <span class='ocrx_word' id='word_1_364' title='bbox 1530 3561 1840 3621; x_wconf 79' lang='lat' dir='ltr'><strong>regnorum</strong></span> 
     </span>
    </p>
   </div>
   <div class='ocr_carea' id='block_1_69' title="bbox 189 3619 1848 3691">
    <p class='ocr_par' dir='ltr' id='par_1_69' title="bbox 189 3619 1848 3691">
     <span class='ocr_line' id='line_1_69' title="bbox 189 3619 1848 3691; baseline 0.001 -17"><span class='ocrx_word' id='word_1_365' title='bbox 189 3620 477 3691; x_wconf 82' lang='lat' dir='ltr'><strong>cujusque</strong></span> <span class='ocrx_word' id='word_1_366' title='bbox 530 3619 685 3691; x_wconf 86' lang='lat' dir='ltr'><strong>regis</strong></span> <span class='ocrx_word' id='word_1_367' title='bbox 724 3620 874 3675; x_wconf 89' lang='lat' dir='ltr'><strong>inter</strong></span> <span class='ocrx_word' id='word_1_368' title='bbox 918 3632 1115 3675; x_wconf 91' lang='lat' dir='ltr'><strong>omnes</strong></span> <span class='ocrx_word' id='word_1_369' title='bbox 1156 3620 1460 3687; x_wconf 89' lang='lat' dir='ltr'><strong>editiones,</strong></span> <span class='ocrx_word' id='word_1_370' title='bbox 1512 3619 1739 3676; x_wconf 67' lang='lat' dir='ltr'><strong>Graecas</strong></span> <span class='ocrx_word' id='word_1_371' title='bbox 1788 3625 1848 3676; x_wconf 90' lang='lat' dir='ltr'><strong>et</strong></span> 
     </span>
    </p>
   </div>
   <div class='ocr_carea' id='block_1_70' title="bbox 190 3690 1845 3763">
    <p class='ocr_par' dir='ltr' id='par_1_70' title="bbox 190 3690 1845 3763">
     <span class='ocr_line' id='line_1_70' title="bbox 190 3690 1845 3763; baseline 0.001 -18"><span class='ocrx_word' id='word_1_372' title='bbox 190 3690 523 3761; x_wconf 85' lang='lat' dir='ltr'><strong>Hebraicas,</strong></span> <span class='ocrx_word' id='word_1_373' title='bbox 557 3690 787 3763; x_wconf 87' lang='lat' dir='ltr'><strong>ethunc</strong></span> <span class='ocrx_word' id='word_1_374' title='bbox 807 3697 1066 3763; x_wconf 87' lang='lat' dir='ltr'><strong>nostrum</strong></span> <span class='ocrx_word' id='word_1_375' title='bbox 1088 3690 1607 3763; x_wconf 84' lang='lat' dir='ltr'><strong>chronographum,</strong></span> <span class='ocrx_word' id='word_1_376' title='bbox 1628 3692 1845 3762; x_wconf 89' lang='lat' dir='ltr'><strong>optime</strong></span> 
     </span>
    </p>
   </div>
   <div class='ocr_carea' id='block_1_71' title="bbox 191 3761 1844 3832">
    <p class='ocr_par' dir='ltr' id='par_1_71' title="bbox 191 3761 1844 3832">
     <span class='ocr_line' id='line_1_71' title="bbox 191 3761 1844 3832; baseline 0.001 -15"><span class='ocrx_word' id='word_1_377' title='bbox 191 3763 483 3829; x_wconf 77' lang='lat' dir='ltr'><strong>convenit,</strong></span> <span class='ocrx_word' id='word_1_378' title='bbox 529 3762 580 3817; x_wconf 91' lang='lat' dir='ltr'><strong>si</strong></span> <span class='ocrx_word' id='word_1_379' title='bbox 614 3761 857 3832; x_wconf 89' lang='lat' dir='ltr'><strong>paucula</strong></span> <span class='ocrx_word' id='word_1_380' title='bbox 887 3766 1108 3817; x_wconf 88' lang='lat' dir='ltr'><strong>tantum</strong></span> <span class='ocrx_word' id='word_1_381' title='bbox 1158 3761 1554 3819; x_wconf 76' lang='lat' dir='ltr'><strong>observemus:</strong></span> <span class='ocrx_word' id='word_1_382' title='bbox 1585 3761 1844 3818; x_wconf 84' lang='lat' dir='ltr'><strong>Azariam</strong></span> 
     </span>
    </p>
   </div>
   <div class='ocr_carea' id='block_1_72' title="bbox 188 3833 1844 3906">
    <p class='ocr_par' dir='ltr' id='par_1_72' title="bbox 188 3833 1844 3906">
     <span class='ocr_line' id='line_1_72' title="bbox 188 3833 1844 3906; baseline -0.001 -17"><span class='ocrx_word' id='word_1_383' title='bbox 188 3838 239 3889; x_wconf 89' lang='lat' dir='ltr'><strong>et</strong></span> <span class='ocrx_word' id='word_1_384' title='bbox 263 3833 475 3906; x_wconf 71' lang='lat' dir='ltr'><strong>Oxiam</strong></span> <span class='ocrx_word' id='word_1_385' title='bbox 497 3833 757 3906; x_wconf 85' lang='lat' dir='ltr'><strong>eumdem</strong></span> <span class='ocrx_word' id='word_1_386' title='bbox 783 3846 906 3889; x_wconf 90' lang='lat' dir='ltr'><strong>esse</strong></span> <span class='ocrx_word' id='word_1_387' title='bbox 925 3846 993 3888; x_wconf 89' lang='lat' dir='ltr'><strong>ex</strong></span> <span class='ocrx_word' id='word_1_388' title='bbox 1022 3833 1331 3889; x_wconf 88' lang='lat' dir='ltr'><strong>collatione</strong></span> <span class='ocrx_word' id='word_1_389' title='bbox 1357 3834 1493 3889; x_wconf 91' lang='lat' dir='ltr'><strong>libri</strong></span> <span class='ocrx_word' id='word_1_390' title='bbox 1521 3835 1844 3906; x_wconf 82' lang='lat' dir='ltr'><strong>Regnorum</strong></span> 
     </span>
    </p>
   </div>
   <div class='ocr_carea' id='block_1_73' title="bbox 190 3904 1851 3974">
    <p class='ocr_par' dir='ltr' id='par_1_73' title="bbox 190 3904 1851 3974">
     <span class='ocr_line' id='line_1_73' title="bbox 190 3904 1851 3974; baseline -0.001 -14"><span class='ocrx_word' id='word_1_391' title='bbox 190 3917 309 3960; x_wconf 87' lang='lat' dir='ltr'><strong>eum</strong></span> <span class='ocrx_word' id='word_1_392' title='bbox 341 3905 511 3960; x_wconf 79' lang='lat' dir='ltr'><strong>libro</strong></span> <span class='ocrx_word' id='word_1_393' title='bbox 553 3904 1051 3974; x_wconf 85' lang='lat' dir='ltr'><strong>Paralipomenon,</strong></span> <span class='ocrx_word' id='word_1_394' title='bbox 1085 3906 1298 3960; x_wconf 83' lang='lat' dir='ltr'><strong>Joaeim</strong></span> <span class='ocrx_word' id='word_1_395' title='bbox 1351 3920 1453 3962; x_wconf 90' lang='lat' dir='ltr'><strong>seu</strong></span> <span class='ocrx_word' id='word_1_396' title='bbox 1483 3904 1723 3961; x_wconf 80' lang='lat' dir='ltr'><strong>Eliaciin</strong></span> <span class='ocrx_word' id='word_1_397' title='bbox 1752 3918 1851 3961; x_wconf 90' lang='lat' dir='ltr'><strong>re—</strong></span> 
     </span>
    </p>
   </div>
   <div class='ocr_carea' id='block_1_74' title="bbox 227 3974 1848 4046">
    <p class='ocr_par' dir='ltr' id='par_1_74' title="bbox 227 3974 1848 4046">
     <span class='ocr_line' id='line_1_74' title="bbox 227 3974 1848 4046; baseline 0.001 -17"><span class='ocrx_word' id='word_1_398' title='bbox 227 3988 386 4032; x_wconf 88' lang='lat' dir='ltr'><strong>nasse</strong></span> <span class='ocrx_word' id='word_1_399' title='bbox 406 3988 605 4031; x_wconf 83' lang='lat' dir='ltr'><strong>annos</strong></span> <span class='ocrx_word' id='word_1_400' title='bbox 647 3988 705 4031; x_wconf 82' lang='lat' dir='ltr'><strong>x1</strong></span> <span class='ocrx_word' id='word_1_401' title='bbox 760 3980 823 4030; x_wconf 90' lang='lat' dir='ltr'><strong>ut</strong></span> <span class='ocrx_word' id='word_1_402' title='bbox 849 3974 1070 4031; x_wconf 90' lang='lat' dir='ltr'><strong>dicitur</strong></span> <span class='ocrx_word' id='word_1_403' title='bbox 1099 3990 1154 4030; x_wconf 85' lang='lat' dir='ltr'><strong>1v</strong></span> <span class='ocrx_word' id='word_1_404' title='bbox 1195 3977 1407 4046; x_wconf 80' lang='lat' dir='ltr'><strong>Regum</strong></span> <span class='ocrx_word' id='word_1_405' title='bbox 1458 3990 1580 4046; x_wconf 89' lang='lat' dir='ltr'><strong>cap.</strong></span> <span class='ocrx_word' id='word_1_406' title='bbox 1614 3991 1758 4031; x_wconf 83' lang='lat' dir='ltr'><strong>xxui</strong></span> <span class='ocrx_word' id='word_1_407' title='bbox 1790 3976 1848 4030; x_wconf 92' lang='lat' dir='ltr'><strong>in</strong></span> 
     </span>
    </p>
   </div>
   <div class='ocr_carea' id='block_1_75' title="bbox 228 4046 1852 4119">
    <p class='ocr_par' dir='ltr' id='par_1_75' title="bbox 228 4046 1852 4119">
     <span class='ocr_line' id='line_1_75' title="bbox 228 4046 1852 4119; baseline -0.001 -17"><span class='ocrx_word' id='word_1_408' title='bbox 228 4061 311 4102; x_wconf 90' lang='lat' dir='ltr'><strong>ne.</strong></span> <span class='ocrx_word' id='word_1_409' title='bbox 356 4047 559 4119; x_wconf 77' lang='lat' dir='ltr'><strong>Amen</strong></span> <span class='ocrx_word' id='word_1_410' title='bbox 612 4060 876 4119; x_wconf 87' lang='lat' dir='ltr'><strong>regnasse</strong></span> <span class='ocrx_word' id='word_1_411' title='bbox 924 4046 1095 4119; x_wconf 83' lang='lat' dir='ltr'><strong>annis</strong></span> <span class='ocrx_word' id='word_1_412' title='bbox 1143 4060 1246 4118; x_wconf 87' lang='lat' dir='ltr'><strong>xu,</strong></span> <span class='ocrx_word' id='word_1_413' title='bbox 1296 4061 1361 4102; x_wconf 84' lang='lat' dir='ltr'><strong>ex</strong></span> <span class='ocrx_word' id='word_1_414' title='bbox 1409 4048 1765 4119; x_wconf 12' lang='lat' dir='ltr'><strong>auctoritate,</strong></span> <span class='ocrx_word' id='word_1_415' title='bbox 1796 4052 1852 4101; x_wconf 90' lang='lat' dir='ltr'><strong>et</strong></span> 
     </span>
    </p>
   </div>
   <div class='ocr_carea' id='block_1_76' title="bbox 196 4116 1853 4189">
    <p class='ocr_par' dir='ltr' id='par_1_76' title="bbox 196 4116 1853 4189">
     <span class='ocr_line' id='line_1_76' title="bbox 196 4116 1853 4189; baseline 0.001 -18"><span class='ocrx_word' id='word_1_416' title='bbox 196 4131 335 4173; x_wconf 87' lang='lat' dir='ltr'><strong>mera</strong></span> <span class='ocrx_word' id='word_1_417' title='bbox 378 4117 652 4189; x_wconf 84' lang='lat' dir='ltr'><strong>editione</strong></span> <span class='ocrx_word' id='word_1_418' title='bbox 684 4116 1077 4189; x_wconf 75' lang='lat' dir='ltr'><strong>Septuaginta</strong></span> <span class='ocrx_word' id='word_1_419' title='bbox 1132 4116 1528 4189; x_wconf 88' lang='lat' dir='ltr'><strong>Interpretum,</strong></span> <span class='ocrx_word' id='word_1_420' title='bbox 1579 4124 1640 4174; x_wconf 93' lang='lat' dir='ltr'><strong>ut</strong></span> <span class='ocrx_word' id='word_1_421' title='bbox 1679 4117 1853 4174; x_wconf 75' lang='lat' dir='ltr'><strong>refert</strong></span> 
     </span>
    </p>
   </div>
   <div class='ocr_carea' id='block_1_77' title="bbox 196 4188 1849 4258">
    <p class='ocr_par' dir='ltr' id='par_1_77' title="bbox 196 4188 1849 4258">
     <span class='ocr_line' id='line_1_77' title="bbox 196 4188 1849 4258; baseline 0 -15"><span class='ocrx_word' id='word_1_422' title='bbox 196 4189 506 4258; x_wconf 82' lang='lat' dir='ltr'><strong>Eusebius,</strong></span> <span class='ocrx_word' id='word_1_423' title='bbox 536 4188 631 4243; x_wconf 89' lang='lat' dir='ltr'><strong>cui</strong></span> <span class='ocrx_word' id='word_1_424' title='bbox 684 4188 741 4244; x_wconf 92' lang='lat' dir='ltr'><strong>in</strong></span> <span class='ocrx_word' id='word_1_425' title='bbox 773 4202 837 4244; x_wconf 88' lang='lat' dir='ltr'><strong>ea</strong></span> <span class='ocrx_word' id='word_1_426' title='bbox 882 4204 941 4244; x_wconf 89' lang='lat' dir='ltr'><strong>re</strong></span> <span class='ocrx_word' id='word_1_427' title='bbox 1005 4190 1143 4245; x_wconf 89' lang='lat' dir='ltr'><strong>ﬁdes</strong></span> <span class='ocrx_word' id='word_1_428' title='bbox 1187 4189 1437 4245; x_wconf 80' lang='lat' dir='ltr'><strong>habenda</strong></span> <span class='ocrx_word' id='word_1_429' title='bbox 1465 4196 1583 4245; x_wconf 87' lang='lat' dir='ltr'><strong>est:</strong></span> <span class='ocrx_word' id='word_1_430' title='bbox 1644 4195 1706 4245; x_wconf 90' lang='lat' dir='ltr'><strong>ut</strong></span> <span class='ocrx_word' id='word_1_431' title='bbox 1750 4190 1849 4258; x_wconf 77' lang='lat' dir='ltr'><strong>qui</strong></span> 
     </span>
    </p>
   </div>
   <div class='ocr_carea' id='block_1_78' title="bbox 198 4230 1852 4329">
    <p class='ocr_par' dir='ltr' id='par_1_78' title="bbox 198 4230 1852 4329">
     <span class='ocr_line' id='line_1_78' title="bbox 198 4230 1852 4329; baseline 0 -15"><span class='ocrx_word' id='word_1_432' title='bbox 198 4274 401 4315; x_wconf 87' lang='lat' dir='ltr'><strong>meram</strong></span> <span class='ocrx_word' id='word_1_433' title='bbox 436 4230 759 4315; x_wconf 72' lang='lat' dir='ltr'><strong>editionem</strong></span> <span class='ocrx_word' id='word_1_434' title='bbox 790 4261 1071 4329; x_wconf 90' lang='lat' dir='ltr'><strong>ejusmodi</strong></span> <span class='ocrx_word' id='word_1_435' title='bbox 1118 4261 1401 4329; x_wconf 87' lang='lat' dir='ltr'><strong>habuerit,</strong></span> <span class='ocrx_word' id='word_1_436' title='bbox 1446 4268 1511 4317; x_wconf 89' lang='lat' dir='ltr'><strong>ut</strong></span> <span class='ocrx_word' id='word_1_437' title='bbox 1542 4262 1658 4329; x_wconf 90' lang='lat' dir='ltr'><strong>jam</strong></span> <span class='ocrx_word' id='word_1_438' title='bbox 1688 4236 1852 4315; x_wconf 68' lang='lat' dir='ltr'><strong>antea</strong></span> 
     </span>
    </p>
   </div>
   <div class='ocr_carea' id='block_1_79' title="bbox 199 4330 1852 4414">
    <p class='ocr_par' dir='ltr' id='par_1_79' title="bbox 199 4330 1852 4414">
     <span class='ocr_line' id='line_1_79' title="bbox 199 4330 1852 4414; baseline 0 -28"><span class='ocrx_word' id='word_1_439' title='bbox 199 4330 841 4414; x_wconf 50' lang='lat' dir='ltr'><strong>monuimus.nllebr:ea</strong></span> <span class='ocrx_word' id='word_1_440' title='bbox 866 4341 1052 4414; x_wconf 87' lang='lat' dir='ltr'><strong>autem</strong></span> <span class='ocrx_word' id='word_1_441' title='bbox 1083 4331 1264 4414; x_wconf 72' lang='lat' dir='ltr'><strong>editio</strong></span> <span class='ocrx_word' id='word_1_442' title='bbox 1310 4336 1368 4386; x_wconf 91' lang='lat' dir='ltr'><strong>et</strong></span> <span class='ocrx_word' id='word_1_443' title='bbox 1403 4333 1631 4414; x_wconf 79' lang='lat' dir='ltr'><strong>vulgata</strong></span> <span class='ocrx_word' id='word_1_444' title='bbox 1659 4334 1852 4387; x_wconf 65' lang='lat' dir='ltr'><strong>Grieca</strong></span> 
     </span>
    </p>
   </div>
   <div class='ocr_carea' id='block_1_80' title="bbox 1960 3048 3604 3113">
    <p class='ocr_par' dir='ltr' id='par_1_80' title="bbox 1960 3048 3604 3113">
     <span class='ocr_line' id='line_1_80' title="bbox 1960 3048 3604 3113; baseline 0.002 -10"><span class='ocrx_word' id='word_1_445' title='bbox 1960 3050 2053 3104; x_wconf 91' lang='lat' dir='ltr'><strong>nis</strong></span> <span class='ocrx_word' id='word_1_446' title='bbox 2092 3049 2371 3104; x_wconf 66' lang='lat' dir='ltr'><strong>universa:</strong></span> <span class='ocrx_word' id='word_1_447' title='bbox 2418 3048 2765 3113; x_wconf 89' lang='lat' dir='ltr'><strong>conveniret,</strong></span> <span class='ocrx_word' id='word_1_448' title='bbox 2810 3062 2909 3103; x_wconf 93' lang='lat' dir='ltr'><strong>nec</strong></span> <span class='ocrx_word' id='word_1_449' title='bbox 2949 3049 3106 3105; x_wconf 90' lang='lat' dir='ltr'><strong>ullus</strong></span> <span class='ocrx_word' id='word_1_450' title='bbox 3158 3051 3472 3107; x_wconf 88' lang='lat' dir='ltr'><strong>historicus</strong></span> <span class='ocrx_word' id='word_1_451' title='bbox 3501 3059 3604 3108; x_wconf 89' lang='lat' dir='ltr'><strong>aut</strong></span> 
     </span>
    </p>
   </div>
   <div class='ocr_carea' id='block_1_81' title="bbox 1956 3117 3603 3188">
    <p class='ocr_par' dir='ltr' id='par_1_81' title="bbox 1956 3117 3603 3188">
     <span class='ocr_line' id='line_1_81' title="bbox 1956 3117 3603 3188; baseline 0.002 -13"><span class='ocrx_word' id='word_1_452' title='bbox 1956 3119 2446 3188; x_wconf 80' lang='lat' dir='ltr'><strong>chronographus.</strong></span> <span class='ocrx_word' id='word_1_453' title='bbox 2475 3118 2534 3173; x_wconf 90' lang='lat' dir='ltr'><strong>Si</strong></span> <span class='ocrx_word' id='word_1_454' title='bbox 2568 3119 2754 3188; x_wconf 83' lang='lat' dir='ltr'><strong>igitur</strong></span> <span class='ocrx_word' id='word_1_455' title='bbox 2805 3119 2909 3175; x_wconf 89' lang='lat' dir='ltr'><strong>hos</strong></span> <span class='ocrx_word' id='word_1_456' title='bbox 2954 3117 3058 3173; x_wconf 72' lang='grc'><strong>445</strong></span> <span class='ocrx_word' id='word_1_457' title='bbox 3102 3134 3283 3177; x_wconf 91' lang='lat' dir='ltr'><strong>annos</strong></span> <span class='ocrx_word' id='word_1_458' title='bbox 3324 3122 3603 3180; x_wconf 90' lang='lat' dir='ltr'><strong>addamus</strong></span> 
     </span>
    </p>
   </div>
   <div class='ocr_carea' id='block_1_82' title="bbox 1952 3189 3605 3264">
    <p class='ocr_par' dir='ltr' id='par_1_82' title="bbox 1952 3189 3605 3264">
     <span class='ocr_line' id='line_1_82' title="bbox 1952 3189 3605 3264; baseline 0 -15"><span class='ocrx_word' id='word_1_459' title='bbox 1952 3189 2490 3264; x_wconf 68' lang='lat' dir='ltr'><strong>annisaberigiue</strong></span> <span class='ocrx_word' id='word_1_460' title='bbox 2539 3203 2721 3259; x_wconf 90' lang='lat' dir='ltr'><strong>usque</strong></span> <span class='ocrx_word' id='word_1_461' title='bbox 2749 3189 2818 3244; x_wconf 89' lang='lat' dir='ltr'><strong>ad</strong></span> <span class='ocrx_word' id='word_1_462' title='bbox 2868 3190 3224 3264; x_wconf 84' lang='lat' dir='ltr'><strong>Salomonem</strong></span> <span class='ocrx_word' id='word_1_463' title='bbox 3275 3189 3432 3264; x_wconf 78' lang='grc'><strong>4469,</strong></span> <span class='ocrx_word' id='word_1_464' title='bbox 3468 3194 3605 3249; x_wconf 87' lang='lat' dir='ltr'><strong>ﬁent</strong></span> 
     </span>
    </p>
   </div>
   <div class='ocr_carea' id='block_1_83' title="bbox 1950 3257 3605 3331">
    <p class='ocr_par' dir='ltr' id='par_1_83' title="bbox 1950 3257 3605 3331">
     <span class='ocr_line' id='line_1_83' title="bbox 1950 3257 3605 3331; baseline 0.002 -14"><span class='ocrx_word' id='word_1_465' title='bbox 1950 3262 2087 3317; x_wconf 91' lang='lat' dir='ltr'><strong>anni</strong></span> <span class='ocrx_word' id='word_1_466' title='bbox 2121 3257 2259 3315; x_wconf 77' lang='grc'><strong>4914</strong></span> <span class='ocrx_word' id='word_1_467' title='bbox 2295 3257 2382 3315; x_wconf 70' lang='lat' dir='ltr'><strong>ab&#39;</strong></span> <span class='ocrx_word' id='word_1_468' title='bbox 2411 3259 2585 3315; x_wconf 81' lang='lat' dir='ltr'><strong>Adam</strong></span> <span class='ocrx_word' id='word_1_469' title='bbox 2629 3257 2812 3330; x_wconf 79' lang='lat' dir='ltr'><strong>usque</strong></span> <span class='ocrx_word' id='word_1_470' title='bbox 2853 3262 2922 3317; x_wconf 89' lang='lat' dir='ltr'><strong>ad</strong></span> <span class='ocrx_word' id='word_1_471' title='bbox 2954 3262 3326 3331; x_wconf 80' lang='lat' dir='ltr'><strong>raptivitateu</strong></span> <span class='ocrx_word' id='word_1_472' title='bbox 3372 3257 3605 3321; x_wconf 74' lang='grc' dir='ltr'><strong>.Ιὰιίωο-</strong></span> 
     </span>
    </p>
   </div>
   <div class='ocr_carea' id='block_1_84' title="bbox 1952 3330 2573 3401">
    <p class='ocr_par' dir='ltr' id='par_1_84' title="bbox 1952 3330 2573 3401">
     <span class='ocr_line' id='line_1_84' title="bbox 1952 3330 2573 3401; baseline -0.008 -13"><span class='ocrx_word' id='word_1_473' title='bbox 1952 3347 2077 3388; x_wconf 90' lang='lat' dir='ltr'><strong>rum</strong></span> <span class='ocrx_word' id='word_1_474' title='bbox 2104 3330 2523 3401; x_wconf 78' lang='lat' dir='ltr'><strong>Babylonicum.</strong></span> <span class='ocrx_word' id='word_1_475' title='bbox 2568 3370 2573 3375; x_wconf 92' lang='lat'><strong>.</strong></span> 
     </span>
    </p>
   </div>
   <div class='ocr_carea' id='block_1_85' title="bbox 2022 3401 3602 3474">
    <p class='ocr_par' dir='ltr' id='par_1_85' title="bbox 2022 3401 3602 3474">
     <span class='ocr_line' id='line_1_85' title="bbox 2022 3401 3602 3474; baseline 0.002 -16"><span class='ocrx_word' id='word_1_476' title='bbox 2022 3404 2102 3458; x_wconf 82' lang='lat' dir='ltr'><strong>An</strong></span> <span class='ocrx_word' id='word_1_477' title='bbox 2129 3404 2269 3474; x_wconf 43' lang='lat' dir='ltr'><strong>CAP.</strong></span> <span class='ocrx_word' id='word_1_478' title='bbox 2313 3403 2397 3474; x_wconf 79' lang='lat' dir='ltr'><strong>Vi.</strong></span> <span class='ocrx_word' id='word_1_479' title='bbox 2446 3431 2521 3441; x_wconf 92' lang='lat'><strong>—</strong></span> <span class='ocrx_word' id='word_1_480' title='bbox 2569 3402 2681 3457; x_wconf 84' lang='lat' dir='ltr'><strong>Hoc</strong></span> <span class='ocrx_word' id='word_1_481' title='bbox 2712 3401 3114 3458; x_wconf 88' lang='lat' dir='ltr'><strong>brevissimum</strong></span> <span class='ocrx_word' id='word_1_482' title='bbox 3173 3408 3345 3474; x_wconf 88' lang='lat' dir='ltr'><strong>caput</strong></span> <span class='ocrx_word' id='word_1_483' title='bbox 3386 3406 3602 3461; x_wconf 88' lang='lat' dir='ltr'><strong>nullam</strong></span> 
     </span>
    </p>
   </div>
   <div class='ocr_carea' id='block_1_86' title="bbox 1952 3472 3598 3545">
    <p class='ocr_par' dir='ltr' id='par_1_86' title="bbox 1952 3472 3598 3545">
     <span class='ocr_line' id='line_1_86' title="bbox 1952 3472 3598 3545; baseline 0.001 -16"><span class='ocrx_word' id='word_1_484' title='bbox 1952 3474 2124 3529; x_wconf 89' lang='lat' dir='ltr'><strong>habet</strong></span> <span class='ocrx_word' id='word_1_485' title='bbox 2157 3472 2549 3545; x_wconf 81' lang='lat' dir='ltr'><strong>difﬁcultatem</strong></span> <span class='ocrx_word' id='word_1_486' title='bbox 2589 3478 2698 3545; x_wconf 87' lang='lat' dir='ltr'><strong>aut</strong></span> <span class='ocrx_word' id='word_1_487' title='bbox 2743 3475 3196 3543; x_wconf 88' lang='lat' dir='ltr'><strong>computationis</strong></span> <span class='ocrx_word' id='word_1_488' title='bbox 3242 3472 3598 3545; x_wconf 78' lang='lat' dir='ltr'><strong>varietatem,</strong></span> 
     </span>
    </p>
   </div>
   <div class='ocr_carea' id='block_1_87' title="bbox 1954 3543 3601 3616">
    <p class='ocr_par' dir='ltr' id='par_1_87' title="bbox 1954 3543 3601 3616">
     <span class='ocr_line' id='line_1_87' title="bbox 1954 3543 3601 3616; baseline 0.001 -16"><span class='ocrx_word' id='word_1_489' title='bbox 1954 3546 2343 3616; x_wconf 85' lang='lat' dir='ltr'><strong>probaturque</strong></span> <span class='ocrx_word' id='word_1_490' title='bbox 2399 3543 2636 3599; x_wconf 88' lang='lat' dir='ltr'><strong>disertis</strong></span> <span class='ocrx_word' id='word_1_491' title='bbox 2679 3544 2964 3600; x_wconf 71' lang='lat' dir='ltr'><strong>Zachariae</strong></span> <span class='ocrx_word' id='word_1_492' title='bbox 3019 3547 3305 3615; x_wconf 68' lang='lat' dir='ltr'><strong>prophetze</strong></span> <span class='ocrx_word' id='word_1_493' title='bbox 3374 3543 3601 3603; x_wconf 84' lang='lat' dir='ltr'><strong>verbis:</strong></span> 
     </span>
    </p>
   </div>
   <div class='ocr_carea' id='block_1_88' title="bbox 1954 3616 3605 3691">
    <p class='ocr_par' dir='ltr' id='par_1_88' title="bbox 1954 3616 3605 3691">
     <span class='ocr_line' id='line_1_88' title="bbox 1954 3616 3605 3691; baseline 0.002 -21"><span class='ocrx_word' id='word_1_494' title='bbox 1954 3619 2055 3671; x_wconf 83' lang='lat' dir='ltr'><strong>Hic</strong></span> <span class='ocrx_word' id='word_1_495' title='bbox 2100 3616 2529 3691; x_wconf 70' lang='lat' dir='ltr'><strong>septuagesimus</strong></span> <span class='ocrx_word' id='word_1_496' title='bbox 2573 3631 2753 3669; x_wconf 85' lang='lat' dir='ltr'><strong>annus</strong></span> <span class='ocrx_word' id='word_1_497' title='bbox 2794 3620 2892 3691; x_wconf 74' lang='lat' dir='ltr'><strong>est,</strong></span> <span class='ocrx_word' id='word_1_498' title='bbox 2946 3616 3156 3691; x_wconf 33' lang='lat' dir='ltr'><strong>i‘n‘quit,</strong></span> <span class='ocrx_word' id='word_1_499' title='bbox 3203 3622 3322 3691; x_wconf 46' lang='lat' dir='ltr'><strong>etc:</strong></span> <span class='ocrx_word' id='word_1_500' title='bbox 3361 3618 3419 3673; x_wconf 87' lang='lat' dir='ltr'><strong>Si</strong></span> <span class='ocrx_word' id='word_1_501' title='bbox 3470 3632 3605 3691; x_wconf 89' lang='lat' dir='ltr'><strong>ergo</strong></span> 
     </span>
    </p>
   </div>
   <div class='ocr_carea' id='block_1_89' title="bbox 1955 3683 3604 3760">
    <p class='ocr_par' dir='ltr' id='par_1_89' title="bbox 1955 3683 3604 3760">
     <span class='ocr_line' id='line_1_89' title="bbox 1955 3683 3604 3760; baseline 0.001 -17"><span class='ocrx_word' id='word_1_502' title='bbox 1955 3703 2129 3760; x_wconf 86' lang='lat' dir='ltr'><strong>supra</strong></span> <span class='ocrx_word' id='word_1_503' title='bbox 2151 3683 2425 3742; x_wconf 49' lang='lat' dir='ltr'><strong>’collectze</strong></span> <span class='ocrx_word' id='word_1_504' title='bbox 2464 3700 2700 3760; x_wconf 77' lang='lat' dir='ltr'><strong>summae</strong></span> <span class='ocrx_word' id='word_1_505' title='bbox 2741 3686 2919 3742; x_wconf 88' lang='lat' dir='ltr'><strong>addas</strong></span> <span class='ocrx_word' id='word_1_506' title='bbox 2952 3683 3043 3760; x_wconf 75' lang='grc' dir='ltr'><strong>7οξ</strong></span> <span class='ocrx_word' id='word_1_507' title='bbox 3065 3683 3262 3760; x_wconf 86' lang='lat' dir='ltr'><strong>annos,</strong></span> <span class='ocrx_word' id='word_1_508' title='bbox 3296 3687 3430 3760; x_wconf 81' lang='lat' dir='ltr'><strong>ﬁent</strong></span> <span class='ocrx_word' id='word_1_509' title='bbox 3465 3683 3604 3745; x_wconf 69' lang='lat' dir='ltr'><strong>auiti</strong></span> 
     </span>
    </p>
   </div>
   <div class='ocr_carea' id='block_1_90' title="bbox 1954 3756 3458 3828">
    <p class='ocr_par' dir='ltr' id='par_1_90' title="bbox 1954 3756 3458 3828">
     <span class='ocr_line' id='line_1_90' title="bbox 1954 3756 3458 3828; baseline 0 -14"><span class='ocrx_word' id='word_1_510' title='bbox 1954 3756 2227 3815; x_wconf 51' lang='lat' dir='ltr'><strong>ab&#39;Adam</strong></span> <span class='ocrx_word' id='word_1_511' title='bbox 2256 3771 2437 3828; x_wconf 89' lang='lat' dir='ltr'><strong>usque</strong></span> <span class='ocrx_word' id='word_1_512' title='bbox 2460 3758 2529 3828; x_wconf 87' lang='lat' dir='ltr'><strong>ad</strong></span> <span class='ocrx_word' id='word_1_513' title='bbox 2563 3758 2853 3813; x_wconf 89' lang='lat' dir='ltr'><strong>reductam</strong></span> <span class='ocrx_word' id='word_1_514' title='bbox 2884 3756 3271 3827; x_wconf 84' lang='lat' dir='ltr'><strong>captivitatem</strong></span> <span class='ocrx_word' id='word_1_515' title='bbox 3300 3756 3458 3814; x_wconf 69' lang='grc'><strong>4984.</strong></span> 
     </span>
    </p>
   </div>
   <div class='ocr_carea' id='block_1_91' title="bbox 2028 3827 3607 3902">
    <p class='ocr_par' dir='ltr' id='par_1_91' title="bbox 2028 3827 3607 3902">
     <span class='ocr_line' id='line_1_91' title="bbox 2028 3827 3607 3902; baseline 0.001 -17"><span class='ocrx_word' id='word_1_516' title='bbox 2028 3830 2302 3885; x_wconf 69' lang='lat' dir='ltr'><strong>Caeterum</strong></span> <span class='ocrx_word' id='word_1_517' title='bbox 2335 3827 2384 3885; x_wconf 85' lang='lat' dir='ltr'><strong>si</strong></span> <span class='ocrx_word' id='word_1_518' title='bbox 2417 3827 2549 3898; x_wconf 89' lang='lat' dir='ltr'><strong>quis</strong></span> <span class='ocrx_word' id='word_1_519' title='bbox 2568 3828 2954 3902; x_wconf 69' lang='lat' dir='ltr'><strong>parteshujus</strong></span> <span class='ocrx_word' id='word_1_520' title='bbox 2975 3830 3607 3902; x_wconf 80' lang='lat' dir='ltr'><strong>temporisdiligentius</strong></span> 
     </span>
    </p>
   </div>
   <div class='ocr_carea' id='block_1_92' title="bbox 1958 3899 3605 3984">
    <p class='ocr_par' dir='ltr' id='par_1_92' title="bbox 1958 3899 3605 3984">
     <span class='ocr_line' id='line_1_92' title="bbox 1958 3899 3605 3984; baseline -0.001 -26"><span class='ocrx_word' id='word_1_521' title='bbox 1958 3902 2211 3984; x_wconf 71' lang='lat' dir='ltr'><strong>digestas</strong></span> <span class='ocrx_word' id='word_1_522' title='bbox 2234 3914 2333 3970; x_wconf 89' lang='lat' dir='ltr'><strong>per</strong></span> <span class='ocrx_word' id='word_1_523' title='bbox 2373 3913 2558 3984; x_wconf 76' lang='lat' dir='ltr'><strong>annos</strong></span> <span class='ocrx_word' id='word_1_524' title='bbox 2600 3899 3007 3984; x_wconf 57' lang='lat' dir='ltr'><strong>Chaldaeorum</strong></span> <span class='ocrx_word' id='word_1_525' title='bbox 3037 3914 3141 3984; x_wconf 66' lang='lat' dir='ltr'><strong>seu</strong></span> <span class='ocrx_word' id='word_1_526' title='bbox 3169 3899 3605 3984; x_wconf 69' lang='lat' dir='ltr'><strong>Babyloniorum</strong></span> 
     </span>
    </p>
   </div>
   <div class='ocr_carea' id='block_1_93' title="bbox 1961 3971 3611 4044">
    <p class='ocr_par' dir='ltr' id='par_1_93' title="bbox 1961 3971 3611 4044">
     <span class='ocr_line' id='line_1_93' title="bbox 1961 3971 3611 4044; baseline 0.001 -16"><span class='ocrx_word' id='word_1_527' title='bbox 1961 3971 2309 4044; x_wconf 86' lang='lat' dir='ltr'><strong>principum,</strong></span> <span class='ocrx_word' id='word_1_528' title='bbox 2338 3975 2393 4025; x_wconf 92' lang='lat' dir='ltr'><strong>et</strong></span> <span class='ocrx_word' id='word_1_529' title='bbox 2419 3976 2609 4044; x_wconf 85' lang='lat' dir='ltr'><strong>postea</strong></span> <span class='ocrx_word' id='word_1_530' title='bbox 2644 3971 2929 4044; x_wconf 84' lang='lat' dir='ltr'><strong>Medorum</strong></span> <span class='ocrx_word' id='word_1_531' title='bbox 2953 3974 3014 4044; x_wconf 86' lang='lat' dir='ltr'><strong>et</strong></span> <span class='ocrx_word' id='word_1_532' title='bbox 3062 3973 3378 4043; x_wconf 87' lang='lat' dir='ltr'><strong>Persarum,</strong></span> <span class='ocrx_word' id='word_1_533' title='bbox 3413 3973 3611 4029; x_wconf 80' lang='lat' dir='ltr'><strong>subti-</strong></span> 
     </span>
    </p>
   </div>
   <div class='ocr_carea' id='block_1_94' title="bbox 1959 4041 3612 4113">
    <p class='ocr_par' dir='ltr' id='par_1_94' title="bbox 1959 4041 3612 4113">
     <span class='ocr_line' id='line_1_94' title="bbox 1959 4041 3612 4113; baseline 0.001 -14"><span class='ocrx_word' id='word_1_534' title='bbox 1959 4041 2077 4099; x_wconf 79' lang='lat' dir='ltr'><strong>lius</strong></span> <span class='ocrx_word' id='word_1_535' title='bbox 2104 4043 2425 4113; x_wconf 88' lang='lat' dir='ltr'><strong>intelligere</strong></span> <span class='ocrx_word' id='word_1_536' title='bbox 2449 4041 2633 4110; x_wconf 89' lang='lat' dir='ltr'><strong>cupit,</strong></span> <span class='ocrx_word' id='word_1_537' title='bbox 2662 4042 2880 4096; x_wconf 88' lang='lat' dir='ltr'><strong>evolvat</strong></span> <span class='ocrx_word' id='word_1_538' title='bbox 2904 4043 3217 4113; x_wconf 86' lang='lat' dir='ltr'><strong>diligenter</strong></span> <span class='ocrx_word' id='word_1_539' title='bbox 3255 4056 3319 4099; x_wconf 88' lang='lat' dir='ltr'><strong>ea</strong></span> <span class='ocrx_word' id='word_1_540' title='bbox 3350 4041 3474 4113; x_wconf 64' lang='lat' dir='ltr'><strong>quas</strong></span> <span class='ocrx_word' id='word_1_541' title='bbox 3499 4046 3612 4099; x_wconf 76' lang='lat' dir='ltr'><strong>(lo—</strong></span> 
     </span>
    </p>
   </div>
   <div class='ocr_carea' id='block_1_95' title="bbox 1959 4112 3611 4182">
    <p class='ocr_par' dir='ltr' id='par_1_95' title="bbox 1959 4112 3611 4182">
     <span class='ocr_line' id='line_1_95' title="bbox 1959 4112 3611 4182; baseline 0 -11"><span class='ocrx_word' id='word_1_542' title='bbox 1959 4116 2215 4171; x_wconf 88' lang='lat' dir='ltr'><strong>etissime</strong></span> <span class='ocrx_word' id='word_1_543' title='bbox 2242 4112 2317 4168; x_wconf 39' lang='lat' dir='ltr'><strong>in’</strong></span> <span class='ocrx_word' id='word_1_544' title='bbox 2342 4113 2627 4168; x_wconf 89' lang='lat' dir='ltr'><strong>Danielem</strong></span> <span class='ocrx_word' id='word_1_545' title='bbox 2661 4112 2895 4182; x_wconf 88' lang='lat' dir='ltr'><strong>scripsit</strong></span> <span class='ocrx_word' id='word_1_546' title='bbox 2929 4112 3335 4181; x_wconf 85' lang='lat' dir='ltr'><strong>Theodoretus,</strong></span> <span class='ocrx_word' id='word_1_547' title='bbox 3368 4112 3475 4169; x_wconf 81' lang='lat' dir='ltr'><strong>ubi</strong></span> <span class='ocrx_word' id='word_1_548' title='bbox 3508 4118 3611 4171; x_wconf 76' lang='lat' dir='ltr'><strong>Jo—</strong></span> 
     </span>
    </p>
   </div>
   <div class='ocr_carea' id='block_1_96' title="bbox 1960 4183 3604 4255">
    <p class='ocr_par' dir='ltr' id='par_1_96' title="bbox 1960 4183 3604 4255">
     <span class='ocr_line' id='line_1_96' title="bbox 1960 4183 3604 4255; baseline -0.002 -12"><span class='ocrx_word' id='word_1_549' title='bbox 1960 4187 2197 4255; x_wconf 86' lang='lat' dir='ltr'><strong>sephum</strong></span> <span class='ocrx_word' id='word_1_550' title='bbox 2253 4183 2464 4255; x_wconf 82' lang='lat' dir='ltr'><strong>refutat</strong></span> <span class='ocrx_word' id='word_1_551' title='bbox 2509 4190 2579 4255; x_wconf 85' lang='lat' dir='ltr'><strong>et</strong></span> <span class='ocrx_word' id='word_1_552' title='bbox 2616 4188 2731 4255; x_wconf 88' lang='lat' dir='ltr'><strong>tres</strong></span> <span class='ocrx_word' id='word_1_553' title='bbox 2777 4184 3139 4253; x_wconf 84' lang='lat' dir='ltr'><strong>captivitates</strong></span> <span class='ocrx_word' id='word_1_554' title='bbox 3182 4184 3361 4241; x_wconf 78' lang='lat' dir='ltr'><strong>fuisse</strong></span> <span class='ocrx_word' id='word_1_555' title='bbox 3404 4187 3604 4241; x_wconf 57' lang='lat' dir='ltr'><strong>(hcet:</strong></span> 
     </span>
    </p>
   </div>
   <div class='ocr_carea' id='block_1_97' title="bbox 1964 4253 3610 4328">
    <p class='ocr_par' dir='ltr' id='par_1_97' title="bbox 1964 4253 3610 4328">
     <span class='ocr_line' id='line_1_97' title="bbox 1964 4253 3610 4328; baseline -0.002 -15"><span class='ocrx_word' id='word_1_556' title='bbox 1964 4253 2229 4328; x_wconf 82' lang='lat' dir='ltr'><strong>primam,</strong></span> <span class='ocrx_word' id='word_1_557' title='bbox 2246 4270 2395 4312; x_wconf 86' lang='lat' dir='ltr'><strong>anno</strong></span> <span class='ocrx_word' id='word_1_558' title='bbox 2429 4253 2449 4309; x_wconf 77' lang='grc'><strong>4</strong></span> <span class='ocrx_word' id='word_1_559' title='bbox 2486 4254 3083 4328; x_wconf 53' lang='grc' dir='ltr'><strong>Νίῲιιφῂοᾱφηωοιείε,</strong></span> <span class='ocrx_word' id='word_1_560' title='bbox 3116 4256 3301 4328; x_wconf 82' lang='lat' dir='ltr'><strong>inqua</strong></span> <span class='ocrx_word' id='word_1_561' title='bbox 3329 4256 3610 4312; x_wconf 67' lang='lat' dir='ltr'><strong>abductus</strong></span> 
     </span>
    </p>
   </div>
   <div class='ocr_carea' id='block_1_98' title="bbox 1964 4324 3612 4397">
    <p class='ocr_par' dir='ltr' id='par_1_98' title="bbox 1964 4324 3612 4397">
     <span class='ocr_line' id='line_1_98' title="bbox 1964 4324 3612 4397; baseline -0.003 -12"><span class='ocrx_word' id='word_1_562' title='bbox 1964 4324 2050 4385; x_wconf 78' lang='lat' dir='ltr'><strong>est</strong></span> <span class='ocrx_word' id='word_1_563' title='bbox 2095 4324 2315 4397; x_wconf 82' lang='lat' dir='ltr'><strong>Daniel,</strong></span> <span class='ocrx_word' id='word_1_564' title='bbox 2362 4340 2510 4381; x_wconf 88' lang='lat' dir='ltr'><strong>anno</strong></span> <span class='ocrx_word' id='word_1_565' title='bbox 2555 4324 2593 4397; x_wconf 79' lang='lat'><strong>3</strong></span> <span class='ocrx_word' id='word_1_566' title='bbox 2650 4326 2928 4380; x_wconf 89' lang='lat' dir='ltr'><strong>Eliachim</strong></span> <span class='ocrx_word' id='word_1_567' title='bbox 2975 4324 3125 4397; x_wconf 87' lang='lat' dir='ltr'><strong>regis</strong></span> <span class='ocrx_word' id='word_1_568' title='bbox 3168 4324 3330 4381; x_wconf 85' lang='lat' dir='ltr'><strong>Juda.</strong></span> <span class='ocrx_word' id='word_1_569' title='bbox 3374 4341 3612 4397; x_wconf 78' lang='lat' dir='ltr'><strong>eamque</strong></span> 
     </span>
    </p>
   </div>
   <div class='ocr_carea' id='block_1_99' title="bbox 198 4376 3613 4474">
    <p class='ocr_par' dir='ltr' id='par_1_99' title="bbox 198 4376 3613 4474">
     <span class='ocr_line' id='line_1_99' title="bbox 198 4376 3613 4474; baseline -0.002 -16"><span class='ocrx_word' id='word_1_570' title='bbox 198 4376 320 4471; x_wconf 63' lang='lat' dir='ltr'><strong>aa;</strong></span> <span class='ocrx_word' id='word_1_571' title='bbox 334 4376 539 4458; x_wconf 50' lang='lat' dir='ltr'><strong>neat“;</strong></span> <span class='ocrx_word' id='word_1_572' title='bbox 560 4376 844 4472; x_wconf 51' lang='lat' dir='ltr'><strong>caetrae</strong></span> <span class='ocrx_word' id='word_1_573' title='bbox 866 4376 1425 4474; x_wconf 57' lang='grc' dir='ltr'><strong>ῑῖςβῖιιῑῑςῑάναηῑ-εί</strong></span> <span class='ocrx_word' id='word_1_574' title='bbox 1445 4376 1855 4459; x_wconf 58' lang='lat' dir='ltr'><strong>suae“</strong></span> <span class='ocrx_word' id='word_1_575' title='bbox 1887 4376 1935 4434; x_wconf 78' lang='grc' dir='ltr'><strong>ι)</strong></span> <span class='ocrx_word' id='word_1_576' title='bbox 1966 4376 2133 4474; x_wconf 60' lang='lat' dir='ltr'><strong>tinem</strong></span> <span class='ocrx_word' id='word_1_577' title='bbox 2168 4376 2618 4474; x_wconf 56' lang='lat' dir='ltr'><strong>massam</strong></span> <span class='ocrx_word' id='word_1_578' title='bbox 2647 4397 2988 4474; x_wconf 39' lang='lat' dir='ltr'><strong>CyroAPersa</strong></span> <span class='ocrx_word' id='word_1_579' title='bbox 3010 4376 3379 4474; x_wconf 50' lang='grc' dir='ltr'><strong>ςεξρυρηαρηη</strong></span> <span class='ocrx_word' id='word_1_580' title='bbox 3578 4397 3613 4451; x_wconf 75' lang='grc' dir='ltr'>υ</span> 
     </span>
    </p>
   </div>
   <div class='ocr_carea' id='block_1_100' title="bbox 199 4473 1858 4544">
    <p class='ocr_par' dir='ltr' id='par_1_100' title="bbox 199 4473 1858 4544">
     <span class='ocr_line' id='line_1_100' title="bbox 199 4473 1858 4544; baseline 0 -17"><span class='ocrx_word' id='word_1_581' title='bbox 199 4479 402 4544; x_wconf 83' lang='lat' dir='ltr'><strong>exstat,</strong></span> <span class='ocrx_word' id='word_1_582' title='bbox 449 4474 606 4529; x_wconf 87' lang='lat' dir='ltr'><strong>duos</strong></span> <span class='ocrx_word' id='word_1_583' title='bbox 652 4478 872 4544; x_wconf 89' lang='lat' dir='ltr'><strong>tantum</strong></span> <span class='ocrx_word' id='word_1_584' title='bbox 921 4473 1101 4531; x_wconf 82' lang='lat' dir='ltr'><strong>annos</strong></span> <span class='ocrx_word' id='word_1_585' title='bbox 1147 4473 1199 4528; x_wconf 91' lang='lat' dir='ltr'><strong>ei</strong></span> <span class='ocrx_word' id='word_1_586' title='bbox 1251 4473 1535 4529; x_wconf 91' lang='lat' dir='ltr'><strong>tribuunt.</strong></span> <span class='ocrx_word' id='word_1_587' title='bbox 1585 4475 1743 4543; x_wconf 90' lang='lat' dir='ltr'><strong>Quod</strong></span> <span class='ocrx_word' id='word_1_588' title='bbox 1787 4474 1858 4527; x_wconf 90' lang='lat' dir='ltr'><strong>de</strong></span> 
     </span>
    </p>
   </div>
   <div class='ocr_carea' id='block_1_101' title="bbox 202 4543 1860 4616">
    <p class='ocr_par' dir='ltr' id='par_1_101' title="bbox 202 4543 1860 4616">
     <span class='ocr_line' id='line_1_101' title="bbox 202 4543 1860 4616; baseline 0.001 -18"><span class='ocrx_word' id='word_1_589' title='bbox 202 4545 480 4600; x_wconf 82' lang='lat' dir='ltr'><strong>anarehia</strong></span> <span class='ocrx_word' id='word_1_590' title='bbox 512 4544 664 4616; x_wconf 88' lang='lat' dir='ltr'><strong>dicit</strong></span> <span class='ocrx_word' id='word_1_591' title='bbox 687 4543 843 4600; x_wconf 85' lang='lat' dir='ltr'><strong>Nieit</strong></span> <span class='ocrx_word' id='word_1_592' title='bbox 866 4546 1244 4616; x_wconf 88' lang='lat' dir='ltr'><strong>Nicephorus,</strong></span> <span class='ocrx_word' id='word_1_593' title='bbox 1296 4545 1353 4601; x_wconf 89' lang='lat' dir='ltr'><strong>id</strong></span> <span class='ocrx_word' id='word_1_594' title='bbox 1388 4550 1609 4615; x_wconf 90' lang='lat' dir='ltr'><strong>tempus</strong></span> <span class='ocrx_word' id='word_1_595' title='bbox 1640 4545 1860 4599; x_wconf 90' lang='lat' dir='ltr'><strong>indicat</strong></span> 
     </span>
    </p>
   </div>
   <div class='ocr_carea' id='block_1_102' title="bbox 199 4615 1860 4688">
    <p class='ocr_par' dir='ltr' id='par_1_102' title="bbox 199 4615 1860 4688">
     <span class='ocr_line' id='line_1_102' title="bbox 199 4615 1860 4688; baseline -0.002 -16"><span class='ocrx_word' id='word_1_596' title='bbox 199 4630 310 4685; x_wconf 83' lang='lat' dir='ltr'><strong>quo</strong></span> <span class='ocrx_word' id='word_1_597' title='bbox 337 4623 551 4672; x_wconf 87' lang='lat' dir='ltr'><strong>contra</strong></span> <span class='ocrx_word' id='word_1_598' title='bbox 584 4615 760 4687; x_wconf 87' lang='lat' dir='ltr'><strong>legem</strong></span> <span class='ocrx_word' id='word_1_599' title='bbox 785 4620 844 4671; x_wconf 89' lang='lat' dir='ltr'><strong>et</strong></span> <span class='ocrx_word' id='word_1_600' title='bbox 868 4632 966 4686; x_wconf 90' lang='lat' dir='ltr'><strong>per</strong></span> <span class='ocrx_word' id='word_1_601' title='bbox 995 4615 1108 4672; x_wconf 89' lang='lat' dir='ltr'><strong>vim</strong></span> <span class='ocrx_word' id='word_1_602' title='bbox 1138 4629 1171 4671; x_wconf 91' lang='lat' dir='ltr'><strong>a</strong></span> <span class='ocrx_word' id='word_1_603' title='bbox 1215 4630 1342 4688; x_wconf 88' lang='lat' dir='ltr'><strong>rege</strong></span> <span class='ocrx_word' id='word_1_604' title='bbox 1375 4617 1596 4687; x_wconf 76' lang='lat' dir='ltr'><strong>IEgypti</strong></span> <span class='ocrx_word' id='word_1_605' title='bbox 1643 4620 1860 4688; x_wconf 85' lang='lat' dir='ltr'><strong>mutata</strong></span> 
     </span>
    </p>
   </div>
   <div class='ocr_carea' id='block_1_103' title="bbox 200 4686 1863 4757">
    <p class='ocr_par' dir='ltr' id='par_1_103' title="bbox 200 4686 1863 4757">
     <span class='ocr_line' id='line_1_103' title="bbox 200 4686 1863 4757; baseline -0.002 -15"><span class='ocrx_word' id='word_1_606' title='bbox 200 4693 284 4741; x_wconf 87' lang='lat' dir='ltr'><strong>est</strong></span> <span class='ocrx_word' id='word_1_607' title='bbox 306 4694 365 4742; x_wconf 86' lang='lat' dir='ltr'><strong>et</strong></span> <span class='ocrx_word' id='word_1_608' title='bbox 392 4688 631 4742; x_wconf 86' lang='lat' dir='ltr'><strong>turbata</strong></span> <span class='ocrx_word' id='word_1_609' title='bbox 650 4686 849 4742; x_wconf 80' lang='lat' dir='ltr'><strong>series</strong></span> <span class='ocrx_word' id='word_1_610' title='bbox 891 4688 1190 4757; x_wconf 83' lang='lat' dir='ltr'><strong>regnandi,</strong></span> <span class='ocrx_word' id='word_1_611' title='bbox 1243 4686 1600 4756; x_wconf 80' lang='lat' dir='ltr'><strong>primamque</strong></span> <span class='ocrx_word' id='word_1_612' title='bbox 1626 4686 1863 4755; x_wconf 31' lang='lat' dir='ltr'><strong>captivis</strong></span> 
     </span>
    </p>
   </div>
   <div class='ocr_carea' id='block_1_104' title="bbox 205 4756 1860 4829">
    <p class='ocr_par' dir='ltr' id='par_1_104' title="bbox 205 4756 1860 4829">
     <span class='ocr_line' id='line_1_104' title="bbox 205 4756 1860 4829; baseline -0.001 -18"><span class='ocrx_word' id='word_1_613' title='bbox 205 4761 372 4813; x_wconf 83' lang='lat' dir='ltr'><strong>tatem</strong></span> <span class='ocrx_word' id='word_1_614' title='bbox 395 4758 716 4829; x_wconf 86' lang='lat' dir='ltr'><strong>signiﬁcat,</strong></span> <span class='ocrx_word' id='word_1_615' title='bbox 750 4772 876 4828; x_wconf 75' lang='lat' dir='ltr'><strong>qua:</strong></span> <span class='ocrx_word' id='word_1_616' title='bbox 920 4756 1064 4814; x_wconf 81' lang='lat' dir='ltr'><strong>facta</strong></span> <span class='ocrx_word' id='word_1_617' title='bbox 1095 4764 1182 4814; x_wconf 88' lang='lat' dir='ltr'><strong>est</strong></span> <span class='ocrx_word' id='word_1_618' title='bbox 1216 4763 1465 4827; x_wconf 85' lang='lat' dir='ltr'><strong>tempore</strong></span> <span class='ocrx_word' id='word_1_619' title='bbox 1493 4759 1730 4812; x_wconf 86' lang='lat' dir='ltr'><strong>.loachas</strong></span> <span class='ocrx_word' id='word_1_620' title='bbox 1760 4771 1860 4829; x_wconf 87' lang='lat' dir='ltr'><strong>seu</strong></span> 
     </span>
    </p>
   </div>
   <div class='ocr_carea' id='block_1_105' title="bbox 199 4828 1862 4900">
    <p class='ocr_par' dir='ltr' id='par_1_105' title="bbox 199 4828 1862 4900">
     <span class='ocr_line' id='line_1_105' title="bbox 199 4828 1862 4900; baseline 0.002 -21"><span class='ocrx_word' id='word_1_621' title='bbox 199 4830 413 4884; x_wconf 84' lang='lat' dir='ltr'><strong>Joaeim</strong></span> <span class='ocrx_word' id='word_1_622' title='bbox 472 4828 589 4884; x_wconf 79' lang='lat' dir='ltr'><strong>ﬁlii</strong></span> <span class='ocrx_word' id='word_1_623' title='bbox 631 4830 820 4898; x_wconf 69' lang='lat' dir='ltr'><strong>JOSitB,</strong></span> <span class='ocrx_word' id='word_1_624' title='bbox 852 4831 1021 4900; x_wconf 87' lang='lat' dir='ltr'><strong>cujus</strong></span> <span class='ocrx_word' id='word_1_625' title='bbox 1054 4830 1317 4885; x_wconf 91' lang='lat' dir='ltr'><strong>meminit</strong></span> <span class='ocrx_word' id='word_1_626' title='bbox 1362 4830 1751 4883; x_wconf 88' lang='lat' dir='ltr'><strong>Theodoretus</strong></span> <span class='ocrx_word' id='word_1_627' title='bbox 1803 4828 1862 4882; x_wconf 90' lang='lat' dir='ltr'><strong>iu</strong></span> 
     </span>
    </p>
   </div>
   <div class='ocr_carea' id='block_1_106' title="bbox 204 4899 1861 4971">
    <p class='ocr_par' dir='ltr' id='par_1_106' title="bbox 204 4899 1861 4971">
     <span class='ocr_line' id='line_1_106' title="bbox 204 4899 1861 4971; baseline -0.001 -16"><span class='ocrx_word' id='word_1_628' title='bbox 204 4901 507 4956; x_wconf 85' lang='lat' dir='ltr'><strong>Danielem</strong></span> <span class='ocrx_word' id='word_1_629' title='bbox 538 4904 683 4956; x_wconf 89' lang='lat' dir='ltr'><strong>orat.</strong></span> <span class='ocrx_word' id='word_1_630' title='bbox 716 4899 770 4969; x_wconf 83' lang='lat'><strong>9,</strong></span> <span class='ocrx_word' id='word_1_631' title='bbox 800 4901 901 4956; x_wconf 90' lang='lat' dir='ltr'><strong>ubi</strong></span> <span class='ocrx_word' id='word_1_632' title='bbox 932 4899 1050 4957; x_wconf 87' lang='lat' dir='ltr'><strong>tres</strong></span> <span class='ocrx_word' id='word_1_633' title='bbox 1080 4901 1442 4971; x_wconf 87' lang='lat' dir='ltr'><strong>captivitates</strong></span> <span class='ocrx_word' id='word_1_634' title='bbox 1472 4900 1651 4956; x_wconf 84' lang='lat' dir='ltr'><strong>fuisse</strong></span> <span class='ocrx_word' id='word_1_635' title='bbox 1675 4900 1861 4969; x_wconf 85' lang='lat' dir='ltr'><strong>docet,</strong></span> 
     </span>
    </p>
   </div>
   <div class='ocr_carea' id='block_1_107' title="bbox 202 4971 1868 5043">
    <p class='ocr_par' dir='ltr' id='par_1_107' title="bbox 202 4971 1868 5043">
     <span class='ocr_line' id='line_1_107' title="bbox 202 4971 1868 5043; baseline -0.001 -16"><span class='ocrx_word' id='word_1_636' title='bbox 202 4972 352 5042; x_wconf 89' lang='lat' dir='ltr'><strong>quod</strong></span> <span class='ocrx_word' id='word_1_637' title='bbox 383 4978 620 5042; x_wconf 86' lang='lat' dir='ltr'><strong>tempus</strong></span> <span class='ocrx_word' id='word_1_638' title='bbox 647 4986 776 5028; x_wconf 90' lang='lat' dir='ltr'><strong>cum</strong></span> <span class='ocrx_word' id='word_1_639' title='bbox 799 4973 1060 5043; x_wconf 90' lang='lat' dir='ltr'><strong>sequenti</strong></span> <span class='ocrx_word' id='word_1_640' title='bbox 1098 4971 1371 5029; x_wconf 82' lang='lat' dir='ltr'><strong>confundi</strong></span> <span class='ocrx_word' id='word_1_641' title='bbox 1402 4971 1586 5042; x_wconf 90' lang='lat' dir='ltr'><strong>debet,</strong></span> <span class='ocrx_word' id='word_1_642' title='bbox 1634 4984 1744 5026; x_wconf 90' lang='lat' dir='ltr'><strong>non</strong></span> <span class='ocrx_word' id='word_1_643' title='bbox 1771 4984 1868 5026; x_wconf 80' lang='lat' dir='ltr'><strong>au-</strong></span> 
     </span>
    </p>
   </div>
   <div class='ocr_carea' id='block_1_108' title="bbox 1966 4467 3616 4538">
    <p class='ocr_par' dir='ltr' id='par_1_108' title="bbox 1966 4467 3616 4538">
     <span class='ocr_line' id='line_1_108' title="bbox 1966 4467 3616 4538; baseline -0.003 -11"><span class='ocrx_word' id='word_1_644' title='bbox 1966 4467 2564 4538; x_wconf 76' lang='lat' dir='ltr'><strong>Nabuchodonosoris,</strong></span> <span class='ocrx_word' id='word_1_645' title='bbox 2623 4467 2947 4538; x_wconf 65' lang='lat' dir='ltr'><strong>quaeﬁnita</strong></span> <span class='ocrx_word' id='word_1_646' title='bbox 2977 4472 3064 4522; x_wconf 77' lang='lat' dir='ltr'><strong>est</strong></span> <span class='ocrx_word' id='word_1_647' title='bbox 3093 4467 3200 4523; x_wconf 89' lang='lat' dir='ltr'><strong>sub</strong></span> <span class='ocrx_word' id='word_1_648' title='bbox 3251 4468 3422 4522; x_wconf 84' lang='lat' dir='ltr'><strong>Dario</strong></span> <span class='ocrx_word' id='word_1_649' title='bbox 3467 4470 3616 4538; x_wconf 75' lang='lat' dir='ltr'><strong>[lys-</strong></span> 
     </span>
    </p>
   </div>
   <div class='ocr_carea' id='block_1_109' title="bbox 1967 4536 3615 4610">
    <p class='ocr_par' dir='ltr' id='par_1_109' title="bbox 1967 4536 3615 4610">
     <span class='ocr_line' id='line_1_109' title="bbox 1967 4536 3615 4610; baseline -0.002 -12"><span class='ocrx_word' id='word_1_650' title='bbox 1967 4541 2183 4610; x_wconf 82' lang='lat' dir='ltr'><strong>taspis;</strong></span> <span class='ocrx_word' id='word_1_651' title='bbox 2239 4540 2487 4608; x_wconf 88' lang='lat' dir='ltr'><strong>tertiam,</strong></span> <span class='ocrx_word' id='word_1_652' title='bbox 2532 4536 2682 4594; x_wconf 82' lang='lat' dir='ltr'><strong>anno</strong></span> <span class='ocrx_word' id='word_1_653' title='bbox 2728 4536 2795 4594; x_wconf 74' lang='grc'><strong>19</strong></span> <span class='ocrx_word' id='word_1_654' title='bbox 2839 4538 3433 4605; x_wconf 72' lang='lat' dir='ltr'><strong>Nabuchodonosaris,</strong></span> <span class='ocrx_word' id='word_1_655' title='bbox 3492 4536 3615 4609; x_wconf 72' lang='lat' dir='ltr'><strong>que</strong></span> 
     </span>
    </p>
   </div>
   <div class='ocr_carea' id='block_1_110' title="bbox 1967 4610 3612 4670">
    <p class='ocr_par' dir='ltr' id='par_1_110' title="bbox 1967 4610 3612 4670">
     <span class='ocr_line' id='line_1_110' title="bbox 1967 4610 3612 4670; baseline -0.003 0"><span class='ocrx_word' id='word_1_656' title='bbox 1967 4613 2143 4670; x_wconf 89' lang='lat' dir='ltr'><strong>desiit</strong></span> <span class='ocrx_word' id='word_1_657' title='bbox 2203 4610 2310 4667; x_wconf 89' lang='lat' dir='ltr'><strong>sub</strong></span> <span class='ocrx_word' id='word_1_658' title='bbox 2357 4613 2667 4665; x_wconf 79' lang='lat' dir='ltr'><strong>Artaxerxe</strong></span> <span class='ocrx_word' id='word_1_659' title='bbox 2715 4610 2838 4665; x_wconf 88' lang='lat' dir='ltr'><strong>ﬁlio</strong></span> <span class='ocrx_word' id='word_1_660' title='bbox 2887 4611 3130 4665; x_wconf 78' lang='lat' dir='ltr'><strong>Xerxis:</strong></span> <span class='ocrx_word' id='word_1_661' title='bbox 3180 4623 3377 4665; x_wconf 84' lang='lat' dir='ltr'><strong>omnes</strong></span> <span class='ocrx_word' id='word_1_662' title='bbox 3425 4618 3612 4666; x_wconf 78' lang='lat' dir='ltr'><strong>auten</strong></span> 
     </span>
    </p>
   </div>
   <div class='ocr_carea' id='block_1_111' title="bbox 1969 4679 3614 4750">
    <p class='ocr_par' dir='ltr' id='par_1_111' title="bbox 1969 4679 3614 4750">
     <span class='ocr_line' id='line_1_111' title="bbox 1969 4679 3614 4750; baseline -0.003 -10"><span class='ocrx_word' id='word_1_663' title='bbox 1969 4686 2206 4740; x_wconf 83' lang='lat' dir='ltr'><strong>durasse</strong></span> <span class='ocrx_word' id='word_1_664' title='bbox 2232 4682 2402 4736; x_wconf 76' lang='lat' dir='ltr'><strong>annis</strong></span> <span class='ocrx_word' id='word_1_665' title='bbox 2451 4679 2540 4736; x_wconf 80' lang='grc'><strong>70.</strong></span> <span class='ocrx_word' id='word_1_666' title='bbox 2597 4682 2699 4735; x_wconf 86' lang='lat' dir='ltr'><strong>Sed</strong></span> <span class='ocrx_word' id='word_1_667' title='bbox 2753 4682 3034 4750; x_wconf 80' lang='lat' dir='ltr'><strong>receptior</strong></span> <span class='ocrx_word' id='word_1_668' title='bbox 3085 4680 3284 4749; x_wconf 88' lang='lat' dir='ltr'><strong>opinio</strong></span> <span class='ocrx_word' id='word_1_669' title='bbox 3337 4689 3418 4735; x_wconf 53' lang='lat' dir='ltr'><strong>est</strong></span> <span class='ocrx_word' id='word_1_670' title='bbox 3449 4696 3614 4749; x_wconf 61' lang='lat' dir='ltr'><strong>quum</strong></span> 
     </span>
    </p>
   </div>
   <div class='ocr_carea' id='block_1_112' title="bbox 1971 4752 3617 4822">
    <p class='ocr_par' dir='ltr' id='par_1_112' title="bbox 1971 4752 3617 4822">
     <span class='ocr_line' id='line_1_112' title="bbox 1971 4752 3617 4822; baseline -0.002 -12"><span class='ocrx_word' id='word_1_671' title='bbox 1971 4763 2026 4811; x_wconf 89' lang='lat' dir='ltr'><strong>et</strong></span> <span class='ocrx_word' id='word_1_672' title='bbox 2051 4754 2142 4809; x_wconf 83' lang='lat' dir='ltr'><strong>hic</strong></span> <span class='ocrx_word' id='word_1_673' title='bbox 2182 4759 2383 4807; x_wconf 86' lang='lat' dir='ltr'><strong>auctor</strong></span> <span class='ocrx_word' id='word_1_674' title='bbox 2426 4752 2710 4822; x_wconf 86' lang='lat' dir='ltr'><strong>sequitur.</strong></span> <span class='ocrx_word' id='word_1_675' title='bbox 2741 4753 3002 4808; x_wconf 89' lang='lat' dir='ltr'><strong>ultimam</strong></span> <span class='ocrx_word' id='word_1_676' title='bbox 3056 4752 3447 4821; x_wconf 75' lang='lat' dir='ltr'><strong>ti&#39;ansmigrali</strong></span> <span class='ocrx_word' id='word_1_677' title='bbox 3476 4768 3617 4807; x_wconf 61' lang='lat' dir='ltr'><strong>mea]</strong></span> 
     </span>
    </p>
   </div>
   <div class='ocr_carea' id='block_1_113' title="bbox 1974 4823 3620 4894">
    <p class='ocr_par' dir='ltr' id='par_1_113' title="bbox 1974 4823 3620 4894">
     <span class='ocr_line' id='line_1_113' title="bbox 1974 4823 3620 4894; baseline -0.003 -11"><span class='ocrx_word' id='word_1_678' title='bbox 1974 4832 2031 4883; x_wconf 91' lang='lat' dir='ltr'><strong>et</strong></span> <span class='ocrx_word' id='word_1_679' title='bbox 2052 4824 2207 4881; x_wconf 88' lang='lat' dir='ltr'><strong>desol</strong></span> <span class='ocrx_word' id='word_1_680' title='bbox 2226 4825 2459 4879; x_wconf 76' lang='lat' dir='ltr'><strong>itionem</strong></span> <span class='ocrx_word' id='word_1_681' title='bbox 2485 4823 2649 4877; x_wconf 87' lang='lat' dir='ltr'><strong>tinem</strong></span> <span class='ocrx_word' id='word_1_682' title='bbox 2672 4824 2962 4893; x_wconf 88' lang='lat' dir='ltr'><strong>accepisse</strong></span> <span class='ocrx_word' id='word_1_683' title='bbox 2992 4824 3099 4879; x_wconf 85' lang='lat' dir='ltr'><strong>sub</strong></span> <span class='ocrx_word' id='word_1_684' title='bbox 3126 4824 3297 4878; x_wconf 80' lang='lat' dir='ltr'><strong>Dario</strong></span> <span class='ocrx_word' id='word_1_685' title='bbox 3326 4826 3620 4894; x_wconf 49' lang='lat' dir='ltr'><strong>Hystaspis</strong></span> 
     </span>
    </p>
   </div>
   <div class='ocr_carea' id='block_1_114' title="bbox 1977 4898 2115 4953">
    <p class='ocr_par' dir='ltr' id='par_1_114' title="bbox 1977 4898 2115 4953">
     <span class='ocr_line' id='line_1_114' title="bbox 1977 4898 2115 4953; baseline -0.014 0"><span class='ocrx_word' id='word_1_686' title='bbox 1977 4898 2115 4953; x_wconf 87' lang='lat' dir='ltr'><strong>ﬁlio.</strong></span> 
     </span>
    </p>
   </div>
   <div class='ocr_carea' id='block_1_115' title="bbox 2045 4964 3622 5037">
    <p class='ocr_par' dir='ltr' id='par_1_115' title="bbox 2045 4964 3622 5037">
     <span class='ocr_line' id='line_1_115' title="bbox 2045 4964 3622 5037; baseline -0.002 -14"><span class='ocrx_word' id='word_1_687' title='bbox 2045 4969 2127 5023; x_wconf 87' lang='lat' dir='ltr'><strong>An</strong></span> <span class='ocrx_word' id='word_1_688' title='bbox 2146 4969 2273 5022; x_wconf 67' lang='lat' dir='ltr'><strong>Car.</strong></span> <span class='ocrx_word' id='word_1_689' title='bbox 2305 4966 2415 5021; x_wconf 65' lang='grc' dir='ltr'><strong>ΥΠ.</strong></span> <span class='ocrx_word' id='word_1_690' title='bbox 2437 4995 2511 5005; x_wconf 89' lang='grc'><strong><em>-</em></strong></span> <span class='ocrx_word' id='word_1_691' title='bbox 2538 4964 2584 5021; x_wconf 88' lang='grc' dir='ltr'><strong>Λ</strong></span> <span class='ocrx_word' id='word_1_692' title='bbox 2607 4965 2938 5034; x_wconf 87' lang='lat' dir='ltr'><strong>captivitate</strong></span> <span class='ocrx_word' id='word_1_693' title='bbox 2973 4966 3204 5021; x_wconf 84' lang='lat' dir='ltr'><strong>reducta</strong></span> <span class='ocrx_word' id='word_1_694' title='bbox 3233 4966 3441 5037; x_wconf 82' lang='lat' dir='ltr'><strong>incipit</strong></span> <span class='ocrx_word' id='word_1_695' title='bbox 3466 4980 3622 5023; x_wconf 72' lang='lat' dir='ltr'><strong>sacra</strong></span> 
     </span>
    </p>
   </div>
   <div class='ocr_carea' id='block_1_116' title="bbox 1371 5057 2350 5118">
    <p class='ocr_par' dir='ltr' id='par_1_116' title="bbox 1371 5057 2350 5118">
     <span class='ocr_line' id='line_1_116' title="bbox 1371 5057 2350 5118; baseline -0.008 0"><span class='ocrx_word' id='word_1_696' title='bbox 1371 5062 1675 5118; x_wconf 75' lang='lat' dir='ltr'><strong>EIUSDEM</strong></span> <span class='ocrx_word' id='word_1_697' title='bbox 1717 5060 1920 5117; x_wconf 62' lang='lat' dir='ltr'><strong>NOTIE</strong></span> <span class='ocrx_word' id='word_1_698' title='bbox 1955 5057 2350 5115; x_wconf 67' lang='lat' dir='ltr'><strong>HISTORICE.</strong></span> 
     </span>
    </p>
   </div>
   <div class='ocr_carea' id='block_1_117' title="bbox 274 5149 1275 5210">
    <p class='ocr_par' dir='ltr' id='par_1_117' title="bbox 274 5149 1275 5210">
     <span class='ocr_line' id='line_1_117' title="bbox 274 5149 1275 5210; baseline -0.002 -1"><span class='ocrx_word' id='word_1_699' title='bbox 274 5164 295 5192; x_wconf 87' lang='grc'><strong>·</strong></span> <span class='ocrx_word' id='word_1_700' title='bbox 321 5152 424 5209; x_wconf 91' lang='lat' dir='ltr'><strong>Sic</strong></span> <span class='ocrx_word' id='word_1_701' title='bbox 460 5165 532 5208; x_wconf 89' lang='lat' dir='ltr'><strong>ex</strong></span> <span class='ocrx_word' id='word_1_702' title='bbox 561 5149 866 5210; x_wconf 82' lang='lat' dir='ltr'><strong>Anastasio</strong></span> <span class='ocrx_word' id='word_1_703' title='bbox 892 5152 1275 5210; x_wconf 88' lang='lat' dir='ltr'><strong>restituimus.</strong></span> 
     </span>
    </p>
   </div>
   <div class='ocr_carea' id='block_1_118' title="bbox 274 5221 1873 5297">
    <p class='ocr_par' dir='ltr' id='par_1_118' title="bbox 274 5221 1873 5297">
     <span class='ocr_line' id='line_1_118' title="bbox 274 5221 1873 5297; baseline -0.001 -17"><span class='ocrx_word' id='word_1_704' title='bbox 274 5221 303 5262; x_wconf 63' lang='grc' dir='ltr'>δ</span> <span class='ocrx_word' id='word_1_705' title='bbox 327 5225 508 5297; x_wconf 77' lang='lat' dir='ltr'><strong>Apud</strong></span> <span class='ocrx_word' id='word_1_706' title='bbox 531 5225 894 5282; x_wconf 84' lang='lat' dir='ltr'><strong>Anastasium</strong></span> <span class='ocrx_word' id='word_1_707' title='bbox 921 5226 1091 5283; x_wconf 90' lang='lat' dir='ltr'><strong>etiam</strong></span> <span class='ocrx_word' id='word_1_708' title='bbox 1116 5224 1394 5282; x_wconf 88' lang='lat' dir='ltr'><strong>scribitur</strong></span> <span class='ocrx_word' id='word_1_709' title='bbox 1434 5224 1632 5297; x_wconf 83' lang='lat' dir='ltr'><strong>Amen,</strong></span> <span class='ocrx_word' id='word_1_710' title='bbox 1658 5223 1873 5280; x_wconf 89' lang='lat' dir='ltr'><strong>rectius</strong></span> 
     </span>
    </p>
   </div>
   <div class='ocr_carea' id='block_1_119' title="bbox 209 5295 614 5365">
    <p class='ocr_par' dir='ltr' id='par_1_119' title="bbox 209 5295 614 5365">
     <span class='ocr_line' id='line_1_119' title="bbox 209 5295 614 5365; baseline -0.01 -10"><span class='ocrx_word' id='word_1_711' title='bbox 209 5310 385 5365; x_wconf 83' lang='lat' dir='ltr'><strong>quam</strong></span> <span class='ocrx_word' id='word_1_712' title='bbox 420 5295 614 5351; x_wconf 83' lang='lat' dir='ltr'><strong>Amos.</strong></span> 
     </span>
    </p>
   </div>
   <div class='ocr_carea' id='block_1_120' title="bbox 272 5368 1526 5441">
    <p class='ocr_par' dir='ltr' id='par_1_120' title="bbox 272 5368 1526 5441">
     <span class='ocr_line' id='line_1_120' title="bbox 272 5368 1526 5441; baseline -0.002 -16"><span class='ocrx_word' id='word_1_713' title='bbox 272 5383 302 5413; x_wconf 85' lang='lat' dir='ltr'><strong>c</strong></span> <span class='ocrx_word' id='word_1_714' title='bbox 330 5368 688 5425; x_wconf 76' lang='lat' dir='ltr'><strong>Anastasius</strong></span> <span class='ocrx_word' id='word_1_715' title='bbox 708 5368 896 5440; x_wconf 84' lang='lat' dir='ltr'><strong>habet,</strong></span> <span class='ocrx_word' id='word_1_716' title='bbox 919 5370 1144 5426; x_wconf 81' lang='lat' dir='ltr'><strong>cessatio</strong></span> <span class='ocrx_word' id='word_1_717' title='bbox 1156 5369 1526 5441; x_wconf 70' lang='lat' dir='ltr'><strong>principatus.</strong></span> 
     </span>
    </p>
   </div>
   <div class='ocr_carea' id='block_1_121' title="bbox 275 5440 1445 5508">
    <p class='ocr_par' dir='ltr' id='par_1_121' title="bbox 275 5440 1445 5508">
     <span class='ocr_line' id='line_1_121' title="bbox 275 5440 1445 5508; baseline 0 -13"><span class='ocrx_word' id='word_1_718' title='bbox 275 5440 300 5479; x_wconf 69' lang='grc' dir='ltr'><em>δ</em></span> <span class='ocrx_word' id='word_1_719' title='bbox 336 5443 403 5495; x_wconf 86' lang='lat' dir='ltr'><strong>Et</strong></span> <span class='ocrx_word' id='word_1_720' title='bbox 432 5455 643 5508; x_wconf 81' lang='lat' dir='ltr'><strong>paucos</strong></span> <span class='ocrx_word' id='word_1_721' title='bbox 695 5442 810 5495; x_wconf 69' lang='lat' dir='ltr'><strong>dies</strong></span> <span class='ocrx_word' id='word_1_722' title='bbox 853 5441 1016 5497; x_wconf 87' lang='lat' dir='ltr'><strong>addit</strong></span> <span class='ocrx_word' id='word_1_723' title='bbox 1036 5440 1445 5498; x_wconf 85' lang='lat' dir='ltr'><strong>Theodoretus.</strong></span> 
     </span>
    </p>
   </div>
   <div class='ocr_carea' id='block_1_122' title="bbox 275 5509 1873 5585">
    <p class='ocr_par' dir='ltr' id='par_1_122' title="bbox 275 5509 1873 5585">
     <span class='ocr_line' id='line_1_122' title="bbox 275 5509 1873 5585; baseline -0.001 -20"><span class='ocrx_word' id='word_1_724' title='bbox 275 5518 300 5544; x_wconf 73' lang='grc' dir='ltr'><strong>ο</strong></span> <span class='ocrx_word' id='word_1_725' title='bbox 327 5509 578 5585; x_wconf 74' lang='lat' dir='ltr'><strong>Rectius</strong></span> <span class='ocrx_word' id='word_1_726' title='bbox 604 5512 755 5585; x_wconf 84' lang='lat' dir='ltr'><strong>apud</strong></span> <span class='ocrx_word' id='word_1_727' title='bbox 780 5512 1147 5585; x_wconf 75' lang='lat' dir='ltr'><strong>Anastasium</strong></span> <span class='ocrx_word' id='word_1_728' title='bbox 1183 5514 1396 5585; x_wconf 88' lang='lat' dir='ltr'><strong>legitur</strong></span> <span class='ocrx_word' id='word_1_729' title='bbox 1423 5510 1514 5583; x_wconf 75' lang='lat' dir='ltr'><strong>4i,</strong></span> <span class='ocrx_word' id='word_1_730' title='bbox 1552 5516 1614 5568; x_wconf 90' lang='lat' dir='ltr'><strong>ut</strong></span> <span class='ocrx_word' id='word_1_731' title='bbox 1646 5509 1873 5585; x_wconf 14' lang='lat' dir='ltr'><strong>lYgReg.</strong></span> 
     </span>
    </p>
   </div>
   <div class='ocr_carea' id='block_1_123' title="bbox 212 5573 2230 5649">
    <p class='ocr_par' dir='ltr' id='par_1_123' title="bbox 212 5573 2230 5649">
     <span class='ocr_line' id='line_1_123' title="bbox 212 5573 2230 5649; baseline -0.003 -10"><span class='ocrx_word' id='word_1_732' title='bbox 212 5590 361 5640; x_wconf 79' lang='lat' dir='ltr'><strong>&#39;xxui</strong></span> <span class='ocrx_word' id='word_1_733' title='bbox 415 5582 486 5638; x_wconf 88' lang='lat' dir='ltr'><strong>in</strong></span> <span class='ocrx_word' id='word_1_734' title='bbox 539 5573 665 5638; x_wconf 69' lang='lat' dir='ltr'><strong>ﬁne&#39;.</strong></span> <span class='ocrx_word' id='word_1_735' title='bbox 735 5584 951 5640; x_wconf 82' lang='lat' dir='ltr'><strong>Pharao</strong></span> <span class='ocrx_word' id='word_1_736' title='bbox 1008 5573 1434 5642; x_wconf 55' lang='lat' dir='ltr'><strong>Nechaovhune</strong></span> <span class='ocrx_word' id='word_1_737' title='bbox 1500 5573 1568 5639; x_wconf 82' lang='lat' dir='ltr'><strong>ex</strong></span> <span class='ocrx_word' id='word_1_738' title='bbox 1642 5573 1879 5639; x_wconf 62' lang='lat' dir='ltr'><strong>Eliaciiu</strong></span> <span class='ocrx_word' id='word_1_739' title='bbox 1989 5593 2110 5649; x_wconf 87' lang='lat' dir='ltr'><strong>rus,</strong></span> <span class='ocrx_word' id='word_1_740' title='bbox 2140 5573 2230 5632; x_wconf 64' lang='grc'><strong>91.</strong></span> 
     </span>
    </p>
   </div>
   <div class='ocr_carea' id='block_1_124' title="bbox 551 5673 1073 5732">
    <p class='ocr_par' dir='ltr' id='par_1_124' title="bbox 551 5673 1073 5732">
     <span class='ocr_line' id='line_1_124' title="bbox 551 5673 1073 5732; baseline 0.004 -5"><span class='ocrx_word' id='word_1_741' title='bbox 551 5673 779 5730; x_wconf 73' lang='lat' dir='ltr'><strong>PATROL.</strong></span> <span class='ocrx_word' id='word_1_742' title='bbox 818 5673 1073 5732; x_wconf 75' lang='lat' dir='ltr'><strong>CXXIX.</strong></span> 
     </span>
    </p>
   </div>
   <div class='ocr_carea' id='block_1_125' title="bbox 1978 5145 3054 5214">
    <p class='ocr_par' dir='ltr' id='par_1_125' title="bbox 1978 5145 3054 5214">
     <span class='ocr_line' id='line_1_125' title="bbox 1978 5145 3054 5214; baseline -0.005 -9"><span class='ocrx_word' id='word_1_743' title='bbox 1978 5148 2200 5205; x_wconf 87' lang='lat' dir='ltr'><strong>vocavit</strong></span> <span class='ocrx_word' id='word_1_744' title='bbox 2234 5146 2510 5214; x_wconf 90' lang='lat' dir='ltr'><strong>Joachim,</strong></span> <span class='ocrx_word' id='word_1_745' title='bbox 2558 5145 2787 5202; x_wconf 91' lang='lat' dir='ltr'><strong>nomine</strong></span> <span class='ocrx_word' id='word_1_746' title='bbox 2818 5150 3054 5202; x_wconf 88' lang='lat' dir='ltr'><strong>mutato.</strong></span> 
     </span>
    </p>
   </div>
   <div class='ocr_carea' id='block_1_126' title="bbox 2051 5218 3632 5290">
    <p class='ocr_par' dir='ltr' id='par_1_126' title="bbox 2051 5218 3632 5290">
     <span class='ocr_line' id='line_1_126' title="bbox 2051 5218 3632 5290; baseline -0.002 -16"><span class='ocrx_word' id='word_1_747' title='bbox 2051 5219 2070 5257; x_wconf 70' lang='grc' dir='ltr'><em>τ</em></span> <span class='ocrx_word' id='word_1_748' title='bbox 2095 5219 2205 5289; x_wconf 90' lang='lat' dir='ltr'><strong>Qui</strong></span> <span class='ocrx_word' id='word_1_749' title='bbox 2231 5223 2288 5274; x_wconf 93' lang='lat' dir='ltr'><strong>et</strong></span> <span class='ocrx_word' id='word_1_750' title='bbox 2314 5218 2558 5273; x_wconf 82' lang='lat' dir='ltr'><strong>Joachim</strong></span> <span class='ocrx_word' id='word_1_751' title='bbox 2598 5218 2794 5275; x_wconf 89' lang='lat' dir='ltr'><strong>dictus</strong></span> <span class='ocrx_word' id='word_1_752' title='bbox 2817 5224 2904 5275; x_wconf 89' lang='lat' dir='ltr'><strong>est</strong></span> <span class='ocrx_word' id='word_1_753' title='bbox 2926 5237 2941 5289; x_wconf 85' lang='lat'><strong>;</strong></span> <span class='ocrx_word' id='word_1_754' title='bbox 2965 5219 3075 5275; x_wconf 91' lang='lat' dir='ltr'><strong>sub</strong></span> <span class='ocrx_word' id='word_1_755' title='bbox 3104 5234 3220 5290; x_wconf 92' lang='lat' dir='ltr'><strong>quo</strong></span> <span class='ocrx_word' id='word_1_756' title='bbox 3240 5218 3487 5275; x_wconf 82' lang='lat' dir='ltr'><strong>secumla</strong></span> <span class='ocrx_word' id='word_1_757' title='bbox 3508 5232 3632 5287; x_wconf 57' lang='lat' dir='ltr'><strong>capo</strong></span> 
     </span>
    </p>
   </div>
   <div class='ocr_carea' id='block_1_127' title="bbox 1982 5290 2435 5348">
    <p class='ocr_par' dir='ltr' id='par_1_127' title="bbox 1982 5290 2435 5348">
     <span class='ocr_line' id='line_1_127' title="bbox 1982 5290 2435 5348; baseline -0.009 0"><span class='ocrx_word' id='word_1_758' title='bbox 1982 5292 2181 5348; x_wconf 89' lang='lat' dir='ltr'><strong>tivitas</strong></span> <span class='ocrx_word' id='word_1_759' title='bbox 2205 5290 2435 5345; x_wconf 87' lang='lat' dir='ltr'><strong>accidit.</strong></span> 
     </span>
    </p>
   </div>
   <div class='ocr_carea' id='block_1_128' title="bbox 2054 5359 3029 5431">
    <p class='ocr_par' dir='ltr' id='par_1_128' title="bbox 2054 5359 3029 5431">
     <span class='ocr_line' id='line_1_128' title="bbox 2054 5359 3029 5431; baseline 0.001 -15"><span class='ocrx_word' id='word_1_760' title='bbox 2054 5373 2081 5431; x_wconf 66' lang='grc' dir='ltr'><strong>β</strong></span> <span class='ocrx_word' id='word_1_761' title='bbox 2103 5363 2266 5431; x_wconf 79' lang='lat' dir='ltr'><strong>Apud</strong></span> <span class='ocrx_word' id='word_1_762' title='bbox 2292 5361 2679 5431; x_wconf 85' lang='lat' dir='ltr'><strong>Anastasium,</strong></span> <span class='ocrx_word' id='word_1_763' title='bbox 2704 5364 2866 5416; x_wconf 73' lang='lat' dir='ltr'><strong>annis</strong></span> <span class='ocrx_word' id='word_1_764' title='bbox 2908 5359 3029 5419; x_wconf 64' lang='grc'><strong>434.</strong></span> 
     </span>
    </p>
   </div>
   <div class='ocr_carea' id='block_1_129' title="bbox 2054 5430 3164 5505">
    <p class='ocr_par' dir='ltr' id='par_1_129' title="bbox 2054 5430 3164 5505">
     <span class='ocr_line' id='line_1_129' title="bbox 2054 5430 3164 5505; baseline -0.001 -18"><span class='ocrx_word' id='word_1_765' title='bbox 2054 5430 2322 5505; x_wconf 60' lang='grc' dir='ltr'><strong>ξιΗίιδίιιιιί</strong></span> <span class='ocrx_word' id='word_1_766' title='bbox 2354 5433 2491 5505; x_wconf 87' lang='lat' dir='ltr'><strong>legit</strong></span> <span class='ocrx_word' id='word_1_767' title='bbox 2514 5433 2857 5505; x_wconf 63' lang='lat' dir='ltr'><strong>Anastasius</strong></span> <span class='ocrx_word' id='word_1_768' title='bbox 2882 5441 2936 5489; x_wconf 81' lang='lat' dir='ltr'><strong>rt</strong></span> <span class='ocrx_word' id='word_1_769' title='bbox 2960 5452 3051 5487; x_wconf 76' lang='lat' dir='ltr'><strong>an.</strong></span> <span class='ocrx_word' id='word_1_770' title='bbox 3078 5430 3164 5489; x_wconf 84' lang='lat'><strong>37.</strong></span> 
     </span>
    </p>
   </div>
   <div class='ocr_carea' id='block_1_130' title="bbox 2054 5496 2062 5505">
    <p class='ocr_par' dir='ltr' id='par_1_130' title="bbox 2054 5496 2062 5505">
     <span class='ocr_line' id='line_1_130' title="bbox 2054 5496 2062 5505; baseline 0 0"><span class='ocrx_word' id='word_1_771' title='bbox 2054 5496 2062 5505; x_wconf 71' lang='grc' dir='ltr'><strong>ο</strong></span> 
     </span>
    </p>
   </div>
   <div class='ocr_carea' id='block_1_131' title="bbox 2052 5502 3396 5577">
    <p class='ocr_par' dir='ltr' id='par_1_131' title="bbox 2052 5502 3396 5577">
     <span class='ocr_line' id='line_1_131' title="bbox 2052 5502 3396 5577; baseline -0.002 -18"><span class='ocrx_word' id='word_1_772' title='bbox 2052 5502 2430 5577; x_wconf 71' lang='lat' dir='ltr'><strong>‘Anastasius</strong></span> <span class='ocrx_word' id='word_1_773' title='bbox 2472 5504 2613 5577; x_wconf 84' lang='lat' dir='ltr'><strong>legit</strong></span> <span class='ocrx_word' id='word_1_774' title='bbox 2658 5502 2761 5577; x_wconf 70' lang='lat' dir='ltr'><strong>2i;</strong></span> <span class='ocrx_word' id='word_1_775' title='bbox 2815 5505 3102 5561; x_wconf 82' lang='lat' dir='ltr'><strong>Eusebius</strong></span> <span class='ocrx_word' id='word_1_776' title='bbox 3155 5508 3292 5561; x_wconf 62' lang='lat' dir='ltr'><strong>veliti</strong></span> <span class='ocrx_word' id='word_1_777' title='bbox 3340 5508 3396 5557; x_wconf 86' lang='lat' dir='ltr'><strong>et</strong></span> 
     </span>
    </p>
   </div>
   <div class='ocr_carea' id='block_1_132' title="bbox 3250 5659 3313 5719">
    <p class='ocr_par' dir='ltr' id='par_1_132' title="bbox 3250 5659 3313 5719">
     <span class='ocr_line' id='line_1_132' title="bbox 3250 5659 3313 5719; baseline 0 0"><span class='ocrx_word' id='word_1_778' title='bbox 3250 5659 3313 5719; x_wconf 78' lang='grc' dir='ltr'><strong><em>Π</em></strong></span> 
     </span>
    </p>
   </div>
   <div class='ocr_carea' id='block_1_133' title="bbox 3459 5468 3635 5556">
    <p class='ocr_par' dir='ltr' id='par_1_133' title="bbox 3459 5468 3635 5556">
     <span class='ocr_line' id='line_1_133' title="bbox 3459 5468 3635 5556; baseline 0.006 -1"><span class='ocrx_word' id='word_1_779' title='bbox 3459 5468 3635 5556; x_wconf 51' lang='lat' dir='ltr'><strong>Iside.</strong></span> 
     </span>
    </p>
   </div>
  </div>
