4010 6160
447 218 558 278 523
1703 224 2030 280 ANASTASI

2240 223 2634 280 .IOTHECARII
3738 229 3823 288 524

515 344 729 403 Darius
754 359 778 388 ι
806 347 978 404 annis
1006 349 1416 413 novemdecim.
2126 350 2187 410 Α
2283 349 2638 420 Ptolemaeus,
2679 354 3052 428 cognomento
3102 349 3416 422 Dionysius
3460 353 3486 392 ιι
3531 351 3696 408 annis
3729 352 3826 408 tri-

515 433 857 494 Artaxerxes
871 437 1130 494 Memnon
1147 437 1310 493 Darii
1326 443 1383 493 et
1398 437 1741 494 Parisatidis
1758 437 1916 496 ﬁlius
1930 435 2100 492 annis
2209 438 2388 510 ginta.

444 523 845 596 quadraginta.
2275 528 2572 598 Cleopatra
2600 527 2886 584 Ptolemmi
2918 526 3037 584 ﬁlia
3061 526 3231 584 annis
3263 525 3470 600 viginti
3496 527 3734 584 duobus.

509 610 870 682 Artaxerxes,
895 615 994 687 qui
1031 619 1088 672 et
1102 615 1316 690 Ochus,
1343 617 1516 674 annis
1548 616 1756 690 viginti
1778 615 2006 674 duobus
2025 618 2054 662 b
2075 642 2089 657 ο
2274 619 2458 688 Hujus
2479 631 2628 673 anno
2647 617 2818 672 tertio
2841 617 3065 688 primus
3083 616 3387 686 occupavit
3403 630 3638 689 regnum
3661 617 3823 674 Roma,

506 700 680 760 Arses
707 703 850 760 Ochi
881 705 1051 762 annis
1078 714 1347 778 quatuor.
2143 727 2149 732 ·
2199 707 2258 762 C.
2291 707 2482 764 Julius
2507 707 2710 778 Caasar,
2737 719 2771 762 a
2801 720 2914 778 quo
2943 720 3140 763 omnes
3166 705 3439 777 deinceps
3479 706 3823 778 imperatores

504 792 718 850 Darius
763 793 1022 852 Arsamis
1062 796 1234 852 annis
1269 810 1387 852 sex.
1410 797 1524 855 Hoc
1543 795 1791 866 sublato,
1824 800 1880 852 et
1902 795 2088 853 deleto
2201 795 2434 853 Romani
2463 796 2710 852 Cazsares
2732 795 3004 866 appellati
3030 793 3282 852 fuerunt.

435 881 680 952 imperio
722 884 1045 956 Persarum,
1081 885 1404 942 Alexander
1436 886 1668 942 Macedo
1700 886 1960 958 regnavit
1988 899 2083 942 an~
2265 885 2367 942 Hic
2399 885 2654 958 regnavit
2677 885 2846 941 anuis
2875 889 3142 956 quatuor.
3179 884 3474 942 mensibus
3498 892 3727 956 septem.

431 970 526 1028 nis
556 985 674 1042 sex,
724 973 942 1043 potitus
985 987 1176 1032 rerum
1217 981 1348 1031 ante
1375 975 1534 1030 Darii
1569 975 1866 1031 interitum
1912 974 2081 1030 annis
2261 975 2392 1031 Post
2441 973 2659 1030 Julium
2728 973 2986 1044 regnavit
3050 973 3240 1030 Romae
3293 971 3480 1031 Caesar
3547 974 3822 1048 Augustus

427 1059 751 1118 duodecim.
785 1065 1048 1119 Mortuus
1095 1062 1210 1120 fuit
1239 1061 1521 1134 Babylone
1549 1077 1730 1120 annos
1755 1068 1926 1120 natus
1965 1063 2083 1119 tri—
2187 1061 2532 1120 Octavianus
2555 1063 2724 1119 annis
2749 1062 3175 1134 quinquaginta
3217 1077 3338 1134 sex,
3385 1063 3680 1122 mensibus
3715 1080 3818 1122 sex.

426 1150 586 1222 ginta
617 1151 894 1224 quinque,
928 1152 1034 1221 vel,
1070 1152 1258 1210 utalii
1293 1152 1676 1225 tradiderunt,
1697 1152 1940 1224 triginta
1957 1167 2072 1210 sex.
2257 1151 2341 1206 Ab
2372 1152 2479 1208 hoc
2507 1151 2779 1222 deinceps
2829 1149 3177 1207 Antiocheni
3228 1165 3409 1208 annos
3455 1167 3592 1210 suos
3634 1168 3824 1211 nume-

493 1239 612 1299 Rex
640 1241 821 1314 igitur
851 1241 966 1298 fuit
993 1241 1164 1298 annis
1191 1242 1591 1312 septemdecim
1613 1254 1637 1284 ο
1667 1283 1679 1296 .
2187 1244 2334 1296 rant.

457 1329 728 1401 Subegit
756 1330 1091 1388 Barbaricas
1112 1332 1374 1388 nationes
1399 1345 1637 1388 numero
1665 1331 1873 1404 viginti
1905 1331 2068 1404 duas,
2253 1329 2358 1386 Hic
2383 1343 2534 1386 anno
2565 1329 2798 1400 imperii
2817 1329 2909 1386 sui
2932 1328 3156 1385 decimo
3177 1329 3401 1402 quinto,
3430 1329 3657 1388 sublata
3685 1333 3826 1392 Cleo-

393 1419 473 1474 .et
494 1416 728 1475 Graeciae
747 1420 1012 1477 civitates
1032 1421 1304 1478 tredecim
1321 1422 1363 1476 ἀ.
1819 1455 1826 1460 ν
2187 1424 2370 1490 patra,
2409 1419 2617 1476 evertit
2659 1433 2898 1490 regnum
2944 1418 3398 1488 Ptolemzeorum,
3439 1420 3541 1491 qui
3593 1421 3734 1480 illud
3767 1424 3819 1480 in

485 1507 1264 1596 mortuus(utdiximus)in
1281 1510 1531 1582 Perside,
1552 1511 2064 1581 ﬂorenteimperio.
2177 1509 2414 1582 Egypto
2459 1513 2764 1566 tenuerant
2799 1507 2970 1578 annis
3014 1507 3282 1565 ducentis
3330 1509 3646 1582 nonaginta
3697 1526 3821 1584 sep-

485 1595 752 1653 Universi
783 1597 855 1653 ab
882 1597 1061 1654 Adam
1091 1595 1278 1670 usque
1325 1599 1395 1655 ad
1447 1607 1684 1656 mortem
1731 1598 2063 1672 Alexandri,
2177 1604 2312 1654 tem.

415 1685 553 1748 anni
589 1685 906 1759 quinquies
953 1685 1116 1744 mille
1155 1691 1385 1744 centum
1438 1687 1802 1760 septuaginta
1827 1692 2061 1758 septem.
2089 1695 2145 1758 Β,
2246 1687 2468 1742 Summa
2533 1704 2569 1740 a
2636 1690 2806 1742 mone
2862 1685 3174 1742 Alexandri
3231 1701 3404 1758 usque
3454 1687 3530 1742 ad
3555 1688 3819 1745 Christum

1051 1811 1272 1870 CAPUT
1289 1811 1428 1870 VIII.
2171 1781 2362 1870 natum
2383 1777 2548 1831 annis
2573 1775 2792 1832 ducenti
2813 1777 3010 1844 viginti
3039 1779 3168 1840 tres,
3190 1773 3434 1845 Augusti
3451 1777 3818 1848 quadraginta

481 1935 616 1995 Post
640 1940 877 1994 mortem
905 1935 1216 1995 Alexandri
1235 1937 1424 2010 Magni
1454 1937 1678 2008 primus
1702 1951 1802 1994 rex
1825 1937 2062 1995 Alexan-
2171 1865 2298 1920 duo.
2805 1935 3026 1992 CAPUT
3059 1937 3155 1993 IX.

406 2025 880 2098 driminJEgypto
899 2023 1014 2110 fuit
1032 2026 1369 2083 Ptolemaeus
1385 2026 1520 2099 Lagi
1554 2026 1715 2084 filius
1737 2027 1909 2084 annis
1925 2041 2059 2099 qua-
2236 2024 2606 2098 Colliguntur
2645 2025 2839 2096 itaque
2891 2025 3146 2082 universi
3181 2024 3254 2082 ab
3303 2026 3480 2084 Adam
3513 2042 3698 2100 usque
3742 2031 3812 2087 ad

405 2113 690 2186 draginta.
2167 2115 2403 2172 initium
2430 2113 2663 2185 imperii
2688 2114 2956 2187 Augusti,
2985 2115 3299 2172 secundum
3329 2117 3654 2188 exquisitos
3685 2124 3829 2176 tem-

474 2203 812 2261 Ptolemaeus
852 2203 1268 2274 Philadelphus
1290 2204 1464 2261 annis
1492 2205 1874 2278 quadraginta
1902 2209 2047 2263 octo.
2165 2219 2366 2276 porum
2394 2203 2797 2275 descriptores,
2849 2203 2988 2258 anni
3021 2203 3334 2276 quinquies
3361 2205 3518 2262 mille
3543 2209 3817 2278 quadrin-

402 2293 518 2349 Hoc
565 2298 836 2366 regnante
874 2293 1024 2350 sacri
1073 2293 1214 2350 libri
1257 2293 1620 2351 Hebraeorum
1678 2295 1737 2351 in
1791 2295 2049 2368 linguam
2162 2293 2316 2367 genti
2367 2291 2791 2364 quinquaginta
2839 2296 3054 2363 septem
3083 2291 3114 2347 ί.
3143 2292 3368 2364 Quippe
3393 2293 3714 2368 Augustus,
3749 2305 3818 2355 ut

399 2380 652 2438 Grmcam
676 2383 928 2442 traducti
961 2382 1214 2455 fuerunt,
1245 2388 1304 2440 et
1335 2383 1574 2454 repositi
1608 2383 1666 2438 in
1697 2383 2050 2440 Bibliotheca
2159 2383 2504 2453 estdictum,
2531 2381 2836 2452 imperium
2858 2381 3232 2437 tenuitannis
3250 2382 3669 2457 quinquaginta
3688 2400 3818 2462 sex,

397 2470 800 2532 Alexandrina.
841 2471 1212 2531 Pontiﬁcatus
1253 2473 1558 2530 Eleazaris.
2161 2471 2456 2528 mensibus
2505 2485 2620 2528 sex.
2653 2471 2815 2528 Anno
2838 2474 3028 2526 autem
3078 2471 3516 2544 quadragesimo
3558 2477 3816 2534 secundo

468 2560 809 2618 Ptolomaeus
835 2563 1104 2634 Evergeta
1129 2562 1300 2619 annis
1325 2563 1533 2636 viginti
1565 2562 1844 2634 quinque.
2159 2561 2347 2634 ipsius
2373 2565 2540 2618 natus
2595 2558 2708 2617 fuit
2754 2560 3068 2617 secundum
3117 2573 3342 2617 carnem
3389 2577 3458 2618 ex
3509 2571 3703 2622 sancta
3754 2573 3820 2623 et

465 2649 806 2708 Ptolomteus
824 2649 1158 2720 Philopator
1171 2651 1344 2706 annis
1368 2651 1790 2722 septemdecim.
2154 2651 2396 2722 Deipara
2421 2650 2646 2723 virgine
2676 2649 2856 2705 Maria
2905 2649 3183 2706 Dominus
3221 2655 3416 2707 noster
3441 2653 3603 2710 Jesus
3632 2654 3819 2712 Chri-

463 2730 804 2796 Ptolomazus
831 2739 1192 2810 Epiphanes°
1217 2739 1388 2796 annis
1407 2739 1615 2813 viginti
1647 2733 1764 2796 Sex.
2155 2745 2297 2812 stus.
2351 2741 2502 2796 Deus
2547 2744 2816 2810 aeternus,
2853 2738 2915 2794 in
2969 2738 3184 2810 oppido
3218 2740 3424 2796 Judmze
3481 2741 3816 2802 Bethlehem

389 2828 576 2899 Hujus
605 2828 963 2900 temporibus
1007 2843 1074 2886 ea
1122 2834 1276 2901 gesta
1326 2833 1462 2886 sunt
1508 2844 1635 2900 qua:
1687 2829 1759 2886 de
1809 2831 2046 2887 Macha—
2151 2834 2286 2886 aute
2307 2828 2458 2886 diem
2503 2842 2604 2884 vm
2640 2828 2938 2896 Kalendar.
2989 2827 3272 2891 Januarii,
3325 2829 3426 2900 qui
3451 2834 3538 2886 est
3565 2831 3817 2890 Ghaeacj

391 2916 534 2974 bacis
557 2917 846 2991 leguntur.
1102 2956 1107 2960 -
1269 2959 1274 2964 ς
1387 2961 1394 2966 .
2152 2917 2465 2975 vicesimus
2530 2930 2735 2989 nonus,
2796 2916 3062 2989 idemque
3113 2916 3442 2975 Decembris
3495 2919 3816 2980 vicesimus

460 3007 800 3067 Ptolomaeus
822 3007 1172 3068 Philometor
1197 3009 1368 3066 annis
1387 3009 1630 3082 triginta
1651 3009 1926 3082 quinque.
2032 3021 2040 3037 κ
2078 3030 2126 3093 C
2153 3009 2424 3079 quintus,

457 3097 794 3156 Ptolemaeus
837 3099 1266 3156 minortannis
1293 3101 1502 3172 viginti
1531 3113 1750 3157 novem.
2220 3099 2518 3170 Cyrenmus
2548 3113 2598 3163 ιι,
2648 3101 2769 3154 tum
2815 3111 2848 3154 a
2877 3099 3080 3154 senatu
3131 3094 3365 3166 missus,
3415 3113 3647 3158 censum
3687 3105 3821 3178 egit

453 3182 793 3247 Ptolemaeus
832 3188 1091 3261 Physcon
1133 3199 1161 3238 ε
1199 3189 1370 3246 annis
1423 3191 1690 3263 sedecim,
1743 3189 2038 3247 mensibus
2150 3187 2629 3258 patrimoniorum
2659 3191 2718 3242 et
2758 3185 3098 3244 incolarum.
3127 3186 3304 3244 Fiunt
3332 3188 3516 3261 igitur
3541 3192 3814 3256 universi

383 3289 500 3336 sex.
2145 3275 2217 3334 ab
2245 3278 2423 3336 Adam
2469 3278 2539 3334 ad
2594 3276 2822 3333 Domini
2875 3276 3058 3332 nostri
3107 3277 3240 3334 Iesu
3269 3277 3486 3335 Christi
3519 3280 3580 3336 in
3630 3295 3819 3340 carne

453 3366 790 3428 Ptolemaeus
815 3368 1136 3429 Alexander
1183 3371 1354 3430 anuis
1393 3359 1606 3430 decem.

2236 3366 2729 3438 ninistrationem,
2773 3366 2831 3422 id
2859 3371 2944 3422 est
2968 3354 3219 3439 ὲνσὰρκον
3246 3358 3547 3438 οἰκονομίαν
3587 3372 3819 3443 exqui—

453 3457 788 3519 Ptolemaaus
814 3459 990 3517 frater
1015 3460 1191 3534 hujus
1220 3463 1391 3520 annis
1429 3466 1576 3519 octo.
2145 3456 2430 3513 sitissima
2459 3455 2704 3527 ratione,
2737 3453 2875 3510 anni
2901 3454 3216 3527 quinquies
3261 3455 3421 3512 mille
3467 3457 3811 3532 quingenti.

1522 3550 1588 3605 A.
1611 3549 1842 3606 conm
1865 3549 2068 3605 Nom:
2103 3543 2671 3604 CHRONOLOGICE.
3509 3605 3514 3610 ρ

377 3617 675 3700 Scriptura
703 3633 1009 3700 numerare
1031 3626 1284 3700 tempora
1316 3635 1416 3700 per
1444 3626 2026 3700 annos_externoru_r_n
2145 3615 2439 3700 superiori
2469 3615 2657 3700 capite
2704 3615 2976 3700 mendum
2996 3621 3108 3700 est.
3149 3617 3294 3700 Sunt
3313 3617 3507 3700 igitur
3531 3633 3562 3675 a
3613 3627 3816 3700 morte

377 3687 730 3766 principum,
762 3707 908 3764 quos
935 3693 1107 3749 etiam
1127 3687 1233 3766 hoc
1260 3687 1448 3762 capite
1467 3691 1813 3766 complexus
1831 3696 1916 3766 est
1935 3692 2030 3766 Ni-
2135 3687 2443 3766 Alexandri
2471 3699 2654 3766 usque
2685 3692 2886 3766 natum
2915 3687 3236 3766 Christum,
3272 3688 3326 3744 id
3344 3687 3460 3766 "est
3489 3692 3817 3766 (unade

376 3734 2024 3842 EébiiBi‘h‘éi’iéa‘e‘iéitBGHM}Et}?g‘éé‘ié‘é'éhiiiﬁtﬁigég
2137 3759 2349 3842 simum
2399 3734 2712 3814 secundum
2759 3734 3287 3842 Augusti‘ann‘um,
3325 3734 3464 3842 agni

375 3829 642 3912 auctores
665 3835 736 3890 de
759 3829 1609 3912 singulorum__monarcharum
1635 3833 1824 3912 annis,
1873 3833 2022 3889 nulli
2134 3830 2312 3912 Adam
2331 3843 2489 3912 vero.
2508 3843 2689 3912 usque
2717 3829 2786 3885 ad
2835 3829 3130 3887 Christum
3152 3829 3291 3912 anni
3322 3829 3483 3902 5508,
3518 3833 3578 3912 s_i_
3596 3829 3815 3894 omnes

375 3919 487 3962 non
511 3912 599 3962 est
629 3901 930 3961 incertum.
961 3904 1066 3960 Sed
1120 3905 1504 3974 Nicephorum
1546 3903 1902 3974 probatiores
1929 3918 2028 3960 se—
2135 3901 2412 3974 speciales
2439 3905 2498 3956 et
2523 3901 2819 3974 universas
2864 3915 3119 3974 summas
3149 3903 3314 3972 prius
3359 3905 3655 3973 expositas
3686 3913 3748 3963 et
3771 3921 3810 3964 a

373 3981 570 4047 cutum
621 3975 802 4047 fuisse
847 3975 1191 4032 credendum
1235 3971 1358 4047 est;
1388 3971 1572 4046 neque
1625 3975 1778 4031 enim
1811 3973 1927 4032 fere
1954 3976 2025 4032 ab
2136 3971 2303 4047 nobis
2332 3974 2632 4047 restitutas
2661 3971 2722 4047 in
2757 3971 3404 4047 Aunamdcollegerimus.
3427 3971 3589 4032 Alter
3617 3977 3816 4035 Nice—

371 4046 620 4128 Eusebio
645 4052 701 4102 et
729 4046 948 4128 Isidoro
975 4047 1250 4103 dissentit
1272 4053 1330 4104 et
1349 4043 1529 4128 libris
1550 4048 1740 4128 Esdraa
1769 4048 2027 4128 e_t_I~{eh_e-
2135 4045 2351 4116 phorus
2380 4043 2884 4128 lib_..i”l:2.cnglesiast.
2918 4043 3335 4128 historiam
3378 4050 3434 4102 et
3479 4062 3537 4128 οἑ
3567 4047 3678 4128 ult.
3715 4051 3814 4106 ait

373 4119 521 4174 mim.
553 4119 783 4174 Summa
809 4123 996 4174 autem
1033 4131 1313 4175 annorum
1357 4133 1390 4174 a
1413 4119 1645 4174 reducta
1688 4118 2024 4188 captivitate
2130 4113 2282 4172 anno
2308 4114 2507 4174 mundi
2698 4119 2893 4188 natum
2921 4114 3104 4188 fuisse
3123 4117 3458 4188 Christum:
3497 4118 3810 4178 Cedrenus

373 4189 577 4263 (quam
604 4189 1486 4263 prmtermisithicephorus)est
1505 4183 1788 4263 annorum
1803 4187 1929 4260 204,
1948 4189 2021 4245 ab
2131 4201 2284 4263 vero,
2312 4201 2464 4242 anno
2483 4186 2680 4263 mundi
2712 4183 2854 4263 5596
2877 4205 2890 4242 :
2915 4187 3063 4243 alter
3087 4187 3296 4263 tribus,
3308 4187 3467 4263 alter
3495 4203 3632 4263 vero
3657 4193 3811 4250 duo-

375 4257 758 4333 origine'vero
789 4261 1026 4333 mundi;
1053 4262 1109 4318 id
1135 4257 1254 4330 ‘est,
1297 4257 1378 4318 ab'
1413 4262 1540 4332 ipso
1581 4261 1797 4333 Adamn
1839 4257 2020 4332 usque
2049 4303 2103 4333 η
2129 4259 2238 4316 bus
2267 4257 2488 4333 tantum
2512 4257 2684 4333 anuis
2703 4257 2775 4312 ab
2797 4257 2903 4333 hac
2927 4263 3124 4333 nostra
3155 4257 3502 4333 dedeientes.
3539 4262 3649 4319 Sed
3677 4263 3812 4320 haec

368 4303 1796 4405 EdiﬁiSFtéE;Riék‘Eihh'r’i'Eia"§ﬁ’i,“§n63‘éixﬁ‘§i§3f
1842 4303 2020 4332 “TW
2049 4303 2103 4365 D
2129 4303 2300 4405 quam
2326 4329 2668 4401 collegimus
2689 4329 3057 4405 exactissima
3078 4303 3812 4405 estV-eit-

437 4403 520 4460 An
539 4405 666 4460 Car.
696 4405 831 4460 VIII.
869 4435 944 4446 —-
980 4401 1336 4475 Superiores
1365 4403 1843 4473 computationes,
1878 4408 2021 4474 quot
2127 4401 2302 4475 etesia
2345 4405 2589 4470 recepta,
2621 4406 2686 4475 ut
2715 4401 2972 4475 ostendit
2997 4415 3180 4460 canon
3205 4403 3422 4475 tertius
3469 4406 3686 4474 synodi
3733 4407 3810 4464 in

367 4476 539 4532 annis
569 4477 816 4549 quisque
863 4472 1258 4549 successorum
1311 4472 1622 4549 Alexandri
1673 4475 1732 4549 i_n
1779 4472 2016 4548 Egypto
2123 4473 2343 4549 Irullo.
2375 4477 2554 4549 sexta,
2579 4472 2944 4542 universalis,
2954 4478 3025 4549 et
3049 4473 3419 4549 Horologium
3449 4472 3806 4534 Graecorum

366 4541 708 4618 regnaverit,
723 4541 1000 4616 'Eusebio,
1036 4547 1278 4617 Isidoro,
1309 4552 1384 4618 et
1410 4545 1634 4618 caeteris
1658 4541 2018 4618 chronogra—
2123 4543 2380 4618 Yenetiis
2406 4543 2747 4618 impressum
2767 4556 2917 4618 anno
2945 4543 3174 4618 Christi,
3190 4541 3352 4618 4535,
3374 4559 3547 4618 quem
3568 4561 3806 4606 annum

365 4613 499 4685 ph'is
528 4619 671 4674 mire
698 4613 1118 4699 consentiunt;
1139 4619 1236 4674 sed
1267 4613 1542 4699 collectio
1569 4613 2012 4699 totiussunimze
2126 4615 2185 4670 in
2215 4628 2423 4699 magae
2437 4613 2624 4699 'Cyclo
2657 4615 2920 4699 Paschal}
2945 4613 3350 4699 subjecto
3392 4613 3544 4674 facit
3565 4634 3806 4699 annum

364 4681 477 4742 non
505 4690 787 4744 convenit.
819 4692 968 4757 Quot
995 4681 1184 4744 autem
1224 4689 1360 4744 anni
1399 4689 1670 4744 intersint
1692 4689 1842 4746 inter
1868 4704 2015 4746 mor—
2124 4681 2332 4744 mundi
2354 4681 2534 4752 70M,
2567 4687 2832 4758 aquibus
2853 4687 2904 4742 si
2937 4681 3407 4758 iiiiltiiadémeris,
3436 4703 3633 4748 annos
3659 4693 3805 4748 sci—

366 4761 476 4831 te_m
495 4758 802 4831 Alexandri
825 4756 882 4814 et
903 4758 1120 4831 Christi
1145 4760 1510 4831 nativitatem,
1533 4761 1793 4831 sequenti
1821 4761 2012 4831 capite
2123 4757 2510 4831 licetChristi,
2530 4756 3158 4831 restabantanni5508,
3172 4759 3311 4816 anni
3325 4756 3562 4818 scilicet
3577 4763 3800 4821 mundi

361 4829 767 4903 adnotabimus
804 4842 927 4884 esse
956 4829 1079 4902 323,
1121 4837 1374 4903 quotque
1402 4832 1474 4888 ab
1493 4827 1679 4886 ‘Ada‘m
1724 4833 1793 4888 ad
1837 4827 2012 4888 Chri~
2123 4844 2305 4901 usque
2331 4827 2946 4903 adgChristumgnatum
2977 4827 3025 4884 4.
3058 4830 3162 4886 Sed
3185 4837 3242 4887 et
3269 4845 3432 4903 nunc
3446 4839 3805 4903 germinum

362 4905 515 4975 stum
536 4901 841 4975 Dominum
871 4903 1049 4958 Deum
1069 4897 1354 4958 nostrum.
2119 4897 2333 4956 annum
2363 4901 2578 4975 Christi
2609 4897 2740 4958 4574
2759 4900 2918 4975 facit
2938 4914 3120 4975 annos
3146 4902 3343 4975 mundi
3372 4899 3539 4974 7079,
3576 4911 3637 4960 et
3655 4907 3807 4975 ejus

431 4970 514 5025 A1)
542 4972 668 5028 Car.
699 4975 792 5028 1X.
829 5005 896 5013 η
928 4975 987 5029 In
1037 4976 1279 5030 summis
1331 4975 1514 5030 totius
1542 4975 1903 5031 collectionis
1953 4980 2008 5029 et
2122 4977 2373 5043 tempora
2402 4978 2458 5027 et
2488 4971 2631 5028 festa
2663 4971 2898 5033 mobilia
2931 4973 3219 5048 praecipua
3245 4974 3333 5029 sic
3354 4970 3556 5030 tradit.
3586 4970 3808 5033 Graeca

1533 5063 1602 5118 ΕΙ
1610 5062 1836 5119 USDEM
1877 5063 2079 5120 NOTJE
2121 5061 2514 5118 I‘llSTORICrE.
3554 5067 3564 5072 ’

421 5144 452 5174 .-
476 5132 685 5190 Nothus
715 5133 876 5192 addit
911 5133 1267 5193 Anastasius.
2191 5146 2218 5186 ε
2235 5135 2396 5190 Hunc
2421 5139 2476 5188 et
2499 5134 2736 5190 Sotcrcm
2748 5139 2909 5192 vocat
2927 5134 3230 5194 Eusebius.

425 5201 458 5246 ’³
485 5205 648 5275 Apud
671 5206 1004 5278 Eusebium,
1029 5207 1314 5264 Isidorum
1341 5211 1396 5263 et
1418 5205 1810 5279 Anastasium,
1834 5207 2010 5278 hujus
2185 5204 2556 5286 'hPtotomwus
2595 5208 2694 5277 qui
2721 5210 2771 5262 et
2787 5209 3106 5278 Dionysius,
3135 5208 3275 5282 legit
3296 5207 3660 5270 Anastasius.

357 5272 544 5348 libelli
573 5277 957 5348 interpretem,
989 5277 1078 5336 26.
2187 5287 2202 5348 ε
2231 5276 2554 5348 Legendum
2581 5281 2728 5334 octo.

579 5319 1102 5432 leéithna‘suisiﬂu’s.

2239 5350 2292 5432 Is
2309 5319 2397 5432 3st
2436 5353 2678 5432 qua-rtus
2710 5351 2924 5432 mensis
2946 5351 3707 5432 _1E_gyptio_ruin,_incipiens
3746 5370 3801 5417 ει

425 5415 814 5503 fAnas‘tasius
957 5492 970 5503 ι
1015 5500 1043 5503 __
1103 5498 1113 5503 _
1189 5495 1202 5503 Δ

2214 5419 2294 5503 ia]:
2313 5415 2674 5503 ‘Decémbris,
2709 5429 2774 5480 ut
2799 5423 2965 5480 docet
2992 5415 3156 5498 asas,
3203 5424 3272 5482 de
3299 5415 3519 5484 Natura
3541 5415 3797 5503 rerum,

425 5490 714 5554 1ῗΙΙΙυείνὶις
743 5494 915 5550 vertit
940 5492 1302 5554 Anastasius.
2113 5503 2233 5554 cap.
2270 5485 2354 5545 44.

427 5503 452 5520 ο
472 5503 714 5562 “lustris
743 5503 915 5550 vertit
940 5503 1302 5554 Anastasius.

427 5553 454 5596 τ
473 5564 670 5620 Iunior
689 5561 858 5622 vertit
889 5564 1058 5623 idem.

2113 5503 2470 5632 Lagea-inus
2501 5561 2640 5638 legit
2661 5563 3015 5626 Anastasius.
