  <div class='ocr_page' id='page_1' title='image "/cluster/home/n/w/nwhite01/storage/ocr_20150623/129/hvd.32044054759907/268.png"; bbox 0 0 4016 6168; ppageno 0'>
   <div class='ocr_carea' id='block_1_1' title="bbox 910 232 2934 308">
    <p class='ocr_par' dir='ltr' id='par_1_1' title="bbox 910 232 2934 308">
     <span class='ocr_line' id='line_1_1' title="bbox 910 232 2934 308; baseline -0.001 0"><span class='ocrx_word' id='word_1_1' title='bbox 910 249 1455 308; x_wconf 80' lang='lat' dir='ltr'><strong>INTEBPREI‘ATIO</strong></span> <span class='ocrx_word' id='word_1_2' title='bbox 1498 248 2006 306; x_wconf 79' lang='lat' dir='ltr'><strong>CHRONOLOGLE</strong></span> <span class='ocrx_word' id='word_1_3' title='bbox 2032 232 2096 306; x_wconf 85' lang='lat' dir='ltr'><strong>&#39;s.</strong></span> <span class='ocrx_word' id='word_1_4' title='bbox 2141 250 2524 307; x_wconf 85' lang='lat' dir='ltr'><strong>NICEPHORI.</strong></span> <span class='ocrx_word' id='word_1_5' title='bbox 2567 282 2640 292; x_wconf 86' lang='lat'><strong><em>—</em></strong></span> <span class='ocrx_word' id='word_1_6' title='bbox 2670 252 2841 308; x_wconf 59' lang='lat' dir='ltr'><strong>rans</strong></span> <span class='ocrx_word' id='word_1_7' title='bbox 2896 255 2934 307; x_wconf 88' lang='grc' dir='ltr'>ι.</span> 
     </span>
    </p>
   </div>
   <div class='ocr_carea' id='block_1_2' title="bbox 272 464 1866 540">
    <p class='ocr_par' dir='ltr' id='par_1_2' title="bbox 272 464 1866 540">
     <span class='ocr_line' id='line_1_2' title="bbox 272 464 1866 540; baseline -0.003 -15"><span class='ocrx_word' id='word_1_8' title='bbox 272 471 407 525; x_wconf 82' lang='lat' dir='ltr'><strong>Post</strong></span> <span class='ocrx_word' id='word_1_9' title='bbox 440 467 763 540; x_wconf 81' lang='lat' dir='ltr'><strong>Augustum</strong></span> <span class='ocrx_word' id='word_1_10' title='bbox 807 466 1017 523; x_wconf 91' lang='lat' dir='ltr'><strong>tertius</strong></span> <span class='ocrx_word' id='word_1_11' title='bbox 1070 466 1380 536; x_wconf 78' lang='lat' dir='ltr'><strong>imperator</strong></span> <span class='ocrx_word' id='word_1_12' title='bbox 1428 464 1541 523; x_wconf 86' lang='lat' dir='ltr'><strong>fuit</strong></span> <span class='ocrx_word' id='word_1_13' title='bbox 1592 464 1866 521; x_wconf 82' lang='lat' dir='ltr'><strong>Romano-</strong></span> 
     </span>
    </p>
   </div>
   <div class='ocr_carea' id='block_1_3' title="bbox 206 554 1868 629">
    <p class='ocr_par' dir='ltr' id='par_1_3' title="bbox 206 554 1868 629">
     <span class='ocr_line' id='line_1_3' title="bbox 206 554 1868 629; baseline -0.004 -15"><span class='ocrx_word' id='word_1_14' title='bbox 206 573 331 615; x_wconf 85' lang='lat' dir='ltr'><strong>rum</strong></span> <span class='ocrx_word' id='word_1_15' title='bbox 371 556 663 629; x_wconf 87' lang='lat' dir='ltr'><strong>Tiberius,</strong></span> <span class='ocrx_word' id='word_1_16' title='bbox 695 555 831 612; x_wconf 90' lang='lat' dir='ltr'><strong>anni</strong></span> <span class='ocrx_word' id='word_1_17' title='bbox 891 555 1100 628; x_wconf 79' lang='lat' dir='ltr'><strong>viginti</strong></span> <span class='ocrx_word' id='word_1_18' title='bbox 1132 560 1267 611; x_wconf 89' lang='lat' dir='ltr'><strong>tres.</strong></span> <span class='ocrx_word' id='word_1_19' title='bbox 1294 555 1475 624; x_wconf 85' lang='lat' dir='ltr'><strong>Hujus</strong></span> <span class='ocrx_word' id='word_1_20' title='bbox 1502 554 1732 625; x_wconf 90' lang='lat' dir='ltr'><strong>imperii</strong></span> <span class='ocrx_word' id='word_1_21' title='bbox 1774 567 1868 608; x_wconf 89' lang='lat' dir='ltr'><strong>an-</strong></span> 
     </span>
    </p>
   </div>
   <div class='ocr_carea' id='block_1_4' title="bbox 208 643 1871 719">
    <p class='ocr_par' dir='ltr' id='par_1_4' title="bbox 208 643 1871 719">
     <span class='ocr_line' id='line_1_4' title="bbox 208 643 1871 719; baseline -0.003 -16"><span class='ocrx_word' id='word_1_22' title='bbox 208 660 279 703; x_wconf 90' lang='lat' dir='ltr'><strong>no</strong></span> <span class='ocrx_word' id='word_1_23' title='bbox 313 647 521 719; x_wconf 88' lang='lat' dir='ltr'><strong>quinto</strong></span> <span class='ocrx_word' id='word_1_24' title='bbox 545 646 768 701; x_wconf 91' lang='lat' dir='ltr'><strong>decimo</strong></span> <span class='ocrx_word' id='word_1_25' title='bbox 791 644 1085 701; x_wconf 82' lang='lat' dir='ltr'><strong>inchoavit</strong></span> <span class='ocrx_word' id='word_1_26' title='bbox 1114 644 1471 700; x_wconf 80' lang='lat' dir='ltr'><strong>salutiferam</strong></span> <span class='ocrx_word' id='word_1_27' title='bbox 1505 649 1561 699; x_wconf 93' lang='lat' dir='ltr'><strong>et</strong></span> <span class='ocrx_word' id='word_1_28' title='bbox 1590 643 1871 716; x_wconf 78' lang='lat' dir='ltr'><strong>evangeli-</strong></span> 
     </span>
    </p>
   </div>
   <div class='ocr_carea' id='block_1_5' title="bbox 206 732 1722 792">
    <p class='ocr_par' dir='ltr' id='par_1_5' title="bbox 206 732 1722 792">
     <span class='ocr_line' id='line_1_5' title="bbox 206 732 1722 792; baseline -0.003 0"><span class='ocrx_word' id='word_1_29' title='bbox 206 750 328 792; x_wconf 88' lang='lat' dir='ltr'><strong>cam</strong></span> <span class='ocrx_word' id='word_1_30' title='bbox 353 735 677 792; x_wconf 81' lang='lat' dir='ltr'><strong>doctrinam</strong></span> <span class='ocrx_word' id='word_1_31' title='bbox 707 734 988 790; x_wconf 89' lang='lat' dir='ltr'><strong>Dominus</strong></span> <span class='ocrx_word' id='word_1_32' title='bbox 1025 738 1218 791; x_wconf 91' lang='lat' dir='ltr'><strong>noster</strong></span> <span class='ocrx_word' id='word_1_33' title='bbox 1246 736 1410 790; x_wconf 86' lang='lat' dir='ltr'><strong>Jesus</strong></span> <span class='ocrx_word' id='word_1_34' title='bbox 1437 732 1722 788; x_wconf 81' lang='lat' dir='ltr'><strong>Christus.</strong></span> 
     </span>
    </p>
   </div>
   <div class='ocr_carea' id='block_1_6' title="bbox 275 820 1874 896">
    <p class='ocr_par' dir='ltr' id='par_1_6' title="bbox 275 820 1874 896">
     <span class='ocr_line' id='line_1_6' title="bbox 275 820 1874 896; baseline -0.003 -13"><span class='ocrx_word' id='word_1_35' title='bbox 275 826 445 883; x_wconf 81' lang='lat' dir='ltr'><strong>Anno</strong></span> <span class='ocrx_word' id='word_1_36' title='bbox 478 831 668 881; x_wconf 91' lang='lat' dir='ltr'><strong>autem</strong></span> <span class='ocrx_word' id='word_1_37' title='bbox 711 822 1004 896; x_wconf 86' lang='lat' dir='ltr'><strong>(ejusdem)</strong></span> <span class='ocrx_word' id='word_1_38' title='bbox 1029 823 1251 879; x_wconf 91' lang='lat' dir='ltr'><strong>decimo</strong></span> <span class='ocrx_word' id='word_1_39' title='bbox 1294 827 1491 879; x_wconf 87' lang='lat' dir='ltr'><strong>octavo</strong></span> <span class='ocrx_word' id='word_1_40' title='bbox 1533 836 1734 893; x_wconf 89' lang='lat' dir='ltr'><strong>passus</strong></span> <span class='ocrx_word' id='word_1_41' title='bbox 1758 820 1874 879; x_wconf 91' lang='lat' dir='ltr'><strong>fuit</strong></span> 
     </span>
    </p>
   </div>
   <div class='ocr_carea' id='block_1_7' title="bbox 207 912 1871 986">
    <p class='ocr_par' dir='ltr' id='par_1_7' title="bbox 207 912 1871 986">
     <span class='ocr_line' id='line_1_7' title="bbox 207 912 1871 986; baseline -0.004 -13"><span class='ocrx_word' id='word_1_42' title='bbox 207 915 627 986; x_wconf 86' lang='lat' dir='ltr'><strong>Hierosolymis</strong></span> <span class='ocrx_word' id='word_1_43' title='bbox 675 928 776 985; x_wconf 92' lang='lat' dir='ltr'><strong>pro</strong></span> <span class='ocrx_word' id='word_1_44' title='bbox 822 913 989 970; x_wconf 91' lang='lat' dir='ltr'><strong>nobis</strong></span> <span class='ocrx_word' id='word_1_45' title='bbox 1034 913 1354 983; x_wconf 90' lang='lat' dir='ltr'><strong>passionem</strong></span> <span class='ocrx_word' id='word_1_46' title='bbox 1387 912 1695 969; x_wconf 86' lang='lat' dir='ltr'><strong>salutarem</strong></span> <span class='ocrx_word' id='word_1_47' title='bbox 1740 915 1871 966; x_wconf 86' lang='lat' dir='ltr'><strong>ante</strong></span> 
     </span>
    </p>
   </div>
   <div class='ocr_carea' id='block_1_8' title="bbox 216 997 1868 1073">
    <p class='ocr_par' dir='ltr' id='par_1_8' title="bbox 216 997 1868 1073">
     <span class='ocr_line' id='line_1_8' title="bbox 216 997 1868 1073; baseline -0.004 -11"><span class='ocrx_word' id='word_1_48' title='bbox 216 1011 485 1063; x_wconf 88' lang='lat' dir='ltr'><strong>octavum</strong></span> <span class='ocrx_word' id='word_1_49' title='bbox 524 1004 678 1061; x_wconf 90' lang='lat' dir='ltr'><strong>diem</strong></span> <span class='ocrx_word' id='word_1_50' title='bbox 718 1002 1102 1059; x_wconf 84' lang='lat' dir='ltr'><strong>Kalendarum</strong></span> <span class='ocrx_word' id='word_1_51' title='bbox 1122 1001 1365 1073; x_wconf 85' lang='lat' dir='ltr'><strong>Aprilis,</strong></span> <span class='ocrx_word' id='word_1_52' title='bbox 1400 1000 1750 1057; x_wconf 88' lang='lat' dir='ltr'><strong>Phamenoth</strong></span> <span class='ocrx_word' id='word_1_53' title='bbox 1776 997 1868 1071; x_wconf 70' lang='lat'><strong>29,</strong></span> 
     </span>
    </p>
   </div>
   <div class='ocr_carea' id='block_1_9' title="bbox 211 1090 813 1152">
    <p class='ocr_par' dir='ltr' id='par_1_9' title="bbox 211 1090 813 1152">
     <span class='ocr_line' id='line_1_9' title="bbox 211 1090 813 1152; baseline -0.012 0"><span class='ocrx_word' id='word_1_54' title='bbox 211 1096 267 1152; x_wconf 88' lang='lat' dir='ltr'><strong>id</strong></span> <span class='ocrx_word' id='word_1_55' title='bbox 299 1102 390 1151; x_wconf 90' lang='lat' dir='ltr'><strong>est</strong></span> <span class='ocrx_word' id='word_1_56' title='bbox 414 1094 607 1150; x_wconf 78' lang='lat' dir='ltr'><strong>Martii</strong></span> <span class='ocrx_word' id='word_1_57' title='bbox 642 1090 716 1148; x_wconf 79' lang='grc'><strong>25</strong></span> <span class='ocrx_word' id='word_1_58' title='bbox 742 1103 774 1134; x_wconf 70' lang='grc' dir='ltr'><strong>α</strong></span> <span class='ocrx_word' id='word_1_59' title='bbox 799 1133 813 1145; x_wconf 93' lang='grc'><strong>.</strong></span> 
     </span>
    </p>
   </div>
   <div class='ocr_carea' id='block_1_10' title="bbox 275 1179 1876 1255">
    <p class='ocr_par' dir='ltr' id='par_1_10' title="bbox 275 1179 1876 1255">
     <span class='ocr_line' id='line_1_10' title="bbox 275 1179 1876 1255; baseline -0.004 -14"><span class='ocrx_word' id='word_1_60' title='bbox 275 1185 428 1241; x_wconf 88' lang='lat' dir='ltr'><strong>Sunt</strong></span> <span class='ocrx_word' id='word_1_61' title='bbox 465 1183 649 1255; x_wconf 83' lang='lat' dir='ltr'><strong>igitur</strong></span> <span class='ocrx_word' id='word_1_62' title='bbox 676 1181 748 1239; x_wconf 89' lang='lat' dir='ltr'><strong>ab</strong></span> <span class='ocrx_word' id='word_1_63' title='bbox 786 1180 964 1237; x_wconf 84' lang='lat' dir='ltr'><strong>Adam</strong></span> <span class='ocrx_word' id='word_1_64' title='bbox 1005 1193 1190 1252; x_wconf 89' lang='lat' dir='ltr'><strong>usque</strong></span> <span class='ocrx_word' id='word_1_65' title='bbox 1212 1180 1282 1237; x_wconf 91' lang='lat' dir='ltr'><strong>ad</strong></span> <span class='ocrx_word' id='word_1_66' title='bbox 1324 1179 1633 1237; x_wconf 84' lang='lat' dir='ltr'><strong>salutarem</strong></span> <span class='ocrx_word' id='word_1_67' title='bbox 1661 1179 1876 1250; x_wconf 88' lang='lat' dir='ltr'><strong>passio-</strong></span> 
     </span>
    </p>
   </div>
   <div class='ocr_carea' id='block_1_11' title="bbox 213 1269 1878 1331">
    <p class='ocr_par' dir='ltr' id='par_1_11' title="bbox 213 1269 1878 1331">
     <span class='ocr_line' id='line_1_11' title="bbox 213 1269 1878 1331; baseline -0.005 0"><span class='ocrx_word' id='word_1_68' title='bbox 213 1287 340 1331; x_wconf 88' lang='lat' dir='ltr'><strong>nem</strong></span> <span class='ocrx_word' id='word_1_69' title='bbox 366 1278 425 1329; x_wconf 91' lang='lat' dir='ltr'><strong>et</strong></span> <span class='ocrx_word' id='word_1_70' title='bbox 449 1271 926 1329; x_wconf 84' lang='lat' dir='ltr'><strong>resurrectionem</strong></span> <span class='ocrx_word' id='word_1_71' title='bbox 956 1270 1188 1327; x_wconf 89' lang='lat' dir='ltr'><strong>Domini</strong></span> <span class='ocrx_word' id='word_1_72' title='bbox 1219 1275 1278 1326; x_wconf 93' lang='lat' dir='ltr'><strong>et</strong></span> <span class='ocrx_word' id='word_1_73' title='bbox 1311 1269 1412 1325; x_wconf 89' lang='lat' dir='ltr'><strong>Dei</strong></span> <span class='ocrx_word' id='word_1_74' title='bbox 1447 1269 1760 1325; x_wconf 88' lang='lat' dir='ltr'><strong>Salvatoris</strong></span> <span class='ocrx_word' id='word_1_75' title='bbox 1781 1280 1878 1323; x_wconf 88' lang='lat' dir='ltr'><strong>no-</strong></span> 
     </span>
    </p>
   </div>
   <div class='ocr_carea' id='block_1_12' title="bbox 211 1354 1873 1431">
    <p class='ocr_par' dir='ltr' id='par_1_12' title="bbox 211 1354 1873 1431">
     <span class='ocr_line' id='line_1_12' title="bbox 211 1354 1873 1431; baseline -0.006 -10"><span class='ocrx_word' id='word_1_76' title='bbox 211 1363 324 1421; x_wconf 80' lang='lat' dir='ltr'><strong>stri</strong></span> <span class='ocrx_word' id='word_1_77' title='bbox 387 1364 526 1419; x_wconf 85' lang='lat' dir='ltr'><strong>Jesu</strong></span> <span class='ocrx_word' id='word_1_78' title='bbox 564 1360 783 1417; x_wconf 87' lang='lat' dir='ltr'><strong>Christi</strong></span> <span class='ocrx_word' id='word_1_79' title='bbox 836 1359 975 1417; x_wconf 85' lang='lat' dir='ltr'><strong>anni</strong></span> <span class='ocrx_word' id='word_1_80' title='bbox 1017 1359 1331 1431; x_wconf 87' lang='lat' dir='ltr'><strong>quinquies</strong></span> <span class='ocrx_word' id='word_1_81' title='bbox 1375 1357 1535 1415; x_wconf 89' lang='lat' dir='ltr'><strong>mille</strong></span> <span class='ocrx_word' id='word_1_82' title='bbox 1570 1354 1873 1429; x_wconf 78' lang='lat' dir='ltr'><strong>quingenti</strong></span> 
     </span>
    </p>
   </div>
   <div class='ocr_carea' id='block_1_13' title="bbox 214 1453 621 1526">
    <p class='ocr_par' dir='ltr' id='par_1_13' title="bbox 214 1453 621 1526">
     <span class='ocr_line' id='line_1_13' title="bbox 214 1453 621 1526; baseline -0.005 -17"><span class='ocrx_word' id='word_1_83' title='bbox 214 1453 460 1526; x_wconf 81' lang='lat' dir='ltr'><strong>triginta</strong></span> <span class='ocrx_word' id='word_1_84' title='bbox 488 1458 621 1508; x_wconf 89' lang='lat' dir='ltr'><strong>tres.</strong></span> 
     </span>
    </p>
   </div>
   <div class='ocr_carea' id='block_1_14' title="bbox 3519 251 3628 311">
    <p class='ocr_par' dir='ltr' id='par_1_14' title="bbox 3519 251 3628 311">
     <span class='ocr_line' id='line_1_14' title="bbox 3519 251 3628 311; baseline 0 -1"><span class='ocrx_word' id='word_1_85' title='bbox 3519 251 3628 311; x_wconf 76' lang='lat'><strong>526</strong></span> 
     </span>
    </p>
   </div>
   <div class='ocr_carea' id='block_1_15' title="bbox 1889 376 3625 438">
    <p class='ocr_par' dir='ltr' id='par_1_15' title="bbox 1889 376 3625 438">
     <span class='ocr_line' id='line_1_15' title="bbox 1889 376 3625 438; baseline -0.001 0"><span class='ocrx_word' id='word_1_86' title='bbox 1889 380 1946 438; x_wconf 87' lang='lat' dir='ltr'><strong>A</strong></span> <span class='ocrx_word' id='word_1_87' title='bbox 2042 379 2173 434; x_wconf 89' lang='lat' dir='ltr'><strong>Post</strong></span> <span class='ocrx_word' id='word_1_88' title='bbox 2192 376 2486 434; x_wconf 90' lang='lat' dir='ltr'><strong>Tiberium</strong></span> <span class='ocrx_word' id='word_1_89' title='bbox 2512 377 2684 433; x_wconf 87' lang='lat' dir='ltr'><strong>Caius</strong></span> <span class='ocrx_word' id='word_1_90' title='bbox 2699 377 2868 433; x_wconf 86' lang='lat' dir='ltr'><strong>annis</strong></span> <span class='ocrx_word' id='word_1_91' title='bbox 2910 376 3120 434; x_wconf 87' lang='lat' dir='ltr'><strong>tribus.</strong></span> <span class='ocrx_word' id='word_1_92' title='bbox 3149 391 3332 438; x_wconf 71' lang='lat' dir='ltr'><strong>mens.</strong></span> <span class='ocrx_word' id='word_1_93' title='bbox 3360 379 3552 437; x_wconf 89' lang='lat' dir='ltr'><strong>decem</strong></span> <span class='ocrx_word' id='word_1_94' title='bbox 3579 397 3625 436; x_wconf 78' lang='grc' dir='ltr'><strong>ο.</strong></span> 
     </span>
    </p>
   </div>
   <div class='ocr_carea' id='block_1_16' title="bbox 2044 466 3634 539">
    <p class='ocr_par' dir='ltr' id='par_1_16' title="bbox 2044 466 3634 539">
     <span class='ocr_line' id='line_1_16' title="bbox 2044 466 3634 539; baseline 0.002 -16"><span class='ocrx_word' id='word_1_95' title='bbox 2044 466 2324 524; x_wconf 90' lang='lat' dir='ltr'><strong>Claudius</strong></span> <span class='ocrx_word' id='word_1_96' title='bbox 2353 480 2484 523; x_wconf 89' lang='lat' dir='ltr'><strong>ann.</strong></span> <span class='ocrx_word' id='word_1_97' title='bbox 2518 466 2820 539; x_wconf 87' lang='lat' dir='ltr'><strong>tredecim,</strong></span> <span class='ocrx_word' id='word_1_98' title='bbox 2854 479 3030 523; x_wconf 91' lang='lat' dir='ltr'><strong>mens.</strong></span> <span class='ocrx_word' id='word_1_99' title='bbox 3081 481 3213 524; x_wconf 91' lang='lat' dir='ltr'><strong>uno.</strong></span> <span class='ocrx_word' id='word_1_100' title='bbox 3246 466 3520 527; x_wconf 89' lang='lat' dir='ltr'><strong>Sublatus</strong></span> <span class='ocrx_word' id='word_1_101' title='bbox 3547 482 3634 526; x_wconf 90' lang='lat' dir='ltr'><strong>ve-</strong></span> 
     </span>
    </p>
   </div>
   <div class='ocr_carea' id='block_1_17' title="bbox 1976 570 2140 613">
    <p class='ocr_par' dir='ltr' id='par_1_17' title="bbox 1976 570 2140 613">
     <span class='ocr_line' id='line_1_17' title="bbox 1976 570 2140 613; baseline -0.012 -1"><span class='ocrx_word' id='word_1_102' title='bbox 1976 570 2140 613; x_wconf 89' lang='lat' dir='ltr'><strong>neno.</strong></span> 
     </span>
    </p>
   </div>
   <div class='ocr_carea' id='block_1_18' title="bbox 2047 644 3638 719">
    <p class='ocr_par' dir='ltr' id='par_1_18' title="bbox 2047 644 3638 719">
     <span class='ocr_line' id='line_1_18' title="bbox 2047 644 3638 719; baseline 0.002 -18"><span class='ocrx_word' id='word_1_103' title='bbox 2047 648 2193 702; x_wconf 90' lang='lat' dir='ltr'><strong>Nero</strong></span> <span class='ocrx_word' id='word_1_104' title='bbox 2239 660 2372 703; x_wconf 90' lang='lat' dir='ltr'><strong>ann.</strong></span> <span class='ocrx_word' id='word_1_105' title='bbox 2424 646 2720 718; x_wconf 89' lang='lat' dir='ltr'><strong>tredecim,</strong></span> <span class='ocrx_word' id='word_1_106' title='bbox 2764 659 2939 703; x_wconf 90' lang='lat' dir='ltr'><strong>mens.</strong></span> <span class='ocrx_word' id='word_1_107' title='bbox 2993 650 3120 702; x_wconf 90' lang='lat' dir='ltr'><strong>octo</strong></span> <span class='ocrx_word' id='word_1_108' title='bbox 3178 644 3332 719; x_wconf 87' lang='lat' dir='ltr'><strong>fugit</strong></span> <span class='ocrx_word' id='word_1_109' title='bbox 3369 644 3414 717; x_wconf 74' lang='grc' dir='ltr'><strong>ἀ,</strong></span> <span class='ocrx_word' id='word_1_110' title='bbox 3462 660 3638 717; x_wconf 87' lang='lat' dir='ltr'><strong>seque</strong></span> 
     </span>
    </p>
   </div>
   <div class='ocr_carea' id='block_1_19' title="bbox 1981 735 3639 806">
    <p class='ocr_par' dir='ltr' id='par_1_19' title="bbox 1981 735 3639 806">
     <span class='ocr_line' id='line_1_19' title="bbox 1981 735 3639 806; baseline 0 -15"><span class='ocrx_word' id='word_1_111' title='bbox 1981 736 2171 806; x_wconf 88' lang='lat' dir='ltr'><strong>ipsum</strong></span> <span class='ocrx_word' id='word_1_112' title='bbox 2216 737 2382 792; x_wconf 90' lang='lat' dir='ltr'><strong>vivus</strong></span> <span class='ocrx_word' id='word_1_113' title='bbox 2431 735 2738 793; x_wconf 86' lang='lat' dir='ltr'><strong>interfecit.</strong></span> <span class='ocrx_word' id='word_1_114' title='bbox 2775 737 2892 792; x_wconf 87' lang='lat' dir='ltr'><strong>Hoc</strong></span> <span class='ocrx_word' id='word_1_115' title='bbox 2919 738 3141 793; x_wconf 88' lang='lat' dir='ltr'><strong>Nerone</strong></span> <span class='ocrx_word' id='word_1_116' title='bbox 3186 735 3639 806; x_wconf 86' lang='lat' dir='ltr'><strong>persecutionem</strong></span> 
     </span>
    </p>
   </div>
   <div class='ocr_carea' id='block_1_20' title="bbox 1980 825 3640 897">
    <p class='ocr_par' dir='ltr' id='par_1_20' title="bbox 1980 825 3640 897">
     <span class='ocr_line' id='line_1_20' title="bbox 1980 825 3640 897; baseline -0.001 -16"><span class='ocrx_word' id='word_1_117' title='bbox 1980 826 2166 896; x_wconf 90' lang='lat' dir='ltr'><strong>primo</strong></span> <span class='ocrx_word' id='word_1_118' title='bbox 2197 830 2600 897; x_wconf 88' lang='lat' dir='ltr'><strong>commovente,</strong></span> <span class='ocrx_word' id='word_1_119' title='bbox 2638 828 2840 882; x_wconf 91' lang='lat' dir='ltr'><strong>Petrus</strong></span> <span class='ocrx_word' id='word_1_120' title='bbox 2863 830 2921 882; x_wconf 89' lang='lat' dir='ltr'><strong>et</strong></span> <span class='ocrx_word' id='word_1_121' title='bbox 2945 825 3157 881; x_wconf 90' lang='lat' dir='ltr'><strong>Paulus</strong></span> <span class='ocrx_word' id='word_1_122' title='bbox 3197 826 3387 881; x_wconf 65' lang='lat' dir='ltr'><strong>Romae</strong></span> <span class='ocrx_word' id='word_1_123' title='bbox 3416 829 3640 897; x_wconf 79' lang='lat' dir='ltr'><strong>marty—</strong></span> 
     </span>
    </p>
   </div>
   <div class='ocr_carea' id='block_1_21' title="bbox 1982 913 3645 985">
    <p class='ocr_par' dir='ltr' id='par_1_21' title="bbox 1982 913 3645 985">
     <span class='ocr_line' id='line_1_21' title="bbox 1982 913 3645 985; baseline 0 -14"><span class='ocrx_word' id='word_1_124' title='bbox 1982 928 2073 971; x_wconf 85' lang='lat' dir='ltr'><strong>res</strong></span> <span class='ocrx_word' id='word_1_125' title='bbox 2101 913 2237 971; x_wconf 90' lang='lat' dir='ltr'><strong>facti</strong></span> <span class='ocrx_word' id='word_1_126' title='bbox 2283 919 2440 972; x_wconf 90' lang='lat' dir='ltr'><strong>sunt.</strong></span> <span class='ocrx_word' id='word_1_127' title='bbox 2481 917 2552 971; x_wconf 88' lang='lat' dir='ltr'><strong>Et</strong></span> <span class='ocrx_word' id='word_1_128' title='bbox 2573 914 2818 972; x_wconf 84' lang='lat' dir='ltr'><strong>Jacobus</strong></span> <span class='ocrx_word' id='word_1_129' title='bbox 2848 913 3025 971; x_wconf 87' lang='lat' dir='ltr'><strong>frater</strong></span> <span class='ocrx_word' id='word_1_130' title='bbox 3052 914 3305 984; x_wconf 89' lang='lat' dir='ltr'><strong>Domini,</strong></span> <span class='ocrx_word' id='word_1_131' title='bbox 3336 927 3505 985; x_wconf 87' lang='lat' dir='ltr'><strong>quem</strong></span> <span class='ocrx_word' id='word_1_132' title='bbox 3536 927 3645 971; x_wconf 89' lang='lat' dir='ltr'><strong>vo-</strong></span> 
     </span>
    </p>
   </div>
   <div class='ocr_carea' id='block_1_22' title="bbox 1982 1002 3649 1075">
    <p class='ocr_par' dir='ltr' id='par_1_22' title="bbox 1982 1002 3649 1075">
     <span class='ocr_line' id='line_1_22' title="bbox 1982 1002 3649 1075; baseline 0.001 -16"><span class='ocrx_word' id='word_1_133' title='bbox 1982 1003 2187 1059; x_wconf 91' lang='lat' dir='ltr'><strong>cabant</strong></span> <span class='ocrx_word' id='word_1_134' title='bbox 2210 1018 2405 1060; x_wconf 90' lang='lat' dir='ltr'><strong>omnes</strong></span> <span class='ocrx_word' id='word_1_135' title='bbox 2426 1005 2672 1075; x_wconf 87' lang='lat' dir='ltr'><strong>Justum,</strong></span> <span class='ocrx_word' id='word_1_136' title='bbox 2700 1018 2733 1060; x_wconf 93' lang='lat' dir='ltr'><strong>a</strong></span> <span class='ocrx_word' id='word_1_137' title='bbox 2754 1004 2968 1060; x_wconf 74' lang='lat' dir='ltr'><strong>Iudaeis</strong></span> <span class='ocrx_word' id='word_1_138' title='bbox 3004 1002 3417 1074; x_wconf 86' lang='lat' dir='ltr'><strong>Hierosolymis</strong></span> <span class='ocrx_word' id='word_1_139' title='bbox 3442 1002 3649 1074; x_wconf 89' lang='lat' dir='ltr'><strong>lapidi.</strong></span> 
     </span>
    </p>
   </div>
   <div class='ocr_carea' id='block_1_23' title="bbox 1982 1092 2555 1151">
    <p class='ocr_par' dir='ltr' id='par_1_23' title="bbox 1982 1092 2555 1151">
     <span class='ocr_line' id='line_1_23' title="bbox 1982 1092 2555 1151; baseline -0.003 -3"><span class='ocrx_word' id='word_1_140' title='bbox 1982 1092 2093 1151; x_wconf 90' lang='lat' dir='ltr'><strong>bus</strong></span> <span class='ocrx_word' id='word_1_141' title='bbox 2119 1097 2207 1149; x_wconf 88' lang='lat' dir='ltr'><strong>est</strong></span> <span class='ocrx_word' id='word_1_142' title='bbox 2244 1092 2488 1151; x_wconf 92' lang='lat' dir='ltr'><strong>obrutus</strong></span> <span class='ocrx_word' id='word_1_143' title='bbox 2511 1102 2555 1146; x_wconf 81' lang='grc' dir='ltr'><strong>ο.</strong></span> 
     </span>
    </p>
   </div>
   <div class='ocr_carea' id='block_1_24' title="bbox 2052 1176 3219 1255">
    <p class='ocr_par' dir='ltr' id='par_1_24' title="bbox 2052 1176 3219 1255">
     <span class='ocr_line' id='line_1_24' title="bbox 2052 1176 3219 1255; baseline 0 -17"><span class='ocrx_word' id='word_1_144' title='bbox 2052 1182 2200 1238; x_wconf 89' lang='lat' dir='ltr'><strong>Otho</strong></span> <span class='ocrx_word' id='word_1_145' title='bbox 2226 1197 2444 1239; x_wconf 89' lang='lat' dir='ltr'><strong>menses</strong></span> <span class='ocrx_word' id='word_1_146' title='bbox 2470 1188 2605 1255; x_wconf 90' lang='lat' dir='ltr'><strong>tres,</strong></span> <span class='ocrx_word' id='word_1_147' title='bbox 2629 1184 2886 1255; x_wconf 87' lang='lat' dir='ltr'><strong>seipsum</strong></span> <span class='ocrx_word' id='word_1_148' title='bbox 2908 1183 3144 1241; x_wconf 85' lang='lat' dir='ltr'><strong>occidit.</strong></span> <span class='ocrx_word' id='word_1_149' title='bbox 3206 1176 3219 1179; x_wconf 61' lang='grc'><em>’</em></span> 
     </span>
    </p>
   </div>
   <div class='ocr_carea' id='block_1_25' title="bbox 2052 1271 2750 1330">
    <p class='ocr_par' dir='ltr' id='par_1_25' title="bbox 2052 1271 2750 1330">
     <span class='ocr_line' id='line_1_25' title="bbox 2052 1271 2750 1330; baseline 0 -2"><span class='ocrx_word' id='word_1_150' title='bbox 2052 1271 2323 1328; x_wconf 81' lang='lat' dir='ltr'><strong>Vitellius</strong></span> <span class='ocrx_word' id='word_1_151' title='bbox 2354 1286 2574 1329; x_wconf 88' lang='lat' dir='ltr'><strong>menses</strong></span> <span class='ocrx_word' id='word_1_152' title='bbox 2605 1278 2750 1330; x_wconf 90' lang='lat' dir='ltr'><strong>octo.</strong></span> 
     </span>
    </p>
   </div>
   <div class='ocr_carea' id='block_1_26' title="bbox 2054 1359 3644 1433">
    <p class='ocr_par' dir='ltr' id='par_1_26' title="bbox 2054 1359 3644 1433">
     <span class='ocr_line' id='line_1_26' title="bbox 2054 1359 3644 1433; baseline 0.002 -19"><span class='ocrx_word' id='word_1_153' title='bbox 2054 1359 2438 1430; x_wconf 84' lang='lat' dir='ltr'><strong>Vespasianus</strong></span> <span class='ocrx_word' id='word_1_154' title='bbox 2462 1360 2629 1418; x_wconf 90' lang='lat' dir='ltr'><strong>annis</strong></span> <span class='ocrx_word' id='word_1_155' title='bbox 2650 1375 2868 1433; x_wconf 90' lang='lat' dir='ltr'><strong>novem,</strong></span> <span class='ocrx_word' id='word_1_156' title='bbox 2907 1375 3083 1418; x_wconf 89' lang='lat' dir='ltr'><strong>meus.</strong></span> <span class='ocrx_word' id='word_1_157' title='bbox 3121 1360 3407 1433; x_wconf 88' lang='lat' dir='ltr'><strong>undecim,</strong></span> <span class='ocrx_word' id='word_1_158' title='bbox 3434 1359 3644 1417; x_wconf 89' lang='lat' dir='ltr'><strong>diebus</strong></span> 
     </span>
    </p>
   </div>
   <div class='ocr_carea' id='block_1_27' title="bbox 1985 1449 3636 1523">
    <p class='ocr_par' dir='ltr' id='par_1_27' title="bbox 1985 1449 3636 1523">
     <span class='ocr_line' id='line_1_27' title="bbox 1985 1449 3636 1523; baseline 0.001 -16"><span class='ocrx_word' id='word_1_159' title='bbox 1985 1449 2195 1522; x_wconf 81' lang='lat' dir='ltr'><strong>viginti</strong></span> <span class='ocrx_word' id='word_1_160' title='bbox 2213 1450 2459 1523; x_wconf 89' lang='lat' dir='ltr'><strong>duobus,</strong></span> <span class='ocrx_word' id='word_1_161' title='bbox 2483 1451 2730 1509; x_wconf 89' lang='lat' dir='ltr'><strong>decessit</strong></span> <span class='ocrx_word' id='word_1_162' title='bbox 2751 1452 2811 1507; x_wconf 92' lang='lat' dir='ltr'><strong>in</strong></span> <span class='ocrx_word' id='word_1_163' title='bbox 2830 1452 3014 1509; x_wconf 90' lang='lat' dir='ltr'><strong>hortis</strong></span> <span class='ocrx_word' id='word_1_164' title='bbox 3037 1451 3425 1509; x_wconf 87' lang='lat' dir='ltr'><strong>Sallustianis.</strong></span> <span class='ocrx_word' id='word_1_165' title='bbox 3452 1452 3636 1521; x_wconf 83' lang='lat' dir='ltr'><strong>Hujus</strong></span> 
     </span>
    </p>
   </div>
   <div class='ocr_carea' id='block_1_28' title="bbox 928 1537 3654 1611">
    <p class='ocr_par' dir='ltr' id='par_1_28' title="bbox 928 1537 3654 1611">
     <span class='ocr_line' id='line_1_28' title="bbox 928 1537 3654 1611; baseline 0.001 -17"><span class='ocrx_word' id='word_1_166' title='bbox 928 1537 1148 1594; x_wconf 85' lang='lat' dir='ltr'><strong>CAPUT</strong></span> <span class='ocrx_word' id='word_1_167' title='bbox 1192 1539 1291 1593; x_wconf 83' lang='lat' dir='ltr'><strong>XI.</strong></span> <span class='ocrx_word' id='word_1_168' title='bbox 1990 1539 2221 1609; x_wconf 86' lang='lat' dir='ltr'><strong>imperii</strong></span> <span class='ocrx_word' id='word_1_169' title='bbox 2252 1553 2403 1596; x_wconf 90' lang='lat' dir='ltr'><strong>anno</strong></span> <span class='ocrx_word' id='word_1_170' title='bbox 2433 1541 2683 1597; x_wconf 91' lang='lat' dir='ltr'><strong>secundo</strong></span> <span class='ocrx_word' id='word_1_171' title='bbox 2711 1545 2875 1611; x_wconf 88' lang='lat' dir='ltr'><strong>capta</strong></span> <span class='ocrx_word' id='word_1_172' title='bbox 2902 1545 2989 1597; x_wconf 91' lang='lat' dir='ltr'><strong>est</strong></span> <span class='ocrx_word' id='word_1_173' title='bbox 3029 1540 3168 1596; x_wconf 91' lang='lat' dir='ltr'><strong>urbs</strong></span> <span class='ocrx_word' id='word_1_174' title='bbox 3202 1539 3591 1610; x_wconf 86' lang='lat' dir='ltr'><strong>Hierosolyma</strong></span> <span class='ocrx_word' id='word_1_175' title='bbox 3615 1552 3654 1596; x_wconf 86' lang='lat' dir='ltr'><strong>a</strong></span> 
     </span>
    </p>
   </div>
   <div class='ocr_carea' id='block_1_29' title="bbox 280 1623 3653 1703">
    <p class='ocr_par' dir='ltr' id='par_1_29' title="bbox 280 1623 3653 1703">
     <span class='ocr_line' id='line_1_29' title="bbox 280 1623 3653 1703; baseline -0.001 -14"><span class='ocrx_word' id='word_1_176' title='bbox 280 1633 484 1691; x_wconf 90' lang='lat' dir='ltr'><strong>Juiius</strong></span> <span class='ocrx_word' id='word_1_177' title='bbox 510 1631 696 1703; x_wconf 83' lang='lat' dir='ltr'><strong>igitur</strong></span> <span class='ocrx_word' id='word_1_178' title='bbox 717 1629 922 1699; x_wconf 73' lang='lat' dir='ltr'><strong>Caesar,</strong></span> <span class='ocrx_word' id='word_1_179' title='bbox 970 1631 1034 1684; x_wconf 91' lang='lat' dir='ltr'><strong>ut</strong></span> <span class='ocrx_word' id='word_1_180' title='bbox 1055 1628 1276 1684; x_wconf 89' lang='lat' dir='ltr'><strong>dictum</strong></span> <span class='ocrx_word' id='word_1_181' title='bbox 1320 1630 1423 1698; x_wconf 89' lang='lat' dir='ltr'><strong>est,</strong></span> <span class='ocrx_word' id='word_1_182' title='bbox 1451 1623 1683 1697; x_wconf 68' lang='lat' dir='ltr'><strong>praefuit</strong></span> <span class='ocrx_word' id='word_1_183' title='bbox 1707 1638 1879 1695; x_wconf 85' lang='lat' dir='ltr'><strong>regno</strong></span> <span class='ocrx_word' id='word_1_184' title='bbox 1920 1628 2113 1703; x_wconf 87' lang='lat' dir='ltr'><strong>_ﬁlio</strong></span> <span class='ocrx_word' id='word_1_185' title='bbox 2158 1630 2348 1700; x_wconf 89' lang='lat' dir='ltr'><strong>ipsius</strong></span> <span class='ocrx_word' id='word_1_186' title='bbox 2383 1630 2533 1702; x_wconf 89' lang='lat' dir='ltr'><strong>Tito,</strong></span> <span class='ocrx_word' id='word_1_187' title='bbox 2582 1643 2715 1687; x_wconf 86' lang='lat' dir='ltr'><strong>ann.</strong></span> <span class='ocrx_word' id='word_1_188' title='bbox 2761 1634 2890 1701; x_wconf 91' lang='lat' dir='ltr'><strong>post</strong></span> <span class='ocrx_word' id='word_1_189' title='bbox 2930 1629 3150 1687; x_wconf 89' lang='lat' dir='ltr'><strong>Christi</strong></span> <span class='ocrx_word' id='word_1_190' title='bbox 3199 1629 3653 1700; x_wconf 87' lang='lat' dir='ltr'><strong>assumptionem</strong></span> 
     </span>
    </p>
   </div>
   <div class='ocr_carea' id='block_1_30' title="bbox 217 1696 2614 1793">
    <p class='ocr_par' dir='ltr' id='par_1_30' title="bbox 217 1696 2614 1793">
     <span class='ocr_line' id='line_1_30' title="bbox 217 1696 2614 1793; baseline -0.003 -12"><span class='ocrx_word' id='word_1_191' title='bbox 217 1727 500 1793; x_wconf 89' lang='lat' dir='ltr'><strong>occupato</strong></span> <span class='ocrx_word' id='word_1_192' title='bbox 537 1696 731 1776; x_wconf 68' lang='lat' dir='ltr'><strong>Home</strong></span> <span class='ocrx_word' id='word_1_193' title='bbox 758 1732 850 1774; x_wconf 90' lang='lat' dir='ltr'><strong>an.</strong></span> <span class='ocrx_word' id='word_1_194' title='bbox 901 1696 1165 1788; x_wconf 85' lang='lat' dir='ltr'><strong>quatuor,</strong></span> <span class='ocrx_word' id='word_1_195' title='bbox 1234 1696 1418 1771; x_wconf 74' lang='lat' dir='ltr'><strong>mens.</strong></span> <span class='ocrx_word' id='word_1_196' title='bbox 1456 1696 1688 1785; x_wconf 86' lang='lat' dir='ltr'><strong>septem.</strong></span> <span class='ocrx_word' id='word_1_197' title='bbox 1734 1714 1881 1771; x_wconf 88' lang='lat' dir='ltr'><strong>Huic</strong></span> <span class='ocrx_word' id='word_1_198' title='bbox 1920 1696 1974 1757; x_wconf 86' lang='grc' dir='ltr'>Β</span> <span class='ocrx_word' id='word_1_199' title='bbox 2002 1696 2242 1791; x_wconf 72' lang='lat' dir='ltr'><strong>triginta</strong></span> <span class='ocrx_word' id='word_1_200' title='bbox 2262 1696 2571 1791; x_wconf 39' lang='lat' dir='ltr'><strong>quinque&#39;f</strong></span> <span class='ocrx_word' id='word_1_201' title='bbox 2601 1760 2614 1774; x_wconf 94' lang='lat'><strong>.</strong></span> 
     </span>
    </p>
   </div>
   <div class='ocr_carea' id='block_1_31' title="bbox 214 255 330 313">
    <p class='ocr_par' dir='ltr' id='par_1_31' title="bbox 214 255 330 313">
     <span class='ocr_line' id='line_1_31' title="bbox 214 255 330 313; baseline 0 0"><span class='ocrx_word' id='word_1_202' title='bbox 214 255 330 313; x_wconf 74' lang='lat'><strong>5&#39;25</strong></span> 
     </span>
    </p>
   </div>
   <div class='ocr_carea' id='block_1_32' title="bbox 216 1803 1879 1878">
    <p class='ocr_par' dir='ltr' id='par_1_32' title="bbox 216 1803 1879 1878">
     <span class='ocr_line' id='line_1_32' title="bbox 216 1803 1879 1878; baseline -0.007 -8"><span class='ocrx_word' id='word_1_203' title='bbox 216 1812 503 1870; x_wconf 88' lang='lat' dir='ltr'><strong>successit</strong></span> <span class='ocrx_word' id='word_1_204' title='bbox 535 1808 901 1878; x_wconf 86' lang='lat' dir='ltr'><strong>Octavianus,</strong></span> <span class='ocrx_word' id='word_1_205' title='bbox 934 1807 1103 1876; x_wconf 89' lang='lat' dir='ltr'><strong>cujus</strong></span> <span class='ocrx_word' id='word_1_206' title='bbox 1126 1805 1263 1861; x_wconf 91' lang='lat' dir='ltr'><strong>anni</strong></span> <span class='ocrx_word' id='word_1_207' title='bbox 1296 1809 1432 1861; x_wconf 91' lang='lat' dir='ltr'><strong>sunt</strong></span> <span class='ocrx_word' id='word_1_208' title='bbox 1459 1803 1879 1875; x_wconf 83' lang='lat' dir='ltr'><strong>quinquaginta</strong></span> 
     </span>
    </p>
   </div>
   <div class='ocr_carea' id='block_1_33' title="bbox 2058 1805 3663 1880">
    <p class='ocr_par' dir='ltr' id='par_1_33' title="bbox 2058 1805 3663 1880">
     <span class='ocr_line' id='line_1_33' title="bbox 2058 1805 3663 1880; baseline 0.002 -19"><span class='ocrx_word' id='word_1_209' title='bbox 2058 1807 2226 1864; x_wconf 88' lang='lat' dir='ltr'><strong>Titus</strong></span> <span class='ocrx_word' id='word_1_210' title='bbox 2251 1821 2384 1863; x_wconf 89' lang='lat' dir='ltr'><strong>ann.</strong></span> <span class='ocrx_word' id='word_1_211' title='bbox 2435 1807 2687 1880; x_wconf 90' lang='lat' dir='ltr'><strong>duobus,</strong></span> <span class='ocrx_word' id='word_1_212' title='bbox 2732 1807 3036 1867; x_wconf 90' lang='lat' dir='ltr'><strong>mensibus</strong></span> <span class='ocrx_word' id='word_1_213' title='bbox 3061 1805 3308 1880; x_wconf 88' lang='lat' dir='ltr'><strong>duobus,</strong></span> <span class='ocrx_word' id='word_1_214' title='bbox 3336 1811 3570 1866; x_wconf 88' lang='lat' dir='ltr'><strong>necatus</strong></span> <span class='ocrx_word' id='word_1_215' title='bbox 3600 1805 3663 1865; x_wconf 93' lang='lat' dir='ltr'><strong>in</strong></span> 
     </span>
    </p>
   </div>
   <div class='ocr_carea' id='block_1_34' title="bbox 216 1891 2226 1971">
    <p class='ocr_par' dir='ltr' id='par_1_34' title="bbox 216 1891 2226 1971">
     <span class='ocr_line' id='line_1_34' title="bbox 216 1891 2226 1971; baseline -0.004 -12"><span class='ocrx_word' id='word_1_216' title='bbox 216 1916 338 1971; x_wconf 86' lang='lat' dir='ltr'><strong>sex,</strong></span> <span class='ocrx_word' id='word_1_217' title='bbox 373 1912 599 1957; x_wconf 91' lang='lat' dir='ltr'><strong>menses</strong></span> <span class='ocrx_word' id='word_1_218' title='bbox 628 1912 746 1953; x_wconf 87' lang='lat' dir='ltr'><strong>sex.</strong></span> <span class='ocrx_word' id='word_1_219' title='bbox 791 1892 1039 1969; x_wconf 90' lang='lat' dir='ltr'><strong>[Tertius</strong></span> <span class='ocrx_word' id='word_1_220' title='bbox 1090 1895 1401 1965; x_wconf 87' lang='lat' dir='ltr'><strong>imperator</strong></span> <span class='ocrx_word' id='word_1_221' title='bbox 1430 1891 1691 1964; x_wconf 84' lang='lat' dir='ltr'><strong>regnavit</strong></span> <span class='ocrx_word' id='word_1_222' title='bbox 1724 1892 1883 1947; x_wconf 89' lang='lat' dir='ltr'><strong>Tibe-</strong></span> <span class='ocrx_word' id='word_1_223' title='bbox 1968 1896 2226 1966; x_wconf 62' lang='lat' dir='ltr'><strong>,palatio.</strong></span> 
     </span>
    </p>
   </div>
   <div class='ocr_carea' id='block_1_35' title="bbox 219 1979 1737 2061">
    <p class='ocr_par' dir='ltr' id='par_1_35' title="bbox 219 1979 1737 2061">
     <span class='ocr_line' id='line_1_35' title="bbox 219 1979 1737 2061; baseline -0.009 -12"><span class='ocrx_word' id='word_1_224' title='bbox 219 1993 371 2061; x_wconf 89' lang='lat' dir='ltr'><strong>rius,</strong></span> <span class='ocrx_word' id='word_1_225' title='bbox 405 1988 712 2060; x_wconf 85' lang='lat' dir='ltr'><strong>privignus</strong></span> <span class='ocrx_word' id='word_1_226' title='bbox 734 1984 978 2055; x_wconf 85' lang='lat' dir='ltr'><strong>Octavii,</strong></span> <span class='ocrx_word' id='word_1_227' title='bbox 1006 1984 1177 2040; x_wconf 90' lang='lat' dir='ltr'><strong>annis</strong></span> <span class='ocrx_word' id='word_1_228' title='bbox 1202 1981 1407 2056; x_wconf 84' lang='lat' dir='ltr'><strong>viginti</strong></span> <span class='ocrx_word' id='word_1_229' title='bbox 1435 1982 1625 2038; x_wconf 89' lang='lat' dir='ltr'><strong>tribus</strong></span> <span class='ocrx_word' id='word_1_230' title='bbox 1645 1979 1673 2021; x_wconf 73' lang='grc' dir='ltr'>δ</span> <span class='ocrx_word' id='word_1_231' title='bbox 1698 1981 1737 2052; x_wconf 91' lang='grc'><strong>.]</strong></span> 
     </span>
    </p>
   </div>
   <div class='ocr_carea' id='block_1_36' title="bbox 2066 1984 3665 2059">
    <p class='ocr_par' dir='ltr' id='par_1_36' title="bbox 2066 1984 3665 2059">
     <span class='ocr_line' id='line_1_36' title="bbox 2066 1984 3665 2059; baseline 0.002 -20"><span class='ocrx_word' id='word_1_232' title='bbox 2066 1984 2435 2041; x_wconf 90' lang='lat' dir='ltr'><strong>Domitianus</strong></span> <span class='ocrx_word' id='word_1_233' title='bbox 2460 1999 2595 2043; x_wconf 91' lang='lat' dir='ltr'><strong>ann.</strong></span> <span class='ocrx_word' id='word_1_234' title='bbox 2628 1985 2987 2058; x_wconf 84' lang='lat' dir='ltr'><strong>quindecim,</strong></span> <span class='ocrx_word' id='word_1_235' title='bbox 3012 1999 3233 2045; x_wconf 87' lang='lat' dir='ltr'><strong>menses</strong></span> <span class='ocrx_word' id='word_1_236' title='bbox 3248 1986 3522 2059; x_wconf 85' lang='lat' dir='ltr'><strong>quinque.</strong></span> <span class='ocrx_word' id='word_1_237' title='bbox 3550 1985 3665 2052; x_wconf 78' lang='lat' dir='ltr'><strong>Hoc</strong></span> 
     </span>
    </p>
   </div>
   <div class='ocr_carea' id='block_1_37' title="bbox 1344 2071 2549 2132">
    <p class='ocr_par' dir='ltr' id='par_1_37' title="bbox 1344 2071 2549 2132">
     <span class='ocr_line' id='line_1_37' title="bbox 1344 2071 2549 2132; baseline 0.003 -6"><span class='ocrx_word' id='word_1_238' title='bbox 1344 2071 1408 2127; x_wconf 82' lang='grc' dir='ltr'><strong>Α,</strong></span> <span class='ocrx_word' id='word_1_239' title='bbox 1457 2071 1688 2127; x_wconf 89' lang='lat' dir='ltr'><strong>CONTlI</strong></span> <span class='ocrx_word' id='word_1_240' title='bbox 1733 2071 1937 2129; x_wconf 71' lang='grc' dir='ltr'><strong>ΝΟΤΛΕ</strong></span> <span class='ocrx_word' id='word_1_241' title='bbox 1981 2073 2549 2132; x_wconf 69' lang='lat' dir='ltr'><strong>CHRONOLOGICE.</strong></span> 
     </span>
    </p>
   </div>
   <div class='ocr_carea' id='block_1_38' title="bbox 226 2161 1905 2233">
    <p class='ocr_par' dir='ltr' id='par_1_38' title="bbox 226 2161 1905 2233">
     <span class='ocr_line' id='line_1_38' title="bbox 226 2161 1905 2233; baseline -0.009 -3"><span class='ocrx_word' id='word_1_242' title='bbox 226 2172 388 2231; x_wconf 87' lang='lat' dir='ltr'><strong>enim</strong></span> <span class='ocrx_word' id='word_1_243' title='bbox 441 2168 652 2225; x_wconf 87' lang='lat' dir='ltr'><strong>addere</strong></span> <span class='ocrx_word' id='word_1_244' title='bbox 690 2167 877 2222; x_wconf 90' lang='lat' dir='ltr'><strong>visum</strong></span> <span class='ocrx_word' id='word_1_245' title='bbox 922 2167 1027 2233; x_wconf 91' lang='lat' dir='ltr'><strong>est,</strong></span> <span class='ocrx_word' id='word_1_246' title='bbox 1078 2163 1273 2219; x_wconf 90' lang='lat' dir='ltr'><strong>addita</strong></span> <span class='ocrx_word' id='word_1_247' title='bbox 1305 2161 1777 2231; x_wconf 87' lang='lat' dir='ltr'><strong>interpretatione</strong></span> <span class='ocrx_word' id='word_1_248' title='bbox 1808 2163 1905 2217; x_wconf 89' lang='lat' dir='ltr'><strong>La-</strong></span> 
     </span>
    </p>
   </div>
   <div class='ocr_carea' id='block_1_39' title="bbox 2082 2163 3669 2250">
    <p class='ocr_par' dir='ltr' id='par_1_39' title="bbox 2082 2163 3669 2250">
     <span class='ocr_line' id='line_1_39' title="bbox 2082 2163 3669 2250; baseline -0.001 -29"><span class='ocrx_word' id='word_1_249' title='bbox 2082 2166 2415 2250; x_wconf 61' lang='lat' dir='ltr'><strong>Creophagia</strong></span> <span class='ocrx_word' id='word_1_250' title='bbox 2458 2166 2731 2250; x_wconf 42' lang='lat' dir='ltr'><strong>(gieS‘LVI‘:</strong></span> <span class='ocrx_word' id='word_1_251' title='bbox 2768 2166 3122 2250; x_wconf 70' lang='lat' dir='ltr'><strong>Creophagia</strong></span> <span class='ocrx_word' id='word_1_252' title='bbox 3144 2170 3350 2223; x_wconf 87' lang='lat' dir='ltr'><strong>vocant</strong></span> <span class='ocrx_word' id='word_1_253' title='bbox 3370 2164 3525 2250; x_wconf 71' lang='lat' dir='ltr'><strong>illud</strong></span> <span class='ocrx_word' id='word_1_254' title='bbox 3557 2163 3669 2249; x_wconf 78' lang='lat' dir='ltr'><strong>in&quot;</strong></span> 
     </span>
    </p>
   </div>
   <div class='ocr_carea' id='block_1_40' title="bbox 228 2233 3669 2313">
    <p class='ocr_par' dir='ltr' id='par_1_40' title="bbox 228 2233 3669 2313">
     <span class='ocr_line' id='line_1_40' title="bbox 228 2233 3669 2313; baseline -0.003 -12"><span class='ocrx_word' id='word_1_255' title='bbox 228 2246 377 2313; x_wconf 87' lang='lat' dir='ltr'><strong>tina,</strong></span> <span class='ocrx_word' id='word_1_256' title='bbox 420 2240 562 2313; x_wconf 88' lang='lat' dir='ltr'><strong>quia</strong></span> <span class='ocrx_word' id='word_1_257' title='bbox 605 2237 1179 2313; x_wconf 41' lang='lat' dir='ltr'><strong>paucisnliatinorum</strong></span> <span class='ocrx_word' id='word_1_258' title='bbox 1225 2233 1666 2313; x_wconf 24' lang='lat' dir='ltr'><strong>et‘nostﬁratium</strong></span> <span class='ocrx_word' id='word_1_259' title='bbox 1698 2246 1905 2313; x_wconf 44' lang='lat' dir='ltr'><strong>eaures</strong></span> <span class='ocrx_word' id='word_1_260' title='bbox 2012 2233 2309 2313; x_wconf 61' lang='lat' dir='ltr'><strong>tervalium</strong></span> <span class='ocrx_word' id='word_1_261' title='bbox 2340 2239 2597 2313; x_wconf 75' lang='lat' dir='ltr'><strong>quodest</strong></span> <span class='ocrx_word' id='word_1_262' title='bbox 2622 2251 2664 2313; x_wconf 91' lang='lat' dir='ltr'><strong>a_</strong></span> <span class='ocrx_word' id='word_1_263' title='bbox 2683 2238 2869 2313; x_wconf 80' lang='lat' dir='ltr'><strong>Natali</strong></span> <span class='ocrx_word' id='word_1_264' title='bbox 2896 2233 3125 2313; x_wconf 79' lang='lat' dir='ltr'><strong>Domini</strong></span> <span class='ocrx_word' id='word_1_265' title='bbox 3154 2252 3336 2313; x_wconf 83' lang='lat' dir='ltr'><strong>usque</strong></span> <span class='ocrx_word' id='word_1_266' title='bbox 3364 2237 3432 2293; x_wconf 89' lang='lat' dir='ltr'><strong>ad</strong></span> <span class='ocrx_word' id='word_1_267' title='bbox 3466 2235 3669 2313; x_wconf 73' lang='lat' dir='ltr'><strong>ieriam</strong></span> 
     </span>
    </p>
   </div>
   <div class='ocr_carea' id='block_1_41' title="bbox 227 2302 1869 2405">
    <p class='ocr_par' dir='ltr' id='par_1_41' title="bbox 227 2302 1869 2405">
     <span class='ocr_line' id='line_1_41' title="bbox 227 2302 1869 2405; baseline -0.005 -35"><span class='ocrx_word' id='word_1_268' title='bbox 227 2302 458 2405; x_wconf 64' lang='lat' dir='ltr'><strong>videtur</strong></span> <span class='ocrx_word' id='word_1_269' title='bbox 482 2302 762 2405; x_wconf 47' lang='lat' dir='ltr'><strong>.cog-nita.</strong></span> <span class='ocrx_word' id='word_1_270' title='bbox 808 2306 1012 2373; x_wconf 78' lang='grc' dir='ltr'><strong>’Ἐτους</strong></span> <span class='ocrx_word' id='word_1_271' title='bbox 1047 2305 1191 2405; x_wconf 57' lang='lat' dir='ltr'><strong>’EoO’,</strong></span> <span class='ocrx_word' id='word_1_272' title='bbox 1242 2302 1563 2405; x_wconf 52' lang='lat' dir='ltr'><strong>iYSDEEOSVOC</strong></span> <span class='ocrx_word' id='word_1_273' title='bbox 1605 2305 1695 2379; x_wconf 83' lang='grc' dir='ltr'>ιδ’,</span> <span class='ocrx_word' id='word_1_274' title='bbox 1736 2303 1869 2405; x_wconf 55' lang='grc' dir='ltr'><strong>ὶὴλίξ</strong></span> 
     </span>
    </p>
   </div>
   <div class='ocr_carea' id='block_1_42' title="bbox 2052 2302 3673 2405">
    <p class='ocr_par' dir='ltr' id='par_1_42' title="bbox 2052 2302 3673 2405">
     <span class='ocr_line' id='line_1_42' title="bbox 2052 2302 3673 2405; baseline 0 0"><span class='ocrx_word' id='word_1_275' title='bbox 2052 2302 2955 2405; x_wconf 55' lang='grc' dir='ltr'><strong>ῗῩΡῖξίῖιθἮΡὲδίλὲῗἮΨέῗθᾞΞΗ</strong></span> <span class='ocrx_word' id='word_1_276' title='bbox 3261 2308 3673 2405; x_wconf 45' lang='lat'><strong>9131.99.93:</strong></span> 
     </span>
    </p>
   </div>
   <div class='ocr_carea' id='block_1_43' title="bbox 223 2383 1909 2489">
    <p class='ocr_par' dir='ltr' id='par_1_43' title="bbox 223 2383 1909 2489">
     <span class='ocr_line' id='line_1_43' title="bbox 223 2383 1909 2489; baseline -0.003 -42"><span class='ocrx_word' id='word_1_277' title='bbox 223 2387 416 2447; x_wconf 83' lang='grc' dir='ltr'>κύκλοι</span> <span class='ocrx_word' id='word_1_278' title='bbox 444 2387 498 2445; x_wconf 84' lang='grc' dir='ltr'><strong>κ’</strong></span> <span class='ocrx_word' id='word_1_279' title='bbox 546 2383 625 2467; x_wconf 56' lang='grc' dir='ltr'><strong>γΓ,</strong></span> <span class='ocrx_word' id='word_1_280' title='bbox 659 2410 942 2489; x_wconf 58' lang='grc' dir='ltr'><strong>φεγκαςιου</strong></span> <span class='ocrx_word' id='word_1_281' title='bbox 1000 2384 1182 2446; x_wconf 80' lang='grc' dir='ltr'>κύκλοι</span> <span class='ocrx_word' id='word_1_282' title='bbox 1214 2384 1307 2445; x_wconf 86' lang='grc' dir='ltr'><strong>ια’.</strong></span> <span class='ocrx_word' id='word_1_283' title='bbox 1361 2384 1433 2487; x_wconf 53' lang='grc' dir='ltr'>ῖΠ</span> <span class='ocrx_word' id='word_1_284' title='bbox 1480 2383 1762 2466; x_wconf 78' lang='grc' dir='ltr'><strong>παραμονὴ</strong></span> <span class='ocrx_word' id='word_1_285' title='bbox 1801 2388 1909 2443; x_wconf 82' lang='grc' dir='ltr'><strong>τῶν</strong></span> 
     </span>
     <span class='ocr_line' id='line_1_44' title="bbox 225 2464 1903 2489; baseline 0 0"><span class='ocrx_word' id='word_1_286' title='bbox 225 2470 270 2489; x_wconf 71' lang='grc' dir='ltr'><strong>ν</strong></span> <span class='ocrx_word' id='word_1_287' title='bbox 434 2474 469 2489; x_wconf 76' lang='lat'><strong>~</strong></span> <span class='ocrx_word' id='word_1_288' title='bbox 619 2472 653 2486; x_wconf 62' lang='grc' dir='ltr'><strong>Α·</strong></span> <span class='ocrx_word' id='word_1_289' title='bbox 751 2474 768 2489; x_wconf 67' lang='grc' dir='ltr'><strong><em>ο</em></strong></span> <span class='ocrx_word' id='word_1_290' title='bbox 1125 2471 1159 2485; x_wconf 69' lang='grc' dir='ltr'><strong>δυ</strong></span> <span class='ocrx_word' id='word_1_291' title='bbox 1537 2471 1552 2489; x_wconf 69' lang='grc' dir='ltr'><strong>ε</strong></span> <span class='ocrx_word' id='word_1_292' title='bbox 1618 2465 1651 2489; x_wconf 34' lang='grc' dir='ltr'><strong>Ῐγ</strong></span> <span class='ocrx_word' id='word_1_293' title='bbox 1808 2465 1822 2488; x_wconf 73' lang='grc'><strong><em>7</em></strong></span> <span class='ocrx_word' id='word_1_294' title='bbox 1884 2464 1903 2489; x_wconf 52' lang='grc' dir='ltr'>ἱ</span> 
     </span>
    </p>
   </div>
   <div class='ocr_carea' id='block_1_44' title="bbox 2019 2379 3674 2450">
    <p class='ocr_par' dir='ltr' id='par_1_44' title="bbox 2019 2379 3674 2450">
     <span class='ocr_line' id='line_1_45' title="bbox 2019 2379 3674 2450; baseline -0.002 -14"><span class='ocrx_word' id='word_1_295' title='bbox 2019 2394 2129 2450; x_wconf 92' lang='lat' dir='ltr'><strong>que</strong></span> <span class='ocrx_word' id='word_1_296' title='bbox 2171 2380 2241 2436; x_wconf 91' lang='lat' dir='ltr'><strong>ad</strong></span> <span class='ocrx_word' id='word_1_297' title='bbox 2302 2393 2426 2435; x_wconf 88' lang='lat' dir='ltr'><strong>eam</strong></span> <span class='ocrx_word' id='word_1_298' title='bbox 2475 2379 2757 2435; x_wconf 85' lang='lat' dir='ltr'><strong>duntaxat</strong></span> <span class='ocrx_word' id='word_1_299' title='bbox 2806 2381 2959 2436; x_wconf 90' lang='lat' dir='ltr'><strong>diem</strong></span> <span class='ocrx_word' id='word_1_300' title='bbox 3015 2379 3289 2436; x_wconf 87' lang='lat' dir='ltr'><strong>carnibus</strong></span> <span class='ocrx_word' id='word_1_301' title='bbox 3353 2379 3674 2435; x_wconf 85' lang='lat' dir='ltr'><strong>vescuntur</strong></span> 
     </span>
    </p>
   </div>
   <div class='ocr_carea' id='block_1_45' title="bbox 225 2451 2572 2551">
    <p class='ocr_par' dir='ltr' id='par_1_45' title="bbox 225 2451 2572 2551">
     <span class='ocr_line' id='line_1_46' title="bbox 225 2451 2572 2551; baseline 0 0"><span class='ocrx_word' id='word_1_302' title='bbox 225 2470 470 2551; x_wconf 68' lang='grc' dir='ltr'><strong>Χοιςιῖτοῖί</strong></span> <span class='ocrx_word' id='word_1_303' title='bbox 492 2451 710 2549; x_wconf 55' lang='grc' dir='ltr'><strong>γεῧνῧῧν</strong></span> <span class='ocrx_word' id='word_1_304' title='bbox 736 2451 916 2551; x_wconf 44' lang='lat' dir='ltr'><strong>ira“</strong></span> <span class='ocrx_word' id='word_1_305' title='bbox 935 2471 1161 2551; x_wconf 61' lang='grc' dir='ltr'><strong>κιξριοοξῆ</strong></span> <span class='ocrx_word' id='word_1_306' title='bbox 1187 2465 1497 2551; x_wconf 65' lang='grc' dir='ltr'><strong>κρεοφάιιαν</strong></span> <span class='ocrx_word' id='word_1_307' title='bbox 1528 2451 1721 2551; x_wconf 52' lang='lat' dir='ltr'><strong>eam</strong></span> <span class='ocrx_word' id='word_1_308' title='bbox 1750 2451 1822 2551; x_wconf 53' lang='lat'><strong>5&#39;5</strong></span> <span class='ocrx_word' id='word_1_309' title='bbox 1849 2464 1911 2551; x_wconf 66' lang='grc' dir='ltr'>τὸ</span> <span class='ocrx_word' id='word_1_310' title='bbox 2018 2451 2572 2551; x_wconf 55' lang='grc' dir='ltr'><strong>θτίθξῖἓέἷίδίέἓῖηῖ</strong></span> 
     </span>
    </p>
   </div>
   <div class='ocr_carea' id='block_1_46' title="bbox 224 2543 1907 2631">
    <p class='ocr_par' dir='ltr' id='par_1_46' title="bbox 224 2543 1907 2631">
     <span class='ocr_line' id='line_1_47' title="bbox 224 2543 1907 2631; baseline -0.003 -24"><span class='ocrx_word' id='word_1_311' title='bbox 224 2546 469 2631; x_wconf 69' lang='grc' dir='ltr'>τριώδῳν</span> <span class='ocrx_word' id='word_1_312' title='bbox 499 2543 719 2631; x_wconf 67' lang='grc' dir='ltr'><strong>ἔρχεται</strong></span> <span class='ocrx_word' id='word_1_313' title='bbox 746 2543 1041 2631; x_wconf 58' lang='grc' dir='ltr'>φὲϐῥυᾳρίὼ</span> <span class='ocrx_word' id='word_1_314' title='bbox 1070 2546 1134 2631; x_wconf 63' lang='grc' dir='ltr'><strong>ξ’·</strong></span> <span class='ocrx_word' id='word_1_315' title='bbox 1166 2543 1907 2631; x_wconf 24' lang='grc' dir='ltr'><strong>ἆποᾷιρέᾳξφξξροὺαρίῳιιὴ·</strong></span> 
     </span>
    </p>
   </div>
   <div class='ocr_carea' id='block_1_47' title="bbox 225 2572 1912 2710">
    <p class='ocr_par' dir='ltr' id='par_1_47' title="bbox 225 2572 1912 2710">
     <span class='ocr_line' id='line_1_48' title="bbox 225 2572 1907 2686; baseline -0.003 -79"><span class='ocrx_word' id='word_1_316' title='bbox 225 2572 469 2630; x_wconf 83' lang='grc' dir='ltr'><strong>τριωοιον</strong></span> <span class='ocrx_word' id='word_1_317' title='bbox 564 2572 719 2628; x_wconf 81' lang='grc' dir='ltr'>χεται</span> <span class='ocrx_word' id='word_1_318' title='bbox 746 2572 1041 2686; x_wconf 52' lang='grc' dir='ltr'><strong>φεοςυαριω</strong></span> <span class='ocrx_word' id='word_1_319' title='bbox 1070 2572 1105 2608; x_wconf 71' lang='lat'><strong>0&#39;</strong></span> <span class='ocrx_word' id='word_1_320' title='bbox 1124 2572 1134 2578; x_wconf 92' lang='lat'><strong>&#39;</strong></span> <span class='ocrx_word' id='word_1_321' title='bbox 1166 2572 1200 2619; x_wconf 81' lang='grc' dir='ltr'><strong>η</strong></span> <span class='ocrx_word' id='word_1_322' title='bbox 1227 2572 1806 2627; x_wconf 29' lang='grc' dir='ltr'><strong>αποκρεαηφεορουαριω</strong></span> <span class='ocrx_word' id='word_1_323' title='bbox 1835 2572 1907 2617; x_wconf 88' lang='grc' dir='ltr'><strong>ιη·</strong></span> 
     </span>
     <span class='ocr_line' id='line_1_49' title="bbox 225 2573 1912 2710; baseline -0.002 -22"><span class='ocrx_word' id='word_1_324' title='bbox 225 2629 451 2710; x_wconf 59' lang='grc' dir='ltr'><strong>νομικὸν</strong></span> <span class='ocrx_word' id='word_1_325' title='bbox 488 2573 675 2710; x_wconf 44' lang='lat' dir='ltr'><strong>ﬁexa</strong></span> <span class='ocrx_word' id='word_1_326' title='bbox 710 2634 853 2710; x_wconf 80' lang='grc' dir='ltr'><strong>Απρι</strong></span> <span class='ocrx_word' id='word_1_327' title='bbox 888 2627 1010 2701; x_wconf 81' lang='grc' dir='ltr'><strong>λίω,</strong></span> <span class='ocrx_word' id='word_1_328' title='bbox 1052 2626 1124 2710; x_wconf 76' lang='grc' dir='ltr'><strong>ιϐ’</strong></span> <span class='ocrx_word' id='word_1_329' title='bbox 1169 2628 1496 2710; x_wconf 71' lang='grc' dir='ltr'><strong>Χριστιανῷν</strong></span> <span class='ocrx_word' id='word_1_330' title='bbox 1526 2625 1749 2710; x_wconf 77' lang='grc' dir='ltr'><strong>ῌάσχα,</strong></span> <span class='ocrx_word' id='word_1_331' title='bbox 1781 2625 1912 2684; x_wconf 78' lang='grc' dir='ltr'><strong>Ἄπ-</strong></span> 
     </span>
    </p>
   </div>
   <div class='ocr_carea' id='block_1_48' title="bbox 228 2706 1918 2791">
    <p class='ocr_par' dir='ltr' id='par_1_48' title="bbox 228 2706 1918 2791">
     <span class='ocr_line' id='line_1_50' title="bbox 228 2706 1918 2791; baseline -0.002 -23"><span class='ocrx_word' id='word_1_332' title='bbox 228 2706 424 2791; x_wconf 71' lang='grc' dir='ltr'>ριλλίω</span> <span class='ocrx_word' id='word_1_333' title='bbox 458 2706 547 2769; x_wconf 57' lang='lat'><strong>:8-</strong></span> <span class='ocrx_word' id='word_1_334' title='bbox 584 2706 817 2789; x_wconf 61' lang='grc' dir='ltr'><strong>δὲὺριακῇ</strong></span> <span class='ocrx_word' id='word_1_335' title='bbox 838 2714 943 2769; x_wconf 83' lang='grc' dir='ltr'>τῶν</span> <span class='ocrx_word' id='word_1_336' title='bbox 982 2707 1146 2791; x_wconf 67' lang='grc' dir='ltr'><strong>ἀγίωγ</strong></span> <span class='ocrx_word' id='word_1_337' title='bbox 1174 2706 1389 2766; x_wconf 71' lang='grc' dir='ltr'><strong>πάντων</strong></span> <span class='ocrx_word' id='word_1_338' title='bbox 1432 2706 1613 2765; x_wconf 83' lang='grc' dir='ltr'><strong>Ιουνίω</strong></span> <span class='ocrx_word' id='word_1_339' title='bbox 1643 2712 1698 2765; x_wconf 78' lang='grc' dir='ltr'><strong>ι’⁶</strong></span> <span class='ocrx_word' id='word_1_340' title='bbox 1729 2712 1763 2778; x_wconf 82' lang='grc' dir='ltr'><strong>ἡ</strong></span> <span class='ocrx_word' id='word_1_341' title='bbox 1793 2729 1918 2778; x_wconf 86' lang='grc' dir='ltr'><strong>νησ-</strong></span> 
     </span>
    </p>
   </div>
   <div class='ocr_carea' id='block_1_49' title="bbox 227 2787 1920 2871">
    <p class='ocr_par' dir='ltr' id='par_1_49' title="bbox 227 2787 1920 2871">
     <span class='ocr_line' id='line_1_51' title="bbox 227 2787 1920 2871; baseline 0 -21"><span class='ocrx_word' id='word_1_342' title='bbox 227 2787 349 2850; x_wconf 43' lang='lat' dir='ltr'><strong>asia.</strong></span> <span class='ocrx_word' id='word_1_343' title='bbox 361 2794 475 2848; x_wconf 80' lang='grc' dir='ltr'>τῶν</span> <span class='ocrx_word' id='word_1_344' title='bbox 491 2787 982 2871; x_wconf 62' lang='grc' dir='ltr'><strong>ἀγιῶνᾷποστολῶν</strong></span> <span class='ocrx_word' id='word_1_345' title='bbox 992 2834 1009 2861; x_wconf 90' lang='lat'><strong>,</strong></span> <span class='ocrx_word' id='word_1_346' title='bbox 1020 2787 1312 2871; x_wconf 26' lang='lat' dir='ltr'><strong>jpépat‘tﬂ’</strong></span> <span class='ocrx_word' id='word_1_347' title='bbox 1322 2809 1333 2819; x_wconf 88' lang='lat'>&#39;</span> <span class='ocrx_word' id='word_1_348' title='bbox 1343 2796 1413 2871; x_wconf 21' lang='lat' dir='ltr'><strong>Ald</strong></span> <span class='ocrx_word' id='word_1_349' title='bbox 1427 2802 1513 2851; x_wconf 91' lang='lat' dir='ltr'><strong>est</strong></span> <span class='ocrx_word' id='word_1_350' title='bbox 1534 2813 1547 2849; x_wconf 90' lang='lat'>:</span> <span class='ocrx_word' id='word_1_351' title='bbox 1564 2796 1727 2863; x_wconf 77' lang='lat' dir='ltr'><strong>Anno</strong></span> <span class='ocrx_word' id='word_1_352' title='bbox 1738 2793 1855 2871; x_wconf 84' lang='lat' dir='ltr'><strong>(m_u</strong></span> <span class='ocrx_word' id='word_1_353' title='bbox 1862 2808 1920 2850; x_wconf 85' lang='lat' dir='ltr'><strong>n-</strong></span> 
     </span>
    </p>
   </div>
   <div class='ocr_carea' id='block_1_50' title="bbox 231 2867 1918 2943">
    <p class='ocr_par' dir='ltr' id='par_1_50' title="bbox 231 2867 1918 2943">
     <span class='ocr_line' id='line_1_52' title="bbox 231 2867 1918 2943; baseline -0.002 -16"><span class='ocrx_word' id='word_1_354' title='bbox 231 2870 317 2943; x_wconf 90' lang='lat' dir='ltr'><strong>di)</strong></span> <span class='ocrx_word' id='word_1_355' title='bbox 343 2885 424 2926; x_wconf 85' lang='lat' dir='ltr'><strong>vn</strong></span> <span class='ocrx_word' id='word_1_356' title='bbox 450 2867 631 2927; x_wconf 56' lang='lat' dir='ltr'><strong>in&#39;ux</strong></span> <span class='ocrx_word' id='word_1_357' title='bbox 667 2869 745 2941; x_wconf 87' lang='lat' dir='ltr'><strong>(id</strong></span> <span class='ocrx_word' id='word_1_358' title='bbox 772 2874 861 2925; x_wconf 92' lang='lat' dir='ltr'><strong>est</strong></span> <span class='ocrx_word' id='word_1_359' title='bbox 889 2869 1108 2943; x_wconf 82' lang='lat' dir='ltr'><strong>septies</strong></span> <span class='ocrx_word' id='word_1_360' title='bbox 1142 2867 1918 2943; x_wconf 35' lang='lat' dir='ltr'><strong>millesimomseptuagesimo</strong></span> 
     </span>
    </p>
   </div>
   <div class='ocr_carea' id='block_1_51' title="bbox 239 2935 1920 3012">
    <p class='ocr_par' dir='ltr' id='par_1_51' title="bbox 239 2935 1920 3012">
     <span class='ocr_line' id='line_1_53' title="bbox 239 2935 1920 3012; baseline -0.005 -14"><span class='ocrx_word' id='word_1_361' title='bbox 239 2935 417 3012; x_wconf 81' lang='lat' dir='ltr'><strong>nono,</strong></span> <span class='ocrx_word' id='word_1_362' title='bbox 448 2974 519 2982; x_wconf 93' lang='lat'><strong>—</strong></span> <span class='ocrx_word' id='word_1_363' title='bbox 548 2935 698 2997; x_wconf 84' lang='lat' dir='ltr'><strong>anno</strong></span> <span class='ocrx_word' id='word_1_364' title='bbox 718 2935 1146 3012; x_wconf 11' lang='lat' dir='ltr'><strong>Alncarna&#39;tionis</strong></span> <span class='ocrx_word' id='word_1_365' title='bbox 1168 2940 1383 2996; x_wconf 88' lang='lat' dir='ltr'><strong>Christi</strong></span> <span class='ocrx_word' id='word_1_366' title='bbox 1405 2935 1582 3012; x_wconf 59' lang='lat'><strong>4571)}</strong></span> <span class='ocrx_word' id='word_1_367' title='bbox 1622 2935 1920 3012; x_wconf 69' lang='lat' dir='ltr'><strong>indictione</strong></span> 
     </span>
    </p>
   </div>
   <div class='ocr_carea' id='block_1_52' title="bbox 242 3009 1915 3081">
    <p class='ocr_par' dir='ltr' id='par_1_52' title="bbox 242 3009 1915 3081">
     <span class='ocr_line' id='line_1_54' title="bbox 242 3009 1915 3081; baseline -0.003 -13"><span class='ocrx_word' id='word_1_368' title='bbox 242 3027 344 3068; x_wconf 78' lang='lat' dir='ltr'><strong>xw</strong></span> <span class='ocrx_word' id='word_1_369' title='bbox 367 3009 519 3070; x_wconf 73' lang='lat' dir='ltr'><strong>salis</strong></span> <span class='ocrx_word' id='word_1_370' title='bbox 541 3026 688 3068; x_wconf 62' lang='grc' dir='ltr'>χχιιι</span> <span class='ocrx_word' id='word_1_371' title='bbox 708 3010 911 3081; x_wconf 87' lang='lat' dir='ltr'><strong>(nostri</strong></span> <span class='ocrx_word' id='word_1_372' title='bbox 938 3012 1125 3067; x_wconf 86' lang='lat' dir='ltr'><strong>Latini</strong></span> <span class='ocrx_word' id='word_1_373' title='bbox 1149 3014 1482 3081; x_wconf 84' lang='lat' dir='ltr'><strong>computant</strong></span> <span class='ocrx_word' id='word_1_374' title='bbox 1498 3009 1915 3080; x_wconf 85' lang='lat' dir='ltr'><strong>duntaxatxu).</strong></span> 
     </span>
    </p>
   </div>
   <div class='ocr_carea' id='block_1_53' title="bbox 235 3056 1999 3157">
    <p class='ocr_par' dir='ltr' id='par_1_53' title="bbox 235 3056 1999 3157">
     <span class='ocr_line' id='line_1_55' title="bbox 235 3056 1999 3157; baseline -0.002 -18"><span class='ocrx_word' id='word_1_375' title='bbox 235 3056 641 3157; x_wconf 63' lang='grc' dir='ltr'><strong>ἓὶιὲτῖᾖὶιὲ-ἒὶξίὄ</strong></span> <span class='ocrx_word' id='word_1_376' title='bbox 651 3056 1924 3157; x_wconf 54' lang='grc' dir='ltr'><strong>ἒεϊΐιῖἧέἐ)’ὧέἱὲὶῖῗόἓέξὲῐῖἆ(εἶῐξὲίιὶὲᾗὲὲἱὰἲ-</strong></span> <span class='ocrx_word' id='word_1_377' title='bbox 1950 3056 1999 3119; x_wconf 85' lang='lat' dir='ltr'><strong>C</strong></span> 
     </span>
    </p>
   </div>
   <div class='ocr_carea' id='block_1_54' title="bbox 240 3153 1925 3222">
    <p class='ocr_par' dir='ltr' id='par_1_54' title="bbox 240 3153 1925 3222">
     <span class='ocr_line' id='line_1_56' title="bbox 240 3153 1925 3222; baseline -0.004 -9"><span class='ocrx_word' id='word_1_378' title='bbox 240 3158 331 3213; x_wconf 85' lang='lat' dir='ltr'><strong>tio</strong></span> <span class='ocrx_word' id='word_1_379' title='bbox 348 3153 848 3211; x_wconf 44' lang='lat' dir='ltr'><strong>Christi&#39;natalium</strong></span> <span class='ocrx_word' id='word_1_380' title='bbox 863 3155 951 3209; x_wconf 79' lang='lat' dir='ltr'><strong>die</strong></span> <span class='ocrx_word' id='word_1_381' title='bbox 962 3156 1275 3219; x_wconf 79' lang='lat' dir='ltr'><strong>Dominica;</strong></span> <span class='ocrx_word' id='word_1_382' title='bbox 1300 3153 1633 3222; x_wconf 78' lang='lat' dir='ltr'><strong>Creophagia</strong></span> <span class='ocrx_word' id='word_1_383' title='bbox 1646 3153 1767 3222; x_wconf 89' lang='lat' dir='ltr'><strong>(seu</strong></span> <span class='ocrx_word' id='word_1_384' title='bbox 1790 3158 1925 3207; x_wconf 88' lang='lat' dir='ltr'><strong>tem-</strong></span> 
     </span>
    </p>
   </div>
   <div class='ocr_carea' id='block_1_55' title="bbox 244 3223 1923 3299">
    <p class='ocr_par' dir='ltr' id='par_1_55' title="bbox 244 3223 1923 3299">
     <span class='ocr_line' id='line_1_57' title="bbox 244 3223 1923 3299; baseline -0.004 -15"><span class='ocrx_word' id='word_1_385' title='bbox 244 3244 357 3299; x_wconf 89' lang='lat' dir='ltr'><strong>pus</strong></span> <span class='ocrx_word' id='word_1_386' title='bbox 383 3228 737 3283; x_wconf 87' lang='lat' dir='ltr'><strong>edendarum</strong></span> <span class='ocrx_word' id='word_1_387' title='bbox 764 3224 1048 3299; x_wconf 84' lang='lat' dir='ltr'><strong>carnium)</strong></span> <span class='ocrx_word' id='word_1_388' title='bbox 1069 3227 1183 3279; x_wconf 81' lang='lat' dir='ltr'><strong>dies</strong></span> <span class='ocrx_word' id='word_1_389' title='bbox 1207 3239 1301 3299; x_wconf 66' lang='grc' dir='ltr'><strong>[Νι</strong></span> <span class='ocrx_word' id='word_1_390' title='bbox 1320 3243 1354 3299; x_wconf 18' lang='lat'><strong>;4</strong></span> <span class='ocrx_word' id='word_1_391' title='bbox 1372 3225 1621 3299; x_wconf 65' lang='lat' dir='ltr'><strong>Apocrea</strong></span> <span class='ocrx_word' id='word_1_392' title='bbox 1649 3223 1771 3299; x_wconf 70' lang='lat' dir='ltr'><strong>(seu</strong></span> <span class='ocrx_word' id='word_1_393' title='bbox 1797 3223 1923 3299; x_wconf 82' lang='lat' dir='ltr'><strong>dies</strong></span> 
     </span>
    </p>
   </div>
   <div class='ocr_carea' id='block_1_56' title="bbox 240 3294 1923 3369">
    <p class='ocr_par' dir='ltr' id='par_1_56' title="bbox 240 3294 1923 3369">
     <span class='ocr_line' id='line_1_58' title="bbox 240 3294 1923 3369; baseline -0.008 -14"><span class='ocrx_word' id='word_1_394' title='bbox 240 3294 603 3355; x_wconf 72' lang='lat' dir='ltr'><strong>abstinentia</strong></span> <span class='ocrx_word' id='word_1_395' title='bbox 656 3313 687 3353; x_wconf 91' lang='lat' dir='ltr'><strong>a</strong></span> <span class='ocrx_word' id='word_1_396' title='bbox 740 3294 1039 3369; x_wconf 74' lang='lat' dir='ltr'><strong>carnibus)</strong></span> <span class='ocrx_word' id='word_1_397' title='bbox 1072 3309 1216 3351; x_wconf 83' lang='lat' dir='ltr'><strong>xvm</strong></span> <span class='ocrx_word' id='word_1_398' title='bbox 1262 3297 1551 3369; x_wconf 60' lang='lat' dir='ltr'><strong>Februarii</strong></span> <span class='ocrx_word' id='word_1_399' title='bbox 1585 3313 1628 3369; x_wconf 88' lang='lat'><strong>;_</strong></span> <span class='ocrx_word' id='word_1_400' title='bbox 1664 3294 1923 3369; x_wconf 59' lang='lat' dir='ltr'><strong>Triodion</strong></span> 
     </span>
    </p>
   </div>
   <div class='ocr_carea' id='block_1_57' title="bbox 244 3366 1924 3441">
    <p class='ocr_par' dir='ltr' id='par_1_57' title="bbox 244 3366 1924 3441">
     <span class='ocr_line' id='line_1_59' title="bbox 244 3366 1924 3441; baseline -0.004 -17"><span class='ocrx_word' id='word_1_401' title='bbox 244 3373 467 3441; x_wconf 79' lang='lat' dir='ltr'><strong>incipit,</strong></span> <span class='ocrx_word' id='word_1_402' title='bbox 506 3371 826 3431; x_wconf 78' lang='lat' dir='ltr'><strong>Februario,</strong></span> <span class='ocrx_word' id='word_1_403' title='bbox 858 3369 947 3422; x_wconf 79' lang='lat' dir='ltr'><strong>die</strong></span> <span class='ocrx_word' id='word_1_404' title='bbox 985 3366 1224 3441; x_wconf 62' lang='lat' dir='ltr'><strong>quarta;</strong></span> <span class='ocrx_word' id='word_1_405' title='bbox 1256 3367 1440 3441; x_wconf 68' lang='lat' dir='ltr'><strong>legale</strong></span> <span class='ocrx_word' id='word_1_406' title='bbox 1470 3366 1682 3441; x_wconf 74' lang='lat' dir='ltr'><strong>Pascha</strong></span> <span class='ocrx_word' id='word_1_407' title='bbox 1708 3366 1924 3441; x_wconf 46' lang='lat' dir='ltr'><strong>Aprilis</strong></span> 
     </span>
    </p>
   </div>
   <div class='ocr_carea' id='block_1_58' title="bbox 246 3437 1925 3507">
    <p class='ocr_par' dir='ltr' id='par_1_58' title="bbox 246 3437 1925 3507">
     <span class='ocr_line' id='line_1_60' title="bbox 246 3437 1925 3507; baseline -0.005 -10"><span class='ocrx_word' id='word_1_408' title='bbox 246 3456 332 3497; x_wconf 77' lang='lat' dir='ltr'><strong>xu</strong></span> <span class='ocrx_word' id='word_1_409' title='bbox 357 3437 471 3503; x_wconf 69' lang='lat' dir='ltr'><strong>Hie,</strong></span> <span class='ocrx_word' id='word_1_410' title='bbox 500 3441 937 3495; x_wconf 79' lang='lat' dir='ltr'><strong>Christianorum</strong></span> <span class='ocrx_word' id='word_1_411' title='bbox 956 3439 1184 3501; x_wconf 78' lang='lat' dir='ltr'><strong>Pascha,</strong></span> <span class='ocrx_word' id='word_1_412' title='bbox 1226 3438 1444 3507; x_wconf 74' lang='lat' dir='ltr'><strong>Aprilis</strong></span> <span class='ocrx_word' id='word_1_413' title='bbox 1468 3450 1539 3491; x_wconf 87' lang='lat' dir='ltr'><strong>xv</strong></span> <span class='ocrx_word' id='word_1_414' title='bbox 1566 3455 1582 3499; x_wconf 88' lang='lat'><strong><em>;</em></strong></span> <span class='ocrx_word' id='word_1_415' title='bbox 1624 3437 1711 3490; x_wconf 78' lang='lat' dir='ltr'><strong>die</strong></span> <span class='ocrx_word' id='word_1_416' title='bbox 1730 3438 1925 3489; x_wconf 81' lang='lat' dir='ltr'><strong>Domi-</strong></span> 
     </span>
    </p>
   </div>
   <div class='ocr_carea' id='block_1_59' title="bbox 242 3508 1927 3576">
    <p class='ocr_par' dir='ltr' id='par_1_59' title="bbox 242 3508 1927 3576">
     <span class='ocr_line' id='line_1_61' title="bbox 242 3508 1927 3576; baseline -0.005 -8"><span class='ocrx_word' id='word_1_417' title='bbox 242 3516 379 3568; x_wconf 79' lang='lat' dir='ltr'><strong>nica</strong></span> <span class='ocrx_word' id='word_1_418' title='bbox 415 3516 728 3567; x_wconf 80' lang='lat' dir='ltr'><strong>sanctorum</strong></span> <span class='ocrx_word' id='word_1_419' title='bbox 765 3514 1004 3564; x_wconf 81' lang='lat' dir='ltr'><strong>omnium</strong></span> <span class='ocrx_word' id='word_1_420' title='bbox 1044 3512 1200 3565; x_wconf 81' lang='lat' dir='ltr'><strong>Junii</strong></span> <span class='ocrx_word' id='word_1_421' title='bbox 1230 3523 1267 3564; x_wconf 70' lang='grc' dir='ltr'>Χ</span> <span class='ocrx_word' id='word_1_422' title='bbox 1312 3509 1400 3563; x_wconf 76' lang='lat' dir='ltr'><strong>dic</strong></span> <span class='ocrx_word' id='word_1_423' title='bbox 1421 3527 1438 3574; x_wconf 90' lang='lat'><strong><em>;</em></strong></span> <span class='ocrx_word' id='word_1_424' title='bbox 1481 3508 1760 3576; x_wconf 80' lang='lat' dir='ltr'><strong>chunium</strong></span> <span class='ocrx_word' id='word_1_425' title='bbox 1789 3523 1927 3561; x_wconf 82' lang='lat' dir='ltr'><strong>san-</strong></span> 
     </span>
    </p>
   </div>
   <div class='ocr_carea' id='block_1_60' title="bbox 241 3583 1206 3653">
    <p class='ocr_par' dir='ltr' id='par_1_60' title="bbox 241 3583 1206 3653">
     <span class='ocr_line' id='line_1_62' title="bbox 241 3583 1206 3653; baseline -0.004 -15"><span class='ocrx_word' id='word_1_426' title='bbox 241 3589 461 3640; x_wconf 67' lang='lat' dir='ltr'><strong>ciorum</strong></span> <span class='ocrx_word' id='word_1_427' title='bbox 500 3584 868 3653; x_wconf 81' lang='lat' dir='ltr'><strong>apostolorum</strong></span> <span class='ocrx_word' id='word_1_428' title='bbox 908 3583 1023 3635; x_wconf 71' lang='lat' dir='ltr'><strong>dies</strong></span> <span class='ocrx_word' id='word_1_429' title='bbox 1067 3594 1206 3635; x_wconf 83' lang='lat' dir='ltr'><strong>xvu.</strong></span> 
     </span>
    </p>
   </div>
   <div class='ocr_carea' id='block_1_61' title="bbox 317 3650 1923 3726">
    <p class='ocr_par' dir='ltr' id='par_1_61' title="bbox 317 3650 1923 3726">
     <span class='ocr_line' id='line_1_63' title="bbox 317 3650 1923 3726; baseline -0.005 -15"><span class='ocrx_word' id='word_1_430' title='bbox 317 3656 486 3726; x_wconf 85' lang='lat' dir='ltr'><strong>Quod</strong></span> <span class='ocrx_word' id='word_1_431' title='bbox 508 3650 718 3710; x_wconf 65' lang='lat' dir='ltr'><strong>attinet</strong></span> <span class='ocrx_word' id='word_1_432' title='bbox 741 3655 812 3726; x_wconf 89' lang='lat' dir='ltr'><strong>ad</strong></span> <span class='ocrx_word' id='word_1_433' title='bbox 836 3653 1232 3726; x_wconf 84' lang='lat' dir='ltr'><strong>indictionem,</strong></span> <span class='ocrx_word' id='word_1_434' title='bbox 1255 3652 1446 3726; x_wconf 83' lang='lat' dir='ltr'><strong>eadem</strong></span> <span class='ocrx_word' id='word_1_435' title='bbox 1469 3655 1701 3726; x_wconf 72' lang='lat' dir='ltr'><strong>estcum</strong></span> <span class='ocrx_word' id='word_1_436' title='bbox 1722 3650 1923 3726; x_wconf 69' lang='lat' dir='ltr'><strong>Latina</strong></span> 
     </span>
    </p>
   </div>
   <div class='ocr_carea' id='block_1_62' title="bbox 240 3721 1925 3794">
    <p class='ocr_par' dir='ltr' id='par_1_62' title="bbox 240 3721 1925 3794">
     <span class='ocr_line' id='line_1_64' title="bbox 240 3721 1925 3794; baseline -0.004 -12"><span class='ocrx_word' id='word_1_437' title='bbox 240 3721 610 3783; x_wconf 76' lang='lat' dir='ltr'><strong>traditiome.</strong></span> <span class='ocrx_word' id='word_1_438' title='bbox 655 3725 759 3780; x_wconf 88' lang='lat' dir='ltr'><strong>Sed</strong></span> <span class='ocrx_word' id='word_1_439' title='bbox 820 3725 963 3780; x_wconf 92' lang='lat' dir='ltr'><strong>solis</strong></span> <span class='ocrx_word' id='word_1_440' title='bbox 1000 3724 1145 3794; x_wconf 86' lang='lat' dir='ltr'><strong>cycli</strong></span> <span class='ocrx_word' id='word_1_441' title='bbox 1182 3728 1240 3779; x_wconf 91' lang='lat' dir='ltr'><strong>et</strong></span> <span class='ocrx_word' id='word_1_442' title='bbox 1277 3722 1571 3794; x_wconf 88' lang='lat' dir='ltr'><strong>phaegarii</strong></span> <span class='ocrx_word' id='word_1_443' title='bbox 1604 3722 1687 3793; x_wconf 64' lang='grc' dir='ltr'>(ί),</span> <span class='ocrx_word' id='word_1_444' title='bbox 1738 3721 1793 3777; x_wconf 91' lang='lat' dir='ltr'><strong>id</strong></span> <span class='ocrx_word' id='word_1_445' title='bbox 1838 3726 1925 3777; x_wconf 88' lang='lat' dir='ltr'><strong>est</strong></span> 
     </span>
    </p>
   </div>
   <div class='ocr_carea' id='block_1_63' title="bbox 242 3794 1922 3868">
    <p class='ocr_par' dir='ltr' id='par_1_63' title="bbox 242 3794 1922 3868">
     <span class='ocr_line' id='line_1_65' title="bbox 242 3794 1922 3868; baseline -0.004 -14"><span class='ocrx_word' id='word_1_446' title='bbox 242 3800 427 3868; x_wconf 66' lang='lat' dir='ltr'><strong>lunae,</strong></span> <span class='ocrx_word' id='word_1_447' title='bbox 452 3811 556 3853; x_wconf 90' lang='lat' dir='ltr'><strong>seu</strong></span> <span class='ocrx_word' id='word_1_448' title='bbox 579 3796 736 3852; x_wconf 90' lang='lat' dir='ltr'><strong>aurei</strong></span> <span class='ocrx_word' id='word_1_449' title='bbox 764 3796 986 3851; x_wconf 89' lang='lat' dir='ltr'><strong>numeri</strong></span> <span class='ocrx_word' id='word_1_450' title='bbox 1008 3802 1064 3851; x_wconf 91' lang='lat' dir='ltr'><strong>et</strong></span> <span class='ocrx_word' id='word_1_451' title='bbox 1085 3794 1618 3868; x_wconf 83' lang='lat' dir='ltr'><strong>decemnovennalis</strong></span> <span class='ocrx_word' id='word_1_452' title='bbox 1644 3806 1922 3868; x_wconf 81' lang='lat' dir='ltr'><strong>numerus</strong></span> 
     </span>
    </p>
   </div>
   <div class='ocr_carea' id='block_1_64' title="bbox 240 3864 1918 3937">
    <p class='ocr_par' dir='ltr' id='par_1_64' title="bbox 240 3864 1918 3937">
     <span class='ocr_line' id='line_1_66' title="bbox 240 3864 1918 3937; baseline -0.005 -11"><span class='ocrx_word' id='word_1_453' title='bbox 240 3884 386 3926; x_wconf 89' lang='lat' dir='ltr'><strong>cum</strong></span> <span class='ocrx_word' id='word_1_454' title='bbox 416 3864 638 3925; x_wconf 78' lang='lat' dir='ltr'><strong>Latino</strong></span> <span class='ocrx_word' id='word_1_455' title='bbox 685 3872 951 3937; x_wconf 90' lang='lat' dir='ltr'><strong>computo</strong></span> <span class='ocrx_word' id='word_1_456' title='bbox 994 3866 1384 3937; x_wconf 77' lang='lat' dir='ltr'><strong>ecclesiastico</strong></span> <span class='ocrx_word' id='word_1_457' title='bbox 1410 3879 1522 3921; x_wconf 88' lang='lat' dir='ltr'><strong>non</strong></span> <span class='ocrx_word' id='word_1_458' title='bbox 1552 3864 1918 3937; x_wconf 79' lang='lat' dir='ltr'><strong>conveniunt,</strong></span> 
     </span>
    </p>
   </div>
   <div class='ocr_carea' id='block_1_65' title="bbox 240 3931 1917 4011">
    <p class='ocr_par' dir='ltr' id='par_1_65' title="bbox 240 3931 1917 4011">
     <span class='ocr_line' id='line_1_67' title="bbox 240 3931 1917 4011; baseline -0.005 -14"><span class='ocrx_word' id='word_1_459' title='bbox 240 3944 557 4011; x_wconf 85' lang='lat' dir='ltr'><strong>computat</strong></span> <span class='ocrx_word' id='word_1_460' title='bbox 577 3939 729 3995; x_wconf 92' lang='lat' dir='ltr'><strong>enim</strong></span> <span class='ocrx_word' id='word_1_461' title='bbox 753 3931 897 4009; x_wconf 75' lang='lat' dir='ltr'><strong>cycli</strong></span> <span class='ocrx_word' id='word_1_462' title='bbox 924 3938 1133 3994; x_wconf 92' lang='lat' dir='ltr'><strong>solaris</strong></span> <span class='ocrx_word' id='word_1_463' title='bbox 1148 3951 1281 4011; x_wconf 84' lang='lat' dir='ltr'><strong>ann.</strong></span> <span class='ocrx_word' id='word_1_464' title='bbox 1310 3934 1395 4011; x_wconf 70' lang='lat' dir='ltr'><strong>l2,</strong></span> <span class='ocrx_word' id='word_1_465' title='bbox 1422 3936 1664 4011; x_wconf 84' lang='lat' dir='ltr'><strong>lumaris</strong></span> <span class='ocrx_word' id='word_1_466' title='bbox 1680 3948 1811 4011; x_wconf 82' lang='lat' dir='ltr'><strong>vero</strong></span> <span class='ocrx_word' id='word_1_467' title='bbox 1835 3931 1917 3989; x_wconf 67' lang='lat' dir='ltr'><strong>ML</strong></span> 
     </span>
    </p>
   </div>
   <div class='ocr_carea' id='block_1_66' title="bbox 238 4007 1918 4083">
    <p class='ocr_par' dir='ltr' id='par_1_66' title="bbox 238 4007 1918 4083">
     <span class='ocr_line' id='line_1_68' title="bbox 238 4007 1918 4083; baseline -0.005 -14"><span class='ocrx_word' id='word_1_468' title='bbox 238 4015 307 4069; x_wconf 90' lang='lat' dir='ltr'><strong>Si</strong></span> <span class='ocrx_word' id='word_1_469' title='bbox 338 4007 481 4083; x_wconf 81' lang='lat' dir='ltr'><strong>quis</strong></span> <span class='ocrx_word' id='word_1_470' title='bbox 503 4016 693 4067; x_wconf 89' lang='lat' dir='ltr'><strong>autem</strong></span> <span class='ocrx_word' id='word_1_471' title='bbox 738 4007 1016 4083; x_wconf 82' lang='lat' dir='ltr'><strong>rationem</strong></span> <span class='ocrx_word' id='word_1_472' title='bbox 1036 4008 1387 4083; x_wconf 69' lang='lat' dir='ltr'><strong>inveniendi</strong></span> <span class='ocrx_word' id='word_1_473' title='bbox 1415 4007 1559 4078; x_wconf 89' lang='lat' dir='ltr'><strong>cycli</strong></span> <span class='ocrx_word' id='word_1_474' title='bbox 1593 4007 1918 4083; x_wconf 80' lang='lat' dir='ltr'><strong>utriusque,</strong></span> 
     </span>
    </p>
   </div>
   <div class='ocr_carea' id='block_1_67' title="bbox 240 4078 1922 4153">
    <p class='ocr_par' dir='ltr' id='par_1_67' title="bbox 240 4078 1922 4153">
     <span class='ocr_line' id='line_1_69' title="bbox 240 4078 1922 4153; baseline -0.007 -11"><span class='ocrx_word' id='word_1_475' title='bbox 240 4078 378 4142; x_wconf 67' lang='lat' dir='ltr'><strong>tam</strong></span> <span class='ocrx_word' id='word_1_476' title='bbox 420 4084 651 4139; x_wconf 89' lang='lat' dir='ltr'><strong>lunaris</strong></span> <span class='ocrx_word' id='word_1_477' title='bbox 676 4096 847 4153; x_wconf 90' lang='lat' dir='ltr'><strong>quam</strong></span> <span class='ocrx_word' id='word_1_478' title='bbox 875 4081 1103 4153; x_wconf 89' lang='lat' dir='ltr'><strong>solaris,</strong></span> <span class='ocrx_word' id='word_1_479' title='bbox 1145 4094 1213 4135; x_wconf 88' lang='lat' dir='ltr'><strong>ex</strong></span> <span class='ocrx_word' id='word_1_480' title='bbox 1235 4080 1581 4153; x_wconf 68' lang='lat' dir='ltr'><strong>Graecorum</strong></span> <span class='ocrx_word' id='word_1_481' title='bbox 1607 4078 1922 4153; x_wconf 72' lang='lat' dir='ltr'><strong>traditione</strong></span> 
     </span>
    </p>
   </div>
   <div class='ocr_carea' id='block_1_68' title="bbox 239 4123 1920 4225">
    <p class='ocr_par' dir='ltr' id='par_1_68' title="bbox 239 4123 1920 4225">
     <span class='ocr_line' id='line_1_70' title="bbox 239 4123 1920 4225; baseline -0.006 -13"><span class='ocrx_word' id='word_1_482' title='bbox 676 4123 1295 4225; x_wconf 53' lang='lat' dir='ltr'><strong>iid‘ezi“f£iﬁéé&quot;lia2&quot;a€</strong></span> <span class='ocrx_word' id='word_1_483' title='bbox 1308 4123 1414 4206; x_wconf 77' lang='lat' dir='ltr'><strong>&#39;i-e&quot;</strong></span> <span class='ocrx_word' id='word_1_484' title='bbox 1434 4123 1593 4205; x_wconf 58' lang='lat' dir='ltr'><strong>notat</strong></span> <span class='ocrx_word' id='word_1_485' title='bbox 1624 4123 1920 4204; x_wconf 72' lang='lat' dir='ltr'><strong>Balsamon</strong></span> 
     </span>
    </p>
   </div>
   <div class='ocr_carea' id='block_1_69' title="bbox 240 4223 1207 4296">
    <p class='ocr_par' dir='ltr' id='par_1_69' title="bbox 240 4223 1207 4296">
     <span class='ocr_line' id='line_1_71' title="bbox 240 4223 1207 4296; baseline -0.005 -13"><span class='ocrx_word' id='word_1_486' title='bbox 240 4229 319 4283; x_wconf 91' lang='lat' dir='ltr'><strong>ad</strong></span> <span class='ocrx_word' id='word_1_487' title='bbox 373 4240 507 4296; x_wconf 89' lang='lat' dir='ltr'><strong>can,</strong></span> <span class='ocrx_word' id='word_1_488' title='bbox 538 4223 632 4281; x_wconf 56' lang='lat'><strong>78&#39;</strong></span> <span class='ocrx_word' id='word_1_489' title='bbox 656 4223 1207 4296; x_wconf 83' lang='lat' dir='ltr'><strong>Carthaginiensem.</strong></span> 
     </span>
    </p>
   </div>
   <div class='ocr_carea' id='block_1_70' title="bbox 332 4290 1923 4367">
    <p class='ocr_par' dir='ltr' id='par_1_70' title="bbox 332 4290 1923 4367">
     <span class='ocr_line' id='line_1_72' title="bbox 332 4290 1923 4367; baseline -0.005 -14"><span class='ocrx_word' id='word_1_490' title='bbox 332 4290 548 4367; x_wconf 72' lang='lat' dir='ltr'><strong>Vigilia</strong></span> <span class='ocrx_word' id='word_1_491' title='bbox 579 4297 782 4352; x_wconf 74' lang='lat' dir='ltr'><strong>Christi</strong></span> <span class='ocrx_word' id='word_1_492' title='bbox 822 4290 1114 4357; x_wconf 72' lang='lat' dir='ltr'><strong>natalium,</strong></span> <span class='ocrx_word' id='word_1_493' title='bbox 1146 4296 1234 4348; x_wconf 82' lang='lat' dir='ltr'><strong>die</strong></span> <span class='ocrx_word' id='word_1_494' title='bbox 1278 4295 1580 4367; x_wconf 67' lang='lat' dir='ltr'><strong>Dominica.</strong></span> <span class='ocrx_word' id='word_1_495' title='bbox 1617 4290 1923 4367; x_wconf 71' lang='lat' dir='ltr'><strong>§ciend_um</strong></span> 
     </span>
    </p>
   </div>
   <div class='ocr_carea' id='block_1_71' title="bbox 239 4363 1924 4440">
    <p class='ocr_par' dir='ltr' id='par_1_71' title="bbox 239 4363 1924 4440">
     <span class='ocr_line' id='line_1_73' title="bbox 239 4363 1924 4440; baseline -0.005 -14"><span class='ocrx_word' id='word_1_496' title='bbox 239 4375 345 4427; x_wconf 84' lang='lat' dir='ltr'><strong>est</strong></span> <span class='ocrx_word' id='word_1_497' title='bbox 390 4363 577 4440; x_wconf 75' lang='lat' dir='ltr'><strong>igitur</strong></span> <span class='ocrx_word' id='word_1_498' title='bbox 610 4369 840 4440; x_wconf 65' lang='lat' dir='ltr'><strong>Griecos</strong></span> <span class='ocrx_word' id='word_1_499' title='bbox 878 4372 1051 4440; x_wconf 86' lang='lat' dir='ltr'><strong>atque</strong></span> <span class='ocrx_word' id='word_1_500' title='bbox 1097 4363 1924 4440; x_wconf 24' lang='lat' dir='ltr'><strong>etiam__La_tinamAEchesiam</strong></span> 
     </span>
    </p>
   </div>
   <div class='ocr_carea' id='block_1_72' title="bbox 238 4433 1930 4510">
    <p class='ocr_par' dir='ltr' id='par_1_72' title="bbox 238 4433 1930 4510">
     <span class='ocr_line' id='line_1_74' title="bbox 238 4433 1930 4510; baseline -0.005 -12"><span class='ocrx_word' id='word_1_501' title='bbox 238 4433 482 4498; x_wconf 67' lang='lat' dir='ltr'><strong>annum</strong></span> <span class='ocrx_word' id='word_1_502' title='bbox 522 4439 781 4510; x_wconf 89' lang='lat' dir='ltr'><strong>incipere</strong></span> <span class='ocrx_word' id='word_1_503' title='bbox 818 4452 851 4493; x_wconf 91' lang='lat' dir='ltr'><strong>a</strong></span> <span class='ocrx_word' id='word_1_504' title='bbox 875 4433 1078 4510; x_wconf 79' lang='lat' dir='ltr'><strong>vigilia</strong></span> <span class='ocrx_word' id='word_1_505' title='bbox 1115 4437 1338 4510; x_wconf 81' lang='lat' dir='ltr'><strong>Natalis</strong></span> <span class='ocrx_word' id='word_1_506' title='bbox 1379 4436 1631 4510; x_wconf 85' lang='lat' dir='ltr'><strong>Domini,</strong></span> <span class='ocrx_word' id='word_1_507' title='bbox 1680 4435 1730 4510; x_wconf 83' lang='lat' dir='ltr'><strong>si</strong></span> <span class='ocrx_word' id='word_1_508' title='bbox 1748 4433 1930 4510; x_wconf 63' lang='lat' dir='ltr'><strong>modo</strong></span> 
     </span>
    </p>
   </div>
   <div class='ocr_carea' id='block_1_73' title="bbox 240 4504 1934 4578">
    <p class='ocr_par' dir='ltr' id='par_1_73' title="bbox 240 4504 1934 4578">
     <span class='ocr_line' id='line_1_75' title="bbox 240 4504 1934 4578; baseline -0.006 -9"><span class='ocrx_word' id='word_1_509' title='bbox 240 4513 504 4569; x_wconf 83' lang='lat' dir='ltr'><strong>Nicolao</strong></span> <span class='ocrx_word' id='word_1_510' title='bbox 531 4513 605 4567; x_wconf 90' lang='lat' dir='ltr'><strong>de</strong></span> <span class='ocrx_word' id='word_1_511' title='bbox 622 4504 770 4566; x_wconf 84' lang='lat' dir='ltr'><strong>Cusa</strong></span> <span class='ocrx_word' id='word_1_512' title='bbox 793 4523 892 4567; x_wconf 89' lang='lat' dir='ltr'><strong>seu</strong></span> <span class='ocrx_word' id='word_1_513' title='bbox 914 4504 1139 4566; x_wconf 79' lang='lat' dir='ltr'><strong>Cusano</strong></span> <span class='ocrx_word' id='word_1_514' title='bbox 1181 4508 1490 4578; x_wconf 88' lang='lat' dir='ltr'><strong>credimus,</strong></span> <span class='ocrx_word' id='word_1_515' title='bbox 1521 4504 1626 4578; x_wconf 86' lang='lat' dir='ltr'><strong>qui</strong></span> <span class='ocrx_word' id='word_1_516' title='bbox 1648 4506 1719 4561; x_wconf 83' lang='lat' dir='ltr'><strong>ab</strong></span> <span class='ocrx_word' id='word_1_517' title='bbox 1748 4504 1934 4561; x_wconf 87' lang='lat' dir='ltr'><strong>Eccle-</strong></span> 
     </span>
    </p>
   </div>
   <div class='ocr_carea' id='block_1_74' title="bbox 239 4578 1933 4655">
    <p class='ocr_par' dir='ltr' id='par_1_74' title="bbox 239 4578 1933 4655">
     <span class='ocr_line' id='line_1_76' title="bbox 239 4578 1933 4655; baseline -0.006 -14"><span class='ocrx_word' id='word_1_518' title='bbox 239 4586 365 4641; x_wconf 73' lang='lat' dir='ltr'><strong>sia:</strong></span> <span class='ocrx_word' id='word_1_519' title='bbox 415 4583 845 4655; x_wconf 88' lang='lat' dir='ltr'><strong>computatione</strong></span> <span class='ocrx_word' id='word_1_520' title='bbox 883 4587 1108 4652; x_wconf 88' lang='lat' dir='ltr'><strong>separat</strong></span> <span class='ocrx_word' id='word_1_521' title='bbox 1143 4581 1437 4655; x_wconf 79' lang='lat' dir='ltr'><strong>vulgarem</strong></span> <span class='ocrx_word' id='word_1_522' title='bbox 1487 4578 1763 4655; x_wconf 76' lang='lat' dir='ltr'><strong>italicam,</strong></span> <span class='ocrx_word' id='word_1_523' title='bbox 1808 4591 1933 4655; x_wconf 75' lang='lat' dir='ltr'><strong>qua:</strong></span> 
     </span>
    </p>
   </div>
   <div class='ocr_carea' id='block_1_75' title="bbox 238 4648 1936 4729">
    <p class='ocr_par' dir='ltr' id='par_1_75' title="bbox 238 4648 1936 4729">
     <span class='ocr_line' id='line_1_77' title="bbox 238 4648 1936 4729; baseline -0.005 -17"><span class='ocrx_word' id='word_1_524' title='bbox 238 4648 578 4729; x_wconf 76' lang='lat' dir='ltr'><strong>gentilium</strong></span> <span class='ocrx_word' id='word_1_525' title='bbox 622 4648 1001 4729; x_wconf 60' lang='lat' dir='ltr'><strong>Romanorum</strong></span> <span class='ocrx_word' id='word_1_526' title='bbox 1035 4648 1313 4708; x_wconf 65' lang='lat' dir='ltr'><strong>morem&#39;a</strong></span> <span class='ocrx_word' id='word_1_527' title='bbox 1340 4650 1611 4729; x_wconf 74' lang='lat' dir='ltr'><strong>Kalendis</strong></span> <span class='ocrx_word' id='word_1_528' title='bbox 1638 4648 1936 4704; x_wconf 84' lang='lat' dir='ltr'><strong>Januariis</strong></span> 
     </span>
    </p>
   </div>
   <div class='ocr_carea' id='block_1_76' title="bbox 2090 2521 3672 2595">
    <p class='ocr_par' dir='ltr' id='par_1_76' title="bbox 2090 2521 3672 2595">
     <span class='ocr_line' id='line_1_78' title="bbox 2090 2521 3672 2595; baseline 0.001 -19"><span class='ocrx_word' id='word_1_529' title='bbox 2090 2523 2356 2595; x_wconf 81' lang='lat' dir='ltr'><strong>Apocrea.</strong></span> <span class='ocrx_word' id='word_1_530' title='bbox 2419 2522 2513 2595; x_wconf 88' lang='lat' dir='ltr'><strong>Sic</strong></span> <span class='ocrx_word' id='word_1_531' title='bbox 2559 2526 2761 2595; x_wconf 89' lang='lat' dir='ltr'><strong>vocant</strong></span> <span class='ocrx_word' id='word_1_532' title='bbox 2782 2522 3241 2595; x_wconf 88' lang='lat' dir='ltr'><strong>Dominicamin</strong></span> <span class='ocrx_word' id='word_1_533' title='bbox 3291 2521 3672 2595; x_wconf 77' lang='lat' dir='ltr'><strong>Sexagesima,</strong></span> 
     </span>
    </p>
   </div>
   <div class='ocr_carea' id='block_1_77' title="bbox 2023 2592 3679 2665">
    <p class='ocr_par' dir='ltr' id='par_1_77' title="bbox 2023 2592 3679 2665">
     <span class='ocr_line' id='line_1_79' title="bbox 2023 2592 3679 2665; baseline -0.002 -14"><span class='ocrx_word' id='word_1_534' title='bbox 2023 2592 2162 2665; x_wconf 81' lang='lat' dir='ltr'><strong>quia</strong></span> <span class='ocrx_word' id='word_1_535' title='bbox 2182 2600 2318 2651; x_wconf 90' lang='lat' dir='ltr'><strong>tunc</strong></span> <span class='ocrx_word' id='word_1_536' title='bbox 2333 2594 2627 2665; x_wconf 80' lang='lat' dir='ltr'><strong>incipiunt</strong></span> <span class='ocrx_word' id='word_1_537' title='bbox 2641 2594 2929 2651; x_wconf 89' lang='lat' dir='ltr'><strong>abstinere</strong></span> <span class='ocrx_word' id='word_1_538' title='bbox 2944 2594 3281 2651; x_wconf 90' lang='lat' dir='ltr'><strong>acarnibus.</strong></span> <span class='ocrx_word' id='word_1_539' title='bbox 3300 2592 3679 2649; x_wconf 54' lang='lat' dir='ltr'><strong>Nam&#39;incidit</strong></span> 
     </span>
    </p>
   </div>
   <div class='ocr_carea' id='block_1_78' title="bbox 2023 2664 2959 2722">
    <p class='ocr_par' dir='ltr' id='par_1_78' title="bbox 2023 2664 2959 2722">
     <span class='ocr_line' id='line_1_80' title="bbox 2023 2664 2959 2722; baseline 0 -2"><span class='ocrx_word' id='word_1_540' title='bbox 2023 2664 2086 2721; x_wconf 89' lang='lat' dir='ltr'><strong>ea</strong></span> <span class='ocrx_word' id='word_1_541' title='bbox 2110 2665 2410 2722; x_wconf 90' lang='lat' dir='ltr'><strong>Dominica</strong></span> <span class='ocrx_word' id='word_1_542' title='bbox 2442 2666 2500 2721; x_wconf 93' lang='lat' dir='ltr'><strong>in</strong></span> <span class='ocrx_word' id='word_1_543' title='bbox 2536 2664 2603 2720; x_wconf 73' lang='grc'><strong>48</strong></span> <span class='ocrx_word' id='word_1_544' title='bbox 2638 2665 2959 2722; x_wconf 85' lang='lat' dir='ltr'><strong>Februarii.</strong></span> 
     </span>
    </p>
   </div>
   <div class='ocr_carea' id='block_1_79' title="bbox 2102 2735 3671 2808">
    <p class='ocr_par' dir='ltr' id='par_1_79' title="bbox 2102 2735 3671 2808">
     <span class='ocr_line' id='line_1_81' title="bbox 2102 2735 3671 2808; baseline 0 -17"><span class='ocrx_word' id='word_1_545' title='bbox 2102 2738 2379 2791; x_wconf 79' lang='lat' dir='ltr'><strong>Triodion.</strong></span> <span class='ocrx_word' id='word_1_546' title='bbox 2411 2737 2504 2793; x_wconf 92' lang='lat' dir='ltr'><strong>Sic</strong></span> <span class='ocrx_word' id='word_1_547' title='bbox 2536 2737 2826 2808; x_wconf 90' lang='lat' dir='ltr'><strong>appellant</strong></span> <span class='ocrx_word' id='word_1_548' title='bbox 2857 2738 3096 2808; x_wconf 90' lang='lat' dir='ltr'><strong>primam</strong></span> <span class='ocrx_word' id='word_1_549' title='bbox 3139 2737 3325 2794; x_wconf 88' lang='lat' dir='ltr'><strong>sedem</strong></span> <span class='ocrx_word' id='word_1_550' title='bbox 3355 2735 3671 2793; x_wconf 88' lang='lat' dir='ltr'><strong>Dominica.</strong></span> 
     </span>
    </p>
   </div>
   <div class='ocr_carea' id='block_1_80' title="bbox 2028 2808 3680 2880">
    <p class='ocr_par' dir='ltr' id='par_1_80' title="bbox 2028 2808 3680 2880">
     <span class='ocr_line' id='line_1_82' title="bbox 2028 2808 3680 2880; baseline -0.001 -15"><span class='ocrx_word' id='word_1_551' title='bbox 2028 2823 2154 2865; x_wconf 91' lang='lat' dir='ltr'><strong>rum</strong></span> <span class='ocrx_word' id='word_1_552' title='bbox 2181 2813 2238 2864; x_wconf 92' lang='lat' dir='ltr'><strong>et</strong></span> <span class='ocrx_word' id='word_1_553' title='bbox 2262 2808 2535 2865; x_wconf 88' lang='lat' dir='ltr'><strong>festorum</strong></span> <span class='ocrx_word' id='word_1_554' title='bbox 2568 2809 2869 2865; x_wconf 91' lang='lat' dir='ltr'><strong>mobilium</strong></span> <span class='ocrx_word' id='word_1_555' title='bbox 2894 2810 3074 2866; x_wconf 91' lang='lat' dir='ltr'><strong>totius</strong></span> <span class='ocrx_word' id='word_1_556' title='bbox 3102 2809 3262 2880; x_wconf 88' lang='lat' dir='ltr'><strong>anni,</strong></span> <span class='ocrx_word' id='word_1_557' title='bbox 3291 2822 3417 2879; x_wconf 66' lang='lat' dir='ltr'><strong>qua:</strong></span> <span class='ocrx_word' id='word_1_558' title='bbox 3459 2822 3680 2877; x_wconf 88' lang='lat' dir='ltr'><strong>semper</strong></span> 
     </span>
    </p>
   </div>
   <div class='ocr_carea' id='block_1_81' title="bbox 2030 2880 3681 2950">
    <p class='ocr_par' dir='ltr' id='par_1_81' title="bbox 2030 2880 3681 2950">
     <span class='ocr_line' id='line_1_83' title="bbox 2030 2880 3681 2950; baseline -0.001 -15"><span class='ocrx_word' id='word_1_559' title='bbox 2030 2880 2242 2950; x_wconf 87' lang='lat' dir='ltr'><strong>incipit</strong></span> <span class='ocrx_word' id='word_1_560' title='bbox 2264 2894 2297 2936; x_wconf 91' lang='lat' dir='ltr'><strong>a</strong></span> <span class='ocrx_word' id='word_1_561' title='bbox 2326 2880 2626 2937; x_wconf 87' lang='lat' dir='ltr'><strong>Dominica</strong></span> <span class='ocrx_word' id='word_1_562' title='bbox 2670 2882 3019 2950; x_wconf 66' lang='lat' dir='ltr'><strong>prazcedente</strong></span> <span class='ocrx_word' id='word_1_563' title='bbox 3056 2880 3414 2936; x_wconf 91' lang='lat' dir='ltr'><strong>Dominicam</strong></span> <span class='ocrx_word' id='word_1_564' title='bbox 3448 2880 3681 2950; x_wconf 88' lang='lat' dir='ltr'><strong>Septua-</strong></span> 
     </span>
    </p>
   </div>
   <div class='ocr_carea' id='block_1_82' title="bbox 2030 2949 3683 3024">
    <p class='ocr_par' dir='ltr' id='par_1_82' title="bbox 2030 2949 3683 3024">
     <span class='ocr_line' id='line_1_84' title="bbox 2030 2949 3683 3024; baseline -0.001 -17"><span class='ocrx_word' id='word_1_565' title='bbox 2030 2949 2478 3024; x_wconf 80' lang='lat' dir='ltr'><strong>gesimac,quam</strong></span> <span class='ocrx_word' id='word_1_566' title='bbox 2509 2952 3089 3024; x_wconf 90' lang='lat' dir='ltr'><strong>vocantDominicam</strong></span> <span class='ocrx_word' id='word_1_567' title='bbox 3130 2951 3405 3008; x_wconf 72' lang='lat' dir='ltr'><strong>Pharisaei</strong></span> <span class='ocrx_word' id='word_1_568' title='bbox 3432 2956 3490 3007; x_wconf 92' lang='lat' dir='ltr'><strong>et</strong></span> <span class='ocrx_word' id='word_1_569' title='bbox 3511 2949 3683 3006; x_wconf 87' lang='lat' dir='ltr'><strong>Telo-</strong></span> 
     </span>
    </p>
   </div>
   <div class='ocr_carea' id='block_1_83' title="bbox 2030 3022 2600 3078">
    <p class='ocr_par' dir='ltr' id='par_1_83' title="bbox 2030 3022 2600 3078">
     <span class='ocr_line' id='line_1_85' title="bbox 2030 3022 2600 3078; baseline -0.002 0"><span class='ocrx_word' id='word_1_570' title='bbox 2030 3022 2122 3078; x_wconf 83' lang='lat' dir='ltr'><strong>nei</strong></span> <span class='ocrx_word' id='word_1_571' title='bbox 2148 3037 2248 3078; x_wconf 91' lang='lat' dir='ltr'><strong>seu</strong></span> <span class='ocrx_word' id='word_1_572' title='bbox 2280 3022 2600 3078; x_wconf 89' lang='lat' dir='ltr'><strong>Publicani.</strong></span> 
     </span>
    </p>
   </div>
   <div class='ocr_carea' id='block_1_84' title="bbox 2101 3092 3684 3175">
    <p class='ocr_par' dir='ltr' id='par_1_84' title="bbox 2101 3092 3684 3175">
     <span class='ocr_line' id='line_1_86' title="bbox 2101 3092 3684 3175; baseline -0.001 -18"><span class='ocrx_word' id='word_1_573' title='bbox 2101 3103 2295 3171; x_wconf 81' lang='lat' dir='ltr'><strong>Legalc</strong></span> <span class='ocrx_word' id='word_1_574' title='bbox 2338 3104 2546 3175; x_wconf 78' lang='lat' dir='ltr'><strong>Pascha</strong></span> <span class='ocrx_word' id='word_1_575' title='bbox 2584 3092 2962 3175; x_wconf 74' lang='grc' dir='ltr'><strong>(Φασχα).816</strong></span> <span class='ocrx_word' id='word_1_576' title='bbox 3005 3101 3368 3175; x_wconf 88' lang='lat' dir='ltr'><strong>scribendum</strong></span> <span class='ocrx_word' id='word_1_577' title='bbox 3395 3114 3519 3175; x_wconf 87' lang='lat' dir='ltr'><strong>esse</strong></span> <span class='ocrx_word' id='word_1_578' title='bbox 3567 3101 3684 3175; x_wconf 71' lang='lat' dir='ltr'><strong>He-</strong></span> 
     </span>
    </p>
   </div>
   <div class='ocr_carea' id='block_1_85' title="bbox 2031 3172 3687 3245">
    <p class='ocr_par' dir='ltr' id='par_1_85' title="bbox 2031 3172 3687 3245">
     <span class='ocr_line' id='line_1_87' title="bbox 2031 3172 3687 3245; baseline -0.002 -16"><span class='ocrx_word' id='word_1_579' title='bbox 2031 3174 2290 3230; x_wconf 90' lang='lat' dir='ltr'><strong>braicum</strong></span> <span class='ocrx_word' id='word_1_580' title='bbox 2334 3173 2567 3230; x_wconf 90' lang='lat' dir='ltr'><strong>verbum</strong></span> <span class='ocrx_word' id='word_1_581' title='bbox 2599 3174 2681 3230; x_wconf 89' lang='lat' dir='ltr'><strong>ait</strong></span> <span class='ocrx_word' id='word_1_582' title='bbox 2710 3172 3098 3229; x_wconf 78' lang='lat' dir='ltr'><strong>Nazianzenus</strong></span> <span class='ocrx_word' id='word_1_583' title='bbox 3126 3173 3185 3228; x_wconf 87' lang='lat' dir='ltr'><strong>in</strong></span> <span class='ocrx_word' id='word_1_584' title='bbox 3234 3173 3579 3245; x_wconf 84' lang='lat' dir='ltr'><strong>Panegyrico</strong></span> <span class='ocrx_word' id='word_1_585' title='bbox 3613 3172 3687 3226; x_wconf 91' lang='lat' dir='ltr'><strong>de</strong></span> 
     </span>
    </p>
   </div>
   <div class='ocr_carea' id='block_1_86' title="bbox 2031 3243 3685 3316">
    <p class='ocr_par' dir='ltr' id='par_1_86' title="bbox 2031 3243 3685 3316">
     <span class='ocr_line' id='line_1_88' title="bbox 2031 3243 3685 3316; baseline -0.002 -16"><span class='ocrx_word' id='word_1_586' title='bbox 2031 3246 2265 3314; x_wconf 87' lang='lat' dir='ltr'><strong>Pascha,</strong></span> <span class='ocrx_word' id='word_1_587' title='bbox 2317 3246 2412 3301; x_wconf 88' lang='lat' dir='ltr'><strong>sed</strong></span> <span class='ocrx_word' id='word_1_588' title='bbox 2453 3245 2624 3316; x_wconf 82' lang='lat' dir='ltr'><strong>vulgo</strong></span> <span class='ocrx_word' id='word_1_589' title='bbox 2669 3244 2995 3301; x_wconf 90' lang='lat' dir='ltr'><strong>obtinuisse</strong></span> <span class='ocrx_word' id='word_1_590' title='bbox 3038 3249 3102 3300; x_wconf 92' lang='lat' dir='ltr'><strong>ut</strong></span> <span class='ocrx_word' id='word_1_591' title='bbox 3142 3244 3311 3316; x_wconf 81' lang='lat' dir='ltr'><strong>quasi</strong></span> <span class='ocrx_word' id='word_1_592' title='bbox 3334 3243 3685 3316; x_wconf 47' lang='lat' dir='ltr'><strong>a‘passione</strong></span> 
     </span>
    </p>
   </div>
   <div class='ocr_carea' id='block_1_87' title="bbox 2033 3313 3688 3386">
    <p class='ocr_par' dir='ltr' id='par_1_87' title="bbox 2033 3313 3688 3386">
     <span class='ocr_line' id='line_1_89' title="bbox 2033 3313 3688 3386; baseline -0.004 -13"><span class='ocrx_word' id='word_1_593' title='bbox 2033 3313 2331 3386; x_wconf 87' lang='lat' dir='ltr'><strong>deducere,</strong></span> <span class='ocrx_word' id='word_1_594' title='bbox 2393 3313 2603 3371; x_wconf 78' lang='lat' dir='ltr'><strong>Pascha</strong></span> <span class='ocrx_word' id='word_1_595' title='bbox 2659 3317 3081 3386; x_wconf 82' lang='lat' dir='ltr'><strong>pronuntietur.</strong></span> <span class='ocrx_word' id='word_1_596' title='bbox 3130 3315 3234 3386; x_wconf 87' lang='lat' dir='ltr'><strong>sed</strong></span> <span class='ocrx_word' id='word_1_597' title='bbox 3280 3315 3348 3369; x_wconf 91' lang='lat' dir='ltr'><strong>ad</strong></span> <span class='ocrx_word' id='word_1_598' title='bbox 3409 3313 3688 3386; x_wconf 69' lang='lat' dir='ltr'><strong>differen—</strong></span> 
     </span>
    </p>
   </div>
   <div class='ocr_carea' id='block_1_88' title="bbox 2036 3383 3687 3443">
    <p class='ocr_par' dir='ltr' id='par_1_88' title="bbox 2036 3383 3687 3443">
     <span class='ocr_line' id='line_1_90' title="bbox 2036 3383 3687 3443; baseline -0.003 0"><span class='ocrx_word' id='word_1_599' title='bbox 2036 3388 2172 3443; x_wconf 91' lang='lat' dir='ltr'><strong>tiam</strong></span> <span class='ocrx_word' id='word_1_600' title='bbox 2190 3383 2413 3443; x_wconf 85' lang='lat' dir='ltr'><strong>Judaici</strong></span> <span class='ocrx_word' id='word_1_601' title='bbox 2441 3392 2496 3441; x_wconf 91' lang='lat' dir='ltr'><strong>et</strong></span> <span class='ocrx_word' id='word_1_602' title='bbox 2515 3383 2832 3442; x_wconf 80' lang='lat' dir='ltr'><strong>Christiani</strong></span> <span class='ocrx_word' id='word_1_603' title='bbox 2855 3385 3142 3441; x_wconf 86' lang='lat' dir='ltr'><strong>Paschalis</strong></span> <span class='ocrx_word' id='word_1_604' title='bbox 3160 3385 3385 3440; x_wconf 91' lang='lat' dir='ltr'><strong>diverse</strong></span> <span class='ocrx_word' id='word_1_605' title='bbox 3406 3383 3687 3439; x_wconf 88' lang='lat' dir='ltr'><strong>scribitur</strong></span> 
     </span>
    </p>
   </div>
   <div class='ocr_carea' id='block_1_89' title="bbox 2033 3457 2965 3528">
    <p class='ocr_par' dir='ltr' id='par_1_89' title="bbox 2033 3457 2965 3528">
     <span class='ocr_line' id='line_1_91' title="bbox 2033 3457 2965 3528; baseline -0.004 -14"><span class='ocrx_word' id='word_1_606' title='bbox 2033 3466 2090 3514; x_wconf 91' lang='lat' dir='ltr'><strong>et</strong></span> <span class='ocrx_word' id='word_1_607' title='bbox 2120 3458 2531 3528; x_wconf 87' lang='lat' dir='ltr'><strong>pronuntiatur</strong></span> <span class='ocrx_word' id='word_1_608' title='bbox 2562 3458 2670 3513; x_wconf 88' lang='lat' dir='ltr'><strong>hoc</strong></span> <span class='ocrx_word' id='word_1_609' title='bbox 2712 3457 2965 3514; x_wconf 90' lang='lat' dir='ltr'><strong>verbum.</strong></span> 
     </span>
    </p>
   </div>
   <div class='ocr_carea' id='block_1_90' title="bbox 2103 3522 3683 3597">
    <p class='ocr_par' dir='ltr' id='par_1_90' title="bbox 2103 3522 3683 3597">
     <span class='ocr_line' id='line_1_92' title="bbox 2103 3522 3683 3597; baseline -0.003 -13"><span class='ocrx_word' id='word_1_610' title='bbox 2103 3522 2386 3584; x_wconf 81' lang='lat' dir='ltr'><strong>Dominica</strong></span> <span class='ocrx_word' id='word_1_611' title='bbox 2432 3533 2741 3583; x_wconf 80' lang='lat' dir='ltr'><strong>sanctorum</strong></span> <span class='ocrx_word' id='word_1_612' title='bbox 2782 3531 3041 3583; x_wconf 80' lang='lat' dir='ltr'><strong>omnium.</strong></span> <span class='ocrx_word' id='word_1_613' title='bbox 3073 3529 3238 3582; x_wconf 75' lang='lat' dir='ltr'><strong>Iunio</strong></span> <span class='ocrx_word' id='word_1_614' title='bbox 3267 3540 3325 3597; x_wconf 69' lang='grc' dir='ltr'><strong>Χ,</strong></span> <span class='ocrx_word' id='word_1_615' title='bbox 3352 3527 3452 3597; x_wconf 74' lang='lat' dir='ltr'><strong>die</strong></span> <span class='ocrx_word' id='word_1_616' title='bbox 3491 3522 3576 3581; x_wconf 77' lang='grc'><strong>40.</strong></span> <span class='ocrx_word' id='word_1_617' title='bbox 3609 3526 3683 3597; x_wconf 86' lang='lat' dir='ltr'><strong>Ea</strong></span> 
     </span>
    </p>
   </div>
   <div class='ocr_carea' id='block_1_91' title="bbox 2035 3596 3691 3670">
    <p class='ocr_par' dir='ltr' id='par_1_91' title="bbox 2035 3596 3691 3670">
     <span class='ocr_line' id='line_1_93' title="bbox 2035 3596 3691 3670; baseline -0.004 -13"><span class='ocrx_word' id='word_1_618' title='bbox 2035 3600 2431 3657; x_wconf 89' lang='lat' dir='ltr'><strong>estDominica</strong></span> <span class='ocrx_word' id='word_1_619' title='bbox 2444 3600 2906 3670; x_wconf 88' lang='lat' dir='ltr'><strong>Trinitatisapud</strong></span> <span class='ocrx_word' id='word_1_620' title='bbox 2921 3599 3173 3669; x_wconf 90' lang='lat' dir='ltr'><strong>Latinos,</strong></span> <span class='ocrx_word' id='word_1_621' title='bbox 3191 3596 3319 3670; x_wconf 66' lang='lat' dir='ltr'><strong>quae</strong></span> <span class='ocrx_word' id='word_1_622' title='bbox 3339 3596 3482 3653; x_wconf 90' lang='lat' dir='ltr'><strong>festo</strong></span> <span class='ocrx_word' id='word_1_623' title='bbox 3494 3596 3691 3670; x_wconf 81' lang='lat' dir='ltr'><strong>omnia</strong></span> 
     </span>
    </p>
   </div>
   <div class='ocr_carea' id='block_1_92' title="bbox 2038 3667 3686 3742">
    <p class='ocr_par' dir='ltr' id='par_1_92' title="bbox 2038 3667 3686 3742">
     <span class='ocr_line' id='line_1_94' title="bbox 2038 3667 3686 3742; baseline -0.004 -14"><span class='ocrx_word' id='word_1_624' title='bbox 2038 3672 2275 3728; x_wconf 89' lang='lat' dir='ltr'><strong>mobilia</strong></span> <span class='ocrx_word' id='word_1_625' title='bbox 2313 3672 2552 3742; x_wconf 85' lang='lat' dir='ltr'><strong>antiqua</strong></span> <span class='ocrx_word' id='word_1_626' title='bbox 2590 3667 2832 3741; x_wconf 86' lang='lat' dir='ltr'><strong>claudit,</strong></span> <span class='ocrx_word' id='word_1_627' title='bbox 2870 3674 2929 3725; x_wconf 93' lang='lat' dir='ltr'><strong>et</strong></span> <span class='ocrx_word' id='word_1_628' title='bbox 2961 3671 3087 3742; x_wconf 85' lang='lat' dir='ltr'><strong>ideo</strong></span> <span class='ocrx_word' id='word_1_629' title='bbox 3117 3667 3424 3742; x_wconf 13' lang='lat' dir='ltr'><strong>postgfesta</strong></span> <span class='ocrx_word' id='word_1_630' title='bbox 3465 3667 3686 3742; x_wconf 73' lang='lat' dir='ltr'><strong>Christi</strong></span> 
     </span>
    </p>
   </div>
   <div class='ocr_carea' id='block_1_93' title="bbox 2034 3739 3692 3814">
    <p class='ocr_par' dir='ltr' id='par_1_93' title="bbox 2034 3739 3692 3814">
     <span class='ocr_line' id='line_1_95' title="bbox 2034 3739 3692 3814; baseline -0.004 -14"><span class='ocrx_word' id='word_1_631' title='bbox 2034 3744 2384 3814; x_wconf 88' lang='lat' dir='ltr'><strong>multiplicia</strong></span> <span class='ocrx_word' id='word_1_632' title='bbox 2433 3739 2721 3799; x_wconf 75' lang='lat' dir='ltr'><strong>celebrant</strong></span> <span class='ocrx_word' id='word_1_633' title='bbox 2760 3739 2942 3799; x_wconf 65' lang='lat' dir='ltr'><strong>Graeci</strong></span> <span class='ocrx_word' id='word_1_634' title='bbox 2993 3740 3199 3796; x_wconf 88' lang='lat' dir='ltr'><strong>festum</strong></span> <span class='ocrx_word' id='word_1_635' title='bbox 3242 3740 3511 3795; x_wconf 90' lang='lat' dir='ltr'><strong>Omnium</strong></span> <span class='ocrx_word' id='word_1_636' title='bbox 3559 3739 3692 3794; x_wconf 89' lang='lat' dir='ltr'><strong>San-</strong></span> 
     </span>
    </p>
   </div>
   <div class='ocr_carea' id='block_1_94' title="bbox 2032 3822 2275 3872">
    <p class='ocr_par' dir='ltr' id='par_1_94' title="bbox 2032 3822 2275 3872">
     <span class='ocr_line' id='line_1_96' title="bbox 2032 3822 2275 3872; baseline -0.004 -1"><span class='ocrx_word' id='word_1_637' title='bbox 2032 3822 2275 3872; x_wconf 88' lang='lat' dir='ltr'><strong>ctorum.</strong></span> 
     </span>
    </p>
   </div>
   <div class='ocr_carea' id='block_1_95' title="bbox 2103 3880 3692 3956">
    <p class='ocr_par' dir='ltr' id='par_1_95' title="bbox 2103 3880 3692 3956">
     <span class='ocr_line' id='line_1_97' title="bbox 2103 3880 3692 3956; baseline -0.004 -15"><span class='ocrx_word' id='word_1_638' title='bbox 2103 3888 2383 3955; x_wconf 76' lang='lat' dir='ltr'><strong>chunium</strong></span> <span class='ocrx_word' id='word_1_639' title='bbox 2428 3886 2524 3942; x_wconf 90' lang='lat' dir='ltr'><strong>SS.</strong></span> <span class='ocrx_word' id='word_1_640' title='bbox 2559 3887 2927 3956; x_wconf 76' lang='lat' dir='ltr'><strong>apostolorum</strong></span> <span class='ocrx_word' id='word_1_641' title='bbox 2958 3886 3072 3939; x_wconf 80' lang='lat' dir='ltr'><strong>dies</strong></span> <span class='ocrx_word' id='word_1_642' title='bbox 3107 3880 3191 3939; x_wconf 78' lang='grc'><strong>47.</strong></span> <span class='ocrx_word' id='word_1_643' title='bbox 3224 3884 3369 3956; x_wconf 80' lang='lat' dir='ltr'><strong>Puto</strong></span> <span class='ocrx_word' id='word_1_644' title='bbox 3409 3882 3543 3956; x_wconf 74' lang='lat' dir='ltr'><strong>illos</strong></span> <span class='ocrx_word' id='word_1_645' title='bbox 3565 3880 3692 3937; x_wconf 92' lang='lat' dir='ltr'><strong>dies</strong></span> 
     </span>
    </p>
   </div>
   <div class='ocr_carea' id='block_1_96' title="bbox 2034 3951 3687 4028">
    <p class='ocr_par' dir='ltr' id='par_1_96' title="bbox 2034 3951 3687 4028">
     <span class='ocr_line' id='line_1_98' title="bbox 2034 3951 3687 4028; baseline -0.004 -14"><span class='ocrx_word' id='word_1_646' title='bbox 2034 3951 2263 4014; x_wconf 79' lang='lat' dir='ltr'><strong>feriales</strong></span> <span class='ocrx_word' id='word_1_647' title='bbox 2292 3964 2348 4013; x_wconf 92' lang='lat' dir='ltr'><strong>et</strong></span> <span class='ocrx_word' id='word_1_648' title='bbox 2390 3951 2673 4028; x_wconf 70' lang='lat' dir='ltr'><strong>profestos</strong></span> <span class='ocrx_word' id='word_1_649' title='bbox 2714 3956 2963 4027; x_wconf 89' lang='lat' dir='ltr'><strong>intelligi</strong></span> <span class='ocrx_word' id='word_1_650' title='bbox 2998 3956 3099 4026; x_wconf 91' lang='lat' dir='ltr'><strong>qui</strong></span> <span class='ocrx_word' id='word_1_651' title='bbox 3121 3961 3258 4011; x_wconf 91' lang='lat' dir='ltr'><strong>sunt</strong></span> <span class='ocrx_word' id='word_1_652' title='bbox 3295 3955 3448 4028; x_wconf 90' lang='lat' dir='ltr'><strong>inter</strong></span> <span class='ocrx_word' id='word_1_653' title='bbox 3479 3951 3687 4028; x_wconf 80' lang='lat' dir='ltr'><strong>festum</strong></span> 
     </span>
    </p>
   </div>
   <div class='ocr_carea' id='block_1_97' title="bbox 2032 4024 3696 4094">
    <p class='ocr_par' dir='ltr' id='par_1_97' title="bbox 2032 4024 3696 4094">
     <span class='ocr_line' id='line_1_99' title="bbox 2032 4024 3696 4094; baseline -0.004 -9"><span class='ocrx_word' id='word_1_654' title='bbox 2032 4030 2302 4085; x_wconf 90' lang='lat' dir='ltr'><strong>Omnium</strong></span> <span class='ocrx_word' id='word_1_655' title='bbox 2328 4024 2661 4085; x_wconf 76' lang='lat' dir='ltr'><strong>Sanctorum</strong></span> <span class='ocrx_word' id='word_1_656' title='bbox 2694 4033 2754 4084; x_wconf 89' lang='lat' dir='ltr'><strong>et</strong></span> <span class='ocrx_word' id='word_1_657' title='bbox 2777 4024 2982 4084; x_wconf 71' lang='lat' dir='ltr'><strong>festum</strong></span> <span class='ocrx_word' id='word_1_658' title='bbox 3013 4024 3340 4083; x_wconf 79' lang='lat' dir='ltr'><strong>sanctorum</strong></span> <span class='ocrx_word' id='word_1_659' title='bbox 3371 4024 3696 4094; x_wconf 80' lang='lat' dir='ltr'><strong>Apostolo—</strong></span> 
     </span>
    </p>
   </div>
   <div class='ocr_carea' id='block_1_98' title="bbox 2034 4094 3698 4172">
    <p class='ocr_par' dir='ltr' id='par_1_98' title="bbox 2034 4094 3698 4172">
     <span class='ocr_line' id='line_1_100' title="bbox 2034 4094 3698 4172; baseline -0.004 -15"><span class='ocrx_word' id='word_1_660' title='bbox 2034 4116 2183 4167; x_wconf 91' lang='lat' dir='ltr'><strong>rum,</strong></span> <span class='ocrx_word' id='word_1_661' title='bbox 2219 4101 2365 4172; x_wconf 92' lang='lat' dir='ltr'><strong>quod</strong></span> <span class='ocrx_word' id='word_1_662' title='bbox 2394 4100 2683 4172; x_wconf 87' lang='lat' dir='ltr'><strong>celebrant</strong></span> <span class='ocrx_word' id='word_1_663' title='bbox 2704 4099 2907 4172; x_wconf 68' lang='lat' dir='ltr'><strong>Graeci,</strong></span> <span class='ocrx_word' id='word_1_664' title='bbox 2941 4104 3006 4172; x_wconf 91' lang='lat' dir='ltr'><strong>ut</strong></span> <span class='ocrx_word' id='word_1_665' title='bbox 3042 4112 3109 4172; x_wconf 76' lang='lat' dir='ltr'><strong>ex</strong></span> <span class='ocrx_word' id='word_1_666' title='bbox 3134 4110 3331 4172; x_wconf 81' lang='lat' dir='ltr'><strong>eorum</strong></span> <span class='ocrx_word' id='word_1_667' title='bbox 3356 4094 3698 4172; x_wconf 80' lang='lat' dir='ltr'><strong>Menologio-</strong></span> 
     </span>
    </p>
   </div>
   <div class='ocr_carea' id='block_1_99' title="bbox 2034 4167 3697 4243">
    <p class='ocr_par' dir='ltr' id='par_1_99' title="bbox 2034 4167 3697 4243">
     <span class='ocr_line' id='line_1_101' title="bbox 2034 4167 3697 4243; baseline -0.004 -15"><span class='ocrx_word' id='word_1_668' title='bbox 2034 4167 2352 4243; x_wconf 53' lang='lat' dir='ltr'><strong>claretfdie</strong></span> <span class='ocrx_word' id='word_1_669' title='bbox 2376 4170 2445 4228; x_wconf 87' lang='lat' dir='ltr'><strong>3O</strong></span> <span class='ocrx_word' id='word_1_670' title='bbox 2476 4172 2667 4239; x_wconf 87' lang='lat' dir='ltr'><strong>idest,</strong></span> <span class='ocrx_word' id='word_1_671' title='bbox 2701 4167 2906 4226; x_wconf 89' lang='lat' dir='ltr'><strong>ultima</strong></span> <span class='ocrx_word' id='word_1_672' title='bbox 2935 4169 3114 4243; x_wconf 81' lang='lat' dir='ltr'><strong>Junii.</strong></span> <span class='ocrx_word' id='word_1_673' title='bbox 3152 4170 3359 4224; x_wconf 87' lang='lat' dir='ltr'><strong>Verum</strong></span> <span class='ocrx_word' id='word_1_674' title='bbox 3384 4168 3455 4223; x_wconf 91' lang='lat' dir='ltr'><strong>de</strong></span> <span class='ocrx_word' id='word_1_675' title='bbox 3482 4167 3576 4223; x_wconf 87' lang='lat' dir='ltr'><strong>his</strong></span> <span class='ocrx_word' id='word_1_676' title='bbox 3600 4167 3697 4221; x_wconf 70' lang='lat' dir='ltr'><strong>ha~</strong></span> 
     </span>
    </p>
   </div>
   <div class='ocr_carea' id='block_1_100' title="bbox 2035 4241 3303 4312">
    <p class='ocr_par' dir='ltr' id='par_1_100' title="bbox 2035 4241 3303 4312">
     <span class='ocr_line' id='line_1_102' title="bbox 2035 4241 3303 4312; baseline -0.004 -12"><span class='ocrx_word' id='word_1_677' title='bbox 2035 4241 2255 4301; x_wconf 83' lang='lat' dir='ltr'><strong>etenus.</strong></span> <span class='ocrx_word' id='word_1_678' title='bbox 2286 4245 2446 4299; x_wconf 88' lang='lat' dir='ltr'><strong>Nunc</strong></span> <span class='ocrx_word' id='word_1_679' title='bbox 2470 4243 2538 4299; x_wconf 86' lang='lat' dir='ltr'><strong>ad</strong></span> <span class='ocrx_word' id='word_1_680' title='bbox 2568 4243 2952 4312; x_wconf 85' lang='lat' dir='ltr'><strong>Nicephorum</strong></span> <span class='ocrx_word' id='word_1_681' title='bbox 2984 4241 3303 4309; x_wconf 88' lang='lat' dir='ltr'><strong>redeamus,</strong></span> 
     </span>
    </p>
   </div>
   <div class='ocr_carea' id='block_1_101' title="bbox 2108 4324 3700 4397">
    <p class='ocr_par' dir='ltr' id='par_1_101' title="bbox 2108 4324 3700 4397">
     <span class='ocr_line' id='line_1_103' title="bbox 2108 4324 3700 4397; baseline -0.005 -9"><span class='ocrx_word' id='word_1_682' title='bbox 2108 4333 2190 4389; x_wconf 84' lang='lat' dir='ltr'><strong>An</strong></span> <span class='ocrx_word' id='word_1_683' title='bbox 2206 4333 2335 4389; x_wconf 79' lang='lat' dir='ltr'><strong>CAP.</strong></span> <span class='ocrx_word' id='word_1_684' title='bbox 2370 4332 2442 4386; x_wconf 82' lang='lat' dir='ltr'><strong>X.</strong></span> <span class='ocrx_word' id='word_1_685' title='bbox 2470 4361 2545 4372; x_wconf 91' lang='lat'>—</span> <span class='ocrx_word' id='word_1_686' title='bbox 2571 4329 2803 4397; x_wconf 90' lang='lat' dir='ltr'><strong>Tiberio</strong></span> <span class='ocrx_word' id='word_1_687' title='bbox 2829 4329 3039 4385; x_wconf 88' lang='lat' dir='ltr'><strong>tribuit</strong></span> <span class='ocrx_word' id='word_1_688' title='bbox 3071 4342 3253 4384; x_wconf 89' lang='lat' dir='ltr'><strong>annos</strong></span> <span class='ocrx_word' id='word_1_689' title='bbox 3284 4324 3374 4397; x_wconf 77' lang='lat'><strong>23,</strong></span> <span class='ocrx_word' id='word_1_690' title='bbox 3416 4331 3483 4383; x_wconf 90' lang='lat' dir='ltr'><strong>ut</strong></span> <span class='ocrx_word' id='word_1_691' title='bbox 3514 4327 3700 4381; x_wconf 85' lang='lat' dir='ltr'><strong>Euse—</strong></span> 
     </span>
    </p>
   </div>
   <div class='ocr_carea' id='block_1_102' title="bbox 1956 4395 3700 4488">
    <p class='ocr_par' dir='ltr' id='par_1_102' title="bbox 1956 4395 3700 4488">
     <span class='ocr_line' id='line_1_104' title="bbox 1956 4395 3700 4488; baseline -0.003 -32"><span class='ocrx_word' id='word_1_692' title='bbox 1956 4395 2011 4456; x_wconf 91' lang='lat' dir='ltr'><strong>D</strong></span> <span class='ocrx_word' id='word_1_693' title='bbox 2038 4405 2173 4488; x_wconf 84' lang='lat' dir='ltr'><strong>b_ius</strong></span> <span class='ocrx_word' id='word_1_694' title='bbox 2209 4409 2267 4460; x_wconf 92' lang='lat' dir='ltr'><strong>et</strong></span> <span class='ocrx_word' id='word_1_695' title='bbox 2305 4403 2599 4460; x_wconf 82' lang='lat' dir='ltr'><strong>Ausonius</strong></span> <span class='ocrx_word' id='word_1_696' title='bbox 2646 4396 2747 4458; x_wconf 82' lang='lat' dir='ltr'><strong>seu</strong></span> <span class='ocrx_word' id='word_1_697' title='bbox 2794 4402 2929 4471; x_wconf 91' lang='lat' dir='ltr'><strong>quis</strong></span> <span class='ocrx_word' id='word_1_698' title='bbox 2952 4400 3107 4456; x_wconf 89' lang='lat' dir='ltr'><strong>alius</strong></span> <span class='ocrx_word' id='word_1_699' title='bbox 3152 4399 3257 4455; x_wconf 92' lang='lat' dir='ltr'><strong>illo</strong></span> <span class='ocrx_word' id='word_1_700' title='bbox 3284 4395 3453 4454; x_wconf 87' lang='lat' dir='ltr'><strong>versu</strong></span> <span class='ocrx_word' id='word_1_701' title='bbox 3498 4396 3700 4452; x_wconf 88' lang='lat' dir='ltr'><strong>tritis-</strong></span> 
     </span>
    </p>
   </div>
   <div class='ocr_carea' id='block_1_103' title="bbox 2165 4584 3568 4681">
    <p class='ocr_par' dir='ltr' id='par_1_103' title="bbox 2165 4584 3568 4681">
     <span class='ocr_line' id='line_1_105' title="bbox 2165 4584 3568 4681; baseline -0.006 -13"><span class='ocrx_word' id='word_1_702' title='bbox 2165 4619 2230 4668; x_wconf 88' lang='lat' dir='ltr'><strong>Et</strong></span> <span class='ocrx_word' id='word_1_703' title='bbox 2269 4632 2361 4681; x_wconf 89' lang='lat' dir='ltr'><strong>per</strong></span> <span class='ocrx_word' id='word_1_704' title='bbox 2404 4584 2630 4680; x_wconf 70' lang='lat' dir='ltr'><strong>septenis</strong></span> <span class='ocrx_word' id='word_1_705' title='bbox 2664 4616 2899 4678; x_wconf 78' lang='lat' dir='ltr'><strong>geminos</strong></span> <span class='ocrx_word' id='word_1_706' title='bbox 2947 4615 3090 4664; x_wconf 83' lang='lat' dir='ltr'><strong>Nero</strong></span> <span class='ocrx_word' id='word_1_707' title='bbox 3138 4610 3383 4662; x_wconf 80' lang='lat' dir='ltr'><strong>Claudius</strong></span> <span class='ocrx_word' id='word_1_708' title='bbox 3408 4610 3568 4660; x_wconf 79' lang='lat' dir='ltr'><strong>addit.</strong></span> 
     </span>
    </p>
   </div>
   <div class='ocr_carea' id='block_1_104' title="bbox 238 4721 3707 4812">
    <p class='ocr_par' dir='ltr' id='par_1_104' title="bbox 238 4721 3707 4812">
     <span class='ocr_line' id='line_1_106' title="bbox 238 4721 3707 4812; baseline -0.004 -1"><span class='ocrx_word' id='word_1_709' title='bbox 238 4741 483 4812; x_wconf 61' lang='grc' dir='ltr'><strong>ἱίέἓηιιπὲ</strong></span> <span class='ocrx_word' id='word_1_710' title='bbox 537 4725 846 4812; x_wconf 36' lang='lat' dir='ltr'><strong>incipi?!“</strong></span> <span class='ocrx_word' id='word_1_711' title='bbox 870 4724 1159 4812; x_wconf 42' lang='lat' dir='ltr'><strong>ibi???</strong></span> <span class='ocrx_word' id='word_1_712' title='bbox 1173 4721 1559 4812; x_wconf 32' lang='lat'><strong>999.39.11.33</strong></span> <span class='ocrx_word' id='word_1_713' title='bbox 1593 4732 1935 4812; x_wconf 51' lang='lat'><strong>3%,:3933</strong></span> <span class='ocrx_word' id='word_1_714' title='bbox 2044 4752 2439 4809; x_wconf 89' lang='lat' dir='ltr'><strong>Tertullianus</strong></span> <span class='ocrx_word' id='word_1_715' title='bbox 2469 4751 2744 4806; x_wconf 90' lang='lat' dir='ltr'><strong>adversus</strong></span> <span class='ocrx_word' id='word_1_716' title='bbox 2769 4750 2994 4805; x_wconf 71' lang='lat' dir='ltr'><strong>Judzeos</strong></span> <span class='ocrx_word' id='word_1_717' title='bbox 3022 4747 3123 4802; x_wconf 86' lang='lat' dir='ltr'><strong>dat</strong></span> <span class='ocrx_word' id='word_1_718' title='bbox 3145 4746 3197 4802; x_wconf 91' lang='lat' dir='ltr'><strong>ei</strong></span> <span class='ocrx_word' id='word_1_719' title='bbox 3222 4758 3406 4801; x_wconf 86' lang='lat' dir='ltr'><strong>annos</strong></span> <span class='ocrx_word' id='word_1_720' title='bbox 3428 4741 3519 4812; x_wconf 71' lang='lat'><strong>22,</strong></span> <span class='ocrx_word' id='word_1_721' title='bbox 3556 4757 3707 4799; x_wconf 79' lang='lat' dir='ltr'><strong>men-</strong></span> 
     </span>
    </p>
   </div>
   <div class='ocr_carea' id='block_1_105' title="bbox 244 4785 1936 4870">
    <p class='ocr_par' dir='ltr' id='par_1_105' title="bbox 244 4785 1936 4870">
     <span class='ocr_line' id='line_1_107' title="bbox 244 4785 1936 4870; baseline -0.007 -14"><span class='ocrx_word' id='word_1_722' title='bbox 244 4800 368 4856; x_wconf 88' lang='lat' dir='ltr'><strong>illa</strong></span> <span class='ocrx_word' id='word_1_723' title='bbox 384 4799 576 4870; x_wconf 89' lang='lat' dir='ltr'><strong>prima</strong></span> <span class='ocrx_word' id='word_1_724' title='bbox 596 4798 676 4870; x_wconf 89' lang='lat' dir='ltr'><strong>sit</strong></span> <span class='ocrx_word' id='word_1_725' title='bbox 698 4785 1076 4870; x_wconf 72' lang='lat' dir='ltr'><strong>totiushﬁjus</strong></span> <span class='ocrx_word' id='word_1_726' title='bbox 1094 4795 1229 4850; x_wconf 89' lang='lat' dir='ltr'><strong>anni</strong></span> <span class='ocrx_word' id='word_1_727' title='bbox 1251 4785 1569 4870; x_wconf 76' lang='lat' dir='ltr'><strong>Dominica,</strong></span> <span class='ocrx_word' id='word_1_728' title='bbox 1593 4785 1936 4870; x_wconf 73' lang='lat' dir='ltr'><strong>facillimum</strong></span> 
     </span>
    </p>
   </div>
   <div class='ocr_carea' id='block_1_106' title="bbox 237 4862 1941 4943">
    <p class='ocr_par' dir='ltr' id='par_1_106' title="bbox 237 4862 1941 4943">
     <span class='ocr_line' id='line_1_108' title="bbox 237 4862 1941 4943; baseline -0.008 -13"><span class='ocrx_word' id='word_1_729' title='bbox 237 4862 403 4943; x_wconf 67' lang='lat' dir='ltr'><strong>erit,</strong></span> <span class='ocrx_word' id='word_1_730' title='bbox 437 4871 543 4928; x_wconf 80' lang='lat' dir='ltr'><strong>hoc</strong></span> <span class='ocrx_word' id='word_1_731' title='bbox 576 4869 757 4943; x_wconf 85' lang='lat' dir='ltr'><strong>initio</strong></span> <span class='ocrx_word' id='word_1_732' title='bbox 776 4862 994 4943; x_wconf 72' lang='lat' dir='ltr'><strong>posito,</strong></span> <span class='ocrx_word' id='word_1_733' title='bbox 1011 4865 1457 4943; x_wconf 77' lang='lat' dir='ltr'><strong>_ca:teras_totius</strong></span> <span class='ocrx_word' id='word_1_734' title='bbox 1480 4865 1617 4943; x_wconf 31' lang='lat' dir='ltr'><strong>annui</strong></span> <span class='ocrx_word' id='word_1_735' title='bbox 1640 4862 1813 4943; x_wconf 78' lang='lat' dir='ltr'><strong>ferias</strong></span> <span class='ocrx_word' id='word_1_736' title='bbox 1837 4876 1941 4943; x_wconf 24' lang='lat' dir='ltr'><strong>ori-</strong></span> 
     </span>
    </p>
   </div>
   <div class='ocr_carea' id='block_1_107' title="bbox 237 4934 1940 5002">
    <p class='ocr_par' dir='ltr' id='par_1_107' title="bbox 237 4934 1940 5002">
     <span class='ocr_line' id='line_1_109' title="bbox 237 4934 1940 5002; baseline -0.006 0"><span class='ocrx_word' id='word_1_737' title='bbox 237 4934 496 5002; x_wconf 72' lang='lat' dir='ltr'><strong>dinarc.</strong></span> <span class='ocrx_word' id='word_1_738' title='bbox 522 4944 643 4997; x_wconf 88' lang='lat' dir='ltr'><strong>Non</strong></span> <span class='ocrx_word' id='word_1_739' title='bbox 670 4934 823 4996; x_wconf 81' lang='lat' dir='ltr'><strong>enim</strong></span> <span class='ocrx_word' id='word_1_740' title='bbox 848 4934 1060 4995; x_wconf 83' lang='lat' dir='ltr'><strong>litteris</strong></span> <span class='ocrx_word' id='word_1_741' title='bbox 1083 4942 1145 4993; x_wconf 92' lang='lat' dir='ltr'><strong>ut</strong></span> <span class='ocrx_word' id='word_1_742' title='bbox 1166 4936 1355 4992; x_wconf 85' lang='lat' dir='ltr'><strong>Latini</strong></span> <span class='ocrx_word' id='word_1_743' title='bbox 1382 4951 1518 4991; x_wconf 91' lang='lat' dir='ltr'><strong>suas</strong></span> <span class='ocrx_word' id='word_1_744' title='bbox 1538 4934 1867 4991; x_wconf 87' lang='lat' dir='ltr'><strong>Dominicas</strong></span> <span class='ocrx_word' id='word_1_745' title='bbox 1884 4939 1940 4992; x_wconf 90' lang='lat' dir='ltr'><strong>et</strong></span> 
     </span>
    </p>
   </div>
   <div class='ocr_carea' id='block_1_108' title="bbox 240 5007 1613 5085">
    <p class='ocr_par' dir='ltr' id='par_1_108' title="bbox 240 5007 1613 5085">
     <span class='ocr_line' id='line_1_110' title="bbox 240 5007 1613 5085; baseline -0.009 -13"><span class='ocrx_word' id='word_1_746' title='bbox 240 5015 450 5072; x_wconf 82' lang='lat' dir='ltr'><strong>ferias</strong></span> <span class='ocrx_word' id='word_1_747' title='bbox 482 5028 584 5085; x_wconf 93' lang='lat' dir='ltr'><strong>per</strong></span> <span class='ocrx_word' id='word_1_748' title='bbox 604 5018 788 5068; x_wconf 88' lang='lat' dir='ltr'><strong>totum</strong></span> <span class='ocrx_word' id='word_1_749' title='bbox 813 5024 1025 5067; x_wconf 90' lang='lat' dir='ltr'><strong>annum</strong></span> <span class='ocrx_word' id='word_1_750' title='bbox 1044 5008 1353 5065; x_wconf 88' lang='lat' dir='ltr'><strong>distinctas</strong></span> <span class='ocrx_word' id='word_1_751' title='bbox 1385 5007 1613 5063; x_wconf 90' lang='lat' dir='ltr'><strong>habent.</strong></span> 
     </span>
    </p>
   </div>
   <div class='ocr_carea' id='block_1_109' title="bbox 326 5102 1936 5203">
    <p class='ocr_par' dir='ltr' id='par_1_109' title="bbox 326 5102 1936 5203">
     <span class='ocr_line' id='line_1_111' title="bbox 326 5102 1936 5203; baseline -0.002 -43"><span class='ocrx_word' id='word_1_752' title='bbox 326 5118 352 5136; x_wconf 65' lang='grc' dir='ltr'>ί</span> <span class='ocrx_word' id='word_1_753' title='bbox 382 5102 628 5186; x_wconf 47' lang='lat' dir='ltr'><strong>emam</strong></span> <span class='ocrx_word' id='word_1_754' title='bbox 662 5108 884 5203; x_wconf 69' lang='lat' dir='ltr'><strong>vulgari</strong></span> <span class='ocrx_word' id='word_1_755' title='bbox 935 5120 1195 5164; x_wconf 88' lang='lat' dir='ltr'><strong>sermone</strong></span> <span class='ocrx_word' id='word_1_756' title='bbox 1222 5107 1417 5163; x_wconf 58' lang='lat' dir='ltr'><strong>Graeco</strong></span> <span class='ocrx_word' id='word_1_757' title='bbox 1475 5104 1645 5161; x_wconf 90' lang='lat' dir='ltr'><strong>hodie</strong></span> <span class='ocrx_word' id='word_1_758' title='bbox 1691 5104 1936 5172; x_wconf 85' lang='lat' dir='ltr'><strong>dicetur,</strong></span> 
     </span>
    </p>
   </div>
   <div class='ocr_carea' id='block_1_110' title="bbox 240 5192 818 5272">
    <p class='ocr_par' dir='ltr' id='par_1_110' title="bbox 240 5192 818 5272">
     <span class='ocr_line' id='line_1_112' title="bbox 240 5192 818 5272; baseline -0.021 -22"><span class='ocrx_word' id='word_1_759' title='bbox 240 5206 402 5272; x_wconf 62' lang='lat' dir='ltr'><strong>qua:</strong></span> <span class='ocrx_word' id='word_1_760' title='bbox 430 5192 568 5248; x_wconf 88' lang='lat' dir='ltr'><strong>olim</strong></span> <span class='ocrx_word' id='word_1_761' title='bbox 598 5192 818 5261; x_wconf 78' lang='grc' dir='ltr'><strong>σεγήνη.</strong></span> 
     </span>
    </p>
   </div>
   <div class='ocr_carea' id='block_1_111' title="bbox 2047 4815 3705 4895">
    <p class='ocr_par' dir='ltr' id='par_1_111' title="bbox 2047 4815 3705 4895">
     <span class='ocr_line' id='line_1_113' title="bbox 2047 4815 3705 4895; baseline -0.005 -16"><span class='ocrx_word' id='word_1_762' title='bbox 2047 4820 2228 4895; x_wconf 79' lang='lat' dir='ltr'><strong>ses7;</strong></span> <span class='ocrx_word' id='word_1_763' title='bbox 2270 4824 2367 4880; x_wconf 88' lang='lat' dir='ltr'><strong>sed</strong></span> <span class='ocrx_word' id='word_1_764' title='bbox 2397 4822 2630 4895; x_wconf 83' lang='lat' dir='ltr'><strong>Tacitus</strong></span> <span class='ocrx_word' id='word_1_765' title='bbox 2658 4822 2716 4875; x_wconf 89' lang='lat' dir='ltr'><strong>in</strong></span> <span class='ocrx_word' id='word_1_766' title='bbox 2750 4821 2859 4895; x_wconf 78' lang='lat' dir='ltr'><strong>fine</strong></span> <span class='ocrx_word' id='word_1_767' title='bbox 2888 4819 2989 4875; x_wconf 93' lang='lat' dir='ltr'><strong>lib.</strong></span> <span class='ocrx_word' id='word_1_768' title='bbox 3022 4833 3074 4888; x_wconf 89' lang='lat' dir='ltr'><strong>v,</strong></span> <span class='ocrx_word' id='word_1_769' title='bbox 3115 4819 3404 4895; x_wconf 87' lang='lat' dir='ltr'><strong>et_Sextus</strong></span> <span class='ocrx_word' id='word_1_770' title='bbox 3431 4815 3705 4895; x_wconf 79' lang='lat' dir='ltr'><strong>Aurelius</strong></span> 
     </span>
    </p>
   </div>
   <div class='ocr_carea' id='block_1_112' title="bbox 2050 4887 3706 4964">
    <p class='ocr_par' dir='ltr' id='par_1_112' title="bbox 2050 4887 3706 4964">
     <span class='ocr_line' id='line_1_114' title="bbox 2050 4887 3706 4964; baseline -0.005 -13"><span class='ocrx_word' id='word_1_771' title='bbox 2050 4887 2262 4964; x_wconf 82' lang='lat' dir='ltr'><strong>Victor,</strong></span> <span class='ocrx_word' id='word_1_772' title='bbox 2317 4908 2428 4950; x_wconf 92' lang='lat' dir='ltr'><strong>non</strong></span> <span class='ocrx_word' id='word_1_773' title='bbox 2475 4893 2707 4964; x_wconf 88' lang='lat' dir='ltr'><strong>quidem</strong></span> <span class='ocrx_word' id='word_1_774' title='bbox 2754 4892 3070 4964; x_wconf 81' lang='lat' dir='ltr'><strong>impressus</strong></span> <span class='ocrx_word' id='word_1_775' title='bbox 3102 4890 3198 4964; x_wconf 84' lang='lat' dir='ltr'><strong>sed</strong></span> <span class='ocrx_word' id='word_1_776' title='bbox 3255 4887 3706 4964; x_wconf 80' lang='lat' dir='ltr'><strong>manuscriptus,</strong></span> 
     </span>
    </p>
   </div>
   <div class='ocr_carea' id='block_1_113' title="bbox 2046 4959 3702 5032">
    <p class='ocr_par' dir='ltr' id='par_1_113' title="bbox 2046 4959 3702 5032">
     <span class='ocr_line' id='line_1_115' title="bbox 2046 4959 3702 5032; baseline -0.007 -9"><span class='ocrx_word' id='word_1_777' title='bbox 2046 4968 2101 5023; x_wconf 90' lang='lat' dir='ltr'><strong>ei</strong></span> <span class='ocrx_word' id='word_1_778' title='bbox 2130 4965 2204 5022; x_wconf 75' lang='lat'><strong>‘23</strong></span> <span class='ocrx_word' id='word_1_779' title='bbox 2240 4959 2421 5021; x_wconf 83' lang='lat' dir='ltr'><strong>annos</strong></span> <span class='ocrx_word' id='word_1_780' title='bbox 2470 4959 2775 5019; x_wconf 74' lang='lat' dir='ltr'><strong>tribuunt:</strong></span> <span class='ocrx_word' id='word_1_781' title='bbox 2815 4959 3029 5032; x_wconf 83' lang='lat' dir='ltr'><strong>quibus</strong></span> <span class='ocrx_word' id='word_1_782' title='bbox 3052 4960 3312 5016; x_wconf 84' lang='lat' dir='ltr'><strong>lubenter</strong></span> <span class='ocrx_word' id='word_1_783' title='bbox 3334 4959 3702 5032; x_wconf 87' lang='lat' dir='ltr'><strong>assentimur.</strong></span> 
     </span>
    </p>
   </div>
   <div class='ocr_carea' id='block_1_114' title="bbox 2048 5031 3710 5103">
    <p class='ocr_par' dir='ltr' id='par_1_114' title="bbox 2048 5031 3710 5103">
     <span class='ocr_line' id='line_1_116' title="bbox 2048 5031 3710 5103; baseline -0.005 -9"><span class='ocrx_word' id='word_1_784' title='bbox 2048 5040 2279 5095; x_wconf 88' lang='lat' dir='ltr'><strong>Summa</strong></span> <span class='ocrx_word' id='word_1_785' title='bbox 2304 5050 2585 5092; x_wconf 87' lang='lat' dir='ltr'><strong>annorum</strong></span> <span class='ocrx_word' id='word_1_786' title='bbox 2610 5033 2810 5089; x_wconf 89' lang='lat' dir='ltr'><strong>mundi</strong></span> <span class='ocrx_word' id='word_1_787' title='bbox 2838 5031 3019 5103; x_wconf 90' lang='lat' dir='ltr'><strong>usque</strong></span> <span class='ocrx_word' id='word_1_788' title='bbox 3039 5032 3107 5087; x_wconf 86' lang='lat' dir='ltr'><strong>ad</strong></span> <span class='ocrx_word' id='word_1_789' title='bbox 3134 5031 3611 5103; x_wconf 80' lang='lat' dir='ltr'><strong>resurrectionem</strong></span> <span class='ocrx_word' id='word_1_790' title='bbox 3635 5041 3710 5085; x_wconf 73' lang='lat' dir='ltr'><strong>ex</strong></span> 
     </span>
    </p>
   </div>
   <div class='ocr_carea' id='block_1_115' title="bbox 2051 5099 3487 5179">
    <p class='ocr_par' dir='ltr' id='par_1_115' title="bbox 2051 5099 3487 5179">
     <span class='ocr_line' id='line_1_117' title="bbox 2051 5099 3487 5179; baseline -0.006 -14"><span class='ocrx_word' id='word_1_791' title='bbox 2051 5107 2485 5179; x_wconf 87' lang='lat' dir='ltr'><strong>susperioribus</strong></span> <span class='ocrx_word' id='word_1_792' title='bbox 2526 5104 2867 5179; x_wconf 81' lang='lat' dir='ltr'><strong>colligenda</strong></span> <span class='ocrx_word' id='word_1_793' title='bbox 2891 5099 2977 5160; x_wconf 78' lang='lat' dir='ltr'><strong>est</strong></span> <span class='ocrx_word' id='word_1_794' title='bbox 3018 5116 3299 5179; x_wconf 81' lang='lat' dir='ltr'><strong>annorum</strong></span> <span class='ocrx_word' id='word_1_795' title='bbox 3328 5099 3487 5158; x_wconf 76' lang='grc'><strong>5540.</strong></span> 
     </span>
    </p>
   </div>
   <div class='ocr_carea' id='block_1_116' title="bbox 2119 5169 3707 5248">
    <p class='ocr_par' dir='ltr' id='par_1_116' title="bbox 2119 5169 3707 5248">
     <span class='ocr_line' id='line_1_118' title="bbox 2119 5169 3707 5248; baseline -0.008 -11"><span class='ocrx_word' id='word_1_796' title='bbox 2119 5169 2202 5237; x_wconf 65' lang='grc' dir='ltr'><strong>Ᾰι)</strong></span> <span class='ocrx_word' id='word_1_797' title='bbox 2266 5181 2396 5237; x_wconf 80' lang='lat' dir='ltr'><strong>CAP.</strong></span> <span class='ocrx_word' id='word_1_798' title='bbox 2460 5180 2557 5235; x_wconf 83' lang='lat' dir='ltr'><strong>XI.</strong></span> <span class='ocrx_word' id='word_1_799' title='bbox 2607 5169 2700 5219; x_wconf 59' lang='grc' dir='ltr'><strong>-ν</strong></span> <span class='ocrx_word' id='word_1_800' title='bbox 2721 5175 2925 5248; x_wconf 87' lang='lat' dir='ltr'><strong>Annis,</strong></span> <span class='ocrx_word' id='word_1_801' title='bbox 3013 5174 3310 5232; x_wconf 85' lang='lat' dir='ltr'><strong>mensibus</strong></span> <span class='ocrx_word' id='word_1_802' title='bbox 3385 5178 3442 5229; x_wconf 93' lang='lat' dir='ltr'><strong>et</strong></span> <span class='ocrx_word' id='word_1_803' title='bbox 3500 5169 3707 5227; x_wconf 86' lang='lat' dir='ltr'><strong>diebus</strong></span> 
     </span>
    </p>
   </div>
   <div class='ocr_carea' id='block_1_117' title="bbox 1435 5269 2446 5336">
    <p class='ocr_par' dir='ltr' id='par_1_117' title="bbox 1435 5269 2446 5336">
     <span class='ocr_line' id='line_1_119' title="bbox 1435 5269 2446 5336; baseline -0.013 -1"><span class='ocrx_word' id='word_1_804' title='bbox 1435 5276 1738 5336; x_wconf 67' lang='lat' dir='ltr'><strong>EIUSDEM</strong></span> <span class='ocrx_word' id='word_1_805' title='bbox 1794 5273 1998 5332; x_wconf 62' lang='lat' dir='ltr'><strong>NOTrE</strong></span> <span class='ocrx_word' id='word_1_806' title='bbox 2046 5269 2446 5328; x_wconf 67' lang='lat' dir='ltr'><strong>HISTORICIE.</strong></span> 
     </span>
    </p>
   </div>
   <div class='ocr_carea' id='block_1_118' title="bbox 324 5377 1947 5453">
    <p class='ocr_par' dir='ltr' id='par_1_118' title="bbox 324 5377 1947 5453">
     <span class='ocr_line' id='line_1_120' title="bbox 324 5377 1947 5453; baseline -0.006 -13"><span class='ocrx_word' id='word_1_807' title='bbox 324 5397 365 5428; x_wconf 76' lang='grc' dir='ltr'>ει</span> <span class='ocrx_word' id='word_1_808' title='bbox 398 5382 501 5440; x_wconf 91' lang='lat' dir='ltr'><strong>Sic</strong></span> <span class='ocrx_word' id='word_1_809' title='bbox 527 5381 763 5440; x_wconf 88' lang='lat' dir='ltr'><strong>restitui</strong></span> <span class='ocrx_word' id='word_1_810' title='bbox 794 5396 862 5439; x_wconf 93' lang='lat' dir='ltr'><strong>ex</strong></span> <span class='ocrx_word' id='word_1_811' title='bbox 886 5382 1189 5440; x_wconf 82' lang='lat' dir='ltr'><strong>Anastasio</strong></span> <span class='ocrx_word' id='word_1_812' title='bbox 1216 5402 1234 5453; x_wconf 84' lang='lat'><strong>-,</strong></span> <span class='ocrx_word' id='word_1_813' title='bbox 1268 5381 1318 5438; x_wconf 89' lang='lat' dir='ltr'><strong>is</strong></span> <span class='ocrx_word' id='word_1_814' title='bbox 1362 5383 1449 5453; x_wconf 90' lang='lat' dir='ltr'><strong>est</strong></span> <span class='ocrx_word' id='word_1_815' title='bbox 1474 5377 1757 5453; x_wconf 88' lang='lat' dir='ltr'><strong>septimus</strong></span> <span class='ocrx_word' id='word_1_816' title='bbox 1782 5389 1947 5432; x_wconf 87' lang='lat' dir='ltr'><strong>men-</strong></span> 
     </span>
    </p>
   </div>
   <div class='ocr_carea' id='block_1_119' title="bbox 240 5449 1726 5585">
    <p class='ocr_par' dir='ltr' id='par_1_119' title="bbox 240 5449 1726 5585">
     <span class='ocr_line' id='line_1_121' title="bbox 240 5449 1726 5582; baseline -0.008 -68"><span class='ocrx_word' id='word_1_817' title='bbox 240 5459 346 5514; x_wconf 85' lang='lat' dir='ltr'><strong>sis</strong></span> <span class='ocrx_word' id='word_1_818' title='bbox 399 5456 826 5582; x_wconf 58' lang='lat' dir='ltr'><strong>Egyptiorum,</strong></span> <span class='ocrx_word' id='word_1_819' title='bbox 861 5456 960 5525; x_wconf 91' lang='lat' dir='ltr'><strong>qui</strong></span> <span class='ocrx_word' id='word_1_820' title='bbox 1002 5449 1231 5525; x_wconf 82' lang='lat' dir='ltr'><strong>incipit</strong></span> <span class='ocrx_word' id='word_1_821' title='bbox 1253 5465 1287 5506; x_wconf 89' lang='lat' dir='ltr'><strong>v</strong></span> <span class='ocrx_word' id='word_1_822' title='bbox 1314 5452 1438 5535; x_wconf 75' lang='lat' dir='ltr'><strong>Kal.</strong></span> <span class='ocrx_word' id='word_1_823' title='bbox 1474 5449 1726 5504; x_wconf 88' lang='lat' dir='ltr'><strong>Martias.</strong></span> 
     </span>
     <span class='ocr_line' id='line_1_122' title="bbox 328 5524 1726 5585; baseline -0.008 1"><span class='ocrx_word' id='word_1_824' title='bbox 328 5528 365 5569; x_wconf 72' lang='grc' dir='ltr'>ι)</span> <span class='ocrx_word' id='word_1_825' title='bbox 404 5530 509 5585; x_wconf 86' lang='lat' dir='ltr'><strong>Inc</strong></span> <span class='ocrx_word' id='word_1_826' title='bbox 537 5541 638 5584; x_wconf 89' lang='lat' dir='ltr'><strong>usa</strong></span> <span class='ocrx_word' id='word_1_827' title='bbox 678 5527 891 5582; x_wconf 89' lang='lat' dir='ltr'><strong>desunt</strong></span> <span class='ocrx_word' id='word_1_828' title='bbox 933 5527 1081 5585; x_wconf 84' lang='lat' dir='ltr'><strong>apud</strong></span> <span class='ocrx_word' id='word_1_829' title='bbox 1139 5526 1530 5585; x_wconf 75' lang='lat' dir='ltr'><strong>Anastasrum,</strong></span> <span class='ocrx_word' id='word_1_830' title='bbox 1590 5524 1726 5576; x_wconf 69' lang='lat' dir='ltr'><strong>recte</strong></span> 
     </span>
    </p>
   </div>
   <div class='ocr_carea' id='block_1_120' title="bbox 235 5596 1259 5741">
    <p class='ocr_par' dir='ltr' id='par_1_120' title="bbox 235 5596 1259 5741">
     <span class='ocr_line' id='line_1_123' title="bbox 235 5596 1259 5672; baseline -0.01 -12"><span class='ocrx_word' id='word_1_831' title='bbox 235 5602 387 5672; x_wconf 86' lang='lat' dir='ltr'><strong>jam</strong></span> <span class='ocrx_word' id='word_1_832' title='bbox 428 5612 605 5668; x_wconf 88' lang='lat' dir='ltr'><strong>supra</strong></span> <span class='ocrx_word' id='word_1_833' title='bbox 631 5597 818 5669; x_wconf 86' lang='lat' dir='ltr'><strong>posita</strong></span> <span class='ocrx_word' id='word_1_834' title='bbox 845 5596 1018 5653; x_wconf 83' lang='lat' dir='ltr'><strong>fuere.</strong></span> <span class='ocrx_word' id='word_1_835' title='bbox 1256 5664 1259 5667; x_wconf 6' lang='grc' dir='ltr'>ἤ</span> 
     </span>
     <span class='ocr_line' id='line_1_124' title="bbox 401 5667 1230 5741; baseline -0.004 -15"><span class='ocrx_word' id='word_1_836' title='bbox 401 5669 751 5726; x_wconf 82' lang='lat' dir='ltr'><strong>Interfectus</strong></span> <span class='ocrx_word' id='word_1_837' title='bbox 776 5667 890 5725; x_wconf 91' lang='lat' dir='ltr'><strong>fuit</strong></span> <span class='ocrx_word' id='word_1_838' title='bbox 913 5669 971 5724; x_wconf 92' lang='lat' dir='ltr'><strong>in</strong></span> <span class='ocrx_word' id='word_1_839' title='bbox 998 5668 1230 5741; x_wconf 89' lang='lat' dir='ltr'><strong>palatio.</strong></span> 
     </span>
    </p>
   </div>
   <div class='ocr_carea' id='block_1_121' title="bbox 537 5517 1947 5597">
    <p class='ocr_par' dir='ltr' id='par_1_121' title="bbox 537 5517 1947 5597">
     <span class='ocr_line' id='line_1_125' title="bbox 537 5517 1947 5597; baseline -0.007 -13"><span class='ocrx_word' id='word_1_840' title='bbox 537 5517 638 5584; x_wconf 79' lang='lat' dir='ltr'><strong>usa</strong></span> <span class='ocrx_word' id='word_1_841' title='bbox 678 5517 894 5597; x_wconf 71' lang='lat' dir='ltr'><strong>desunt</strong></span> <span class='ocrx_word' id='word_1_842' title='bbox 933 5527 1081 5597; x_wconf 91' lang='lat' dir='ltr'><strong>apud</strong></span> <span class='ocrx_word' id='word_1_843' title='bbox 1127 5517 1530 5592; x_wconf 67' lang='lat' dir='ltr'><strong>&#39;Anastasium,</strong></span> <span class='ocrx_word' id='word_1_844' title='bbox 1590 5524 1760 5592; x_wconf 92' lang='lat' dir='ltr'><strong>recte,</strong></span> <span class='ocrx_word' id='word_1_845' title='bbox 1809 5517 1947 5589; x_wconf 87' lang='lat' dir='ltr'><strong>quia</strong></span> 
     </span>
    </p>
   </div>
   <div class='ocr_carea' id='block_1_122' title="bbox 2124 5353 3735 5441">
    <p class='ocr_par' dir='ltr' id='par_1_122' title="bbox 2124 5353 3735 5441">
     <span class='ocr_line' id='line_1_126' title="bbox 2124 5353 3735 5441; baseline -0.012 -14"><span class='ocrx_word' id='word_1_846' title='bbox 2124 5370 2151 5409; x_wconf 69' lang='grc' dir='ltr'><em>ά</em></span> <span class='ocrx_word' id='word_1_847' title='bbox 2178 5367 2626 5441; x_wconf 85' lang='lat' dir='ltr'><strong>Siclegendum,</strong></span> <span class='ocrx_word' id='word_1_848' title='bbox 2671 5369 2735 5422; x_wconf 90' lang='lat' dir='ltr'><strong>ut</strong></span> <span class='ocrx_word' id='word_1_849' title='bbox 2780 5364 2839 5421; x_wconf 89' lang='lat' dir='ltr'><strong>in</strong></span> <span class='ocrx_word' id='word_1_850' title='bbox 2877 5365 3072 5441; x_wconf 62' lang='lat' dir='ltr'><strong>Graeco</strong></span> <span class='ocrx_word' id='word_1_851' title='bbox 3099 5353 3435 5441; x_wconf 40' lang='grc' dir='ltr'><strong>κατέφευγεν)</strong></span> <span class='ocrx_word' id='word_1_852' title='bbox 3478 5363 3612 5441; x_wconf 61' lang='grc' dir='ltr'><strong>6ιο⁶Δ</strong></span> 
     </span>
    </p>
   </div>
   <div class='ocr_carea' id='block_1_123' title="bbox 2124 5429 3711 5509">
    <p class='ocr_par' dir='ltr' id='par_1_123' title="bbox 2124 5429 3711 5509">
     <span class='ocr_line' id='line_1_127' title="bbox 2124 5429 3711 5509; baseline -0.013 -11"><span class='ocrx_word' id='word_1_853' title='bbox 2124 5447 2147 5475; x_wconf 76' lang='grc'>⁸</span> <span class='ocrx_word' id='word_1_854' title='bbox 2177 5429 2479 5498; x_wconf 59' lang='grc' dir='ltr'><strong>ϐαἰὺειἹιίθ</strong></span> <span class='ocrx_word' id='word_1_855' title='bbox 2531 5429 2825 5509; x_wconf 84' lang='lat' dir='ltr'><strong>perperam</strong></span> <span class='ocrx_word' id='word_1_856' title='bbox 2856 5438 3108 5493; x_wconf 88' lang='lat' dir='ltr'><strong>omissus</strong></span> <span class='ocrx_word' id='word_1_857' title='bbox 3136 5429 3251 5504; x_wconf 60' lang='lat' dir='ltr'><strong>est,</strong></span> <span class='ocrx_word' id='word_1_858' title='bbox 3270 5429 3371 5504; x_wconf 82' lang='lat' dir='ltr'><strong>qui</strong></span> <span class='ocrx_word' id='word_1_859' title='bbox 3410 5429 3711 5499; x_wconf 84' lang='lat' dir='ltr'><strong>imperavit</strong></span> 
     </span>
    </p>
   </div>
   <div class='ocr_carea' id='block_1_124' title="bbox 2060 5517 3590 5582">
    <p class='ocr_par' dir='ltr' id='par_1_124' title="bbox 2060 5517 3590 5582">
     <span class='ocr_line' id='line_1_128' title="bbox 2060 5517 3590 5582; baseline 0.007 -13"><span class='ocrx_word' id='word_1_860' title='bbox 2060 5517 2534 5582; x_wconf 89' lang='lat' dir='ltr'><strong>mensesseptem.</strong></span> <span class='ocrx_word' id='word_1_861' title='bbox 2663 5581 2666 5582; x_wconf 18' lang='grc' dir='ltr'><em>ν</em></span> <span class='ocrx_word' id='word_1_862' title='bbox 2747 5581 2752 5582; x_wconf 16' lang='grc' dir='ltr'>ί</span> <span class='ocrx_word' id='word_1_863' title='bbox 2959 5580 3019 5582; x_wconf 81' lang='lat'><strong>__</strong></span> <span class='ocrx_word' id='word_1_864' title='bbox 3351 5579 3358 5582; x_wconf 94' lang='lat'>_</span> <span class='ocrx_word' id='word_1_865' title='bbox 3578 5569 3590 5579; x_wconf 91' lang='lat'><strong>.</strong></span> 
     </span>
    </p>
   </div>
   <div class='ocr_carea' id='block_1_125' title="bbox 2132 5566 3707 5654">
    <p class='ocr_par' dir='ltr' id='par_1_125' title="bbox 2132 5566 3707 5654">
     <span class='ocr_line' id='line_1_129' title="bbox 2132 5566 3707 5654; baseline -0.011 -13"><span class='ocrx_word' id='word_1_866' title='bbox 2132 5566 2454 5640; x_wconf 25' lang='lat' dir='ltr'><strong>iV—Hx&#39;annis</strong></span> <span class='ocrx_word' id='word_1_867' title='bbox 2470 5581 2820 5654; x_wconf 88' lang='lat' dir='ltr'><strong>singillatim</strong></span> <span class='ocrx_word' id='word_1_868' title='bbox 2849 5580 3056 5649; x_wconf 88' lang='lat' dir='ltr'><strong>positis</strong></span> <span class='ocrx_word' id='word_1_869' title='bbox 3083 5577 3439 5647; x_wconf 88' lang='lat' dir='ltr'><strong>colliguntur</strong></span> <span class='ocrx_word' id='word_1_870' title='bbox 3456 5569 3592 5624; x_wconf 85' lang='lat' dir='ltr'><strong>anni</strong></span> <span class='ocrx_word' id='word_1_871' title='bbox 3616 5566 3707 5640; x_wconf 84' lang='lat'><strong>39,</strong></span> 
     </span>
    </p>
   </div>
   <div class='ocr_carea' id='block_1_126' title="bbox 2058 5653 2779 5723">
    <p class='ocr_par' dir='ltr' id='par_1_126' title="bbox 2058 5653 2779 5723">
     <span class='ocr_line' id='line_1_130' title="bbox 2058 5653 2779 5723; baseline -0.015 -9"><span class='ocrx_word' id='word_1_872' title='bbox 2058 5661 2199 5714; x_wconf 91' lang='lat' dir='ltr'><strong>utet</strong></span> <span class='ocrx_word' id='word_1_873' title='bbox 2226 5654 2510 5711; x_wconf 89' lang='lat' dir='ltr'><strong>Eusebius</strong></span> <span class='ocrx_word' id='word_1_874' title='bbox 2535 5653 2779 5723; x_wconf 75' lang='lat' dir='ltr'><strong>cclligit.</strong></span> 
     </span>
    </p>
   </div>
  </div>
