4010 6160
445 273 516 356 27
1655 280 2012 350 ANASTASII
2059 277 2596 350 BlBLIOTlIECARII
3675 294 3762 354 593

419 417 868 494 persecutionem
889 423 1273 478 commovente
1295 418 1497 476 Joanni
1519 415 1775 488 apostolo
1793 415 2066 470 Pathmus
2091 411 2149 470 A
2243 413 2545 485 Phllippus
2568 413 2739 472 annis
2770 417 3002 486 septem.
3053 413 3246 470 Ctesus
3277 413 3332 469 in
3363 414 3535 472 hortis
3554 415 3769 472 Tiberia-

418 511 610 567 insula
643 509 712 566 ad
747 508 1106 566 incolendum
1147 509 1494 580 assignatur.
1527 506 1638 576 Qui
1682 509 1809 574 post
1829 507 2064 559 mortem
2177 501 2287 557 nis.

416 597 730 656 Domitiani
755 597 888 653 inde
913 610 1174 653 reversus
1195 597 1500 668 Ephesum,
1531 593 1613 649 ibi
1647 592 1862 648 mansit
1887 603 2069 661 usque

416 689 486 744 ad
511 687 817 757 imperium
845 685 1093 755 Trajani.

491 778 666 833 Nerva
689 788 898 832 annum
925 787 1124 844 unum,
1155 786 1374 830 menses
1399 775 1670 844 quatuor.

487 865 770 935 Trajanus
817 862 988 918 annis
1041 860 1448 932 novemdecim,
1501 872 1724 916 menses
1747 871 1865 914 sex.
1891 855 2074 926 Hujus

421 960 672 1025 tempore
699 951 882 1009 deifer
908 962 938 993 α
960 950 1218 1024 Ignatius
1256 949 1446 1007 Romae
1481 948 1545 1005 ﬁt
1574 951 1789 1020 martyr
1819 945 2075 1016 objectus

420 1042 642 1100 bestiis.

490 1133 782 1190 Adrianus
827 1131 998 1187 annis
1051 1127 1262 1201 viginti
1320 1140 1452 1186 uno.
1504 1125 1760 1183 Decessit
1797 1125 1864 1181 ad
1910 1123 2076 1190 Baias

422 1235 571 1294 aqua
607 1221 758 1278 inter
797 1224 984 1276 cutem
1014 1216 1210 1274 effusa.
1239 1216 1363 1288 Hic,
1403 1214 1813 1286 Hierosolymis
1848 1212 2076 1284 deletis,

424 1311 556 1368 urbi
591 1311 922 1366 instauratae
943 1306 1102 1362 Eliae
1141 1318 1343 1362 nomen
1375 1303 1612 1360 indidit.

493 1401 660 1456 Titus
687 1395 991 1467 Antonius,
1023 1397 1394 1466 cognomento
1422 1392 1580 1462 Pius,
1625 1405 1756 1448 cum
1787 1390 1930 1448 ﬁliis
1959 1389 2083 1447 Au—

425 1491 529 1548 rel.
571 1489 714 1545 Vero
747 1491 805 1542 et
833 1485 1008 1542 Lucio
1027 1483 1198 1540 annis
1223 1481 1431 1555 viginti
1472 1481 1720 1550 duobus,
1756 1493 1930 1536 mens.
1967 1480 2085 1535 tri—

425 1580 553 1638 bus.

497 1671 721 1726 Marcus
749 1661 1021 1722 Aurelius
1069 1661 1226 1718 ﬁlius
1256 1659 1431 1731 hujus
1459 1659 1637 1716 annis‘
1674 1658 2079 1729 novemdecim,

2247 609 2456 666 Decius
2484 624 2697 668 annum
2729 623 2928 677 unum,
2958 623 3180 666 menses
3213 613 3344 666 tres.
3379 609 3546 666 Periit
3572 609 3624 666 in
3651 608 3771 668 foro.

2250 699 2434 768 Hujus
2477 706 2728 770 tempore
2776 699 2839 756 ﬁt
2879 703 3092 770 martyr
3114 697 3430 755 Antiochia:
3455 702 3666 754 sanctus
3685 698 3776 754 Ba-

2181 785 2342 857 bylas
2370 791 2426 843 et
2445 787 2549 844 alii
2584 801 2683 858 per
2700 787 2958 845 diversas
2979 785 3322 859 provincias,
3354 791 3408 843 et
3425 790 3620 857 septem
3645 785 3778 856 pueri

2183 875 2413 946 Ephesi.

2252 983 2454 1040 Gallus
2493 987 2549 1041 et
2587 984 2934 1042 Volusianus
2976 997 3126 1041 anno
3175 996 3310 1053 uno,
3351 981 3628 1039 mensibus
3663 995 3788 1052 qua-

2253 1086 2316 1112 nr
2338 1073 2363 1112 d

2184 1075 2316 1129 tuor
2338 1075 2380 1128 ά.
3733 1111 3738 1115 ,

2255 1161 2594 1218 Valerianus
2613 1166 2670 1218 ct
2694 1161 2946 1219 Galenus
2964 1161 3134 1219 annis
3157 1160 3476 1218 duodecim.
3497 1157 3792 1215 Valerianus

2185 1264 2368 1306 caesus
2415 1249 2474 1306 in
2515 1251 2763 1320 Perside,
2806 1251 3056 1308 Galenus
3085 1249 3411 1307 Mediolani.

2256 1357 2535 1414 Claudius
2553 1371 2704 1414 anno
2725 1372 2858 1428 uno,
2883 1372 3057 1414 mens.
3086 1370 3305 1414 novem.
3333 1357 3584 1412 Mortuus
3603 1353 3791 1412 Sirmii.

2260 1462 2606 1520 Aurelianus
2643 1477 2777 1520 ann.
2829 1464 3106 1536 quinque,
3149 1476 3372 1520 menses
3407 1475 3522 1518 sex.
3559 1459 3796 1517 Ctesusin

2191 1554 2346 1609 Novo
2363 1553 2608 1610 Castello
2628 1562 2670 1608 ο.

2260 1659 2492 1716 Tacitus
2544 1675 2764 1719 menses
2815 1677 2932 1719 sex.
2959 1661 3150 1719 Caasus
3197 1660 3256 1718 in
3304 1660 3500 1718 Ponto.
3550 1659 3662 1730 Quo
3682 1661 3806 1714 tem—

431 1724 724 1816 mensibus
761 1751 1006 1810 duobus.
1043 1749 1224 1820 Ilujus
1252 1724 1502 1818 tempore
1524 1747 1788 1804 Justinus
1817 1724 2083 1818 philosoQ
2115 1724 2163 1784 Β
2193 1763 2327 1821 pore
2355 1754 2588 1806 sanctus
2623 1750 2857 1808 Charito
2904 1751 3328 1808 confessionem
3353 1724 3628 1808 exhibuit.

433 1848 582 1919 phus
629 1846 846 1914 martyr
877 1839 1082 1897 factus.
1122 1837 1410 1896 Antonius
1446 1837 1626 1892 Verus
1655 1835 1826 1892 annis
1858 1835 2085 1892 duode—

431 1934 646 1993 cimb.

501 2020 843 2080 Commodus
871 2017 1041 2075 annis
1060 2015 1354 2073 tredecim.

501 2111 686 2168 Elius
706 2108 973 2165 Pertinax
1003 2118 1222 2162 menses
1245 2117 1363 2160 sex.
1403 2103 1596 2160 Caesus
1619 2101 1676 2158 in
1709 2101 1942 2173 palatio.

501 2201 743 2259 Severus
765 2196 936 2253 annis
971 2193 1306 2252 octodecim.
1335 2191 1521 2262 Hujus
1562 2191 1792 2261 imperii
1818 2195 2092 2267 tempore,

433 2290 731 2360 Leonides,
754 2283 1024 2358 Origenis
1039 2275 1407 2354 κακοφρδνοςο
1436 2283 1616 2351 pater,
1663 2285 1878 2350 martyr
1910 2278 2096 2336 factus

435 2385 539 2439 est.
572 2381 643 2436 Et
670 2377 869 2434 ﬁoruit
887 2372 1228 2444 Hippolytus
1251 2370 1410 2426 Rom.
1453 2369 1770 2425 historicus
1799 2373 1856 2424 et
1874 2370 2097 2440 Grego-

437 2452 1494 2538 riusmuparoépvoc,Thaumaturgus,
1521 2457 1576 2512 id
1608 2460 1712 2526 cst,
1735 2455 2094 2513 mirabilium

436 2557 684 2626 eﬁ‘ector,
717 2557 774 2610 et
795 2552 1054 2610 Clemens
1078 2546 1328 2604 Alexand
1339 2546 1522 2602 riuus.

507 2643 796 2702 Antonius
830 2637 1019 2696 Severi
1051 2636 1210 2692 ﬁlius
1253 2633 1423 2690 annis
1462 2637 1695 2705 septem.
1729 2633 1922 2692 Caesus
1949 2634 2097 2692 inter

435 2736 639 2793 Carras
667 2737 724 2789 et
742 2729 1028 2788 Edessam.

509 2823 802 2884 Macrinus
831 2830 1043 2875 annum
1089 2829 1289 2873 unum.
1321 2813 1515 2870 Caesus
1541 2811 1630 2885 (ab
1653 2813 1948 2886 exercitu).

508 2910 794 2970 Antonius
815 2905 1068 2964 Gabalus
1095 2903 1266 2960 annis
1295 2906 1559 2974 quatuor.
1592 2901 1784 2958 Caesus
1813 2903 2018 2959 Romae.

2265 1857 2481 1915 Probus
2506 1859 2676 1916 annis
2717 1873 2835 1931 sex,
2875 1874 3094 1918 menses
3114 1864 3386 1932 quatuor.
3415 1859 3601 1915 Caesus
3619 1853 3806 1912 Sirmii.

2265 1948 2444 2004 Carus
2481 1962 2594 2004 una
2629 1962 2759 2006 cum
2814 1949 2956 2006 ﬁliis
2991 1949 3198 2006 Carino
3225 1953 3291 2006 et
3327 1947 3662 2005 Numeriano
3699 1957 3810 1999 ann.

2199 2035 2443 2094 duobus.
2493 2038 2672 2094 Carus
2711 2038 2942 2110 quidem
2991 2043 3259 2095 mortuus
3307 2038 3369 2094 in
3415 2031 3812 2106 Mesopotamia:

2201 2125 2443 2182 Carinus
2479 2131 2667 2183 autem
2713 2131 2976 2184 mortuus
3016 2127 3076 2182 in
3103 2126 3369 2184 Thracia:
3395 2124 3601 2196 oppido
3635 2124 3820 2178 Nume-

2204 2211 2336 2274 riaf
2368 2256 2383 2274 .

2275 2324 2667 2382 Diocletianus
2712 2329 2767 2381 et
2804 2323 3186 2381 Maximianus
3214 2335 3354 2380 ann.
3402 2317 3626 2394 viginti.
3668 2315 3824 2385 Hujus

2205 2418 2456 2485 tempore
2489 2419 2698 2486 martyr
2727 2413 2791 2469 ﬁt
2825 2413 2880 2470 S.
2914 2415 3113 2470 Petrus
3154 2411 3522 2468 Alexandriae
3557 2407 3824 2479 episcopus

2205 2509 2260 2560 et
2289 2503 2394 2559 alii
2433 2503 2598 2560 multi
2647 2517 2746 2574 per
2788 2507 2963 2560 totam
2996 2501 3358 2573 provinciam
3402 2513 3434 2554 ε
3466 2541 3480 2555 .

2275 2610 2688 2668 Constantinus
2715 2613 2960 2682 Magnus
2977 2609 3149 2666 annis
3174 2609 3428 2682 triginta
3453 2620 3584 2664 uno.

2268 2701 2430 2758 Anno
2479 2699 2706 2770 imperii
2737 2699 2912 2770 hujus
2945 2698 3216 2755 vicesimo
3259 2701 3456 2754 coacta
3485 2693 3596 2752 fuit
3621 2689 3832 2764 synodus

2209 2796 2404 2848 sancta
2455 2789 2638 2860 prima
2694 2793 3076 2845 trecentorum
3114 2788 3318 2844 decem
3367 2791 3425 2842 et
3474 2789 3598 2842 octo
3644 2783 3832 2836 Patrum

2205 2880 2406 2936 Nicaeae
2437 2878 2496 2934 in
2521 2877 2810 2949 Bithynia,
2843 2891 2992 2934 anno
3020 2881 3147 2948 post
3173 2876 3480 2932 Christum
3511 2874 3566 2929 in
3588 2882 3740 2928 carne
3763 2877 3838 2922 na-

509 2999 826 3059 Alexander
860 2998 1086 3052 Mameze
1133 2991 1310 3060 ﬁlius,
1350 2991 1520 3048 annis
1576 2991 1867 3048 tredecim.
1904 2991 2087 3050 Caesus

2233 2983 2328 3027 um
2359 2965 2483 3038 348,
2522 2974 2648 3038 post
2689 2965 3069 3023 venerabilem
3099 2970 3299 3022 autem
3332 2963 3648 3037 passionem
3672 2962 3722 3014 et
3745 2953 3836 3028 glo-

439 3091 590 3164 apud
621 3085 1066 3161 Moguntiacum.

508 3177 858 3238 Maximinus
875 3172 1046 3232 annis
1065 3169 1272 3227 tribus.
1302 3169 1495 3227 Caesus
1508 3169 1578 3226 ad
1605 3169 1951 3240 Aquileiam.

505 3267 834 3325 Gordianus
874 3261 1044 3320 annis
1091 3274 1210 3318 sex.
1245 3258 1570 3331 Suspendio
1610 3258 1786 3315 vitam
1832 3257 1988 3314 ﬁniit
2037 3258 2095 3315 in

386 3369 392 3375 '
439 3357 656 3416 Africa.

2123 3051 2171 3113 Ο
2209 3061 2418 3117 riosam
2461 3056 2960 3128 resurrectionem,
3005 3053 3113 3112 385
3145 3053 3178 3098 ιλ
3207 3095 3224 3111 .

2278 3165 2656 3238 Fiuntigitur
2686 3163 2940 3220 universi
2984 3162 3056 3218 ab
3079 3162 3268 3219 Adam
3303 3175 3491 3234 usque
3533 3159 3601 3217 ad
3639 3153 3840 3212 mortem

2205 3255 2566 3316 Constantini
2581 3255 2765 3328 Magni
2779 3253 2916 3310 anni
2931 3252 3254 3325 quinquies
3267 3252 3433 3309 mille
3450 3243 3748 3321 octingenti
3767 3238 3846 3297 tri-

2209 3347 2372 3421 ginta
2407 3359 2524 3402 sex.

1517 3463 1582 3520 A.
1639 3462 1870 3520 CONTII
1925 3461 2129 3518 NOTIE
2147 3459 2735 3535 :ClIRONOLOGICIE.

436 3562 590 3622 Inter
642 3573 704 3619 se
761 3556 1116 3617 dissentiunt
1182 3556 1445 3610 auctores
1500 3550 1693 3606 Datini
1756 3555 1813 3622 et
1883 3549 2090 3622 Graeci,

439 3619 664 3708 profani
724 3635 802 3708 et
841 3625 1214 3708 Christiania
1245 3624 1396 3708 Qua”
1435 3623 1494 3677 in
1523 3619 1916 3708 jdissepfipne
1973 3619 2094 3708 Διξιεέ

436 3689 645 3774 danda,
711 3706 813 3758 aut
886 3703 1104 3755 rectore
1162 3689 1287 3774 via'
1323 3691 1606 3774 eligenda,
1673 3689 1845 3774 nihil
1897 3690 2092 3774 potius

437 3761 585 3835 E6?
603 3761 773 3846 quam
819 3783 932 3826 una
971 3779 1128 3846 cum‘
1163 3761 1570 3846 imperaturum
1615 3761 1787 3846 anuis
1825 3761 2091 3846 consules

439 3831 684 3920 quoque
701 3847 768 3920 et
805 3851 1003 3920 eorum
1045 3831 1910 3920 catalogurm‘au‘Cassioduro‘et
1954 3831 2093 3920 ullis

435 3903 815 3986 compositum
845 3909 1212 3986 conjungere,
1225 3903 1399 3986 _'quod
1425 3908 1481 3986 et
1501 3917 1606 3986 nos
1631 3903 1690 3958 in
1711 3907 1906 3959 nostra
1931 3903 2093 3961 chro-

437 3975 852 4057 nolo'giaquam
885 3975 1341 4057 diligentissime
1363 3975 1898 4057 potuimushsumus
1923 3988 2094 4057 exse-

435 4045 606 4114 cuti?
627 4045 894 4124 ad'quam
920 4045 1187 4124 lectorem
1218 4047 1513 4124 curiosum
1546 4045 1832 4102 remittam
1865 4045 2086 4124 lubens.

433 4130 512 4185 De
557 4117 774 4184 Tiberii
827 4121 996 4178 annis
1046 4117 1119 4176 25
1151 4119 1417 4175 convenit
1467 4117 1618 4174 inter
1645 4131 1863 4177 omnes.
1906 4125 1965 4174 et
2011 4117 2094 4176 ita

433 4199 585 4272 apud
634 4198 760 4252 Sex.
793 4192 1092 4272 Aurelium
1127 4189 1412 4272 Victorem
1452 4189 2090 4272 manuscripturn,_quo

436 4259 654 4336 optimo
671 4273 822 4336 utor,
840 4265 1119 4334 scriptum
1131 4266 1235 4332 est,
1263 4275 1394 4336 non,
1421 4260 1558 4336 utin
1581 4261 1880 4336 impressis
1897 4259 2086 4336 libris.

436 4288 470 4328 0
514 4288 654 4327 timo
671 4288 822 4336 utor,
840 4288 1235 4334 scriptuuwss,
1264 4288 1394 4332 IIUII,
1424 4288 1558 4316 ιιιιιι
1583 4288 1880 4330 ιιιιμιτυδδιδ
1897 4288 2086 4323 "una.

435 4288 522 4399 22.
567 4344 765 4408 Itaque
795 4336 1022 4408 quoties
1048 4340 1312 4408 auctores
1339 4333 1396 4408 iu
1425 4331 1818 4408 testimonium
1844 4331 2088 4408 adduco,

435 4415 622 4472 sciant
668 4402 906 4466 lectores
943 4419 1030 4462 me
1060 4405 1153 4461 his
1191 4403 1555 4476 potissimum
1584 4403 1686 4476 uti
1733 4415 1882 4476 quos
1915 4402 2092 4476 habeo

434 4501 564 4543 cum
607 4481 843 4554 optimis
873 4484 929 4536 et
967 4472 1631 4554 _mul_t_is_'utanuscriptis
1659 4472 1918 4554 collatos.
1946 4475 2090 4554 Nam

437 4557 498 4614 in
519 4543 688 4613 libris
717 4549 1017 4622 impressis
1046 4546 1197 4622 nihil
1229 4545 1572 4622 feresanum
1605 4543 1828 4622 reperio
1852 4544 1914 4622 in
1942 4549 2095 4622 tem-

437 4640 640 4699 porum
667 4629 728 4681 et
747 4615 1028 4699 annorum
1057 4618 1232 4699 potis,
1255 4620 1313 4672 et
1333 4616 1450 4699 hoc
1480 4615 1682 4698 tuendo
1703 4616 2095 4699 mendusiores

2205 3548 2300 3620 40;
2330 3549 2425 3606 sed
2451 3547 2720 3605 Aurelius
2749 3546 2947 3604 Victor
2983 3546 3300 3615 Eusebius,
3335 3542 3777 3620 Ilarmenopulu§
3802 3537 3849 3619 it}

2201 3607 2598 3692 Chronologiaa
2633 3620 3041 3688 imperatorum
3085 3607 3392 3676 manuscri
3441 3624 3498 3676 ta
3544 3607 3767 3676 annosi
3809 3607 3851 3665 ei

2201 3693 2341 3748 dant
2371 3690 2642 3748 integros.
2682 3691 2866 3747 Notus
2906 3695 2996 3748 est
3019 3691 3361 3748 versiculus
3390 3635 3648 3748 Rusonio
3677 3687 3846 3748 impu-

2199 3691 2642 3820 (Etitsintegros.
2682 3691 2866 3747 Notus
2906 3695 2996 3748 est
3019 3691 3361 3750 versiculus
3390 3691 3648 3748 Ausonio
3677 3691 3846 3754 impu—

2385 3869 2562 3919 Tertia
2607 3867 2739 3931 fugit
2767 3869 2934 3919 hiems
2965 3869 3258 3920 crassanlia
3306 3872 3552 3934 tempora
3594 3867 3702 3918 Gai.

2271 3986 2514 4058 Claudio
2546 3987 2642 4044 hic
2669 3987 2885 4045 dantur
2908 3987 3044 4044 anni
3077 3983 3162 4058 43,
3197 3988 3435 4046 mensis
3467 4000 3638 4056 unus,
3690 3979 3777 4038 sed
3798 3975 3854 4058 ab

2201 4058 2450 4116 Eusebio
2482 4057 2968 4132 ‘(manuscripitum
3009 4049 3242 4132 semper
3281 4060 3578 4132 intelligo,
3619 4049 3736 4111 nam
3766 4049 3861 4132 iul-'-

2203 4145 2328 4204 sere
2366 4134 2422 4186 et
2462 4117 2950 4204 depigva_tissime
2978 4137 3067 4204 est
3108 4117 3464 4204 impressus)
3487 4117 3708 4204 dantur
3737 4117 3858 4204 auul

2205 4199 2292 4272 43,
2335 4189 2556 4274 menses
2591 4199 2646 4272 7,
2685 4201 2813 4274 dies
2851 4199 2970 4274 28;,
3005 4202 3078 4258 ab
3133 4189 3582 4274 Harmenopulo
3624 4196 3762 4274 anni.
3791 4189 3858 4274 ﬂ.

2205 4259 2426 4330 menses
2451 4273 2508 4340 8,
2529 4259 2657 4330 dies
2685 4272 2736 4328 9.
2767 4259 2976 4330 Neron'i
3001 4287 3236 4344 quoque
3266 4274 3368 4330 hic
3390 4259 3612 4330 dantur
3638 4259 3856 4344 auniji’:

2205 4359 2382 4416 mens,
2435 4334 2507 4413 8,
2548 4345 2620 4400 ab
2646 4344 2892 4401 Eusebio
2933 4334 3258 4416 γειτοᾼεὶηηί
3317 4343 3411 4416 43,
3449 4357 3630 4416 mens.
3669 4335 3722 4409 7,
3763 4334 3865 4416 digs

2121 4403 2422 4487 D%(non
2466 4403 2531 4472 ut
2574 4416 2635 4471 in
2679 4416 2957 4484 impresso
3007 4414 3283 4486 habetur,
3316 4403 3462 4473 an’ni
3491 4413 3578 4484 44,
3623 4403 3862 4487 meus}.

2203 4480 2330 4544 dies
2356 4486 2446 4556 28,
2483 4500 2596 4556 quo
2639 4480 3018 4556 decipiuntur
3041 4480 3284 4554 omnes).
3319 4489 3432 4544 Sed
3473 4480 3668 4556 Aurel.
3688 4480 3864 4556 Victor

2203 4552 2444 4613 Claudio
2481 4552 2723 4614 rotunde
2751 4552 2933 4614 annos
2961 4555 3026 4612 44
3059 4552 3298 4627 tribuit,
3325 4559 3550 4616 Neroni
3577 4554 3664 4612 43.
3687 4552 3864 4627 Verum

2204 4627 2818 4700 Ausoniiwversiculus
2859 4628 3031 4700 (quod
3066 4642 3259 4699 genus
3287 4621 3668 4700 probationis
3694 4624 3747 4700 in
3779 4621 3865 4674 hac

437 4686 658 4768 semper
715 4698 852 4750 sunt
891 4689 1294 4770 Graecjnquam
1331 4686 1544 4770 Latini,
1573 4692 1817 4770 propter
1860 4687 2087 4770 (ἑτέρω-

2230 4714 2268 4755 e
2290 4704 2379 4757 est
2405 4686 3052 4770 εῆίεεεὶεεὶωιιῐηζῖιιιὶε
3067 4686 3244 4756 ἐχῐιιει
3277 4686 3482 4758 utendi
3503 4694 3863 4770 suspicionem

438 4757 578 4896 Rum'
617 4770 881 4822 notarum
926 4757 1376 4818 similitudinem
1401 4765 1457 4816 et
1497 4757 1900 4816 subtilitatem.
1935 4759 2092 4815 Vers.

489 4852 652 4896 uson.

489 4852 690 4976 usonEt
714 4927 792 4973 ter
808 4921 1036 4986 septenis
1056 4919 1292 4983 geminos
1316 4919 1455 4968 Nero
1474 4917 1720 4968 Claudius
1739 4919 1904 4972 addit.

438 5006 581 5066 Gaio
621 5002 946 5076 imperatori
980 5001 1193 5059 tribuit
1221 4999 1580 5071 Nicephorus
1619 5011 1802 5056 annos
1829 4997 1883 5071 3,
1914 5011 2092 5056 mens.

2206 4775 2294 4828 est
2319 4771 2590 4844 positum)
2620 4772 2859 4843 utrique
2877 4769 3124 4827 rotunde
3151 4772 3382 4829 tribuit
3405 4787 3546 4830 ann.
3581 4769 3682 4826 Ηυξ

2270 4896 2514 4946 Claudius
2538 4895 2918 4946 hebdomadam
2965 4894 3226 4958 duplicem
3259 4897 3428 4946 trahit
3440 4899 3493 4947 et
3512 4855 3660 4946 Nero
3681 4891 3822 4942 dirus.

2277 4994 2456 5052 Galba
2479 4995 2650 5052 etiam
2677 4994 2774 5052 hic
2813 5008 2912 5066 per
2930 4999 3182 5052 erratum
3209 4995 3428 5065 potius
3469 4993 3698 5052 librarii
3729 4996 3871 5061 quam

1595 5095 1900 5154 musam
1962 5095 2168 5152 nom:
2217 5093 2615 5166 HISTORICIE,

512 5207 544 5239 ι
567 5194 663 5252 Sic
685 5192 860 5251 vertit
897 5190 1274 5260 Anastasius;
1309 5199 1602 5260 perperam
1620 5185 1772 5260 alii,
1803 5187 1983 5242 divus.

512 5265 542 5308 δ
570 5266 890 5338 Legenda"!
922 5262 1207 5338 -Yidetiu'.
1264 5259 1550 5338 Antaei“
1619 5259 1793 5338 Υςνιιε
1854 5273 1976 5313 cum
2038 5273 2096 5314 εο

441 5340 604 5395 annis
630 5326 734 5408 44,
775 5333 1074 5408 Eusebius,
1109 5326 1204 5404 49,
1231 5332 1327 5408 sed
1370 5331 1586 5402 Victor,
1617 5326 1686 5384 48

511 5421 538 5452 ο
567 5402 818 5465 Ηωνείἱεὶ
839 5405 1012 5463 vertit
1033 5402 1390 5459 Anastasius.

512 5482 538 5524 ιι
559 5479 862 5548 Eusebius,
893 5475 1166 5534 Aurelius
1199 5473 1390 5530 Victor
1417 5476 1474 5529 et
1497 5471 1686 5548 caeteri
1718 5471 1988 5530 tribuunt
2011 5473 2098 5530 eis

441 5567 623 5611 annos
639 5551 694 5616 2,
721 5555 778 5608 et
809 5542 1038 5622 quidem
1071 5549 1338 5618 praetcrea
1380 5559 1600 5622 men_s_es
1617 5542 1668 5602 2.

511 5641 535 5670 θ
565 5633 786 5690 Carcerc
826 5617 1013 5702 'habet
1063 5617 1401 5684 Anastasius
1475 5618 1571 5676 Ἐν
1632 5619 1797 5678 καινῶ
1842 5617 2096 5702 φρονςρεὶω

469 5705 750 5774 cripserat
791 5701 1166 5772 Nicephorus.

2295 5192 2434 5250 inc
2483 5193 2712 5250 videtur
2735 5194 2929 5252 deesse
2968 5193 3218 5267 aliquid,
3265 5209 3484 5267 nempe
3513 5192 3875 5254 Nimim-ianus,

2295 5265 2494 5322 omodo
2531 5265 2797 5322 uerlerit.

2209 5272 2494 5338 quomodo
2531 5272 2797 5336 perierit.

2209 5411 2261 5422 __
2278 5350 2306 5388 ε
2324 5336 2604 5422 Viuentur
2667 5337 2764 5422 hic
2789 5413 2800 5422 ι
2827 5338 3052 5422 deesse
3069 5336 3406 5422 Galerius,_
3431 5329 3882 5422 Constantfyﬁff

2209 5409 2687 5508 uiuxeu'uiusl‘qui
2721 5409 2872 5466 inter
2893 5410 3327 5466 Diocletianum
3350 5405 3414 5466 et
3457 5405 3880 5467 Constantinum

2210 5483 2610 5592 regnaverunt.
2745 5551 2771 5567 υ
3807 5545 3816 5557 ⁸

2210 5623 2224 5636 _
2303 5553 2658 5636 legendum
2705 5550 3229 5636 8:;1._S_upra__vero
3284 5567 3397 5624 pro
3427 5551 3520 5636 _20
3551 5553 3882 5636 Anastasius

2407 5623 2508 5696 10;
2553 5624 2702 5681 idem
2731 5625 2909 5682 tradit
2944 5623 3002 5682 et
3039 5623 3520 5696 Harmenopulos
3551 5625 3610 5681 in
3648 5623 3887 5678 Chrono-
