4016 6168
245 305 355 366 529

882 417 1106 474 CAPUT
1123 419 1244 476 XII.

311 506 558 564 Moritur
599 514 787 563 autem
830 506 1243 565 Constantinus
1285 524 1414 567 cum
1467 513 1776 582 regnasset,
1830 513 1893 566 ut

240 595 429 660 aiunt.
465 610 647 657 annos
684 597 925 669 triginta
957 600 1155 670 unum,
1191 603 1359 655 natus
1389 612 1568 655 annos
1598 598 1892 672 sexaginta

234 686 517 763 quinque,
560 685 779 743 relictis
823 687 964 743 filiis
1008 687 1214 759 tribus,
1261 689 1588 761 Constante,
1627 688 1897 761 Constan-

240 776 367 832 tino
394 783 453 832 et
478 776 830 847 Constantio,
861 791 1107 847 quorum
1136 778 1415 834 Constans
1445 777 1653 834 veteris
1684 778 1890 849 Romae,

238 866 656 923 Constantinus
697 880 872 929 novae,
899 866 1273 923 Constantius
1305 866 1628 923 Antiochia
1656 879 1891 938 regnum

242 955 450 1012 tenuit.
484 954 741 1012 Confecit
765 954 1101 1011 consulatus
1118 956 1151 1012 d
1164 969 1267 1015 uas
1286 969 1326 1010 ι.

308 1046 417 1101 Sed
464 1044 573 1100 filii
616 1049 745 1115 post
780 1044 1219 1101 Constantinum
1260 1050 1572 1117 regnarunt
1608 1046 1780 1101 annis
1815 1044 1895 1100 vi-

240 1134 391 1207 ginti
437 1138 703 1206 quatuor.

305 1223 577 1280 Julianus
600 1237 694 1279 an.
722 1222 964 1280 duobus.
990 1223 1326 1281 Interfectus
1359 1225 1417 1281 in
1448 1224 1696 1281 Perside.

309 1313 587 1369 Jovianus
618 1325 839 1369 menses
868 1327 1084 1369 novem.

313 1401 757 1459 Valentinianus
787 1403 1024 1473 Magnus
1053 1407 1109 1460 et
1144 1402 1350 1460 Valens
1388 1402 1562 1460 frater
1597 1404 1767 1460 annis
1802 1404 1894 1459 de-

241 1506 386 1562 cem,
449 1491 743 1549 mensibus
806 1506 1020 1548 novem.
1085 1493 1340 1550 Valentis
1401 1494 1643 1565 imperio
1705 1493 1891 1551 factus

242 1586 461 1653 martyr
502 1580 613 1639 fuit
652 1582 704 1637 S.
746 1581 980 1638 Doroth.
1019 1582 1275 1653 objectus
1315 1583 1375 1640 in
1416 1569 1715 1641 venatione
1752 1581 1892 1641 feris

239 1670 309 1731 ab
332 1672 591 1732 Arianis.

928 311 1481 370 INTERPRETATIO
1529 311 2037 370 CllRONOLOGUE
2090 313 2145 371 S.
2201 316 2584 376 NICEPHORI.
2612 320 2882 377 —PARS
2932 324 2973 379 Ι.

3542 321 3650 385 530

1914 422 1973 482 Α
2072 422 2427 481 Theodosius
2492 426 2676 483 Minor
2738 429 2910 485 annis
2977 432 3359 504 quadraginta
3420 434 3651 492 duobus

2006 525 2181 568 mens.
2228 528 2341 570 sex.
2390 515 2493 570 Sed
2542 516 2646 572 hoc
2691 517 2972 574 celebrata
3022 517 3135 576 fuit
3179 522 3433 591 synodus
3478 524 3651 581 tertia

2005 601 2209 671 Ephesi
2263 603 2490 660 Patrum
2543 610 2869 663 sanctorum
2918 608 3316 683 ducentorum,
3366 616 3424 667 et
3469 612 3649 670 altera

2006 688 2371 749 insidiatoria
2401 704 2446 764 ο,
2479 695 2574 750 cui
2620 695 2852 765 pI-aafuit
2883 696 3099 767 impius
3127 698 3459 757 Dioscorus.

2072 780 2392 839 Martianus
2416 789 2471 839 et
2492 784 2932 842 Valentinianus
2959 799 3095 843 ann.
3129 787 3338 860 viginti
3368 789 3647 860 quinque,

2003 867 2110 924 sub
2134 884 2246 940 quo
2270 871 2622 929 Chalcedone
2649 880 2849 946 quarta
2872 882 3069 932 sancta
3091 878 3345 948 synodus
3365 877 3650 936 celebrata

2005 955 2117 1012 fuit
2146 965 2473 1019 sanctorum
2504 964 2734 1020 Patrum
2766 970 3166 1023 sexcentorum
3208 967 3473 1038 triginta.

2073 1048 2180 1104 Leo
2206 1063 2445 1122 magnus
2472 1052 2642 1109 annis
2671 1053 2938 1110 sedecim.

2074 1138 2183 1195 Leo
2214 1153 2421 1209 parvus
2450 1155 2579 1198 cum
2613 1147 2769 1212 patre
2798 1156 3012 1200 annum
3046 1158 3223 1202 unum
3256 1146 3522 1204 moritur.

2073 1228 2217 1284 Zeno
2262 1242 2354 1285 an.
2393 1232 2793 1302 septemdecim
2833 1246 2964 1291 cum
2996 1240 3237 1306 tyranno
3271 1235 3521 1296 Basilica
3558 1249 3658 1294 an.

2003 1315 2096 1372 nis
2124 1316 2367 1375 duobus.
3318 1322 3337 1327 ”

2070 1405 2409 1465 Anastasius
2440 1410 2609 1468 annis
2648 1412 2857 1485 viginti
2903 1421 3139 1488 septem,
3175 1429 3349 1471 mens.
3381 1419 3651 1491 quatuor.

2069 1497 2332 1554 Justinus
2358 1499 2545 1557 Thrax
2574 1515 2673 1559 an.
2713 1516 2932 1575 novem,
2966 1517 3144 1562 mens.
3178 1505 3386 1562 tribus.

2070 1585 2435 1645 Justinianus
2460 1590 2704 1663 Magnus
2732 1592 2904 1649 annis
2928 1593 3170 1665 triginta
3205 1599 3353 1665 octo,
3383 1596 3511 1652 dies
3534 1610 3656 1667 sep-

2003 1678 2136 1730 tem.
2176 1675 2291 1734 Sub
2326 1692 2440 1749 quo
2481 1684 2676 1738 sancta
2718 1681 3354 1755 ConstantinOpolitana
3396 1685 3654 1757 synodus

309 1762 632 1819 Gratianus
660 1766 716 1818 et
748 1759 1185 1821 Valentinianus
1219 1763 1404 1819 Minor
1430 1760 1478 1835 δ,
1502 1760 1891 1819 Valentiniani
1923 1753 1969 1815 B
2002 1760 2244 1839 (quinta)
2282 1768 2623 1827 celebratur.

241 1852 349 1910 filii
377 1858 438 1909 et
462 1866 593 1909 cum
622 1852 733 1908 his.

315 1942 683 1998 Theodosius
722 1944 960 2015 Magnus
1009 1943 1180 1999 annis
1227 1943 1470 1999 sedecim
1511 1943 1730 1999 consul.
1789 1946 1896 1997 ter-

240 2031 411 2087 tium.
453 2030 715 2087 Secundo
752 2045 900 2087 anno
943 2031 1170 2101 imperii
1219 2031 1394 2102 hujus
1428 2037 1622 2088 coacta
1665 2030 1777 2089 fuit
1814 2044 1896 2087 se-

239 2119 430 2179 canda
481 2120 739 2192 synodus
779 2119 1297 2193 Constantinopoli,
1341 2125 1567 2179 centum
1614 2120 1895 2193 quinqua-

249 2210 406 2286 ginta
433 2214 767 2267 sanctorum
800 2212 1049 2266 Patrum.

312 2301 603 2357 Arcadius
635 2305 692 2356 et
726 2300 1013 2358 Honorius
1051 2301 1157 2357 filii
1200 2301 1389 2373 ipsius
1422 2300 1559 2359 anni
1601 2299 1890 2373 tredecim,

244 2403 425 2448 mens.
474 2389 685 2448 tribus.

2071 1854 2356 1927 Justinus,
2382 1859 2697 1919 Justiniani
2726 1862 2923 1921 fratris
2951 1864 3131 1938 illius,
3160 1878 3293 1924 ann.
3324 1866 3651 1940 duodecim,

2006 1956 2179 1999 mens.
2221 1947 2505 2021 undecim,
2538 1951 2692 2008 dieb.
2722 1954 2953 2025 viginti.

2073 2032 2324 2105 Septimo
2362 2050 2511 2095 anno
2558 2040 2732 2111 hujus
2773 2043 3000 2113 imperii
3048 2046 3367 2116 completus
3408 2044 3523 2103 fuit
3565 2061 3656 2121 cy-

2002 2121 2130 2179 clus
2159 2138 2307 2182 unus
2338 2130 2519 2185 sancti
2551 2131 2858 2189 Paschatos
2887 2146 3169 2191 annorum
3203 2134 3651 2208 quingentorum

2002 2210 2244 2284 triginta
2272 2214 2541 2289 duorum,
2572 2234 2639 2276 ex
2671 2235 2784 2293 quo
2813 2221 3129 2281 crucifixus
3155 2221 3343 2282 fuerat
3370 2225 3653 2282 Dominus

2005 2305 2198 2358 noster
2224 2304 2388 2362 Jesus
2422 2308 2709 2381 Christus,
2743 2310 3061 2370 indictione
3089 2311 3145 2379 6,
3177 2326 3328 2370 anno
3353 2327 3387 2372 a
3417 2314 3652 2374 condito

2005 2391 2218 2449 mundo
2245 2395 2431 2453 sexies
2461 2398 2770 2457 millesimo
2794 2401 3147 2475 sexagesimo
3173 2402 3396 2474 quinto.

1366 2490 1431 2548 Α.
1465 2490 1694 2550 CONTII
1720 2487 1924 2546 ΝΟΤᾸΞ
1959 2485 2534 2553 ϐΗΙὶΟΝΟιΟῦΙΟᾸΞ.

241 2578 559 2651 Nicephori
609 2579 859 2637 omissus
904 2584 1011 2653 est,
1061 2579 1162 2653 qui
1218 2580 1520 2651 imperavit
1567 2592 1787 2635 menses
1837 2574 1893 2649 7,

239 2664 497 2796 (ἓξὲξ,
552 2666 824 2727 Vitellius
868 2674 1034 2740 octo;
1085 2682 1210 2742 quae
1261 2668 1345 2726 sic
1398 2669 1737 2741 perstringit
1786 2667 1898 2725 Au-

371 2838 540 2888 Galba
565 2854 738 2897 senex,
771 2839 906 2890 Otho
935 2839 1123 2889 lascive
1154 2841 1202 2889 et
1237 2838 1430 2889 famoso
1471 2839 1647 2899 vitelli,

368 2901 546 2949 Tertia
580 2917 671 2948 vos
709 2903 853 2951 Latio
886 2905 1158 2962 regnantes
1189 2904 1371 2951 nesciit
1402 2906 1552 2950 aestas

374 2963 621 3012 lutet-itus
662 2965 843 3026 dignm
880 2966 979 3013 vita
1022 2969 1330 3028 properante
1362 2964 1635 3027 probrosa.

320 3043 468 3143 Idem
503 3051 559 3102 et
591 3045 832 3143 rotunde
859 3047 1051 3103 decem
1079 3060 1258 3103 annos
1289 3045 1499 3103 tribuit
1528 3044 1891 3118 Vespasiano,
1923 3079 1972 3143 Ο

242 3139 311 3189 ut
342 3140 398 3190 et
415 3134 571 3192 Sext.
598 3135 872 3194 Aurelius
898 3137 1128 3194 Victor:

374 3232 560 3295 implet
603 3232 807 3282 fatalem
841 3234 1087 3283 decadem
1118 3233 1214 3283 sibi
1244 3233 1615 3295 Vespasianus.

373 3294 634 3347 Ostensus
671 3298 824 3344 terris
851 3296 997 3345 Titus
1031 3300 1110 3345 est
1137 3294 1384 3346 brevitate
1420 3296 1615 3348 bienni.

307 3382 545 3455 Quibus
568 3385 716 3442 addo
735 3384 1087 3442 deiicientem
1118 3400 1342 3441 versum
1365 3385 1434 3442 de
1459 3384 1786 3441 Domitiano
1810 3403 1822 3440 :

368 3491 563 3542 Lustra
579 3493 678 3542 iria
700 3491 819 3541 hinc
843 3492 1102 3554 perimunt
1131 3491 1335 3553 etjusta
1359 3491 1568 3555 piacula
1591 3490 1795 3540 fratrem
1819 3508 1832 3539 :

311 3590 424 3646 Sed
467 3593 640 3674 granis
677 3587 764 3660 45,
798 3591 975 3674 addit,
1002 3589 1360 3674 Nicephorus
1392 3588 1546 3674 (post
1572 3589 1901 3674 Eusebium)

241 3677 416 3734 mens.
448 3659 557 3734 γ54.
605 3659 977 3734 Sequentium
1026 3659 1162 3718 anni
1207 3659 1553 3734 conveniunt
1608 3660 1729 3734 fere
1769 3659 1895 3719 cuni

243 3731 993 3805 Eusebianachronologia
1043 3733 1451 3805 manuscriptt,
1505 3733 1652 3803 quod
1697 3731 1767 3787 de
1815 3747 1901 3805 ge-

242 3818 378 3861 nere
423 3804 638 3860 mortls
665 3804 947 3876 cujusque
979 3805 1343 3876 imperatoris
1373 3804 1901 3876 breviterraspergit

241 3889 344 3932 nec
398 3876 647 3946 probare
689 3888 791 3931 nec
835 3874 1084 3931 refutare
1124 3875 1283 3931 cordi
1328 3881 1430 3930 est.
1480 3874 1786 3946 Nihilghoc
1826 3874 1895 3930 ad

240 3944 682 4019 chronologiam
726 3960 894 4018 quam
937 3952 1155 4019 tantum
1195 3946 1581 4019 esseqnimur.
1618 3944 1896 4019 Quidam,

243 4020 401 4074 inter
434 4016 585 4089 quos
612 4022 697 4073 est
726 4016 1201 4089 Harmenopulus,
1238 4017 1587 4089 interserunt
1617 4016 1903 4089 Pompeia-

243 4104 383 4145 num
422 4087 527 4145 seu
561 4090 874 4158 Pupienum
910 4095 966 4145 et
1003 4087 1299 4143 Balbinum
1331 4102 1458 4144 cum
1492 4087 1681 4143 tribus
1710 4087 1897 4156 annis,

245 4167 307 4216 ut
345 4166 407 4216 et
448 4160 823 4216 Bmilianum
869 4161 1019 4215 inter
1055 4160 1281 4214 Gallum
1322 4164 1378 4215 et
1413 4158 1798 4229 Valerianum,
1846 4164 1903 4214 et

243 4238 449 4301 postea
496 4232 803 4287 Sillianum
841 4238 897 4287 et
932 4230 1279 4301 Quintilium
1320 4235 1375 4285 et
1418 4229 1765 4301 Florianum,
1804 4231 1898 4285 sed

241 4300 453 4373 eorum
472 4303 608 4357 anni
627 4302 713 4357 vel
732 4302 1135 4373 superioribus
1150 4300 1233 4356 vel
1253 4300 1626 4373 sequentibus
1642 4300 1905 4373 tribuun-

245 4379 364 4429 tur.
396 4371 566 4441 Quod
592 4373 675 4428 ait
701 4370 1018 4430 hic‘auctor
1041 4373 1275 4428 Decium
1306 4370 1363 4427 in
1390 4370 1513 4427 foro
1537 4371 1795 4442 periisse,
1819 4371 1905 4427 sic

244 4445 484 4514 accipio
527 4444 587 4499 in
626 4443 749 4501 foro
792 4444 1084 4512 Flaminii,
1131 4457 1259 4499 cum
1310 4442 1570 4514 Eusebio.
1623 4442 1782 4511 Quod
1832 4443 1901 4498 ad

245 4512 678 4588 Diocletianum
726 4517 952 4588 attinet,
1001 4516 1097 4588 cui
1129 4514 1290 4588 anni
1321 4512 1391 4588 20
1435 4513 1793 4588 tribuuntur,

245 4586 625 4642 communior
665 4593 751 4643 est
797 4584 1079 4643 sententia
1128 4585 1361 4641 Eusebii
1408 4590 1465 4641 et
1509 4584 1789 4653 aliorum,
1829 4590 1907 4640 ta-

246 4659 422 4714 metsi
460 4658 656 4713 Victor
677 4670 857 4714 annos
873 4656 946 4715 25
965 4658 1016 4713 ei
1045 4657 1281 4713 tribuat.
1312 4659 1465 4712 Inter
1487 4656 1906 4712 Diocletianum

246 4729 964 4801 quoqueetConstantium
985 4728 1266 4785 Eusebius
1284 4727 1905 4801 interseritGalerium,

247 4798 429 4871 eique
472 4803 622 4858 duos
668 4801 815 4856 alios
861 4814 1042 4857 annos
1090 4800 1394 4868 separatim
1434 4798 1694 4871 tribuit;
1743 4811 1909 4871 quem

247 4868 498 4942 quidam
528 4872 643 4942 hic,
678 4873 761 4928 vel
794 4871 1102 4942 Nicephori
1129 4871 1215 4925 vel
1243 4869 1473 4925 librarii
1500 4883 1711 4938 errore,
1745 4868 1915 4942 omis-

246 4940 379 4998 sum
418 4940 779 5014 queruntur;
813 4944 909 4998 sed
940 4940 1093 4997 nihil
1128 4942 1221 4997 his
1251 4942 1467 5014 lacuna:
1487 4953 1751 5014 agnosco,
1777 4940 1915 5010 quia

242 5011 640 5070 Cassiodorus
690 5011 776 5068 in’
804 5014 1196 5083 descriptione
1251 5011 1553 5083 consulum
1601 5011 1685 5083 ait
1731 5024 1913 5083 annos

242 5085 581 5140 Constantii
602 5089 660 5140 et
685 5085 901 5141 Galerii
922 5083 1163 5141 attribui
1192 5082 1566 5138 Constantino
1593 5082 1913 5138 Constantii

253 5155 384 5211 tilio
428 5161 489 5211 et
520 5154 593 5211 ΞΟ
631 5161 853 5211 tantum
894 5168 1172 5212 annorum
1212 5154 1477 5209 consules
1514 5153 1773 5209 ascribit.
1820 5154 1917 5209 Ait

246 5240 413 5308 anno
466 5227 945 5308 iO_Constanti_ni
991 5230 1386 5308 congregatam
1440 5223 1621 5308 fuisse
1673 5223 1915 5294 primam

249 5299 649 5355 universatem
714 5299 990 5368 synodum
1059 5294 1366 5368 Nicaenam,
1431 5296 1527 5368 sed
1594 5294 1655 5350 in
1723 5308 1917 5368 manu-

250 5369 483 5439 scripto
512 5363 805 5425 Anastasii
833 5370 1110 5440 scriptum
1146 5372 1233 5424 est
1264 5367 1319 5423 id
1357 5367 1612 5423 evenisse
1636 5378 1745 5421 ann
1825 5363 1909 5437 40,

2006 2588 2072 2659 ιιι
2117 2587 2181 2659 et_
2218 2583 2278 2659 in
2315 2584 2695 2659 Chronologia
2733 2588 3138 2659 ilarmenopuli
3206 2589 3309 2646 Sed
3357 2590 3417 2647 in
3456 2588 3652 2648 Graaca

2007 2655 2541 2733 inscriptioneseu
2600 2655 2776 2733 titulo
2833 2655 3346 2733 ejusdefmﬂsynodi
3420 2667 3655 2733 notatur

2003 2726 2341 2804 celebratam
2393 2726 2573 2785 fuisse
2619 2726 2877 2804 Paulino
2911 2736 2967 2786 et
3011 2726 3242 2789 Juliano
3286 2731 3649 2804 consulibus,

2006 2798 2105 2871 qui
2132 2798 2360 2855 videtur
2382 2814 2504 2857 esse
2528 2814 2713 2857 annus
2746 2799 2812 2858 45
2839 2802 3221 2860 Constantini.
3260 2802 3475 2860 Ibidem
3505 2798 3652 2860 com;

2006 2875 2243 2940 putatur
2287 2885 2474 2928 annus
2512 2871 2583 2927 ab
2623 2872 2943 2929 Alexandro
2987 2871 3109 2930 636.
3155 2875 3300 2931 Sunt
3344 2880 3534 2931 autem
3576 2874 3648 2931 ab

2004 2940 2325 3017 Alexandro
2358 2957 2539 3017 usque
2566 2943 2640 3017 ad
2663 2957 2875 3017 annum
2904 2941 2973 2999 42
2999 2944 3267 3017 Augusti,
3301 2946 3529 3017 quando
3556 2960 3653 3017 na-

2007 3016 2102 3068 tus
2126 3019 2211 3086 est
2237 3013 2476 3079 Christi,
2508 3015 2645 3086 anni
2672 3013 2795 3084 323,
2826 3030 2971 3086 quos
3000 3017 3049 3071 si
3080 3013 3119 3071 a
3140 3013 3647 3086 636'subtraxeris,

2008 3084 2303 3158 restabant
2342 3086 2478 3158 anni
2517 3082 2641 3158 343,
2687 3082 2791 3157 qui
2823 3082 2959 3143 sunt
3000 3087 3137 3143 anni
3176 3088 3392 3145 Christi
3435 3082 3652 3158 quibus

2007 3168 2071 3211 ea
2108 3156 2360 3227 synodus
2395 3156 2675 3228 celebrata
2712 3156 2816 3212 est.
2860 3158 2931 3213 At
2974 3158 3332 3228 Nicephorus
3377 3156 3481 3214 hoc
3528 3158 3650 3214 loco

2007 3224 2299 3299 computat
2339 3241 2519 3299 annos
2560 3224 2686 3297 318,
2734 3234 2797 3284 ιιι
2824 3235 2880 3285 et
2922 3224 3421 3299 synOpsfierrzeca
3463 3228 3657 3284 conci-

2008 3297 2241 3367 liorum,
2296 3298 2397 3367 qui
2454 3303 2577 3352 erat
2627 3312 2813 3355 annus
2865 3297 3078 3356 mundi
3116 3297 3301 3357 5826:
3359 3300 3446 3357 sic
3496 3300 3651 3356 enim

2011 3378 2308 3450 legendum
2337 3377 2394 3433 in
2421 3378 2615 3450 Graeco
2638 3392 2685 3441 ε,
2697 3393 2844 3450 59.},
2864 3396 2910 3442 ς,
2928 3384 2985 3450 et
3009 3385 3421 3450 consequenter
3442 3393 3594 3436 anno
3619 3392 3653 3433 a

2007 3446 2223 3504 Christi
2250 3448 2666 3504 resurrectione
2689 3446 2814 3506 285.
2841 3455 2904 3505 ιιι
2926 3449 3020 3504 hic
3043 3446 3516 3506 recte'collectum
3541 3454 3650 3505 est.

2008 3491 2107 3575 §i"
2121 3491 2400 3592 ῐὲἐὶιὲπῖὖῖ
2421 3491 2823 3592 ιιῖῖέᾜῆἷρῖῖό
2844 3491 3201 3576 Ἑιὶἦξιέιῖιῖῑῖι
3211 3491 3653 3592 {753533313-

2011 3588 2519 3660 odum'Nicaenam,
2558 3595 2614 3646 et
2644 3588 2824 3647 fuisse
2857 3596 2977 3647 tum
3017 3605 3230 3647 annum
3268 3592 3484 3648 Christi
3524 3588 3649 3659 348,

2011 3668 2160 3718 recte
2197 3661 2494 3718 conveniet
2533 3675 2754 3717 summa
2786 3662 3050 3718 collectio
3083 3662 3153 3717 ab
3186 3661 3364 3719 Adam
3398 3663 3469 3719 ad
3511 3676 3655 3719 mor-

2012 3734 2120 3790 iem
2148 3731 2531 3801 Constantini,
2561 3739 2622 3788 nt
2651 3733 2729 3788 sit
2756 3746 3038 3788 annorum
3066 3731 3227 3789 5836.

2079 3804 2225 3873 Quia
2250 3810 2435 3859 autem
2473 3818 2586 3874 quo
2610 3804 2839 3873 imperii
2866 3804 3226 3861 Constantini
3253 3818 3402 3860 anno
3426 3804 3654 3860 Nicaena

2010 3876 2261 3947 synodus
2297 3879 2486 3930 coacta
2528 3875 2607 3932 sit
2643 3875 2998 3931 dissentiunt
3032 3881 3316 3947 auctores,
3359 3888 3534 3932 causa
3552 3887 3658 3947 Are-

2012 3944 2291 4017 q‘uirenda
2324 3951 2426 4001 est.
2466 3947 2601 4017 Nam
2644 3947 3001 4015 Nicephorus
3040 3946 3146 4002 hoc
3188 3947 3313 4003 loco
3352 3960 3521 4017 anno
3546 3944 3650 4002 20:

2011 4015 2236 4086 factam,
2268 4021 2331 4072 ut
2354 4024 2439 4072 est
2470 4017 2527 4071 in
2562 4016 2858 4087 impressis
2890 4017 2946 4073 in
2977 4018 3303 4074 Germania.
3333 4022 3437 4075 aut
3467 4015 3661 4088 40,ιιι

2011 4094 2097 4144 est
2137 4087 2195 4142 in
2224 4088 2627 4158 rmanuscripto
2670 4088 2979 4158 exemplari
3020 4088 3330 4158 Anastasii.
3375 4087 3661 4158 Eusebius

2011 4173 2142 4216 vero
2174 4157 2273 4213 lib.
2305 4172 2365 4230 tv
2397 4159 2467 4214 de
2506 4160 2627 4214 Vita
2658 4157 3040 4224 Constantini,
3073 4174 3195 4230 cap.
3238 4157 3328 4228 47,
3360 4172 3510 4230 anno
3549 4157 3655 4215 20:

2014 4229 2217 4286 factam
2261 4229 2365 4292 ait,
2407 4231 2635 4300 quando
2683 4231 3002 4286 vicennalia
3049 4229 3174 4299 ejus
3224 4236 3350 4287 acta
3388 4229 3655 4287 fuerunt:

2014 4302 2162 4357 idem
2206 4308 2391 4373 tamen
2437 4301 2501 4373 in
2545 4301 2847 4373 Ctironicis
2888 4315 2919 4357 a
2976 4301 3317 4373 Hieronymo
3365 4301 3663 4373 translatis

2013 4387 2162 4429 anno
2197 4370 2262 4428 43
2290 4372 2542 4441 ejusdem
2573 4371 2909 4428 celebratam
2945 4376 3121 4428 notat.
3157 4369 3535 4429 Cassiodorus
3573 4369 3659 4442 48,

2016 4450 2185 4526 atque
2223 4442 2338 4526 alii.
2366 4442 2501 4499 alio.
2534 4443 2774 4526 Causam
2816 4443 2998 4526 igitur
3042 4444 3348 4526 hancdesse
3384 4442 3659 4526 arbitror,

1839 4485 1903 4569 ἒΞ
1930 4485 1987 4547 Ι)
2016 4485 2185 4586 ’ξιίιόῑῑ
2221 4485 3348 4586 $é'l3ie“'§iin‘6§"i§iﬁe}i’i"£06335th
3364 4485 3667 4586 niiEi'éi-{ﬁi

2019 4583 2314 4656 plerique:
2358 4585 2590 4655 quidam
2622 4598 2655 4640 a
2693 4584 3358 4656 depositionepurpurze
3405 4598 3505 4655 per
3536 4583 3667 4656 Dio-

2019 4600 2314 4656 plerique:
2358 4600 2590 4655 quidam
2622 4600 2655 4640 a
2693 4600 3051 4655 ueposmone
3089 4600 3358 4711 Bgrpum
3405 4600 3505 4655 per
3537 4600 3665 4640 mo-

2017 4657 2348 4713 cletianum.
2402 4656 2551 4712 nihil
2606 4656 2880 4725 temporis
2932 4655 3083 4712 ascri
3160 4662 3283 4713 ntes
3328 4655 3665 4713 Constantio

2018 4732 2119 4782 aut
2164 4726 2393 4799 Galerio
2450 4732 2549 4799 aut
2598 4728 2899 4798 Maxentio,
2951 4727 3184 4799 quidam
3248 4733 3375 4799 post
3429 4732 3665 4799 mortem

2018 4798 2361 4872 Constantii,
2397 4798 2630 4872 quidam
2659 4804 2785 4869 post
2813 4798 3286 4872 omnescollegas
3315 4799 3545 4871 imperii
3574 4798 3670 4855 de-

2021 4870 2221 4926 victos.
2259 4867 2451 4941 Itaque
2477 4867 2548 4923 ob
2582 4867 2793 4941 tantam
2833 4867 3299 4927 incertitudiiiem
3329 4867 3547 4941 in'ipso
3582 4885 3669 4940 sy-

2025 4941 2161 5024 nodi
2190 4940 2375 5024 titulo
2412 4944 2585 5024 quoto
2620 4953 2690 5024 an
2725 4940 2955 5010 imperii
2993 4942 3120 5024 ejus
3156 4947 3283 5024 acta
3320 4942 3402 4999 sit
3435 4940 3546 5000 non
3582 4946 3671 5024 est

2028 5011 2394 5084 inscriptum,
2430 5010 2525 5066 sed
2566 5011 2778 5082 quibus
2809 5010 3150 5084 consulibus
3173 5018 3231 5069 et
3269 5028 3382 5084 quo
3415 5026 3465 5084 a7
3488 5017 3669 5069 morte

2026 5082 2534 5155 Alexandri_anno,
2577 5083 3169 5155 quaicomputatione,
3201 5082 3322 5141 tum
3360 5083 3669 5141 utebantur

2029 5155 2293 5227 universa
2330 5152 2550 5227 Gragcia
2579 5152 2951 5227 et_.Egyptus.

2098 5226 2176 5280 An
2216 5226 2342 5280 CAP.
2394 5224 2777 5294 XII.—Qu:e
2820 5226 2890 5281 de
2955 5225 3125 5283 annis
3186 5224 3550 5284 Constantini
3613 5227 3670 5280 et

2026 5296 2277 5352 filiorum
2319 5296 2444 5364 ejus
2474 5295 2699 5367 scribit,
2733 5309 2805 5352 ea
2846 5310 2974 5353 cum
3014 5297 3275 5358 Eusebio.
3317 5303 3447 5368 etc.,
3476 5308 3671 5368 conve~

2025 5369 2213 5439 niunt,
2248 5370 2391 5423 utet
2432 5380 2496 5422 ea
2532 5381 2657 5439 quae
2680 5366 2751 5424 de
2789 5368 3059 5426 Julianno
3092 5374 3148 5425 et
3177 5366 3443 5425 Joviano.
3467 5367 3570 5426 Sed
3607 5366 3668 5423 in

1441 5455 1743 5511 EJUSDEM
1775 5456 1975 5511 ΝΟΤᾸΞ
2022 5457 2417 5513 ΙΙΙΞΤΟΒΙΟᾹΞ.

326 5573 352 5600 ι
397 5559 592 5637 Decem
642 5558 784 5637 legit
832 5558 1172 5637 Anastasius
1222 5560 1389 5613 recte.
1438 5556 1588 5637 Nam
1618 5553 1926 5637 ex_ifastis

259 5629 644 5701 agnoscimus
672 5625 1070 5687 Constantium
1102 5629 1294 5685 decem
1333 5625 1666 5683 consulatus
1700 5625 1919 5687 iniisse.

335 5698 368 5751 δ
395 5701 597 5769 ,Ιιιηίοτ
633 5701 774 5774 legit
802 5700 1161 5774 Anastasius,
1196 5702 1362 5765 recte,

1148 5743 1161 5774 Ξ

2106 5557 2131 5587 c
2160 5546 2499 5622 Anastasius
2546 5552 2707 5622 vocat
2769 5547 3138 5606 latrocinalem
3192 5550 3362 5622 recte,
3419 5557 3547 5607 nam
3612 5544 3671 5601 in

2035 5626 2230 5683 Graeco
2261 5632 2347 5685 est
2372 5618 2654 5715 λῃστρικὴ.
