4016 6168
225 302 328 363 533

904 306 1455 365 INTBRPRETATIO
1490 307 2004 367 CHRONOLOGUE
2040 308 2095 365 S.
2139 308 2525 366 NICEPHORI.
2569 339 2642 351 --
2676 311 2850 368 PARS
2906 312 2945 367 Ι.

3519 309 3635 370 ὸ34

221 444 389 485 mens.
442 420 667 485 duobus.
691 431 883 487 diebus
910 433 1112 502 viginti
1159 433 1399 505 quinque
1425 434 1457 488 Ι
1481 433 1584 487 Leo
1621 432 1884 490 Chazares
1908 434 1967 495 A
2062 434 2415 506 Theophilus
2442 435 2616 506 hujus
2652 434 2832 506 ﬁlius,
2861 434 3029 491 annis
3055 433 3380 505 duodecim,
3414 435 3634 495 mmsi—

221 522 387 575 anm’s
426 522 693 591 quinque.
712 523 742 592 )

291 608 712 669 Constantinus
742 610 905 668 ﬁlius
939 613 1066 682 ejus
1094 627 1224 669 cum
1258 618 1439 670 matre
1470 627 1574 671 sua
1590 592 1749 670 Irene
1771 628 1882 670 an-

1990 521 2101 581 bus
2125 525 2333 595 tribus,
2355 524 2561 583 diebus
2579 524 2790 581 decem.

2062 613 2375 685 Theodora,
2403 627 2516 671 una
2537 628 2667 672 cum
2694 614 2816 670 ﬁlio
2844 612 3140 684 Michaele,
3173 614 3345 671 annis
3365 617 3634 685 quatuor-

217 698 312 755 nis
339 699 560 770 decem,
586 699 883 756 mensibus
897 700 1145 772 duobus,
1169 702 1380 758 diebus
1398 702 1645 760 duobus.
1666 704 1878 759 Horum
1988 703 2193 775 decim,
2228 718 2402 760 mens.
2441 718 2574 776 uno,
2596 704 2803 761 diebus
2821 704 3029 777 viginti
3064 703 3322 778 quinque
3339 718 3379 760 ι.

215 800 366 843 anno
390 793 597 846 octavo
637 788 921 846 celebrata
962 789 1297 846 fuitNicaea:
1333 792 1581 849 secunda
1625 791 1879 863 synodus

209 882 551 934 sanctorum
578 879 831 950 Patrum,
852 879 989 936 eccl.
1019 883 1403 937 trecentorum
1424 881 1870 952 quinquaginta.

278 964 734 1039 Constantinus(
753 967 946 1043 solus)
969 982 1103 1039 ann.
1124 982 1244 1042 sex,
1268 983 1442 1026 mens.
1475 982 1691 1042 novem,
1719 968 1873 1028 dieb.

217 1061 368 1113 octo.

282 1145 449 1203 lrene
480 1151 662 1205 mater
694 1149 884 1220 ipsius
907 1148 1080 1207 annis
1106 1149 1382 1222 quinque,
1417 1150 1713 1208 mensibus
1740 1150 1878 1206 duo-

209 1235 338 1309 bus,
367 1236 584 1295 diebus
621 1238 947 1295 duodecim.

208 1365 219 1371 -
280 1326 649 1398 Nicephorus
690 1329 862 1387 annis
910 1333 1058 1400 octo,
1115 1343 1336 1403 novem,
1388 1344 1571 1389 caesus
1626 1330 1685 1387 in
1731 1330 1874 1389 Bul—

213 1429 628 1579 saﬁguratius,
652 1509 813 1566 ﬁlius
835 1509 1026 1580 hujus,
1074 1523 1252 1567 mens.
1302 1509 1548 1567 duobus.

274 1598 548 1669 Michael,
565 1612 738 1671 gener
758 1599 966 1671 ipsius,
988 1612 1169 1657 annos
1184 1614 1316 1672 uno,
1335 1600 1630 1657 mensibus
1647 1614 1865 1671 novem,

208 1687 424 1746 diebus
449 1687 740 1745 undecim.

2234 849 2360 904 Hazc
2388 848 2627 924 amplius
2652 848 2939 905 adduntur
2967 848 3036 903 ab
3060 847 3381 904 Anastasio.

2056 971 2295 1030 Michael
2326 973 2485 1031 solus
2505 974 2675 1029 annis
2721 972 3007 1044 undecim,
3054 986 3230 1029 mens.
3260 986 3394 1044 uno,
3427 970 3632 1030 diebus

1985 1073 2204 1131 novem,
2236 1060 2463 1121 occisus
2486 1066 2574 1117 est
2611 1061 2671 1118 in
2693 1060 2911 1134 palatio
2936 1061 2989 1117 S.
3018 1060 3340 1118 Mamantis.

2303 1217 2637 1260 GENEALOGIA
2678 1217 3069 1262 VALENTINIANI
3112 1217 3301 1261 MAGNI.

2052 1330 2494 1387 Valentinianus
2519 1330 2708 1403 gignit
2730 1331 3067 1387 Gratianum
3089 1334 3148 1387 et
3161 1330 3630 1389 Valentinianum

1984 1420 2375 1491 imperatores,
2409 1425 2465 1475 et
2486 1420 2727 1489 Gallam,
2776 1432 3009 1477 uxorem
3060 1418 3365 1477 Theodosii
3412 1420 3624 1493 Magni.

1979 1508 2334 1566 Theodosius
2386 1510 2564 1579 Major
2610 1509 2809 1581 genuit
2853 1508 3163 1565 Arcadium
3209 1513 3268 1565 et
3312 1509 3628 1567 Honorium

1981 1598 2372 1671 imperatores,
2405 1606 2460 1663 et
2500 1599 2832 1670 Placidiam,
2889 1612 3122 1655 uxorem
3162 1599 3501 1656 Constantii.
3551 1600 3632 1655 De

1978 1688 2225 1746 Arcadio
2274 1690 2394 1748 nati
2426 1694 2562 1746 sunt
2589 1689 2945 1745 Theodosius
2972 1688 3179 1759 Minor,
3222 1692 3279 1744 et
3324 1687 3629 1746 Pulcheria

273 1779 389 1833 Leo
423 1775 720 1848 Armenes,
751 1779 923 1836 annis
981 1784 1213 1852 septem,
1248 1778 1543 1837 mensibus
1588 1780 1863 1852 quinque,
1900 1774 1954 1837 B
1981 1792 2111 1850 qua:
2159 1777 2273 1835 fuit
2301 1792 2447 1835 uxor
2474 1777 2741 1835 Martiani
2799 1777 3182 1848 imperatoris.
3236 1779 3313 1832 De
3357 1776 3626 1846 praedicto
3676 1842 3679 1845 ν

204 1865 424 1922 diebus
455 1867 813 1941 quindecim,
840 1882 1025 1927 caesus
1056 1870 1117 1925 in
1152 1869 1367 1941 palatio
1402 1869 1462 1925 in
1492 1869 1703 1941 templo
1745 1882 1870 1926 san-

210 1955 493 2012 ctissimae
520 1956 800 2027 Deiparae.

1978 1867 2309 1924 Constantio
2328 1873 2385 1923 et
2412 1867 2667 1923 Placidia
2715 1871 2883 1923 natus
2908 1870 2996 1923 est
3017 1866 3455 1924 Valentinianus
3503 1869 3628 1921 ter-

1979 1957 2117 2013 tius.
2142 1957 2319 2013 Mater
2343 1956 2647 2013 Theodosii
2672 1956 2932 2012 Junioris
2953 1955 3054 2013 illa
3077 1953 3191 2011 fuit
3209 1954 3468 2012 Eudoxia
3497 1969 3625 2026 quae

280 2043 532 2100 Michael
551 2044 701 2102 alter
728 2046 897 2104 annis
916 2049 1062 2118 octo,
1092 2046 1390 2105 mensibus
1421 2059 1638 2119 novem,
1665 2046 1871 2105 diebus
1979 2048 2135 2104 Joan.
2190 2048 2654 2118 Chrysostomum
2694 2045 2997 2102 exsulavit.
3038 2044 3193 2104 Uxor
3218 2048 3408 2101 autem
3437 2045 3624 2117 ipsius

217 2145 439 2190 novem.

1979 2136 2282 2193 Theodosii
2309 2134 2560 2192 Eudocia
2591 2135 2745 2191 dicta
2766 2138 2871 2190 est.

1321 2236 1386 2292 A.
1417 2235 1649 2292 CONTII
1686 2235 1889 2291 NOTE
1924 2234 2488 2291 CHRONOLOGICIE.

276 2322 508 2380 ADCAP.
536 2324 683 2380 XIII.
727 2353 801 2364 —
822 2323 968 2394 Quia
1000 2326 1182 2381 totum
1223 2324 1330 2380 hoc
1384 2323 1656 2381 ultimum
1685 2328 1857 2394 caput

204 2396 416 2451 misere
434 2396 824 2467 depravatum,
858 2395 1125 2451 mutilum
1170 2400 1227 2452 et
1254 2396 1585 2452 mendosum
1635 2399 1741 2467 est,
1769 2408 1857 2452 eo-

201 2481 333 2539 rum
363 2467 538 2523 etiam
571 2466 902 2539 testimonio
933 2468 1032 2538 qui
1066 2468 1236 2537 primi
1267 2468 1326 2522 in
1365 2467 1574 2539 vulgus
1602 2466 1851 2539 edidere,

199 2538 375 2665 p231]:
404 2538 756 2665 diligentius
779 2538 899 2594 haec
928 2553 1061 2609 pars
1080 2552 1150 2595 ex
1165 2539 1302 2595 aliis
1321 2538 1659 2595 auctoribus
1680 2542 1857 2594 retra-

199 2624 227 2663 c
373 2624 406 2665 a
439 2624 500 2665 es
532 2651 544 2662 .

198 2615 406 2665 clauda
439 2615 544 2666 est.

269 2682 526 2736 Tiberius
572 2697 703 2735 ann.
741 2679 794 2738 5.
826 2680 1157 2753 Sigebertus
1205 2682 1637 2753 manuscripius
1672 2692 1854 2737 annos

195 2751 264 2821 6;
300 2753 565 2825 Hugonis
590 2753 873 2825 Chronica
895 2749 1285 2823 inanuscripta
1322 2749 1594 2823 annos—7;
1631 2754 1854 2825 Harme-

199 2822 456 2895 nopultis
484 2837 621 2895 vero
653 2824 712 2881 in
758 2825 1152 2895 manuscripta
1182 2822 1589 2894 imperatorum
1612 2823 1852 2895 Notitia

195 2892 382 2950 annos
401 2892 504 2965 uici
530 2894 757 2952 tribuit.
779 2896 928 2951 Idem
947 2892 1177 2953 Justino
1192 2892 1317 2965 ejus
1337 2894 1623 2965 decessori
1643 2894 1852 2950 tribuit

195 2979 381 3037 annos
408 2963 495 3036 45,
518 2968 615 3022 cui
667 2966 763 3023 hic
802 2966 1163 3037 Nicephorus
1210 2963 1430 3023 tantum
1460 2964 1546 3036 12,
1580 2971 1637 3021 et
1680 2967 1852 3037 Zona-

194 3050 287 3092 ras
323 3034 410 3093 43.
442 3034 550 3093 Sed
578 3037 724 3093 hanc
753 3051 869 3094 rem
893 3034 975 3094 ita
1003 3038 1279 3095 conciliat
1306 3034 1665 3107 NicephOrus
1683 3036 1853 3092 Calli-

193 3079 401 3163 ἐῖὶἱεῖἶι
420 3079 1848 3179 Exigi{ﬁfivifﬁ'céTésTiiEleﬁt‘ihVEEBBsHu‘fﬁéiiz
1876 3079 1924 3143 Ο

191 3180 357 3251 solus
381 3179 557 3236 annis
589 3178 676 3249 42,
720 3180 1015 3238 mensibus
1045 3179 1112 3237 40
1139 3178 1270 3239 cum
1293 3180 1563 3251 dimidio,
1590 3178 1721 3236 cum
1746 3179 1852 3251 Ti—

195 3250 544 3325 berio__vero,
575 3251 896 3325 quemsibi
928 3265 1312 3310 successorem
1344 3252 1509 3307 vivus
1537 3249 1853 3325 assumpsit

194 3327 245 3377 et
273 3321 608 3394 collegam,
634 3323 805 3380 annis
833 3322 869 3379 3
895 3338 1008 3380 uno
1040 3325 1235 3380 minus
1277 3336 1485 3394 mense.
1538 3324 1617 3378 De
1639 3391 1651 3394 _
1675 3321 1850 3394 hujus

195 3408 426 3477 quoque
441 3391 674 3477 'Tiberii
706 3395 887 3477 annis.
904 3400 1247 3477 totamqua:
1271 3393 1471 3477 subest
1495 3391 1852 3477 perplexita—

193 3463 302 3520 tem
334 3463 490 3522 idem
519 3470 721 3522 auctor
748 3466 827 3522 ita
853 3466 1057 3522 deﬁnit
1077 3463 1180 3522 lib.
1207 3478 1352 3520 xvm
1383 3463 1536 3520 Eccl.
1558 3463 1732 3529 Hist.,
1763 3463 1853 3517 Ti-

192 3535 421 3592 berium
454 3536 641 3593 solum
669 3537 979 3607 imperasse
996 3538 1168 3594 annis
1187 3533 1239 3607 4,
1264 3550 1393 3592 cum
1413 3534 1641 3607 Justino
1661 3537 1849 3607 autem

192 3607 501 3664 decessore
537 3609 708 3664 annis
752 3604 804 3664 3.
840 3609 933 3665 Sic
970 3608 1185 3665 Paulus
1213 3604 1500 3663 Diaconus
1557 3606 1609 3661 ei
1641 3604 1851 3660 tribuit

195 3675 431 3751 annos7
454 3698 469 3746 ;
499 3680 785 3751 Evagrius
815 3677 867 3751 4,
900 3681 1001 3737 lib.
1038 3695 1093 3751 ν,
1121 3694 1246 3751 cap.
1277 3674 1339 3751 21
1367 3678 1647 3751 gZonaras
1669 3690 1851 3732 annos

191 3746 241 3822 3,
262 3764 449 3807 mens.
487 3748 575 3819 40,
608 3751 733 3807 dies
759 3750 797 3807 8
818 3770 834 3822 ;
855 3746 1150 3808 Cedrenus
1181 3746 1232 3806 ι.
1276 3746 1474 3822 Hicin
1506 3760 1850 3822 monumen—

193 3821 267 3878 tis
306 3822 567 3892 publicis
600 3820 916 3892 phueniceis
944 3823 1160 3880 litteris
1209 3820 1555 3879 inscribitur
1583 3820 1852 3875 TIBERIUS

192 3892 628 3950 Consummus.

257 3968 570 4020 Mauricius
606 3982 736 4020 ann.
788 3964 879 4029 20,
914 3981 1082 4021 mens.
1117 3962 1168 4020 4.
1219 3965 1323 4020 Hic
1354 3964 1413 4019 in

193 4038 537 4106 strumeutis
555 4036 913 4093 scribebatur
935 4036 1263 4101 Mauritius,
1292 4035 1393 4106 qui
1412 4032 1764 4106 etTiberius,
1793 4035 1850 4106 et

190 4104 257 4184 go
274 4121 466 4164 annos
492 4108 771 4184 regnavit,
801 4110 1015 4165 Zonara
1067 4101 1327 4184 auctore'
1351 4111 1435 4184 e_t__
1463 4101 1847 4184 Chronologia

1446 3961 1701 4033 publicis
1752 3960 1850 4016 in-

192 4178 531 4250 ﬂarmenop.
562 4173 781 4248 scripta
807 4193 997 4245 manu,
1031 4184 1088 4250 et
1110 4179 1344 4248 Niceph.
1371 4177 1517 4250 Hist.
1551 4173 1701 4250 Ecc_l,
1727 4173 1839 4250 lib.
1878 4226 1882 4231 .

192 4263 356 4319 xvm,
388 4246 816 4323 Sigebertu‘s‘et
838 4252 998 4323 llugo
1026 4248 1089 4323 2]
1126 4246 1318 4323 annos
1335 4250 1388 4304 ei
1431 4248 1603 4317 dant;
1633 4246 1847 4301 Cedre—

194 4334 303 4377 nus
324 4319 486 4390 vero,
514 4335 699 4378 annos
720 4319 810 4389 20,
837 4319 1014 4378 mens.
1048 4321 1101 4391 3,
1135 4321 1261 4377 dies
1289 4319 1341 4374 2.

1966 2337 2187 2396 menses
2216 2324 2269 2396 Α,
2302 2324 2559 2396 Martium
2607 2328 2663 2380 et
2708 2323 3035 2381 Heraclonae
3073 2336 3295 2381 menses
3338 2324 3624 2382 duntamt

1964 2394 1998 2452 6
2028 2394 2263 2465 tribuit,
2311 2395 2583 2452 omnibus
2610 2409 2741 2467 non,
2763 2396 3048 2467 integrum
3069 2408 3302 2452 annum.
3348 2396 3593 2467 Senatus

1962 2468 2161 2537 ejectis
2189 2468 2436 2522 Martina
2465 2472 2522 2523 et
2550 2465 3010 2535 Heraclona,‘cui
3039 2472 3096 2521 et
3118 2479 3293 2523 nasus
3321 2465 3620 2525 abscissus

1962 2543 2068 2608 est,
2099 2539 2484 2601 Constantem.
2521 2538 2882 2595 Constantini
2914 2550 3127 2594 veneno
3159 2537 3373 2609 sublati
3406 2537 3617 2609 ﬁlium,

1961 2610 2182 2680 Heracli
2209 2610 2513 2680 inepotem,
2538 2610 2780 2679 imperio
2807 2608 3065 2679 praeﬁcit,
3092 2609 3188 2664 cui
3222 2608 3454 2678 praefuit
3480 2608 3615 2666 ann.

1960 2678 2034 2738 27
2062 2678 2377 2759 secundum
2400 2678 2693 2759 _Z_onar_ain,
2726 2680 2967 2759 Paulum
2995 2681 3317 2759 ‘Diaconum
3347 2684 3405 2736 et
3420 2680 3622 2759 Ced_re-

1962 2766 2119 2808 num.
2148 2753 2251 2808 His
2277 2752 2355 2808 ita
2385 2752 2627 2823 digestis
2656 2752 3125 2823 animadvertere
3146 2752 3293 2822 coepi
3342 2764 3453 2823 non
3478 2752 3585 2823 ade

1960 2824 2265 2894 depravata
2310 2824 2406 2879 hic
2448 2822 2573 2879 esse
2620 2822 3061 2894 Nicephoriana,
3114 2822 3229 2879 imo
3261 2822 3421 2883 nullo
3452 2822 3618 2879 modo

1961 2909 2085 2966 esse
2109 2896 2431 2966 depravata,
2465 2896 2515 2950 si
2558 2896 2725 2951 modo
2763 2895 2916 2950 hunc
2940 2894 3406 2966 Constantinum,
3449 2907 3616 2965 quem

1961 2964 2100 3022 facit
2149 2963 2510 3036 Nicephorus
2558 2967 2866 3036 imperasse
2921 2978 3052 3022 ann.
3099 2963 3191 3037 28,
3226 2963 3619 3037 intelligamus

1959 3037 2219 3093 eumdem
2293 3035 2415 3093 esse
2471 3037 2572 3109 qui
2644 3035 2702 3092 et
2752 3038 3033 3109 Constans
3074 3035 3147 3093 ab
3180 3035 3330 3092 aliis
3356 3035 3621 3109 appella-

1961 3113 2078 3179 tur,
2113 3123 2241 3165 nam
2272 3113 2329 3164 et
2359 3106 2510 3165 hunc
2534 3109 2895 3179 Constantem
2929 3106 3110 3179 fuisse
3133 3121 3360 3179 quoque
3375 3106 3621 3177 appella-

1963 3178 2084 3235 tum
2113 3180 2554 3236 Constantinum
2586 3179 2795 3236 scribit
2811 3178 3177 3250 Sigebertus;
3203 3178 3264 3250 in
3294 3191 3361 3234 eo
3391 3182 3616 3250 tantum

1964 3251 2229 3306 mendum
2277 3250 2391 3305 erit
2439 3251 2591 3321 quod
2624 3264 2789 3321 quem
2850 3249 3109 3321 nepotem
3159 3249 3351 3305 dicere
3390 3249 3614 3321 debuit,

1964 3320 2149 3377 ﬁlium
2207 3320 2544 3390 appellavit:
2582 3320 2694 3390 quo
2748 3320 2951 3376 mendo
2997 3320 3246 3389 sublato,
3297 3320 3617 3376 consentiet

1959 3393 2320 3461 Nicephorus
2350 3406 2479 3447 cum
2519 3390 2740 3447 Notitia
2762 3390 3171 3462 Harmenopuli
3198 3391 3610 3462 manuscripta,

1961 3477 2107 3534 quae,
2131 3463 2516 3533 praetermisso
2530 3461 2916 3534 Constantini,
2933 3461 3195 3534 Martina:
3214 3465 3274 3534 et
3288 3461 3616 3534 Heracleum

1959 3531 2059 3607 vix
2100 3531 2323 3607 integro
2351 3548 2521 3607 anno,
2551 3547 2730 3607 unum
2769 3533 3021 3607 amplius
3045 3545 3195 3588 anno
3240 3531 3614 3607 Constantino

1962 3605 2120 3677 huic,
2156 3600 2356 3662 id'est
2399 3605 2721 3677 Constanti,
2780 3600 3009 3677 tribuit,
3060 3616 3260 3673 nempe
3289 3600 3608 3677 ann_os_28.

1959 3673 2120 3732 Hunc
2166 3682 2357 3732 autem
2428 3690 2552 3732 esse
2596 3673 3035 3731 Constantinum
3108 3687 3274 3744 quem
3348 3673 3613 3745 plerique

1958 3749 2319 3804 Constantem
2346 3753 2567 3814 vocant,
2600 3747 2655 3802 id
2679 3748 2850 3803 etiam
2880 3746 3192 3816 maximum
3211 3748 3611 3816 argumentum

1958 3823 2047 3874 est
2069 3819 2218 3889 quod
2254 3820 2313 3875 in
2346 3818 2548 3875 Sicilia
2577 3819 2831 3889 occisum
2856 3817 3009 3873 hunc
3033 3815 3614 3889 scribitNicephorus

1960 3889 2068 3946 hoc
2089 3887 2244 3960 loco,
2274 3890 2422 3960 quod
2456 3889 2753 3945 Constanti
2783 3888 2921 3944 huic
2952 3887 3256 3960 convenire
3281 3899 3350 3942 ex
3397 3887 3611 3960 Zonara

1957 3961 2179 4017 discere
2208 3957 2360 4031 licet,
2393 3966 2449 4016 et
2477 3975 2545 4017 ex
2570 3960 3023 4031 PaulogDiacono
3055 3959 3156 4031 lib.
3188 3971 3319 4031 XIX,
3343 3958 3445 4031 qui
3474 3957 3612 4014 huic

1958 4032 2169 4088 tribuit
2209 4026 2490 4088 duntaxat
2532 4046 2682 4088 anno
2709 4026 2800 4096 27,
2858 4044 2988 4085 cum
3015 4030 3240 4086 scilicet
3268 4026 3527 4085 Martina;
3555 4033 3613 4085 et

1954 4104 2081 4173 ejus
2114 4103 2378 4174 privigno
2409 4102 2645 4174 ﬁlioque
2668 4104 2786 4173 jam
2818 4100 3122 4159 tribuisset
3160 4114 3373 4157 annum
3402 4113 3604 4156 unum.

2027 4182 2291 4237 Constans
2337 4198 2502 4244 nepos
2550 4182 2811 4244 Heraclii,
2882 4196 3027 4236 anno
3082 4176 3165 4237 47.
3221 4180 3327 4236 Hic
3376 4180 3612 4236 videtur

2027 4198 2291 4237 υοηειαηε
2337 4199 2376 4236 n
2477 4198 2502 4238 S
2550 4198 2811 4244 ueracm,
2882 4198 3027 4236 anno
3082 4198 3165 4237 ’ll.
3222 4198 3327 4236 HIC
3377 4198 3607 4236 Vlueull'

1954 4198 2811 4310 emendandumeggnstantinus.
2844 4251 3073 4309 Certum
3107 4256 3194 4307 est
3221 4251 3373 4323 enim
3402 4249 3499 4323 hic
3515 4250 3607 4323 agi

1955 4325 2026 4380 de
2035 4325 2415 4396 Constantino
2434 4326 2740 4396 Pogonato.
2757 4324 3086 4380 Constantis
3107 4323 3245 4396 ﬁlio.
3267 4321 3607 4396 orthodoico.

254 4388 604 4466 Phocaeam
638 4391 693 4447 8.
717 4393 812 4466 Sic
848 4388 1207 4466 Nicephorus
1246 4390 1521 4466 Cal_lis_tus
1546 4388 1649 4445 lib.
1682 4401 1843 4466 Evn!
1874 4454 1920 4466 _
1958 4395 2069 4451 sub
2099 4411 2213 4466 quo
2239 4395 2386 4451 facta
2416 4400 2501 4451 est
2516 4388 2783 4465 “synodus
2836 4409 2916 4463 γι,
2947 4408 3097 4451 ειηηο
3127 4395 3253 4466 ejus,
3285 4390 3370 4466 43,
3416 4396 3482 4466 ιῃ
3513 4391 3609 4466 ηίο

194 4462 341 4535 Eccl.
377 4464 555 4534 Hist,
585 4476 707 4533 cap.
744 4464 873 4535 ult.,
905 4470 962 4521 et
991 4454 1275 4533 'Zonaras,
1320 4461 1629 4530 Cedrenus,
1679 4458 1847 4529 Sigc—
1874 4454 1927 4515 D
1956 4454 2284 4523 adnotatur.
2319 4469 2389 4523 Et
2429 4454 2673 4522 Zonaras
2702 4454 2939 4521 totidem
2968 4454 3246 4535 annos'l7
3288 4463 3340 4519 ei
3358 4454 3603 4535 tribuit,

193 4531 392 4590 bertus
419 4540 479 4590 et
507 4531 635 4590 alii.

254 4606 550 4679 Heraean:
579 4622 671 4661 an.
707 4604 771 4662 31
806 4623 942 4679 una_
965 4623 1086 4679 cum
1114 4607 1244 4677 ﬁlio.
1274 4603 1608 4679 Sigebertus
1630 4616 1722 4679 an.
1751 4597 1841 4672 30,

190 4674 402 4733 Paulus
429 4677 720 4734 Diaconus
747 4691 881 4734 ann.
916 4675 1007 4746 3i,
1039 4674 1190 4735 ut'et
1215 4674 1573 4747 Nicephorus
1596 4682 1653 4729 et
1676 4675 1845 4730 Zona-

192 4757 285 4819 ras
310 4752 369 4804 et
391 4750 731 4819 Harmenop.
763 4750 982 4806 Notitia
1000 4750 1412 4818 manuscripts.

258 4818 615 4875 Constantius
641 4818 790 4890 ﬁlius
832 4822 999 4889 hujus
1029 4837 1122 4876 an.
1162 4819 1251 4877 28.
1286 4820 1496 4890 Mirum
1528 4818 1587 4873 in
1612 4818 1840 4874 modum

192 4888 294 4962 hoc
319 4891 447 4947 loco
475 4888 781 4961 depravata
798 4888 1117 4949 creduntur
1133 4889 1584 4962 Nicephoriana,
1605 4890 1842 4962 sicergo

191 4960 425 5018 aliunde
453 4959 771 5032 supplenda
787 4970 957 5020 sunt:
995 4963 1257 5020 Heraclio
1277 4959 1629 5031 turpissima
1657 4959 1736 5032 ob,
1759 4961 1843 5015 in-

190 5032 327 5088 cesti
361 5031 587 5102 poenam
639 5041 817 5091 morte
845 5035 1130 5092 exstincto
1161 5033 1421 5092 succedit
1448 5031 1837 5102 Constantius,

190 5105 311 5173 ejus
327 5101 510 5175 ﬁlius,
530 5105 820 5174 imperans
836 5120 972 5163 ann.
993 5104 1082 5177 45,
1101 5120 1269 5177 quem
1289 5117 1503 5161 veneno
1521 5101 1842 5172 exstinguit

192 5196 424 5269 noverca
474 5184 781 5269 eademque
797 5177 1274 5269 "consobrinaoei
1301 5178 1542 5265 ἀδελφηκ
1569 5187 1625 5269 et
1652 5192 1839 5269 proco

192 5255 432 5326 imperat
455 5270 587 5310 cum
620 5255 762 5327 ﬁlio,
797 5258 1128 5323 Heraclona,
1157 5256 1254 5312 vix
1283 5255 1496 5311 annum
1530 5255 1835 5324 integrum,

191 5326 401 5382 Zonara
432 5331 612 5387 teste:
665 5333 725 5383 at
754 5330 915 5387 lineo
962 5330 1229 5387 utrisque
1275 5326 1487 5383 tribuit
1515 5322 1833 5380 biennium.

192 5344 401 5382 wnara
432 5344 612 5396 wsw;
665 5344 725 5383 at
755 5344 915 5401 nugo
962 5344 1114 5385 lltl'ls
1157 5344 1229 5384 ue
1275 5344 1487 5383 tribuit
1516 5344 1833 5380 Dleuulum.

192 5395 402 5481 Paulus
425 5398 1007 5481 Diaconus_lib_._xv1_n
1038 5400 1097 5456 in
1118 5344 1219 5481 gn:
1238 5397 1612 5481 Constantino
1628 5392 1839 5481 Mani-i-

190 5467 265 5522 cii
296 5468 419 5525 ﬁlio
461 5467 760 5548 mensesj,
807 5473 1062 5548 Martium
1092 5470 1504 5548 etileraclonaz
1535 5461 1835 5548 annum};

192 5552 361 5609 quem
390 5541 655 5612 sequitur
685 5538 1032 5615 Sigebertus,
1055 5548 1111 5599 et
1151 5541 1439 5598 Cedrenus
1466 5538 1838 5594 Constantino

1959 4544 2023 4593 ut
2050 4543 2106 4593 et
2134 4539 2441 4607 Diaconus,
2471 4538 2570 4607 qui
2620 4550 2752 4592 ann.
2808 4538 2932 4606 ejus
2988 4534 3054 4591 42
3092 4535 3295 4592 factam
3327 4533 3608 4607 synodum

1954 4609 2237 4679 ejusmodi
2268 4608 2371 4671 ait,
2405 4602 2593 4665 caeteri
2626 4613 2813 4665 autem
2837 4602 2899 4679 et
2928 4607 3133 4677 Graeci,
3161 4618 3311 4662 anno
3340 4602 3424 4679 l3.

2023 4683 2273 4735 Justinus
2293 4680 2441 4750 ﬁlius
2467 4680 2632 4748 hujus
2671 4696 2802 4735 ann.
2836 4676 2920 4735 40.
2949 4680 3016 4735 Et
3048 4676 3608 4750 hicremendandum

1952 4752 2201 4823 videtur,
2254 4747 2635 4823 Iustinianus.
2674 4753 2726 4806 Is
2781 4755 2970 4806 autem
3032 4748 3447 4823 intelligendus
3503 4747 3607 4822 qui

1952 4821 2374 4880 Rhinotmetus.
2406 4836 2438 4878 a
2473 4822 2711 4892 praeciso
2742 4826 2937 4893 postea
2963 4836 3102 4878 naso
3130 4821 3326 4893 dictus
3351 4824 3458 4893 est.

2027 4897 2325 4957 Triberius,
2366 4888 2543 4965 qui'et
2588 4888 2928 4965 Absinierus,
2983 4910 3115 4949 ann.
3166 4891 3220 4948 8.
3250 4888 3288 4948 '7
3330 4890 3611 4948 duntaxat

1951 4967 2003 5022 ei
2031 4967 2300 5022 tribuunt
2343 4964 3008 5036 CedrenusgDiaconus,
3066 4966 3247 5036 Hugo,
3280 4966 3525 5020 Zonaras
3554 4968 3612 5020 et

1949 5036 2299 5108 Sigebertus,
2324 5037 2521 5107 sicque
2547 5035 2655 5108 hoc
2672 5034 2796 5091 loco
2813 5034 3230 5108 emendandum
3249 5036 3498 5091 videtur.

2019 5094 2369 5162 iusim-ianus
2418 5094 2653 5161 secundo
2702 5122 2833 5161 ann.
2882 5103 2969 5161 Μ.
3017 5094 3057 5164 6⁵
3092 5107 3373 5164 duntaxat
3427 5118 3610 5162 annos

1949 5179 2000 5234 ei
2028 5177 2271 5233 ascribit
2320 5180 2496 5250 Hugo.
2527 5177 2859 5250 Sigebertus
2896 5191 3029 5237 vero
3056 5174 3111 5250 7,
3142 5178 3430 5250 Cedrenus
3455 5177 3513 5247 6,
3542 5184 3611 5232 ut

1948 5254 2005 5305 et
2031 5250 2267 5305 Graecus
2286 5245 2682 5322 Theophanes,
2719 5245 3183 5322 ﬂarmenopulus
3212 5264 3344 5306 vero
3365 5245 3402 5303 7
3425 5268 3442 5318 ,
3470 5245 3607 5322 ergo

1951 5334 2240 5392 perperam
2285 5320 2381 5375 hic
2438 5316 2794 5392 l'egitur'll,
2854 5327 2910 5378 et
2956 5316 3369 5392 emendandum
3427 5316 3514 5392 est
3545 5316 3605 5373 6.

1945 5391 2109 5464 Anno
2142 5392 2313 5460 hujus
2362 5390 2553 5448 iterati
2605 5393 2834 5464 imperii
2869 5395 3118 5451 secundo
3160 5391 3368 5464 scribit
3420 5390 3611 5464 Theo—

1948 5462 2183 5532 phanes,
2216 5458 2450 5519 Graecus
2486 5458 2708 5527 auctor;
2738 5469 2803 5520 ut
2830 5465 3095 5520 citatura
3126 5458 3606 5532 compilatoribus

1949 5538 2246 5602 postremae
2274 5534 2553 5591 editionis
2571 5536 2985 5601 Conciliorum,
3019 5533 3199 5588 factos
3228 5533 3408 5588 fuisse
3437 5540 3608 5584 cano-

1376 5628 1679 5686 EIUSDEM
1715 5622 2313 5680 ΝΟΤᾸΞΗΙΞΤΟΙΠΟΔΕ.

262 5711 285 5737 ³
312 5702 599 5772 Anastas.,
622 5699 711 5758 20.
