4010 6160
233 267 330 328 537

896 265 1446 323 INTEBPRETATIO
1479 263 1991 324 CHRONOLOGIE
2027 267 2082 324 S.
2133 266 2518 326 NICEPHORI.
2561 297 2635 310 --
2669 268 2843 325 PARS
2879 270 2944 325 II.

3519 261 3627 322 538

233 400 330 454 bus
355 393 704 463 cohaerentis,
731 396 832 464 aut
851 393 1216 449 consentanei
1240 392 1531 450 habeatur.
1561 395 1784 450 Possem
1811 400 1866 452 et
1889 394 1950 455 A
2041 395 2089 451 Α
2116 395 2331 452 Christi
2360 393 2589 451 Domini
2623 393 2920 450 nativitate
2957 407 3142 464 usque
3164 394 3233 450 ad
3264 389 3623 464 salutiferam

230 469 333 526 alia
364 465 686 537 hujusmodi
720 463 920 521 farina:
952 465 1130 520 multa
1160 465 1539 534 superaddere
1569 466 1864 537 synOptica

229 539 482 597 chronica
522 543 574 593 et
623 537 772 591 inter
807 538 1154 606 Grmcorum,
1195 537 1404 592 Suidaa.
1444 537 1548 591 Sed
1582 536 1719 606 quid
1751 538 1864 594 erit

229 611 405 683 pretii,
437 623 560 683 curn
592 614 649 664 et
667 608 874 683 Suidas
902 622 1060 683 atque
1086 608 1165 662 sit
1191 608 1551 683 depravatus,
1579 614 1634 662 et
1660 621 1728 662 ex
1753 609 1864 683 Ni:-

225 679 453 751 cephoro
481 681 547 735 ad
592 679 824 748 verbum
864 679 1542 751 videaturexscripsisse
1583 693 1764 750 usque
1787 681 1855 736 ad

225 749 557 822 Mi‘chaeiem,
587 752 880 821 sequentia
914 765 1044 806 vero
1073 749 1157 804 vel
1188 763 1256 805 ex
1294 763 1354 805 se
1383 750 1469 805 vel
1494 751 1630 806 aliis
1661 749 1863 807 recen-

227 824 461 882 tioribus
480 823 806 890 addidisse;
836 823 985 879 unde
1025 835 1217 890 quaeso
1242 836 1454 877 annum
1481 823 1724 878 conditae
1745 828 1860 878 tur-

225 898 297 952 ris
323 895 623 950 Nembroth
651 895 871 949 discere
903 897 1232 963 potuerunt,
1264 893 1364 962 qui
1402 891 1648 961 profecto
1677 908 1744 948 ex
1774 907 1861 949 ca-

225 967 432 1024 nonicis
479 965 648 1020 libris
690 966 824 1020 elici
877 979 987 1019 non
1021 969 1223 1032 potest,
1258 977 1358 1019 nec
1397 963 1708 1032 Hebraicis,
1759 979 1859 1022 nec

222 1038 418 1095 Graecis
459 1044 562 1092 aut
613 1037 852 1092 Latinis.
902 1037 1112 1092 Caetera
1159 1035 1327 1091 etiam
1373 1041 1508 1090 sunt
1541 1036 1710 1093 aliter
1733 1037 1862 1093 col-

221 1111 573 1180 lectaiquam
644 1109 914 1179 superius
975 1106 1171 1177 colligi
1245 1105 1448 1164 debere
1498 1107 1860 1164 demonstra-

221 1187 324 1239 tum
344 1179 438 1236 sit;

279 1252 364 1307 Sic
383 1264 518 1322 ergo
543 1251 812 1323 colligere
840 1249 1120 1321 capimus
1148 1249 1351 1322 prima,
1385 1255 1440 1306 et
1468 1250 1672 1306 addere
1700 1250 1862 1306 debe-

223 1337 330 1378 mus
355 1328 627 1378 extrema.

219 1394 353 1522 55ΰὲ
400 1393 582 1449 Adam
652 1407 833 1466 usque
889 1393 960 1451 ad
1015 1393 1239 1450 Christi
1303 1393 1656 1450 nativitatem
1721 1393 1858 1450 anni

1972 468 2099 536 ejus
2129 467 2470 552 passiopem,
2504 465 2976 522 resurrectionem
3002 463 3064 521 et
3087 466 3147 522 in
3186 463 3392 520 cmlum
3421 476 3627 520 ascen—

1971 536 2282 607 sum,‘anni
2315 536 2403 594 33.

2040 611 2088 666 A
2108 611 2320 666 Christi
2354 623 2599 680 ascensu
2631 622 2820 680 usque
2847 608 2916 664 ad
2944 607 3248 679 septimum
3277 605 3490 680 Justini
3519 605 3627 680 ,ξιι-

1970 682 2154 738 nioris
2179 696 2392 738 annum
2421 681 2557 737 anni
2586 676 2798 752 532,'id
2825 685 2910 736 est
2949 676 3102 737 unus
3131 692 3368 750 magnus
3395 676 3627 733 Pascha-

1970 753 2350 895 ωῗέἔέὲὲᾋο
2372 823 2583 880 Justini
2605 837 2753 880 anno
2784 836 2965 893 usque
2981 822 3048 878 ad
3076 822 3360 895 decimum
3384 819 3625 895 tertium

1967 891 2270 965 Theophili
2332 895 2697 965 imperatoris
2755 891 2988 966 annum,
3046 908 3158 966 quo
3211 892 3324 966 fuit
3353 891 3625 966 gindictio

1969 963 2192 1036 quinta,
2231 980 2401 1037 quam
2417 963 2432 965 ἡ
2449 966 2705 1022 nominat
2743 963 3117 1034 NicephOrus,
3139 1036 3142 1037 ν
3162 965 3299 1037 quia
3323 963 3628 1037 _Cedrenus

1968 1037 2050 1093 ait
2077 1035 2205 1120 eum
2239 1035 2543 1120 [mperium
2565 1037 3010 1120 coepisseinitio
3029 1035 3622 1120 indictionisoctavze,

1965 1114 2105 1235 ἓὲἓη
2129 1109 2265 1166 anni
2286 1106 2538 1166 universi
2564 1106 2672 1166 273
2687 1127 2701 1180 ;
2737 1108 2990 1166 universi
3015 1121 3047 1163 a
3071 1107 3302 1164 Christo
3329 1110 3462 1162 nato
3486 1106 3624 1161 anni

2098 1194 2136 1235 ³ο

2038 1222 2184 1323 Ergo
2204 1251 2456 1308 universi
2484 1266 2515 1308 a
2540 1251 2786 1323 condito
2805 1251 3019 1323 mundo
3041 1263 3224 1321 usque
3260 1249 3329 1323 ad
3353 1247 3624 1323 ultimum

1967 1319 2181 1378 annu'm
2235 1323 2538 1394 TheOphili
2587 1323 2720 1379 anni
2762 1320 2918 1378 6336.
2973 1319 3268 1394 Perperam
3301 1320 3484 1392 igitur
3533 1319 3626 1374 hic

1969 1395 2266 1465 colligitur
2303 1395 2362 1449 in
2412 1395 2716 1465 Nicephori
2747 1395 3050 1464 depravata
3088 1393 3375 1465 scriptura
3404 1403 3625 1448 summa

1970 1479 2246 1522 annorum
2267 1464 2428 1523 6350.

1428 1590 1730 1648 EJUSDEM
1768 1590 1975 1649 ΝΟΤΕ
2011 1592 2408 1651 ΗΙΒΤΟΙΠΟΕ.

276 1675 296 1711 .I
319 1662 672 1737 Sigebertus,
704 1660 830 1721 843.

1530 1993 1742 2067 PARS
1829 1992 2258 2064 SECUNDA.

1745 2163 2020 2180 ψ

797 2295 1060 2353 CAPUT
1119 2297 1245 2353 XV.

883 2433 1159 2476 AUGUSTE.

267 2545 553 2602 Theodora
605 2551 662 2606 et
716 2545 938 2616 Helene,
1001 2559 1207 2602 uxores
1269 2543 1610 2615 Constantii,
1673 2541 1852 2613 patris

209 2633 554 2692 Constantini
585 2635 792 2708 Magni.
819 2637 1044 2702 Fausta,
1073 2650 1218 2692 uxor
1245 2633 1605 2692 Constantini
1637 2631 1844 2702 Magni.

212 2723 447 2794 Eusebia,
481 2725 1079 2796 Constantii.Helena,
1105 2724 1289 2796 Magni
1319 2721 1677 2780 Constantini
1709 2720 1846 2783 ﬁlia.

1885 2287 1936 2348 Β
1966 2296 2156 2348 nasset
2185 2293 2254 2350 ad
2285 2291 2641 2365 alienigenas
2677 2303 2882 2347 uxores
2911 2293 2966 2346 et
2990 2292 3251 2345 externas
3275 2279 3626 2341 ceremonias

1965 2380 2308 2528 iugulata
2341 2470 2499 2528 ﬁlius
2529 2471 2736 2543 ipsius,
2776 2469 2946 2526 annis
2984 2465 3229 2524 duobus.

2031 2557 2222 2616 BBasa
2267 2559 2382 2632 (hic
2412 2561 2623 2616 delevit
2668 2561 2901 2617 domum
2950 2552 3306 2626 Hieroboam)
3335 2550 3503 2608 annis
3533 2547 3628 2604 vi-

1962 2649 2108 2722 ginti
2141 2655 2404 2720 quatuor.

2034 2734 2066 2792 4
2095 2738 2248 2807 Heia,
2291 2739 2449 2794 ﬁlius
2475 2738 2659 2808 illius,
2687 2737 2795 2795 sub
2840 2751 2952 2809 quo
2993 2737 3093 2791 JEU
3133 2731 3427 2804 prepheta,
3455 2728 3626 2787 annis

211 2827 332 2868 uxor
377 2813 603 2870 Iuliani
651 2811 746 2864 τοῦ
792 2804 1088 2887 πραϐἇτου,
1123 2811 1596 2883 praevaricatoris.
1653 2809 1850 2864 Karita

2005 2827 2207 2883 uohus.

210 2891 308 2962 (seu
329 2903 576 2974 Karito),
592 2903 900 2973 Joviniani,
927 2904 1125 2959 Severa
1147 2908 1203 2958 et
1225 2904 1383 2959 Justa
1411 2902 1427 2972 [
1445 2902 1544 2964 aL,
1565 2894 1848 2970 Justina],

213 3004 392 3046 uxores
407 2991 805 3047 Valentiniani
826 2991 1033 3062 Magni.
1054 2991 1369 3061 Dominica,
1397 2988 1668 3046 Valentis.
1691 2986 1855 3044 Galla

210 3079 525 3143 etPlacilla,
557 3080 860 3137 Theodosii
889 3081 1096 3151 Magni.
1132 3080 1412 3148 Eudoxia,
1445 3076 1695 3133 Arcadii.
1735 3077 1857 3131 Eu-

212 3167 375 3239 doxia,
402 3169 719 3225 Theodosii
755 3169 1032 3226 Junioris.
1075 3169 1398 3237 Pulcheria,
1431 3165 1716 3222 Martiani.
1742 3165 1856 3220 Ve—

215 3255 338 3326 rina,
357 3258 572 3314 Leonis
587 3257 794 3328 Magni.
811 3257 1077 3313 Ariadne.
1095 3257 1351 3314 Zenonis.
1370 3256 1572 3310 Eadem
1586 3253 1759 3308 Ariad
1769 3265 1856 3306 ne,

213 3340 498 3399 Anastasii.
537 3343 874 3415 Euphemia,
905 3343 1117 3400 Justini
1148 3343 1340 3414 primi.
1369 3341 1660 3397 Theodora
1690 3333 1863 3394 Justi‘

217 3430 352 3486 niani
393 3433 618 3505 Magni.
663 3433 896 3502 Sophia,
949 3433 1184 3488 Justini.
1236 3429 1557 3500 Anastasia,
1616 3426 1855 3483 Tiberii.

216 3516 596 3592 Constantina,
628 3520 910 3576 Mauritii.
931 3521 1184 3582 Leontia,
1217 3521 1433 3576 Phocae.
1469 3516 1658 3573 Flavia
1681 3514 1864 3571 Eudo.

2033 2912 2292 2985 5Zamri,
2322 2931 2518 2974 servus
2557 2918 2701 2988 ejus,
2731 2916 2830 2988 qui
2867 2915 3033 2972 illum
3061 2911 3370 2981 interfecit,
3404 2905 3624 2965 mensi-

1965 3001 2073 3058 bus
2094 3010 2326 3073 septem.

2035 3091 2070 3147 6
2099 3091 2278 3164 Amri,
2306 3095 2474 3150 annis
2504 3094 2805 3150 duodecim

2036 3178 2071 3236 7
2091 3181 2301 3250 Achab,
2336 3183 2492 3239 ﬁlius
2521 3185 2664 3253 ejus,
2699 3183 2807 3239 sub
2837 3196 2950 3254 quo
2979 3181 3135 3237 Elias
3163 3177 3434 3251 propheta
3466 3173 3620 3230 clau-

1969 3269 2293 3339 sitcmlum,
2330 3278 2384 3326 et
2416 3271 2702 3327 interfecit
2743 3271 3063 3327 sacerdotes
3105 3267 3256 3338 Baal,
3309 3263 3480 3320 annis
3520 3261 3617 3316 vi—

1971 3357 2117 3430 ginti
2149 3358 2390 3415 duobus.

2042 3449 2081 3506 8
2105 3450 2402 3510 Ochosias.
2432 3448 2590 3506 ﬁlius
2617 3449 2812 3518 hujus,
2851 3446 3020 3503 annis
3048 3443 3294 3502 duobus.

2043 3541 2079 3598 9
2105 3544 2312 3610 Joram,
2346 3538 2520 3595 frater
2548 3539 2695 3610 ejus,
2723 3550 2888 3608 quem
2922 3534 3136 3591 occidit
3161 3535 3262 3588 Jeu
3301 3528 3614 3587 secundum

216 3607 307 3699 ρίετ
329 3616 394 3699 κεῖ
423 3609 714 3699 “animi
744 3610 1012 3666 Heraclii'
1065 3609 1424 3680 Ηθτδοίθοηθθ
1477 3603 1860 3699 ε9ηὲί³¹¹ίίηξ’
1897 3621 1944 3683 C
1975 3631 2208 3688 verbum
2239 3603 2506 3699 Domini;
2541 3603 2760 3698 subque
2789 3627 2892 3682 hoc
2929 3623 3200 3695 propheta
3228 3619 3341 3678 fuit
3369 3617 3616 3684 Eliseus,

216 3697 538 3770 Iustiniani,
595 3698 897 3755 Arthemii.
946 3699 1145 3768 Maria,
1195 3699 1398 3754 Leonis
1451 3696 1621 3768 primi
1656 3693 1864 3764 Isauri,

218 3787 351 3843 lrene
377 3788 655 3859 Chazara,
681 3787 1061 3844 Constantini.
1110 3789 1289 3844 Maria
1319 3786 1571 3843 Eudocia
1607 3795 1648 3854 ι,
1687 3786 1866 3853 lrene,

217 3873 466 3946 Athenea,
527 3876 733 3932 Leonis
783 3877 1054 3946 secundi;
1097 3877 1197 3948 qui
1249 3876 1540 3932 Chazares.
1590 3872 1770 3928 Maria
1815 3875 1873 3926 et

217 3961 507 4036 Theodore,
540 3965 920 4022 Constantini.
970 3965 1235 4021 Thebano
1283 3962 1410 4038 [aI.,
1442 3955 1870 4034 Theophanio],

217 4055 498 4116 staucatii.
553 4055 846 4126 ProcOpia,
893 4055 1209 4111 Michaelis.
1268 4052 1606 4123 Theodosia,
1644 4049 1867 4107 Leonis.

220 4138 402 4198 Thecla
443 4149 504 4200 et
537 4143 926 4215 Euphrosyne,
968 4143 1285 4200 Michaelis.
1330 4131 1645 4210 Theodora,
1686 4139 1876 4197 Theo-

224 4229 372 4298 phili.
403 4232 662 4288 Eudocia
692 4232 1004 4304 Michaelii,
1057 4231 1312 4289 Eudocia
1355 4228 1558 4287 Basilii
1583 4226 1612 4268 δ
1645 4269 1658 4282 .

835 4408 1056 4465 CAPUT
1095 4408 1240 4465 XVI.

223 4554 369 4621 Reges
397 4555 582 4608 decem
612 4553 852 4608 tribuum
880 4553 1051 4607 Israel
1073 4559 1132 4606 in
1173 4553 1447 4614 Samaria,
1489 4569 1523 4606 a
1549 4552 1880 4621 temporibus

285 4626 517 4679 Roboam
579 4625 684 4694 ﬁlii
739 4624 1041 4679 Salo-monis
1115 4639 1285 4692 usque
1334 4625 1409 4678 ad
1487 4624 1881 4677 traductionem

286 4698 342 4820 fin
387 4697 652 4764 Assyrios
709 4696 950 4750 tribuum
978 4694 1156 4750 decem
1196 4695 1296 4749 sub
1324 4694 1554 4749 Ezechia
1603 4710 1728 4762 rege
1772 4697 1882 4749 Ju—

326 4784 431 4821 aee.

291 4871 314 4928 4
345 4875 664 4946 Jeroboam,
709 4889 908 4931 servus
935 4874 1276 4943 Salomonis,
1325 4873 1564 4945 ungitur
1593 4873 1663 4929 ab
1700 4872 1879 4930 Achia

1975 3720 2146 3777 annis
2160 3717 2482 3775 duodecim.

2051 3807 2116 3864 40
2142 3811 2279 3864 Jeu:
2337 3811 2545 3863 unctus
2607 3819 2639 3861 a
2679 3802 2970 3874 discipulo
3029 3801 3205 3857 Elisei
3261 3799 3329 3856 ad
3377 3795 3619 3854 exitium

1979 3899 2186 3955 domus
2227 3895 2438 3967 Achab,
2489 3895 2802 3952 secundum
2848 3891 3202 3966 prophetiam
3247 3888 3405 3946 Elite.
3453 3884 3624 3941 annis

1981 3986 2189 4060 viginti
2223 3991 2366 4043 octo.

2058 4072 2115 4130 ii
2141 4076 2398 4144 Joachaz,
2444 4088 2612 4146 quem
2653 4073 2861 4130 aﬁlixit
2889 4077 3117 4128 vastans
3149 4080 3385 4140 regnum
3438 4063 3627 4136 ipsius

1983 4165 2170 4236 Azael,
2207 4178 2301 4220 rex
2339 4163 2536 4235 Syriae,
2569 4164 2739 4219 annis
2769 4161 3193 4233 septemdecim.

2057 4252 2126 4310 li
2151 4255 2298 4325 Joas,
2337 4252 2444 4308 sub
2483 4266 2595 4324 quo
2642 4252 2869 4308 Eliseus
2907 4251 3181 4321 propheta
3226 4245 3521 4303 victoriam
3559 4241 3629 4298 de

1982 4343 2141 4416 Syris
2185 4342 2455 4413 praedixit
2495 4347 2552 4397 et
2591 4339 2870 4396 miracula
2899 4339 3104 4408 edidit,
3148 4337 3319 4394 annis
3360 4333 3627 4390 sedecim.

2059 4429 2126 4488 43
2147 4431 2460 4502 Jeroboam,
2490 4430 2595 4488 sub
2626 4444 2739 4502 quo
2757 4430 2927 4487 Jonas
2957 4427 3250 4499 pr0pheta,
3283 4423 3451 4480 annis
3483 4433 3632 4493 qua-

1989 4519 2325 4578 tuordecim.

2062 4606 2128 4664 ii
2153 4607 2472 4677 Zacharias,
2516 4608 2575 4664 in
2613 4621 2726 4678 quo
2754 4605 3033 4677 completa
3059 4602 3172 4660 fuit
3199 4600 3497 4674 pr0phetia
3521 4599 3634 4656 Eli-

1989 4698 2106 4767 sei;
2159 4697 2497 4768 promiserat
2547 4697 2699 4752 enim
2755 4697 2905 4751 Deus
2953 4707 3051 4766 per
3111 4693 3264 4749 hunc
3323 4691 3634 4746 duraturos

1983 4787 2055 4843 ab
2102 4787 2226 4857 ipso
2267 4800 2425 4857 reges
2466 4785 2814 4842 Israeliticos
2859 4784 2919 4840 in
2963 4787 3221 4856 quartam
3267 4779 3628 4853 progeniem;

1983 4875 2160 4946 hujus
2189 4879 2325 4930 sunt
2348 4888 2522 4930 mens.
2554 4888 2670 4930 sex.

231 4963 515 5035 prepheta,
575 4963 727 5034 quod
788 4963 1060 5021 dominus
1112 4963 1302 5035 ipsius
1368 4962 1632 5020 Salomon
1693 4955 1965 5020 decli-D
2057 4963 2124 5022 15
2146 4964 2380 5035 Selium,
2412 4961 3066 5036 interfectorZaeharize,
3091 4975 3267 5020 mens.
3290 4975 3488 5019 unum.

1461 5098 1526 5154 A.
1569 5097 1775 5154 CONTI
1821 5098 2023 5156 NOTAE
2061 5098 2456 5155 HISTORICJE.

291 5222 313 5250 ⁸
339 5214 583 5288 Videtur
637 5213 956 5288 legendum,
997 5229 1064 5273 ex
1101 5214 1240 5272 aliis
1286 5213 1432 5271 locis
1461 5229 1585 5287 quae
1633 5213 1876 5285 contuli,

233 5300 341 5353 quae
367 5291 419 5340 et
443 5287 717 5341 Eudoxia.

295 5354 432 5413 bAd
510 5357 963 5430 suprascriptum
1052 5357 1440 5430 Augustarum
1534 5358 1876 5430 catalogum,

237 5434 436 5496 quanta
473 5430 765 5498 potuimus
785 5429 893 5485 ﬁde
917 5443 948 5486 a
974 5429 1569 5493 nobis'emaculatum,
1604 5429 1752 5486 nihil
1773 5429 1884 5484 ad-

238 5499 540 5554 notandum
565 5500 880 5558 arbitratus
904 5516 1051 5572 sum,
1073 5501 1218 5556 hanc
1243 5501 1446 5558 otiosis
1471 5515 1664 5557 curam
1691 5500 1884 5557 luben-

242 5572 317 5628 ter
341 5572 752 5632 transmittens.
788 5571 1240 5634 Possuntautem
1271 5587 1338 5631 ex
1367 5573 1638 5646 Cedreno,
1668 5575 1883 5632 Zonara

1987 5221 2043 5272 et
2071 5215 2225 5290 aliis,
2260 5215 2602 5290 tam‘horum
2633 5227 2800 5290 quam
2832 5214 3193 5290 sequentium
3227 5214 3630 5290 imperatorum

1987 5280 2258 5359 conjuges
2287 5287 2530 5343 addisci.
2559 5280 2941 5343 Ex'Suetonib
2972 5300 3102 5342 vero
3125 5280 3633 5359 Spar_tiano,_Capi-

1989 5355 2192 5438 tolipo'.
2233 5359 2581 5438 Lampridio.
2608 5363 2766 5438 ,διο-ν
2799 5359 3178 5438 superem!!!
3243 5355 3628 5438 ᾼιιςιιὲφδῖξξξὶι

1989 5419 2278 5502 conjuges,
2315 5419 2385 5486 ut'
2406 5419 2856 5499 Livia'Augu'sti,
2891 5419 3110 5502 Plotini!
3135 5419 3382 5502 Trajani_,
3423 5419 3628 5502 Sabina

1979 5490 2568 5574 -Adriahi,'Faustina
2593 5503 2654 5556 D.
2683 5490 2795 5572 'Pii,
2824 5490 2878 5558 et
2901 5499 3018 5556 alia
3060 5490 3300 5553 Faustae
3340 5496 3402 5548 D.
3456 5490 3627 5544 Marci
