4018 6160
440 313 548 372 539

515 441 582 498 46
610 443 925 516 Manahem,
956 457 1088 501 ann.
1131 441 1338 500 decem.

516 529 582 587 47
607 532 869 604 Phaceas,
904 533 1062 591 ﬁlius
1091 533 1454 605 Manathemi,
1488 546 1618 590 ann.
1659 532 1904 590 duobus.

513 621 582 678 48
605 624 836 696 Phacea,
873 624 1032 680 ﬁlius
1061 625 1336 694 Romelia,
1369 637 1504 679 ann.
1548 623 1794 696 viginti;
1840 621 1947 680 sub
1976 636 2088 695 quo

443 711 677 768 fuerunt
695 713 873 768 Isaias
901 718 958 769 et
985 715 1163 769 Naum
1194 713 1501 784 prophetae.

514 798 582 856 49
609 799 769 872 Osee,
826 801 985 857 ﬁlius
1040 802 1198 873 Eliaz,
1251 801 1584 858 interfector
1632 802 1880 874 Phaceae,
1918 801 2089 858 annis

444 905 659 948 novem.
708 892 890 961 Hujus
939 897 1190 964 tempore
1229 886 1674 965 Salamanasser,
1725 891 2088 964 Assyriorum

443 995 561 1049 rex,
593 981 747 1051 cepit.
769 986 941 1037 totam
963 981 1296 1052 Samariam,
1316 987 1372 1037 et
1397 995 1582 1053 regem
1611 981 1798 1052 ipsius
1821 986 1879 1037 et
1908 986 2089 1038 totum

443 1069 636 1141 Israel,
669 1072 921 1140 exceptis
949 1071 1174 1128 duabus
1201 1072 1343 1127 Juda
1380 1070 1654 1127 tribubus
1687 1076 1744 1126 et
1773 1070 2087 1143 Benjamin,

427 1163 568 1214 ‘cum
601 1163 749 1214 esset
770 1173 865 1214 rex
890 1160 1298 1231 Hierosolymis
1327 1160 1613 1216 Ezechias.
1645 1159 1974 1216 Introduxit
1997 1172 2094 1215 au-

443 1253 554 1304 tem
581 1248 638 1304 in
665 1255 871 1304 terram
905 1249 1064 1305 illam
1102 1250 1384 1322 Chutzeos,
1421 1255 1484 1306 ut
1511 1256 1805 1318 vocantur,
1842 1248 2096 1305 colloca—

440 1338 638 1408 vitque
687 1337 744 1393 in
783 1338 1045 1394 :Samaria
1089 1344 1144 1394 et
1192 1339 1436 1396 urbibus
1469 1354 1500 1395 a
1553 1354 1614 1395 se
1659 1339 1896 1394 vastatis
1925 1342 2094 1408 atque

441 1425 645 1494 captis.
675 1426 740 1480 Hi
779 1427 905 1482 suis
932 1428 1051 1484 diis
1093 1429 1434 1494 serviebant,
1474 1435 1528 1484 et
1572 1428 1699 1484 ideo
1728 1429 1878 1483 Deus
1909 1427 2094 1482 iratus

445 1515 690 1572 immisit
719 1516 804 1572 eis
834 1517 1043 1590 leones,
1075 1532 1106 1574 a
1147 1518 1360 1589 quibus
1391 1518 1480 1574 illi
1507 1518 1945 1574 devorabantur.

514 1607 626 1661 Hac
659 1621 716 1662 re
762 1610 819 1663 et
857 1622 1027 1664 causa
1066 1610 1318 1680 cognita,
1370 1623 1466 1664 rex
1517 1608 1884 1679 Assyriorum
1929 1608 2096 1664 misit

387 1729 396 1736 ρ
445 1697 734 1752 Israelitas
758 1698 824 1754 ad
867 1713 964 1754 eos
987 1714 1116 1756 cum
1161 1699 1557 1756 sacerdotibus
1587 1699 1686 1769 qui
1731 1699 1887 1768 ipsos
1915 1698 2096 1754 doce-

1672 313 2028 373 ANASTASII
2072 313 2378 374 BIBLIOTH
2387 313 2612 372 ECARII
3687 314 3772 372 540

2124 446 2182 506 Α
2200 449 2336 504 runt
2357 459 2529 503 sacrm
2549 443 2878 517 Scripturaa,
2911 447 3018 500 tem
3028 454 3160 514 pore
3181 441 3452 499 Ptolemaei
3477 444 3627 517 regis.

2267 533 2339 591 26
2368 538 2638 591 Manasse.

2267 620 2338 680 27
2370 624 2566 690 Onias.
2597 624 2849 681 Simonis
2887 621 3065 680 ﬁlius.

2270 712 2342 771 28
2364 715 2579 786 Simon,
2599 714 2758 770 Onia:
2775 713 2952 783 ﬁlius,
2967 713 3136 783 cujus
3154 711 3402 768 meminit
3421 713 3589 784 Jesus,
3615 713 3780 772 Sirach

2203 803 2383 874 ﬁlius,
2421 804 2479 860 in
2509 804 2800 874 Sapientia
2827 817 2950 860 sua.

2271 891 2341 949 29
2369 893 2622 950 Simonis
2676 893 2782 948 ﬁlii
2839 896 2987 948 tres:
3036 890 3230 962 Onias,
3291 891 3470 962 Jason,
3520 891 3778 950 Menelaus.

2200 983 2268 1038 Hi
2303 983 2582 1038 adversati
2621 981 2734 1037 sibi
2778 986 2996 1050 mutuo,
3049 995 3169 1037 sese
3207 986 3530 1036 everterunt.
3577 981 3786 1038 Horum-

2203 1086 2312 1144 que
2340 1072 2693 1143 temporibus
2731 1071 2834 1128 illa
2863 1070 3119 1128 facinora
3155 1070 3468 1143 designavit
3493 1069 3782 1142 Antiochus,

2203 1162 2428 1219 sublato
2448 1161 2716 1218 Menelao.

2275 1251 2363 1309 30.
2390 1251 2650 1308 Alcimus
2686 1250 3028 1324 alienigena,
3073 1249 3420 1307 constitutus
3447 1247 3662 1305 Menelai
3689 1248 3789 1305 loco

2205 1340 2276 1397 ab
2304 1341 2604 1399 Antiocho.

2273 1428 2334 1486 34
2365 1431 2539 1486 Judas
2577 1428 2965 1499 Machaabaeus,
3002 1433 3060 1487 et
3083 1427 3370 1499 Jonathas,
3408 1431 3464 1483 et
3491 1427 3666 1483 Simon
3686 1440 3790 1482 cum

2203 1518 2482 1576 fratribus

2273 1607 2344 1665 32
2369 1611 2630 1680 Joannes,
2673 1609 2772 1679 qui
2822 1614 2876 1664 et
2924 1611 3236 1679 Hyrcanus,
3276 1606 3519 1662 Simonis
3550 1603 3703 1659 ﬁlius.

2272 1696 2341 1754 33
2373 1698 2762 1769 Aristobulus,
2804 1699 3044 1770 Hyrcani
3082 1697 3264 1769 ﬁlius,
3299 1695 3398 1767 qui
3425 1699 3546 1764 post
3587 1692 3798 1748 Alexan-

443 1793 570 1843 rent
595 1787 770 1859 legem
801 1794 856 1844 et
877 1790 1293 1846 venerationem
1337 1791 1438 1845 Dei
1470 1789 1687 1846 aiterui.
1721 1787 2093 1845 Admiserunt
2119 1771 2172 1832 Β
2201 1789 2362 1845 dram
2387 1793 2620 1844 matrem
2645 1795 2916 1858 necatam,
2945 1788 3208 1844 diadema
3234 1786 3347 1842 sibi
3373 1783 3646 1854 imposuit.

442 1881 629 1933 autem
645 1881 863 1934 tantum
875 1880 1037 1937 modo
1050 1881 1265 1950 scripta
1291 1879 1536 1953 Moysis;
1565 1885 1621 1935 et
1641 1878 1892 1936 colentes
1915 1880 2089 1934 Deum

377 1993 385 1999 -
441 1975 737 2041 internum,
760 1984 869 2026 non
893 1971 1254 2042 reliquerunt
1286 1971 1455 2026 idola.

511 2061 723 2116 Horum
753 2061 964 2130 posteri
994 2066 1130 2117 sunt
1152 2060 1446 2116 Samaritae
1469 2060 1528 2115 in
1556 2059 1897 2116 hodiernum
1915 2059 2089 2130 diem,

441 2149 625 2206 solum
663 2151 1074 2207 Pentateuchos
1108 2154 1526 2220 conservantes,
1559 2155 1614 2206 et
1635 2147 1919 2222 fugientes
1947 2161 2095 2205 con-

441 2241 806 2298 suetudinem
830 2241 1176 2300 Judaeorum.

962 2389 1244 2458 Pontiﬁces
1281 2389 1341 2441 in
1370 2387 1560 2442 Israel.

515 2511 538 2568 4
571 2513 778 2583 Aaron,
813 2511 886 2568 ab
934 2513 1256 2568 Abrahamo
1297 2513 1598 2583 septimus,
1655 2511 1895 2583 reliquit
1938 2511 2090 2568 ﬁlios

417 2597 420 2600 ’
442 2601 608 2670 duos,
634 2599 864 2656 Eleazar
889 2606 944 2657 et
964 2602 1230 2656 Ithamar.

507 2689 544 2745 2
571 2690 818 2760 Eleazar,
854 2691 961 2746 sub
996 2705 1108 2762 quo
1141 2690 1387 2746 decessit
1424 2692 1660 2762 Moyses,
1694 2693 1749 2745 et
1789 2694 1875 2745 est
1903 2690 2090 2747 divisa

442 2783 605 2835 terrae
639 2780 924 2849 possessio
956 2793 1053 2850 per
1083 2781 1331 2851 Josuam,
1355 2783 1411 2835 et
1441 2778 1870 2836 tabernaculum
1917 2779 2092 2835 testi-

443 2870 619 2926 monii
647 2870 818 2925 ﬁxum
862 2870 920 2926 in
951 2871 1194 2926 deserto.

417 2955 424 2960 ’
511 2955 546 3013 3
566 2959 826 3029 Phinees,
844 2959 1096 3015 Eleazari
1122 2958 1300 3030 illius,
1327 2973 1458 3015 cum
1477 2959 1747 3017 omnibus
1763 2957 2092 3040 senioribus

443 3048 1002 3119 populumjudicans
1040 3047 1213 3119 Abiu,
1247 3048 1436 3119 Bechi,
1468 3049 1588 3105 Ozi.

513 3135 548 3192 4
573 3137 717 3209 Heli,
742 3151 810 3193 ex
841 3138 1106 3194 Ithamar.
1165 3157 1168 3160 λ

415 3222 422 3228 ’
512 3224 548 3283 5
571 3226 875 3298 AchitOph,
925 3227 1033 3284 sub
1059 3242 1172 3299 quo
1199 3228 1444 3284 Samuel.

513 3315 547 3371 6
569 3314 868 3388 Abiathar,
887 3331 1016 3372 cum
1038 3319 1268 3374 Davide.

513 3403 550 3460 7
578 3407 775 3475 Zadoc,
804 3421 872 3462 ex
890 3407 1057 3464 domo
1079 3408 1353 3478 Eleazari,

511 3494 548 3551 8
575 3496 864 3569 Achimas,
897 3495 1112 3553 Azarize
1152 3497 1310 3554 ﬁlius
1341 3497 1447 3553 ﬁlii
1470 3497 1733 3554 Amariaa.

512 3583 547 3642 9
575 3586 828 3656 Azarias,
879 3587 956 3643 ob
991 3589 1277 3644 ardentem
1315 3587 1669 3643 aﬁ‘ectionem
1701 3587 1915 3642 amoris
1960 3600 2093 3659 erga

417 3680 638 3738 'Deum.
673 3678 772 3747 qui
804 3681 890 3733 est
933 3677 1157 3733 scilicet
1181 3667 1336 3738 ζὴλος
1366 3669 1533 3738 Θεοῦ,
1578 3675 1930 3732 interfectus.

519 3765 586 3824 10
615 3766 837 3835 Azaria,
875 3765 976 3835 qui
1009 3764 1310 3834 prohibuit
1336 3763 1529 3819 Oziam
1566 3763 1829 3835 ingressu
1866 3765 1926 3819 in
1971 3765 2094 3822 loca

411 3857 624 3926 fsacra.

408 3941 414 3950 ’
517 3941 578 3999 44
613 3943 780 3999 Urlas
803 3943 989 3999 ﬁdelis
1014 3942 1176 3999 Isaiae

517 4031 586 4091 42
611 4033 883 4108 Sommas,
937 4047 1143 4103 pravus
1176 4037 1232 4090 et
1257 4031 1630 4106 libidinosus,
1665 4039 1915 4107 tempore
1952 4036 2097 4092 Eze—

405 4121 408 4126 ’
439 4124 588 4179 "chize
611 4121 779 4193 regis.

519 4211 584 4268 43
608 4214 867 4284 Eliazim,
901 4213 1112 4270 Sellum
1161 4213 1336 4270 ﬁlius.

520 4301 585 4360 44
608 4303 887 4376 Chelcias,
919 4304 1027 4361 sub
1047 4305 1198 4360 Josia
1239 4318 1365 4376 rege
1391 4303 1626 4374 optimo.

520 4394 586 4452 45
613 4395 811 4451 Sareas
859 4399 1110 4466 tempore
1135 4409 1200 4451 eo
1236 4409 1348 4465 quo
1385 4394 1568 4450 Judaei
1609 4393 1821 4463 captivi
1856 4393 2091 4452 abducti

445 4485 887 4556 sunt'Babylona
917 4497 949 4540 a
978 4484 1552 4540 Nabuchodonosore.

393 4643 410 4654 θ
518 4574 584 4632 46
605 4575 924 4644 Jossedech,
961 4587 1127 4644 quem
1167 4572 1426 4628 Ezechiel
1461 4573 1645 4629 Saduc
1683 4573 1956 4629 nominat.
1989 4574 2094 4632 Hic

421 4661 559 4720 'l‘uit
584 4665 864 4735 Babylone
889 4665 1037 4719 inter
1064 4663 1338 4732 captivos.

395 4741 431 4754 ”
518 4751 582 4810 47
601 4755 782 4822 Jesus,
808 4754 964 4809 ﬁlius
985 4753 1109 4822 ejus
1131 4770 1145 4816 ς
1167 4751 1266 4822 qui
1296 4752 1472 4808 rediit
1498 4752 1557 4808 in
1585 4753 1848 4824 patriam,
1877 4759 1932 4810 et
1960 4757 2096 4811 tem-

399 4837 406 4861 ³
446 4845 602 4915 plum
655 4843 998 4898 instauravit
1025 4856 1154 4898 cum
1193 4840 1518 4898 Zorobabel.

519 4931 586 4990 48
611 4933 887 5004 Joachim,
914 4934 1045 4989 Jesu
1067 4933 1244 4990 ﬁlius.

519 5019 585 5078 49
605 5023 842 5093 Eliasib,
879 5023 1037 5081 ﬁlius
1060 5025 1294 5080 Joacim.

516 5111 586 5169 20
614 5115 802 5183 Jodae,
823 5113 1062 5169 Eliasibi
1085 5113 1261 5184 ﬁlius,
1283 5112 1389 5170 sub
1407 5127 1520 5185 quo
1549 5113 1850 5171 Nehemias
1882 5115 2096 5172 instau-

395 5247 402 5278 ᾖ
447 5202 595 5258 ravit
617 5201 1062 5272 Hierosolymam
1092 5208 1149 5258 et
1183 5216 1378 5259 muros
1394 5200 1609 5259 refecit.

513 5287 578 5347 24
612 5293 800 5348 Jonas.

516 5378 589 5437 22
615 5381 812 5452 Jaddo,
836 5386 1086 5451 tempore
1113 5381 1421 5438 Alexandri
1453 5382 1608 5454 regis
1630 5382 2018 5439 Macedonum.

515 5467 587 5528 23
609 5471 803 5527 Onias.

391 5557 400 5564 ’
515 5557 586 5615 24
615 5559 831 5632 Simon,
858 5561 956 5616 Dei
981 5574 1195 5616 amans.

2271 1874 2341 1933 34
2367 1879 2627 1948 Joannes,
2662 1878 2762 1949 qui
2799 1883 2855 1932 et
2878 1879 3142 1933 Jannaeus
3165 1881 3222 1931 et
3264 1873 3585 1930 Alexander.

2270 1963 2341 2022 35
2383 1969 2674 2038 Hyrcanus
2749 1980 2914 2038 quem
2935 1962 3308 2029 Aristobulus
3357 1961 3524 2018 frater
3558 1961 3669 2029 ejus
3716 1972 3802 2013 ex—

2203 2055 2386 2127 pulit:
2420 2055 2721 2126 Pompeius
2753 2069 2882 2111 vero
2906 2056 3214 2124 imperator
3245 2049 3646 2122 confugientem
3669 2048 3726 2103 ad
3754 2059 3802 2101 se

2200 2147 2520 2216 Hyrcanum
2563 2144 2837 2200 restituit.
2881 2143 3002 2211 Quo
3050 2149 3306 2211 temporc
3349 2139 3578 2208 subjecti
3608 2135 3803 2192 fuerunt

2201 2233 2583 2290 Romanorum
2613 2233 2825 2288 ditioni
2859 2232 3060 2288 Judaei.
3108 2231 3186 2286 Ac
3214 2227 3578 2285 Aristobulus
3612 2224 3802 2296 quidem

2200 2323 2429 2380 vinctus
2449 2323 2680 2380 Romam
2701 2322 2953 2378 mittitur
2972 2335 3004 2376 a
3026 2320 3296 2390 Pompeio
3317 2337 3332 2388 ;
3359 2320 3634 2388 Hyrcanus
3651 2318 3804 2368 autem

2204 2417 2433 2486 capitur
2468 2429 2500 2470 a
2548 2413 2797 2482 Parthis;
2871 2411 3194 2483 Antigonus
3242 2422 3380 2465 vero
3428 2406 3576 2462 ﬁlius
3615 2402 3808 2458 Aristo-

2205 2505 2327 2560 buli
2359 2511 2414 2560 et
2441 2505 2562 2575 ipse
2600 2503 2963 2559 interﬁcitur.

2271 2593 2340 2649 36
2369 2594 2658 2650 Ananelus
2687 2593 3030 2664 alienigena,
3065 2603 3228 2662 quem
3271 2585 3561 2645 constituti
3583 2582 3804 2638 Herodes.

2270 2681 2338 2738 3’7
2367 2683 2758 2751 Aristobulus,
2821 2679 3062 2752 Hyrcani
3121 2679 3305 2749 ﬁlius,
3374 2689 3538 2748 gener
3587 2668 3806 2739 Ananeli,

2201 2773 2467 2829 suhlatus
2495 2772 2566 2826 ab
2596 2770 2831 2826 Herode.

2270 2859 2341 2917 38
2365 2859 2672 2925 Ananelus,
2709 2859 2916 2915 iterum
2937 2857 3008 2913 ab
3023 2857 3239 2914 Herode
3277 2853 3634 2912 constitutus.

2271 2950 2340 3007 39
2358 2951 2574 3012 Simon.
2599 2949 2770 3005 Boeth
2803 2948 2980 3016 ﬁlius,
3018 2961 3177 3004 socer
3205 2945 3469 3002 Herodis.

2273 3039 2340 3097 40
2372 3040 2664 3108 Matthias,
2695 3038 2998 3109 Theophili
3037 3038 3214 3093 ﬁlius.

2123 3148 2172 3210 α
2272 3127 2332 3184 44
2363 3131 2576 3199 Joazar,
2620 3128 2780 3185 ﬁlius
2830 3127 3026 3183 socius
3071 3125 3340 3197 Herodis,
3393 3121 3499 3180 sub
3543 3132 3648 3191 quo
3675 3118 3814 3172 natus

2203 3225 2289 3276 est
2307 3220 2594 3275 Christus.

2273 3307 2343 3365 42
2361 3309 2610 3365 Eleazar.

2273 3397 2342 3456 43
2368 3401 2551 3470 Jesus,
2583 3397 2731 3454 Osiaa
2753 3395 2927 3452 ﬁlius.

2318 3502 2344 3543 4
2372 3502 2587 3543 Joazar.

2318 3519 2320 3524 τ
2505 3502 2534 3542 a
2575 3529 2587 3543 .

2276 3487 2345 3634 ἐξ
2372 3491 2624 3645 Ἅοιῗέηιῖε,
2659 3574 2766 3631 sub
2801 3587 2914 3644 quo
2934 3573 3148 3629 Christi
3188 3571 3495 3627 manifesta
3528 3563 3760 3624 doctrina
3776 3562 3820 3612 et

2207 3666 2484 3726 miracula
2551 3668 2686 3721 sunt
2752 3663 3035 3718 inchoata.
3102 3663 3263 3718 Hunc
3331 3662 3586 3717 Ananum
3646 3655 3822 3709 Gratus

2206 3771 2413 3831 praeses
2426 3757 2586 3811 Rom.
2614 3753 2897 3826 dignitate
2925 3756 2981 3807 et
3003 3765 3235 3808 munere
3255 3750 3527 3823 privavit,
3550 3741 3822 3804 constituto

2209 3849 2372 3905 illius
2405 3847 2528 3903 loco
2556 3843 2810 3902 Ismaelo.

2277 3935 2345 3993 46
2375 3938 2626 4006 Eleazar,
2665 3931 2848 3991 Anani
2897 3932 3072 3989 ﬁlius.

2276 4024 2344 4083 47
2371 4027 2586 4083 Simon.

2275 4113 2344 4173 48
2370 4117 2615 4188 Caiphas
2649 4121 2705 4173 et
2736 4115 2962 4186 Joseph,
3011 4127 3182 4187 gener
3227 4113 3443 4170 Anani.
3479 4110 3700 4166 Ananus
3737 4112 3831 4154 au-

2206 4214 2315 4263 tem
2340 4207 2708 4279 magistratus
2732 4210 2857 4261 erat
2878 4203 3208 4274 pontiﬁcum
3229 4203 3346 4259 sub
3376 4196 3708 4274 praesidibus
3733 4191 3832 4244 Ro—

2205 4298 2432 4353 mani'sa
2455 4296 2669 4368 quibus
2694 4298 2749 4350 et
2775 4293 3030 4349 muneris
3052 4291 3215 4348 illius
3239 4292 3605 4362 principatus
3619 4279 3832 4340 confere-

2204 4387 2390 4443 batur.
2417 4385 2660 4456 Caiphas
2688 4383 2872 4456 igitur
2898 4381 3153 4453 pontifex
3187 4381 3306 4438 fuit
3337 4394 3491 4437 anno
3513 4391 3584 4434 eo
3610 4377 3666 4431 in
3692 4379 3831 4441 quem

2121 4453 2174 4514 D
2207 4477 2416 4533 incidit
2429 4453 2618 4546 passio
2630 4453 2867 4528 Christi.
2889 4474 3048 4528 Hunc
3080 4470 3326 4527 removit
3341 4467 3630 4536 Vitellius,
3657 4462 3833 4532 praator

2205 4567 2514 4622 Romanus.

2275 4653 2344 4711 49
2370 4655 2662 4723 Jonathas,
2693 4653 2879 4709 Anani
2921 4651 3098 4707 ﬁlius.

2272 4744 2343 4803 50
2370 4743 2744 4816 Theophilus,
2772 4741 2948 4799 frater
2975 4742 3118 4811 ejus.

2272 4835 2334 4894 54
2361 4837 2576 4892 Simon.

2273 4925 2344 4983 52
2370 4927 2662 4997 Jonathas,
2685 4924 2868 4981 Anani
2903 4923 3062 4979 ﬁlius
3095 4922 3319 4978 iterum.

2274 5015 2345 5073 53
2365 5017 2653 5072 Matthias.

2273 5103 2344 5162 54
2372 5105 2717 5176 Aclionzeus,
2749 5105 2848 5174 qui
2873 5108 2928 5158 et
2953 5102 3247 5173 Iosephus.
3758 5179 3770 5186 ι
3805 5175 3816 5186 0

2274 5195 2658 5266 55Ananias,‘
2707 5207 2874 5266 quem
2948 5194 3203 5250 vinctum
3282 5191 3616 5264 Quadratus
3704 5178 3841 5238 misit

2205 5291 2458 5347 Romam.

2273 5378 2344 5435 56
2366 5377 2659 5434 Ismaelus.

2273 5465 2343 5525 57
2365 5467 2664 5537 Josephus,
2697 5465 3051 5522 constitutus
3079 5477 3112 5519 a
3141 5464 3380 5518 Nerone.

2270 5556 2342 5616 58
2369 5535 2641 5625 Ananias,
2671 5556 2769 5627 qui
2789 5555 3028 5611 sustulit
3050 5551 3318 5608 Iacobum
3345 5547 3587 5604 fratrem
3611 5535 3839 5604 Domini,

517 5629 856 5742 25Eleazar,
882 5650 1056 5708 frater
1079 5651 1330 5709 Simonis
1357 5651 1465 5709 sub
1494 5665 1608 5723 quo
1638 5653 1928 5710 translata:
1958 5652 2092 5710 fue-
2197 5654 2294 5710 cui
2325 5650 2537 5707 Paulus
2566 5647 2746 5704 dixit:
2789 5646 3055 5699 Percutiet
3099 5649 3147 5697 te
3182 5645 3347 5702 Deus,
3378 5640 3572 5707 paries
3602 5629 3844 5689 ἀεαὶὺίκε.
