4010 6160
224 312 312 374 544

230 441 370 495 Hunc
393 439 650 511 Agrippa
682 443 969 498 secundus
991 449 1248 500 removrt.
1268 448 1329 501 In
1357 447 1874 520 Hierosolymorum

232 533 398 586 autem
442 530 747 589 obsidione
776 546 806 586 a
837 533 1063 589 civibus
1107 535 1410 594 occiditur.

285 617 352 674 59
385 621 555 675 Jesus
583 622 834 677 Damnzei
883 622 1060 680 filius.

286 705 350 763 6O
385 710 573 780 Jesus,
624 711 924 767 Gamalieli
955 713 1130 769 illius.

282 795 340 856 61
385 799 681 870 Matthias,
725 799 833 856 sub
869 815 982 874 quo
1015 802 1320 863 inchoatur
1362 805 1573 864 bellum
1607 807 1879 867 abversus

231 890 513 943 Romanos.

279 975 347 1031 62
387 977 653 1047 Phinees,
726 981 823 1050 qui
883 982 1198 1051 productus
1257 983 1371 1041 fuit
1410 1000 1441 1041 a
1481 986 1769 1060 Romanis,
1820 989 1880 1045 in

228 1081 455 1138 quorum
509 1082 713 1124 manus
740 1070 1058 1141 devenerat,
1104 1073 1517 1143 populantibus
1547 1076 1883 1148 Hierosoly-

227 1169 379 1300 mam.l
397 1155 582 1226 Cujus
619 1161 868 1230 tempore
905 1160 1069 1216 Titus
1099 1161 1298 1218 urbem
1333 1164 1503 1236 cepit,
1541 1169 1596 1220 et
1627 1165 1885 1225 incendit

227 1251 358 1300 temo
390 1260 508 1300 um.

226 1251 508 1316 templum.

226 1371 808 1452 NICEPHORI,M110_min_Ct
847 1377 1298 1452 patriarcharum
1349 1379 1737 1450 Hierosolyma
1757 1333 1886 1452 post

532 1442 735 1501 Christi
752 1442 879 1500 Iesu
905 1449 965 1500 in
990 1449 1144 1502 cazlos
1169 1453 1553 1506 ascensionem.

316 1568 340 1622 1
382 1568 649 1633 Jacobus,
683 1570 859 1628 frater
886 1573 1137 1643 Domini,
1166 1576 1304 1632 anni
1336 1575 1548 1648 viginti
1583 1591 1707 1638 sex.‘

313 1655 347 1712 2
383 1660 615 1716 Simeon
655 1661 914 1734 Cleophae
945 1661 1144 1721 fratris
1185 1664 1372 1736 ipsius
1403 1666 1562 1725 ﬁlius
1585 1673 1642 1724 et
1666 1673 1880 1741 martyr

224 1749 378 1805 annis
405 1750 620 1822 viginti
671 1751 878 1808 tribus.

312 1836 347 1894 3
383 1840 606 1907 Justus,
632 1841 803 1897 annis
825 1855 941 1897 sex.

264 1919 268 1922 ’
314 1923 348 1983 4
384 1929 710 2001 Zacharias,
734 1931 904 1986 annis
933 1935 1198 2003 quatuor.

311 2014 347 2073 5
385 2016 656 2090 Thobias,
706 2020 898 2076 annis
931 2027 1200 2091 quatuor.

311 2103 346 2160 6
385 2107 701 2177 Benjamin,
724 2109 895 2166 annis
913 2111 1161 2168 duobus.

309 2192 344 2250 7
381 2197 646 2267 Joannes,
679 2198 850 2254 annis
878 2199 1124 2257 duobus.

309 2285 348 2342 8
383 2289 712 2361 Mattheeus,
740 2292 911 2347 annis
935 2291 1179 2348 duobus.

311 2375 344 2432 9
383 2378 713 2450 Philippus,
743 2394 893 2436 anno
925 2395 1058 2437 uno.

280 2463 345 2522 10
381 2468 614 2539 Seneca,
647 2470 818 2525 annis
862 2475 1126 2541 quatuor.

281 2553 340 2610 44
384 2558 603 2627 Justus,
629 2559 800 2614 annis
834 2565 1101 2630 quatuor.

1400 2290 1498 2364 (1.)

282 2642 347 2699 42
387 2647 539 2716 Levi,
572 2649 744 2702 annis
774 2653 1040 2718 quatuor.

280 2729 346 2788 13
382 2735 657 2804 Ephraim
699 2737 870 2792 annis
919 2737 1164 2796 duobus.

279 2821 344 2878 44
381 2825 611 2895 Joseph,
639 2827 810 2881 annis
843 2827 1089 2884 duobus.

281 2910 345 2968 15
373 2915 570 2984 Judas,
605 2916 774 2970 annis
809 2916 1054 2975 duobus.

282 3000 346 3057 46
386 3003 634 3074 Marcus,
669 3005 839 3060 annis
865 3011 1010 3061 octo.

280 3088 344 3146 17
384 3092 718 3164 Cassianus,
742 3095 914 3150 annis
944 3100 1090 3152 octo.

283 3179 348 3235 48
386 3182 632 3238 Publius
651 3183 822 3238 annis
852 3185 1127 3255 quinque.

282 3267 346 3325 19
383 3271 689 3344 Maximus,
713 3273 884 3328 anuis
930 3279 1196 3344 quatuor.

278 3357 347 3414 ΞΟ
383 3361 672 3428 Julianus,
714 3362 884 3417 annis
919 3363 1146 3419 duobus

277 3447 337 3504 21
381 3449 660 3514 Gaianus,
693 3452 863 3506 annis
899 3451 1103 3508 tribus.

279 3536 348 3592 22
389 3540 784 3610 Symmachus,
817 3542 987 3596 annis
1009 3541 1254 3599 duobus.

279 3626 346 3682 23
382 3629 576 3695 Caius,
607 3630 778 3684 annis
824 3630 1029 3686 tribus.

281 3715 346 3772 24
382 3718 654 3773 Julianus
686 3719 856 3774 annis
887 3725 1156 3790 quatuor.

283 3805 350 3862 95
389 3808 565 3877 Elias,
610 3807 800 3874 annis,
831 3809 1077 3864 duobus.

279 3894 347 3952 26
382 3897 608 3967 Capito,
637 3898 807 3952 annis
833 3902 1101 3968 quatuor.

283 3983 349 4040 27
387 3987 694 4059 Maximus,
717 3987 886 4042 annis
909 3995 1170 4058 quatuor.

286 4073 353 4130 28
390 4077 701 4145 Antonius,
729 4077 899 4132 annis
930 4079 1203 4150 quinque.

289 4162 354 4219 '29
391 4166 615 4236 Valens,
649 4165 820 4222 annis
853 4166 1062 4222 tribus.

292 4253 354 4310 30
387 4255 788 4326 Dolichianus,
819 4257 992 4312 annis
1030 4257 1280 4313 duohus.

293 4344 347 4402 3-1
391 4346 717 4417 Narcissus,
750 4345 916 4402 annis
939 4351 1206 4417 quatuor.

1422 3275 1522 3348 (.‘.)

1503 4256 1605 4332 (ἰ.)

892 317 1439 376 INTERPRETATIO
1473 321 1992 380 CHRONOLOGIJE‘
2021 323 2075 378 S.
2121 323 2512 380 NICEPHORI.
2552 355 2626 368 —
2665 326 2837 383 PARS
2883 329 2944 382 II.

3519 327 3626 388 542

1903 453 1961 514 Α
2056 449 2126 508 32
2162 452 2325 520 Dius,
2358 454 2528 510 annis
2557 460 2701 511 octo.

2056 539 2126 597 33
2163 543 2527 615 Germanion,
2558 545 2728 600 annis
2758 550 3020 616 quatuor.

2056 628 2126 686 34
2163 633 2425 705 Gordias,
2454 635 2623 689 annis
2643 635 2918 706 quinque.

2057 718 2128 778 35
2163 723 2466 778 Narcissus
2518 723 2725 780 iterum
2774 729 2987 795 martyr
3026 725 3237 781 decem.

2057 809 2127 867 36
2162 810 2480 870 Alexander
2503 818 2734 884 martyr,
2757 815 2929 870 annis
2959 815 3310 886 quindecim.

2059 897 2130 957 37
2167 903 2512 974 Mazabenes,
2556 903 2726 960 annis
2764 904 2973 976 viginti
3006 910 3273 974 quatuor.

2059 988 2128 1045 38
2165 993 2467 1064 l-lymneus,
2492 993 2661 1049 annis
2681 993 2888 1066 viginti
2922 993 3126 1050 tribus.

2061 1077 2130 1134 39
2166 1080 2401 1153 Zabdas,
2445 1082 2614 1139 annis
2635 1084 2849 1139 decem.

2062 1166 2130 1224 40
2167 1171 2429 1244 Hermon,
2461 1174 2632 1230 annis
2671 1187 2887 1231 novem.
2962 1200 2970 1205 -

2062 1260 2344 1316 Hactenus
2362 1261 2732 1332 imperatores
2751 1264 2928 1321 alieni
2946 1277 2979 1320 a
2995 1261 3322 1319 Christiana
3335 1261 3634 1335 religione,

1992 1355 2049 1406 et
2071 1349 2387 1407 Christiani
2415 1351 2613 1408 aﬂlicti
2655 1352 2907 1411 fuerunt.

1992 1477 2316 1540 NlCEPHORl,
2340 1482 2634 1548 postquam
2687 1479 2986 1534 Christiani
3028 1479 3257 1545 fuerunt
3283 1479 3636 1547 imperatores

2374 1553 2744 1621 episcopo-mm
2772 1550 3172 1617 Hierosolyma.

2063 1655 2122 1712 44
2169 1659 2472 1728 Macarius,
2513 1659 2611 1729 qui
2647 1659 2704 1714 in
2737 1659 2950 1730 synodo
2982 1656 3096 1714 fuit
3123 1657 3294 1714 annis
3317 1654 3525 1729 viginti
3557 1666 3587 1696 δ
3618 1696 3630 1710 .

2063 1745 2131 1802 42
2169 1748 2470 1819 Maximus,
2499 1749 2669 1804 annis
2701 1762 2817 1804 sex.

2059 1834 2128 1893 43
2164 1837 2431 1908 Cyrillus,
2446 1837 2720 1907 expulsus
2739 1837 2809 1893 ab
2821 1837 3072 1893 Arianis.
3092 1839 3232 1893 Loco
3245 1835 3639 1906 hujusconsti-

1986 1931 2232 1983 tuuntur
2247 1931 2388 1995 tres;
2405 1925 2721 1982 Arseniusb
2748 1970 2761 1996 ,
2776 1926 3419 1982 HeracliusetHilarius.
3436 1928 3640 1981 Etrur-

1985 2031 2111 2072 snm
2131 2023 2425 2072 revocatus
2449 2022 2699 2086 tempore
2719 2015 3002 2085 Gratiani,
3034 2016 3092 2070 in
3119 2015 3364 2070 secunda
3396 2014 3631 2086 synodo,

1988 2107 2252 2162 inventus
2287 2104 2400 2161 fuit
2434 2105 2952 2176 ConstantinOpoli,
2985 2103 3154 2159 annis
3179 2103 3473 2176 sexaginta
3497 2103 3635 2180 duo—

1987 2195 2112 2252 bus.
3601 2215 3606 2220 λ

2058 2283 2126 2340 44
2161 2286 2422 2356 Joannes,
2453 2285 2622 2340 annis
2650 2284 2916 2340 sedecim.

2167 2374 2460 2445 Paulinus,
2489 2375 2658 2430 annis
2687 2374 2917 2446 viginti.

2059 2462 2127 2519 46
2161 2463 2471 2533 Juvenalis,
2497 2464 2596 2534 qui
2621 2462 2733 2518 fuit
2755 2463 2813 2518 in
2835 2462 3060 2518 duabus
3077 2460 3332 2532 synodis,
3355 2459 3557 2530 Ephesi
3576 2464 3633 2515 et

1987 2554 2359 2623 Chalcedone,
2383 2552 2554 2607 annis
2581 2552 2820 2624 triginta
2847 2556 2992 2607 octo.
3493 2576 3498 2578 -

2061 2640 2127 2697 47
2165 2642 2374 2698 Theod.
2407 2652 2433 2680 ο
2465 2641 2738 2710 expulsus
2766 2654 2798 2696 a
2841 2639 3148 2711 Marciano,
3182 2643 3238 2695 et
3263 2652 3493 2694 rursum
3528 2637 3638 2693 Ju-

1976 2733 2205 2788 ‘venalis
2225 2746 2362 2787 an...
3389 2724 3395 2733 ’

2060 2820 2129 2877 48
2165 2823 2426 2890 Joannes,
2454 2821 2623 2876 annis
2658 2820 2925 2876 sedecim.

2059 2911 2127 2969 49
2165 2912 2493 2982 Martyrius,
2528 2911 2699 2966 annis
2746 2915 2893 2965 octo.
3610 2947 3614 2950 -

2058 3001 2128 3058 50
2165 3001 2476 3070 Salustius.
2497 3001 2663 3069 cujus
2680 3005 2929 3068 tempore
2951 2997 3237 3067 separavit
3255 3011 3314 3053 se
3337 2996 3641 3067 episcopus

1911 3119 1960 3181 Ο
1989 3093 2178 3149 Romae
2227 3096 2456 3163 propter
2475 3089 2499 3128 ἀ
2527 3089 2780 3144 edictum
2823 3087 3064 3144 Zenonis
3093 3089 3163 3143 de
3206 3087 3637 3158 conjunctione,

1989 3183 2161 3240 annis
2189 3187 2334 3236 octo.

2061 3270 2122 3329 51
2169 3271 2325 3327 Elias
2351 3277 2374 3307 θ
2407 3268 2681 3340 expulsus
2705 3265 2776 3322 ab
2805 3265 3105 3322 Anastasio
3136 3265 3500 3335 imperatore,
3531 3277 3644 3320 an-

1989 3377 2149 3419 IIIS...

2059 3449 2130 3509 52
2165 3451 2424 3508 Joannes.
2454 3447 2622 3502 annis
2641 3445 2923 3502 undecim.

2059 3538 2129 3598 53
2166 3541 2365 3595 Petrus
2411 3542 2661 3607 tempore
2703 3532 3014 3590 Justiniani
3065 3529 3428 3601 imperatoris
3472 3529 3642 3586 annis

1991 3630 2220 3704 viginti.

2063 3717 2132 3776 54
2163 3718 2444 3774 Macarius
2471 3715 2767 3787 expulsus,
2798 3712 2966 3769 annis
3002 3710 3247 3767 duobus.

2063 3809 2134 3866 55
2173 3808 2538 3877 Eustochius,
2585 3817 2734 3861 anno
2757 3817 2889 3860 uno.

2063 3899 2133 3956 56
2170 3899 2452 3955 Macarius
2478 3897 2688 3951 iterum
2713 3894 2883 3950 annis
2914 3896 3177 3964 quatuor.

2065 3985 2134 4045 57
2172 3990 2432 4058 Joannes,
2466 3986 2653 4041 annis.

2067 4076 2138 4135 58
2175 4078 2364 4147 Amos,
2406 4076 2575 4131 annis
2607 4079 2751 4130 octo.

2067 4167 2139 4226 59
2175 4166 2448 4233 Isaacius,
2475 4163 2646 4220 annis
2665 4167 2810 4219 octo.

2065 4256 2134 4314 60
2172 4255 2471 4313 Zacharias
2485 4259 2614 4309 ante
2640 4251 2836 4308 urbem
2859 4255 3079 4321 captam
3107 4249 3276 4306 annis
3294 4249 3504 4324 viginti
3533 4261 3647 4321 qua

1997 4355 2129 4405 tuor
2167 4346 2225 4400 f.

1909 1789 1960 1850 B

1355 4452 1358 4454 '
1441 4436 1506 4492 Α.
1558 4437 1786 4495 CONTII
1823 4440 2025 4497 ΝΟΤλΕ
2069 4434 2462 4493 ΗΙΞΤΟΚΙΟᾹΞ.

294 4529 325 4590 δέ
343 4517 486 4585 Quia
535 4531 682 4586 smpe
711 4522 946 4590 vocatus
992 4517 1062 4572 ab
1113 4516 1307 4572 Acacii
1357 4515 1738 4590 Caesariensis
1789 4535 1892 4590 sy-

239 4589 386 4654 nodo,
420 4602 529 4643 non
569 4589 1022 4658 comparuisset:
1073 4589 1398 4660 provocavit
1438 4603 1568 4645 vero
1592 4589 1661 4644 ad
1707 4592 1891 4660 majus

240 4660 469 4731 tribunal
496 4666 551 4714 et
571 4660 698 4728 ejus
715 4660 1107 4731 provocationi
1132 4659 1476 4731 suifragatus
1501 4665 1586 4716 est
1624 4659 1892 4718 Constan-

243 4730 341 4789 tius
369 4730 950 4804 imperatorg(Nicetas
976 4735 1034 4784 in
1069 4730 1360 4804 Thesauro,
1410 4732 1510 4786 lib.
1545 4746 1597 4802 γ,
1626 4746 1748 4804 cap,
1783 4731 1886 4804 45)_

297 4805 614 4875 bErennius
683 4802 823 4874 legit
882 4803 1110 4859 Nicelas
1159 4803 1218 4858 in
1278 4803 1588 4872 Thesauro,
1660 4803 1761 4858 lib.
1831 4802 1887 4875 v,

244 4873 624 5002 caBigtiistimo
673 4945 826 5001 hunc
863 4960 986 5002 esse
1032 4945 1386 5002 Theodulum
1433 4947 1504 5001 de
1543 4945 1887 5014 Bethlehem.

245 5031 384 5084 quem
429 5017 586 5073 sedis
621 5017 951 5086 apostolicae
981 5017 1150 5088 legati
1193 5018 1252 5071 in
1296 5017 1483 5072 locum
1523 5017 1889 5088 Polychronii

243 5088 494 5158 episcopi,
517 5093 702 5143 certas
727 5089 957 5158 quidem
986 5088 1058 5144 ob
1078 5101 1298 5160 causas,
1323 5089 1419 5144 sed
1446 5088 1518 5144 ob
1547 5089 1892 5146 simoniacas

244 5161 616 5242 ordinationes
645 5159 910 5242 maxime,
938 5160 1214 5242 damnati,
1249 5159 1413 5242 quasi
1449 5160 1728 5242 vicarium
1757 5161 1892 5230 epi-

245 5244 452 5300 scopum
521 5231 889 5288 dimiserunt.
938 5231 1352 5301 Polychronius
1413 5245 1543 5287 vero
1595 5232 1715 5287 sedi
1774 5246 1891 5288 sua:

245 5315 420 5373 magno
448 5316 581 5358 cum
613 5302 828 5358 honore
857 5308 941 5358 est
966 5303 1272 5358 restitutus
1303 5303 1702 5359 Valentiniano
1724 5303 1896 5373 septi-

245 5387 373 5445 gnum
403 5381 463 5428 et
501 5373 718 5428 Avieno
739 5387 908 5441 coss.,
933 5375 1082 5444 quod
1109 5373 1255 5429 fame
1277 5379 1332 5429 et
1362 5380 1608 5445 egestate
1636 5374 1889 5431 obsessis

243 5444 760 5517 Hierosolymitanis
779 5445 1009 5501 clericis
1029 5451 1083 5500 et
1129 5444 1567 5517 plebibus’tria,
1597 5460 1722 5517 quae
1750 5446 1894 5502 illia

243 5529 443 5588 summo
485 5515 756 5584 pontiﬁce
771 5518 1059 5588 assignata
1087 5522 1268 5587 erant,
1299 5515 1731 5573 usufructuaria
1763 5532 1896 5586 prm-

243 5586 324 5642 dia
352 5592 657 5659 erogasset.
683 5587 856 5659 Sedit
880 5586 1010 5643 vero
1045 5586 1459 5658 Polychronius
1487 5588 1897 5658 Hierosolymis

242 5659 394 5713 annis
421 5657 474 5727 6,
509 5658 810 5714 mensibus
829 5658 882 5731 6,
914 5664 972 5714 et
1018 5657 1301 5729 requievit
1326 5660 1385 5714 in
1414 5673 1565 5730 pace.
1597 5657 1898 5715 Videbis-

1919 4531 1972 4590 D
2001 4518 2206 4574 toriam
2232 4513 2622 4571 damnationis
2656 4511 3021 4584 Polychronii
3055 4510 3221 4566 illius
3255 4507 3648 4564 Conciliorum

2001 4596 2152 4646 tomo
2182 4591 2223 4643 Ι.
3609 4597 3614 4602 ’

2070 4661 2094 4698 ά
2118 4660 2406 4728 Scriptum
2431 4657 2602 4728 illud,
2633 4657 2704 4712 ab
2727 4655 3080 4712 instituenda
3102 4651 3408 4728 concordia
3437 4650 3652 4728 Graecis

2000 4723 2295 4806 Hen‘otico'iz
2325 4730 2565 4806 dictum,
2593 4723 3188 4806 Aeaciusepiscopus
3213 4724 3312 4779 CP.
3350 4723 3654 4806 haereticus

2001 4818 2070 4859 ex
2095 4802 2274 4857 animi
2295 4801 2386 4856 sui
2404 4799 2687 4856 sententia
2711 4799 3064 4854 condiderat.
3091 4799 3231 4852 Data
3252 4809 3384 4852 vero
3411 4799 3654 4865 pecunia

2001 4872 2262 4942 corrupit
2289 4872 2494 4928 missos
2513 4885 2547 4927 a
2566 4870 2750 4927 Felice
2777 4869 3045 4942 pontifice
3068 4868 3314 4942 maximo
3337 4867 3550 4938 legatos
3572 4864 3655 4942 ita

2002 4936 2314 5020 ut,_c_o'ntra
2347 4942 2608 5020 mandata
2647 4936 2852 5020 su3,:ei
2885 4940 3376 5020 communicarent
3444 4950 3560 5020 qua
3583 4936 3655 5020 de

2004 5009 2216 5072 re'illis
2238 5017 2500 5084 adempta
2526 5019 2613 5070 est
2640 5027 2672 5068 a
2702 5011 2888 5068 Felice
2917 5026 3020 5084 sua
3049 5011 3324 5084 dignitas,
3357 5015 3414 5084 et
3444 5009 3659 5084 litteris

2000 5089 2069 5144 ad
2101 5101 2229 5144 eum
2257 5081 2491 5156 scrip—tis
2521 5086 2826 5141 damnatus
2843 5083 3105 5156 Aeacius,
3129 5081 3230 5156 qui
3259 5081 3519 5156 vicissim
3551 5081 3663 5135 Fe—

2003 5160 2136 5215 licis
2166 5152 2476 5214 nomen-ex
2505 5157 2636 5214 albo
2669 5155 2911 5211 sustulit
2935 5153 3112 5224 (Cedr.
3145 5152 3216 5210 ad
3248 5155 3446 5210 Zonar.
3477 5152 3656 5214 Ann.,

2003 5233 2260 5306 tomLIiI,
2291 5229 2513 5306 in__Yita
2530 5229 2980 5306 Basilisciimp.).
3051 5298 3080 5306 α
3130 5298 3142 5306 _
3187 5299 3223 5306 __
3310 5297 3324 5306 _
3565 5292 3630 5306 Μ

2071 5312 2102 5376 °_
2120 5293 2301 5376 Hujus
2329 5301 2468 5376 Elige
2499 5299 2760 5376 meminit
2788 5293 3018 5355 Pratum
3047 5297 3381 5376 Spirituale,
3408 5309 3532 5364 cap.

2081 5373 2103 5414 τ
2127 5365 2300 5448 Capta
2340 5373 2480 5428 urbe
2508 5371 2824 5448 translatus
2865 5375 2952 5426 est
2970 5365 3114 5448 cum
3162 5365 3654 5448 residuopopul'i.

2007 5439 2841 5518 tamurbisquamregignis
2885 5443 3249 5518 universa”
3285 5439 3552 5518 Cosdroe,
3598 5439 3656 5490 in

2005 5515 2288 5658 Persidgtim
2344 5505 2680 5586 (G'uillelmf
2706 5515 2833 5584 Tyr.
2902 5516 3045 5568 Hist.
3083 5505 3209 5566 belli
3253 5512 3418 5571 sacri,
3465 5505 3565 5564 lib.
3613 5519 3653 5573 ι,

2005 5601 2129 5657 cap.
2241 5627 2272 5643 ..
2467 5655 2470 5658 _
3579 5639 3596 5652 .

2005 5601 2129 5657 cap.
2180 5601 2272 5657 2)..
