4018 6160
158 252 250 312 549
837 252 1385 310 INTERPRETATIO
1421 249 1925 310 CHRONOLOGIE
1961 252 2014 308 S.
2059 251 2442 308 NICEPHORI.
2483 282 2557 294 -—
2593 255 2766 310 PARS
2811 258 2878 312 II.

157 396 332 450 senus,
358 379 545 436 sedem
560 379 1020 451 principisurbis
1033 394 1130 451 per
1149 380 1462 438 triennium
1481 379 1797 450 occupavit.
1832 382 1888 442 A
1988 376 2554 450 iOOConstantinius,
2570 395 2776 450 praeses
2789 384 3562 459 etprotovestiarius,cogno-

213 469 281 526 89
308 471 536 541 Trypho
585 469 916 541 monachus,
965 469 1060 526 hic
1108 484 1236 527 cum
1276 470 1588 526 efﬂuxisset
1651 485 1804 540 prae-

157 560 424 630 scriptum
474 572 506 614 a
549 559 803 615 Romano
859 561 1148 630 Lacapeno
1193 561 1534 630 imperatore
1577 567 1802 632 tempus

153 664 254 722 quo
295 647 509 704 solium
548 648 956 704 administrare
1002 647 1295 719 debuerat,
1347 651 1524 706 donec
1567 649 1806 720 impera-

153 740 286 796 toris
313 739 474 795 ﬁlius
509 738 965 809 Theophylactus
1007 739 1074 794 ad
1118 739 1334 808 justam
1365 745 1583 795 aetatem
1619 753 1808 809 pervee

150 830 352 898 uisset;
378 827 649 897 deceptus
683 841 715 882 a
745 827 1084 898 The0phane
1112 827 1449 884 Caesariensi
1489 833 1644 899 pont.
1670 841 1799 884 cum

149 920 198 974 iu
221 933 365 989 pura
403 919 600 973 charta
630 916 1090 988 subscripsisset,
1125 917 1250 974 loco
1292 923 1479 974 motus
1507 923 1593 973 est
1613 928 1651 972 ιι.

204 1005 274 1063 90
299 1005 779 1078 Theophylactus,
795 1007 1032 1062 Romani
1053 1007 1327 1077 Lacapeni
1347 1006 1483 1077 imp.
1505 1007 1685 1076 ﬁlius,
1704 1019 1800 1062 eu-

145 1097 386 1168 nuchus,
417 1097 604 1152 aetatis
620 1110 768 1152 anno
787 1095 1008 1152 decimo
1031 1103 1188 1153 sexto
1218 1101 1672 1153 contracanoues
1698 1110 1795 1167 gu-

143 1186 445 1242 bernacula
464 1184 726 1243 Ecclesiae
746 1185 1068 1255 usurpavit:
1092 1200 1369 1256 equorum
1388 1199 1561 1256 supra
1574 1199 1794 1241 omnem

144 1276 366 1332 modum
406 1282 645 1346 amator,
676 1275 848 1330 vitam
892 1274 1038 1330 vixit
1082 1275 1440 1332 insolentem.
1473 1275 1634 1345 Aqua
1664 1288 1793 1331 vero

143 1367 422 1421 intercute
451 1379 519 1420 ex
538 1364 893 1434 equitatione
923 1373 1238 1435 correptus,
1273 1380 1399 1421 cum
1433 1364 1674 1420 sedisset
1703 1377 1799 1419 an-

142 1455 223 1510 nis
244 1455 457 1525 viginti
483 1453 690 1516 tribus.
725 1453 950 1509 vivendi
985 1453 1150 1510 tinem
1177 1452 1330 1510 fecit.

202 1542 264 1598 9i
293 1543 661 1599 Substitutus
686 1549 771 1599 est
807 1543 866 1598 in
896 1543 1020 1613 ejus
1043 1544 1230 1601 locum
1261 1544 1619 1616 Polyeuctus,
1649 1542 1798 1600 soli-

140 1626 292 1688 tariae
316 1632 449 1688 vitae
470 1637 735 1702 sectator,
768 1637 824 1688 et
856 1632 988 1688 inde
1024 1647 1205 1704 usque
1235 1647 1266 1688 a
1290 1647 1464 1704 puero
1485 1634 1554 1689 de
1586 1645 1798 1703 paren—

1915 473 2102 524 mento
2135 469 2434 540 Lichudes,
2461 467 2740 541 liberalis,
2786 477 2842 526 et
2880 472 3238 544 magniﬁcus,
3273 483 3328 530 et
3358 477 3557 548 solers,

1910 555 2161 613 Ecclesia
2189 572 2287 628 per
2310 571 2491 615 annos
2511 564 2762 630 quatuor
2785 565 2840 614 et
2867 574 3086 618 menses
3112 577 3208 618 sex
3226 561 3558 636 gubernata,

1912 645 1973 702 in
2004 646 2176 702 aliam
2199 647 2372 702 vitam
2396 647 2680 720 migravit.
3421 652 3426 655 ’
3517 697 3522 702 .

1985 732 2079 791 404
2109 737 2350 792 Joannes
2386 737 2760 808 Xyphilinus.
2807 739 3137 813 monachus,
3185 747 3413 812 propter
3457 743 3569 802 elo-

1911 825 2224 897 quentiam,
2251 825 2634 898 prudentiam,
2662 828 2982 884 doctrinam
3009 836 3064 885 et
3087 830 3356 887 virtutem
3383 833 3570 906 omni-_

1910 927 1982 969 ue
2033 915 2427 988 admirandus,
2505 917 2790 973 oriundus
2832 918 3202 988 Trapezunte,
3261 921 3434 977 vitam
3500 921 3559 976 in

1907 1003 2144 1075 Olympo
2184 1005 2474 1078 religiosis
2513 1007 2808 1062 exercitiis
2838 1007 3058 1079 agebat,
3107 1009 3256 1065 unde
3287 1014 3557 1081 tauquam

1909 1092 2059 1149 inter
2083 1095 2230 1151 alios
2256 1096 2526 1166 eximius,
2570 1097 2623 1151 vi
2652 1097 2718 1152 ad
2750 1097 3198 1167 patriarchatum
3238 1105 3558 1168 pertractus

1904 1187 2011 1253 est,
2048 1187 2104 1239 et
2143 1185 2297 1254 pavit
2355 1185 2665 1242 Ecclesiam
2717 1187 2887 1244 annis
2941 1187 3205 1244 undecim
3264 1188 3558 1245 mensibus

1906 1277 2139 1342 septem.

1980 1359 2082 1417 402
2112 1363 2341 1419 Cosmas
2400 1365 2728 1422 ineruditus
2772 1366 2872 1422 ille
2915 1366 3166 1440 quidem,
3212 1369 3308 1424 sed
3370 1368 3558 1425 omnis

1907 1452 2132 1524 generis
2173 1453 2491 1510 virtutibus
2527 1463 2764 1512 ornatus
2798 1453 2928 1527 (qua
2967 1457 3038 1512 de
3083 1471 3251 1514 causa
3295 1459 3464 1514 etiam
3498 1460 3566 1515 in:

1909 1541 2152 1597 maximo
2207 1544 2390 1613 pretio
2433 1543 2503 1599 ab
2548 1545 2748 1616 imper.
2794 1546 3130 1619 habebatur)
3174 1548 3556 1618 Nicephorum

1907 1631 2258 1688 Botoniatem
2292 1633 2622 1706 insignibus
2650 1635 2880 1706 imperii
2913 1636 3224 1693 redimivit.
3251 1639 3390 1707 Ejus
3426 1643 3558 1695 vero

141 1729 247 1777 tum
293 1721 592 1778 voluntate
616 1726 937 1792 castratus;
1001 1723 1090 1778 vir
1135 1725 1368 1780 omnino
1417 1723 1794 1791 venerandus,
1825 1715 1878 1775 B
1907 1723 2258 1778 successoris
2296 1723 2483 1780 Alexii
2525 1725 2820 1798 Comneni,
2854 1740 2983 1784 cum
3016 1727 3335 1798 imperandi
3373 1728 3560 1785 ratio—

137 1812 460 1883 eloqueutia
496 1816 552 1868 et
581 1812 792 1868 virtute
823 1817 1116 1883 praestans.
1151 1813 1475 1885 Nicephoro
1518 1813 1717 1870 Phocae
1739 1819 1796 1868 et

137 1902 330 1958 Joauni
363 1901 623 1958 Zimiscae
645 1902 882 1959 restitit.

198 1989 269 2048 92
304 1992 612 2063 Polyeucto
659 1992 938 2049 successit
982 1992 1235 2050 Basilius
1273 1993 1606 2064 monachus,
1655 1991 1797 2048 Sca—

139 2082 504 2152 mandrenus,
531 2082 630 2153 qui
663 2096 792 2139 cum
839 2089 965 2153 post
1009 2082 1455 2154 quadriennium
1486 2097 1604 2139 suae
1634 2082 1798 2138 desi-

137 2173 445 2244 gnationis,
477 2171 550 2228 ob
569 2173 826 2244 qumdam
848 2172 1066 2244 objecta
1097 2173 1343 2229 crimina
1365 2186 1465 2244 per
1482 2170 1796 2229 concilium

140 2262 262 2317 loco
290 2268 479 2317 motus
498 2267 603 2318 est.

201 2351 272 2408 93
299 2352 586 2408 Antonius
624 2352 880 2409 Studites
915 2354 1239 2425 patriarcha
1282 2361 1367 2410 est
1419 2352 1788 2424 designatus;

136 2443 226 2513 qui
273 2456 410 2498 cum
449 2442 835 2500 renuntiasset
866 2444 1204 2514 sacerdotio,
1248 2443 1397 2514 quod
1446 2459 1543 2515 per
1573 2458 1668 2500 sex
1697 2458 1792 2500 an-

140 2545 233 2587 nos
283 2538 584 2602 tenuerat,
613 2546 680 2588 ac
724 2533 893 2604 paulo
942 2537 1070 2604 post
1124 2533 1382 2604 obiisset,
1435 2540 1490 2589 et
1547 2538 1799 2590 vacasset

136 2622 386 2678 Ecclesia
410 2628 660 2694 quatuor
692 2623 862 2679 anuis
885 2637 1015 2679 cum
1050 2623 1314 2693 dimidio,
1351 2622 1687 2694 designatus
1711 2626 1796 2678 est

198 2709 264 2766 94
286 2712 566 2768 Nicolaus
593 2712 1045 2784 Chrysoberges;
1085 2713 1184 2783 qui
1230 2727 1358 2769 cum
1401 2713 1793 2783 pontiﬁcatum

136 2815 308 2857 annos
353 2800 662 2857 duodecim
690 2807 746 2857 et
790 2816 1009 2858 menses
1037 2807 1166 2860 octo
1208 2809 1484 2872 ornasset,
1523 2799 1792 2858 defuncto

138 2891 436 2947 successit.

197 2979 265 3036 95
288 2979 596 3037 Sisinnius
656 2981 947 3055 magister,
994 2982 1086 3038 vir
1125 2981 1196 3038 ab
1233 2981 1466 3039 ineunte
1521 2985 1683 3037 aetate
1736 2981 1794 3036 in

1907 1824 2032 1868 nem
2076 1811 2314 1882 probare
2345 1826 2454 1868 non
2487 1820 2694 1885 posset,
2727 1815 3165 1886 desperaretque
3193 1817 3264 1872 de
3287 1818 3561 1874 emenda-

1905 1901 2082 1970 tione,
2111 1902 2267 1958 Tolle
2288 1899 2523 1974 (inquit,
2555 1904 2822 1960 ministro
2843 1905 2966 1976 suo)
2995 1905 3210 1962 librum
3235 1906 3388 1963 hunc
3413 1907 3563 1963 Psal-

1906 2004 2151 2061 morum,
2179 1997 2234 2047 et
2267 2005 2352 2046 me
2380 2005 2633 2062 sequere.
2666 1993 2768 2048 His
2805 1993 3000 2064 dictis,
3037 2008 3107 2050 ex
3142 1995 3382 2052 ecclesia
3421 2009 3562 2052 san-

1906 2079 2204 2136 ctissimus
2253 2081 2578 2151 patriarcha
2621 2081 2908 2138 discessit.
2944 2083 3082 2152 Ejus
3117 2097 3251 2141 vero
3282 2085 3340 2140 in
3374 2085 3560 2141 locum

1907 2169 2180 2226 suffectus
2209 2177 2314 2241 est,
2349 2185 2478 2226 cum
2517 2170 2737 2227 ﬁdelem
2772 2173 3070 2243 populum,
3095 2187 3276 2230 annos
3307 2175 3564 2246 quinque

1907 2264 1963 2314 et
1989 2273 2210 2316 menses
2253 2274 2446 2316 novem
2484 2261 2748 2332 pavisset.

1982 2347 2084 2405 403
2108 2351 2454 2421 Eustratius,
2489 2352 2684 2422 spado,
2715 2351 2971 2422 simplici
2999 2352 3088 2408 vir
3111 2351 3366 2425 ingenio,
3398 2360 3455 2410 et
3481 2353 3566 2410 di-

1909 2453 2054 2512 gnus
2081 2441 2179 2511 qui
2211 2441 2267 2496 in
2293 2441 2504 2513 angulo
2523 2441 2740 2497 lateret.
2778 2443 2983 2497 Verum
3009 2447 3066 2498 et
3093 2443 3191 2498 ille
3219 2451 3347 2513 post
3376 2444 3566 2499 trien-

1909 2529 2069 2585 nium
2099 2530 2487 2586 administrati
2537 2531 2926 2600 pontiﬁcatus,
2969 2532 3042 2587 ob
3071 2531 3320 2603 ignotam
3370 2547 3566 2603 quam-

1905 2619 2031 2675 dam
2066 2634 2314 2688 causam,
2350 2620 2548 2676 nolens
2583 2620 2942 2692 deturbatur,
2983 2629 3173 2678 evecto
3201 2621 3458 2678 vicissim
3488 2623 3560 2678 ad

1907 2709 2282 2765 Patriarchici
2314 2709 2460 2766 solii
2501 2709 2917 2766 sublimitatem

1980 2795 2083 2854 404
2107 2797 2341 2855 Nicolao
2399 2799 2694 2868 monacho,
2740 2806 3112 2871 cognomento
3153 2800 3559 2870 Grammatice,

1905 2889 2005 2960 qui
2050 2888 2107 2943 in
2148 2889 2342 2944 studio
2386 2888 2623 2944 virtutis
2671 2894 2833 2944 aetate
2875 2893 3019 2957 acta,
3071 2888 3395 2946 litterarum
3446 2904 3562 2948 non

1906 2979 2071 3035 rudis
2095 2982 2236 3047 erat,
2270 2977 2404 3034 licet
2435 2992 2546 3034 non
2576 2977 2864 3048 exquisite
2895 2979 3148 3048 peritus:
3181 2979 3437 3035 Ecclesia
3464 2992 3564 3049 per

139 3068 348 3126 litteris
378 3076 653 3127 versatus.
683 3073 805 3142 Quo
833 3077 889 3128 et
928 3072 1053 3142 ipso
1079 3068 1227 3143 (cum
1254 3071 1568 3127 triennium
1595 3069 1796 3126 Eccle—
1825 3059 1875 3126 C
1905 3081 2086 3125 annos
2135 3066 2342 3138 viginti
2414 3071 2626 3137 septem
2687 3065 3018 3139 gubernata,
3071 3067 3220 3124 obiit
3268 3082 3438 3124 senex
3491 3069 3560 3124 ad

137 3159 270 3216 siam
302 3160 572 3232 rexisset)
597 3168 823 3218 mortuo
856 3160 1096 3233 eligitur
1117 3161 1442 3232 patriarcha

199 3248 552 3322 96$ergius,
585 3250 684 3320 qui
725 3251 1006 3306 Manuelis
1042 3252 1386 3308 monasterio
1426 3254 1666 3321 praeerat
1692 3263 1801 3320 pa-

137 3340 412 3412 triarcha,
441 3341 646 3396 Photio
693 3353 894 3412 genere
942 3341 1299 3411 conjunctus.
1346 3342 1486 3398 Cum
1512 3345 1700 3396 autem
1727 3339 1793 3395 ad

136 3443 309 3486 annos
347 3431 558 3501 viginti
606 3431 913 3486 Ecclesiam
953 3431 1220 3505 pavisset,
1257 3436 1494 3488 mortem
1537 3429 1704 3500 obiit,
1745 3433 1801 3484 et

142 3518 193 3574 in
215 3521 348 3591 ejus
365 3520 555 3576 locum
582 3519 856 3577 suffectus
875 3527 978 3576 est.

200 3606 267 3664 97
294 3610 662 3680 Eustathius,
683 3610 1037 3667 sacerdotum
1056 3612 1196 3668 aedis
1215 3611 1478 3682 palatinae
1502 3610 1796 3682 princeps:

138 3699 230 3768 qui
255 3714 394 3756 cum
428 3699 877 3755 orthodoxorum
905 3700 1170 3756 Ecclesiae
1200 3707 1325 3757 octo
1347 3701 1517 3756 anuis
1549 3699 1805 3770 praefuis-

139 3794 236 3858 set,
267 3788 526 3845 moritur
554 3789 724 3859 paulo
766 3795 895 3846 ante
933 3790 1212 3847 Basilium
1252 3789 1800 3862 Porphyrogenitum

140 3877 562 3949 imperatorem.

201 3966 272 4021 98
301 3969 492 4038 Eique
518 3967 774 4024 succedit
811 3966 1067 4040 Alexius,
1106 3968 1426 4037 solitarius,
1456 3983 1485 4024 e
1511 3968 1802 4026 mansione

139 4055 418 4114 Studiana
445 4057 502 4112 in
535 4057 989 4127 patriarcharum
1018 4059 1233 4127 solium.
1270 4058 1599 4114 translatus.
1638 4057 1805 4114 Acce-

139 4146 250 4215 ptis
282 4146 602 4218 nonaginta
646 4146 773 4203 auri
816 4146 986 4203 libris
1023 4153 1079 4202 et
1108 4148 1342 4203 totidem
1378 4147 1530 4204 clero
1574 4147 1804 4203 donatis

141 4235 579 4291 matrimonium
616 4235 912 4292 Michaelis
945 4236 1081 4306 imp.
1111 4250 1241 4291 cum
1277 4238 1380 4292 Zoe
1422 4235 1801 4307 imperatrice,

137 4323 380 4380 Romani
411 4324 754 4396 Argyropoli
796 4325 968 4381 vidua
1012 4325 1386 4380 confirmavit.
1419 4327 1562 4381 Pene
1591 4325 1808 4381 excidit

1909 3158 2160 3214 modum.

1980 3245 2084 3302 405
2113 3248 2218 3302 Leo
2245 3245 2520 3318 Stypiota.

1984 3334 2086 3392 406
2115 3335 2375 3406 Michael,
2409 3335 2578 3392 Acuti
2611 3334 2947 3393 monasterii
2981 3335 3314 3410 monachus,
3347 3339 3564 3395 virtute

1909 3425 2172 3496 celebris,
2207 3426 2602 3494 imperatorem
2627 3425 2962 3495 Manuelem,
2996 3439 3028 3480 a
3046 3441 3159 3496 quo
3182 3434 3391 3482 unctus
3421 3433 3564 3498 erat,

1909 3515 2168 3571 vicissim
2219 3515 2385 3587 ungit
2414 3529 2631 3570 sacram
2657 3516 2831 3571 aedem
2866 3515 3205 3587 ingressum.
3236 3515 3432 3572 Oxites
3460 3529 3566 3572 co—

1912 3605 2298 3678 gnominatus,
2332 3618 2554 3660 summa
2597 3605 2728 3660 sede
2756 3603 2909 3660 ultro
2951 3605 3144 3673 cessit,
3185 3609 3241 3659 et
3274 3605 3334 3659 in
3363 3604 3562 3660 Oxiam

1916 3695 2163 3750 insulam
2197 3694 2390 3764 rediit,
2416 3693 2475 3748 in
2494 3706 2606 3763 qua
2631 3693 2762 3748 vitae
2789 3692 2982 3762 iu0pis
3000 3699 3055 3748 et
3081 3693 3370 3763 simplicis
3401 3694 3575 3750 iusti-

1913 3789 2099 3840 tutum
2133 3797 2165 3839 a
2211 3797 2386 3854 puero
2418 3783 2716 3852 amplexus
2745 3781 2950 3838 fuerat.

1985 3869 2085 3928 407
2113 3873 2362 3943 Cosmas,
2397 3871 2583 3943 patria
2606 3871 2884 3943 Egineta,
2923 3885 2992 3927 ex
3020 3884 3256 3927 numero
3289 3869 3572 3929 diacono-

1913 3976 2061 4033 rum,
2116 3960 2251 4017 licet
2301 3960 2755 4031 eruditissimus,
2804 3961 3084 4016 virtutum
3143 3965 3330 4016 tamen
3396 3961 3570 4018 choro

1915 4051 2223 4121 illustrior,
2253 4049 2638 4119 imperatricis
2671 4056 2896 4106 uterum
2931 4056 3257 4106 exsecratus
3281 4056 3386 4106 est.

1989 4138 2092 4196 408
2118 4139 2474 4195 Theodosius
2514 4139 2833 4209 principem
2877 4139 3066 4194 sedem
3099 4139 3412 4208 imperante
3462 4141 3572 4196 Ma-

1916 4231 2083 4287 nuele
2121 4229 2358 4286 curabat
2385 4232 2442 4285 et
2463 4227 2720 4285 ornabat.
2749 4227 2882 4283 Sedi
2900 4242 3018 4283 suae
3047 4228 3372 4297 restitutus,
3403 4236 3571 4286 natus

1918 4326 2076 4392 patre
2095 4319 2386 4390 Armenio,
2417 4322 2617 4388 sponte
2651 4317 2888 4372 secessit
2915 4317 2972 4372 in
3004 4316 3253 4372 insulam
3291 4318 3573 4374 Terebiu-

143 4414 566 4483 patriarchatu,
601 4412 800 4470 fraude
826 4414 1062 4470 Joannis
1090 4415 1574 4486 Orphanotrophi,
1610 4413 1808 4470 fratris
1835 4399 1888 4461 D
1919 4410 2101 4465 thum.

133 4503 442 4559 Michaelis
469 4503 858 4574 Paphlagonis
881 4505 1019 4574 Imp.

199 4591 274 4647 99
296 4593 503 4647 Alexio
527 4596 751 4648 mortuo
771 4606 901 4647 cum
923 4593 1111 4648 sedem
1134 4593 1291 4649 illam
1313 4593 1594 4650 tenuisset
1616 4594 1810 4665 quiete

132 4682 456 4738 octodecim
488 4681 680 4752 annis,
714 4682 1118 4739 Mouomachus
1145 4683 1454 4753 imperator
1478 4685 1606 4740 auri
1630 4691 1809 4741 cente—

135 4772 338 4827 uarios
367 4770 579 4842 viginti
617 4771 875 4842 quinque
917 4786 947 4826 e
987 4773 1329 4829 monasterio
1368 4774 1553 4829 Alexii
1595 4773 1665 4829 ab
1707 4773 1808 4830 illo

134 4861 191 4916 in
219 4861 536 4917 thesauros
569 4861 778 4916 relatos
824 4861 1086 4918 abstulit.
1127 4863 1193 4918 Ei
1224 4877 1354 4919 vero
1385 4865 1664 4920 successit
1694 4863 1810 4921 Mi—

132 4950 399 5021 chaelus,
447 4955 820 5021 cognomento
849 4951 1217 5022 Caerularius,
1255 4953 1383 5008 vitae
1423 4953 1698 5008 solitariae
1729 4967 1809 5008 se-

130 5044 325 5094 ctator
355 5061 365 5095 :
398 5040 528 5108 ejus
548 5040 758 5095 mortui
789 5051 988 5096 manus
1011 5043 1203 5096 crucis
1227 5042 1282 5096 in
1317 5042 1544 5098 modum
1567 5042 1651 5098 sic
1672 5058 1796 5099 con-

133 5127 407 5200 formata,
442 5133 507 5184 ut
542 5129 760 5184 solebat
792 5144 914 5186 esse
944 5144 1073 5185 cum
1112 5131 1322 5201 populo
1355 5145 1545 5202 pacem
1576 5133 1807 5189 denun-

135 5217 334 5290 tiaret,
367 5217 690 5274 immobilis
723 5233 824 5274 nec
850 5224 1065 5276 mutata
1088 5221 1315 5277 mansit.

1991 4497 2094 4555 409
2120 4501 2411 4557 Camatero
2442 4497 2675 4559 Basilio.
2717 4496 3107 4554 (ecumenicus
3148 4494 3571 4566 patriarchatus

1917 4590 1988 4646 ab
2012 4589 2338 4645 Andronico
2361 4590 2605 4657 delatus,
2631 4587 2714 4644 vel
2736 4587 2929 4658 potius
2949 4586 3218 4642 venditus
3247 4586 3569 4657 syngrapha

1919 4693 2088 4752 quam
2123 4679 2474 4749 praemiserat
2488 4691 2548 4734 se
2569 4677 2854 4748 quidquid
2885 4676 2936 4731 ei
2966 4675 3236 4731 libuisset
3259 4674 3564 4745 facturum,

1918 4769 2135 4839 dejecto
2165 4782 2264 4839 per
2287 4767 2561 4822 Isaacium
2595 4766 2870 4837 Angelum
2899 4765 3317 4834 imperatorem.

1991 4856 2093 4912 440
2135 4857 2362 4913 Nicetas
2404 4857 2744 4925 Mundanus,
2791 4854 3057 4910 Ecclesiae
3103 4854 3364 4910 maximae
3401 4852 3577 4910 sacel-

1918 4947 2102 5003 larius
2141 4945 2438 5014 successit,
2468 4958 2634 5014 quem
2663 4948 2800 4999 natu
2829 4943 3138 4998 maximum
3171 4943 3228 4997 in
3263 4957 3420 4998 sacra
3442 4944 3572 5000 sede

1916 5037 2210 5107 exspirare
2247 5039 2472 5090 nonest
2501 5047 2705 5104 passus
2745 5030 2981 5100 imper.;
3023 5031 3119 5086 sed
3171 5031 3469 5102 delirium,
3521 5039 3576 5087 et

1917 5127 2203 5184 levitatem
2232 5129 2290 5180 et
2317 5123 2543 5180 senium
2573 5127 2863 5188 causatus,
2895 5120 3138 5190 expulit.

1990 5213 2084 5272 444
2119 5215 2392 5272 Leontius
2425 5228 2554 5270 vero
2588 5213 2902 5270 monachus
2932 5212 3165 5282 quidam
3195 5218 3390 5283 pastor
3429 5212 3576 5269 desi-

1397 5421 1460 5478 A.
1505 5420 1731 5479 CONTH
1769 5416 1970 5479 ΝΟΤᾸΞ
2008 5415 2400 5476 ΙΠΞΤΟΒΙΟᾸΞ.

202 5582 232 5610 τι
268 5567 418 5626 Vide
458 5563 714 5643 Glycam,
759 5573 1026 5627 Zonaram
1057 5574 1114 5628 et
1160 5571 1413 5627 Nicetam
1476 5567 1685 5640 passim
1737 5566 1805 5626 ad
1859 5562 2012 5626 hunc
2040 5567 2095 5622 et
2129 5562 2198 5622 ad
2230 5567 2532 5638 sequentes
2557 5562 2930 5636 patriarchas.
