2005 3080
82 152 123 182 553
647 143 901 173 COLLECTANEA.
921 158 958 165 —
978 142 1146 171 nomen.
1227 130 1233 135 '
1697 141 1750 173 554

109 214 136 243 49
151 212 270 249 Cyrillus,
287 209 372 238 annis
387 208 563 245 quindecim.

112 258 138 287 20
153 258 295 293 Tyrannus,
311 254 396 281 annis
413 253 558 282 tredecim.

884 208 912 237 A
960 207 1132 242 Theodotus,
1146 206 1231 234 annis
1246 208 1378 242 quatuor.

962 250 997 278 33
1015 252 1145 286 Joannes,
1173 251 1221 286 qui
1251 250 1307 278 fuit
1335 251 1364 278 in
1392 251 1476 278 tertia
1504 251 1611 287 synodo
1633 252 1748 287 Ephesi,

110 305 229 331 Hactenus
247 299 331 327 alieni
353 299 538 333 imperatores
567 297 644 325 fuere
666 304 681 324 a
709 296 873 324 Christiana
927 296 1013 322 annis
1023 295 1188 323 octodecim.

84 347 197 379 doctrina,
209 347 234 373 et
248 344 317 371 hanc
332 342 495 370 colentibus
517 341 625 369 infesti.
644 342 795 376 Postquam
817 347 874 367 au—

84 396 126 420 tem
134 398 185 419 esse
198 390 373 424 imperatores
385 387 543 414 Christiani
558 388 714 421 coeperunt,
729 385 757 412 hi
778 384 876 411 nomi-

86 438 168 464 nantur
177 444 183 461 2

111 479 135 507 2i
154 479 254 513 Vitalis,
269 478 352 505 annis
366 484 423 505 sex.

111 523 140 552 22
156 522 341 558 Philogonius,
360 521 444 549 annis
460 520 597 555 quinque.

111 567 139 596 23
156 567 257 601 Paulus,
269 566 352 594 annis
366 566 502 601 quinque.

112 611 140 640 2i
156 611 322 646 Eustathius,
341 610 390 646 qui
407 609 463 637 fuit
480 609 508 636 in
526 608 615 644 prima
636 607 742 643 synodo
763 607 876 634 Nicaena

86 656 223 692 primarius.
241 656 314 683 Idem
339 654 456 689 ejicitur
475 653 511 681 ab
534 653 661 687 Arianis,
685 652 769 679 annis
795 654 878 678 octo—

85 702 165 731 decim.

112 747 165 773 Post
174 752 248 781 quem
260 744 454 780 prtescderunt
468 742 578 771 Ariani.

111 789 140 818 95
155 790 285 820 Eulalius,
301 789 386 816 annis
400 788 504 816 tribus.

112 833 140 862 96
155 833 341 868 Euphronius,
351 833 436 860 annis
451 835 523 860 octo.

964 339 999 367 39
1018 341 1154 375 Domnus,
1180 340 1210 368 in
1232 340 1321 368 altera
1343 339 1450 375 synodo
1474 340 1577 376 Ephesi
1600 340 1753 377 insidiosa,

929 385 1014 412 annis
1026 388 1097 412 octo.

966 427 1000 456 40
1022 429 1163 457 Maximus
1180 436 1303 464 prmsens
1320 430 1348 457 in
1365 430 1472 464 synodo
1490 429 1675 466 Chalcedone,
1692 437 1754 466 qnze

931 476 1098 501 numeratur
1129 473 1176 501 hic
1202 474 1339 509 expulsus
1367 473 1423 502 fuit
1454 473 1489 501 ob
1519 474 1640 510 lapsum,
1671 475 1756 503 annis

932 521 1064 554 quatuor.

968 562 998 590 41
1023 563 1156 598 Basilius,
1173 563 1257 591 annis
1271 563 1393 591 duobus.

968 606 1002 634 42
1020 607 1151 643 Aeacius,
1161 614 1216 642 quo
1224 608 1392 642 praesidente
1400 607 1468 635 urbs
1478 609 1598 644 corruit,
1606 615 1680 637 anno
1688 617 1754 639 uno.

968 651 1002 679 43
1021 652 1185 687 Martyrius,
1197 652 1282 679 annis
1296 652 1440 679 tredecim.

969 695 1002 723 lii
1021 696 1163 730 Julianus,
1178 697 1263 723 annis
1279 696 1453 731 quindecim.

970 739 1004 768 4-5
1023 741 1123 768 Petrus
1135 740 1216 768 Fullo
1228 741 1336 775 ejectus
1351 748 1366 768 a
1381 742 1499 776 Zenone,
1512 742 1596 770 annis
1606 742 1710 771 tribus.

972 784 1005 812 46
1025 785 1155 819 Joannes,
1169 785 1276 819 ejectus
1293 788 1356 820 post
1372 792 1480 813 menses
1496 789 1562 814 tres.

973 828 1006 856 li‘i
1025 830 1186 864 Stephanus
1200 830 1284 857 annis
1298 829 1401 858 tribus.

111 877 139 906 27
155 878 317 913 Phacellius,
332 880 457 912 tempore
468 877 553 910 cujus
564 875 744 903 celebrantur
752 873 883 901 Enczenia
898 871 924 900 Β
969 873 1003 901 48
1021 874 1183 908 Stephanus
1198 874 1284 908 alius,
1300 882 1375 902 anno
1391 882 1456 903 uno.

91 923 196 950 Ecclesiae
209 929 314 958 magna:
328 921 497 956 Antiochiae,
512 921 597 948 annis
611 919 761 947 duodecim

112 966 140 995 28
155 967 317 1002 Stephanus,
333 966 418 994 annis
433 965 537 993 tribus.

113 1010 140 1038 29
158 1011 293 1044 Leontius,
312 1010 397 1038 annis
415 1013 487 1037 octo.
507 1010 545 1037 De
567 1008 619 1036 hoc
637 1008 753 1035 Leontio
766 1007 883 1041 cvirato,

88 1055 137 1083 vide
149 1056 274 1090 Nicetam,
291 1055 323 1083 in
334 1055 488 1089 Thesauro,
506 1053 555 1081 lib.
570 1060 596 1084 v,
608 1059 669 1087 cap.
687 1052 730 1080 30:

114 1099 141 1128 30
158 1100 306 1134 Endoxins,
319 1099 404 1127 annis
417 1098 539 1126 duobus.

116 1143 141 1172 3t
158 1145 287 1179 Ananius,
303 1144 391 1172 annis
406 1146 539 1179 quatuor.
559 1143 673 1170 Nicetas
690 1141 771 1169 illum
790 1140 888 1168 Adria-

91 1197 142 1216 num
155 1189 191 1217 vel
203 1189 346 1217 Anianum
363 1189 502 1222 nominat,
517 1187 654 1214 Thesauri
669 1186 719 1213 lib.
730 1193 758 1221 v,
770 1193 829 1220 cap.
845 1184 886 1212 18.

115 1233 143 1262 32
159 1234 282 1262 Meletius
300 1233 457 1268 confessor,
472 1232 610 1267 expulsus
631 1238 647 1259 :1
670 1230 783 1258 Valente
805 1230 889 1257 annis

89 1278 171 1313 viginti
182 1278 317 1314 quinque.

115 1321 144 1350 33
159 1323 274 1351 Euzoius
287 1322 428 1357 Arianus,
443 1321 560 1349 annis...

117 1365 146 1394 34
161 1367 284 1396 Meletius
305 1374 436 1402 rursum,
451 1373 515 1394 cum
538 1364 678 1393 adfuisset
701 1365 729 1392 in
752 1367 891 1392 conventu

93 1412 199 1439 secundm
211 1412 311 1447 synodi
329 1410 586 1445 Constantinopoli.

116 1455 145 1484 35
160 1457 307 1485 Flavianus
325 1456 409 1484 annis
420 1455 534 1491 viginti.

117 1499 145 1528 36
160 1501 332 1537 Porphyrius
343 1501 461 1528 annis...

117 1543 145 1573 37
160 1545 315 1574 Alexander
329 1545 422 1573 annis.
429 1565 448 1572 ..

974 918 1008 946 49
1026 919 1193 954 Calandion,
1208 919 1293 947 annis
1306 922 1437 954 quatuor.

974 963 1008 991 50
1028 964 1127 991 Petrus
1140 963 1221 991 Fullo
1236 971 1359 991 rursum.

975 1006 1006 1035 iii
1030 1007 1185 1042 Palladius,
1200 1008 1284 1035 annis
1296 1008 1401 1036 decem.

975 1052 1010 1080 52
1030 1052 1190 1086 Flavianus,
1211 1052 1348 1087 expulsus
1363 1053 1398 1080 ab
1414 1053 1564 1081 Anastasio
1581 1054 1761 1090 imperatore,

941 1105 986 1125 an.
1003 1100 1107 1132 septem
1120 1104 1142 1123 ιι.

977 1141 1012 1169 53
1032 1142 1137 1169 Paulus
1147 1142 1273 1176 ejusdem
1288 1145 1422 1177 tempore,
1438 1143 1522 1171 annis
1535 1143 1638 1172 tribus.

978 1185 1013 1214 iii
1032 1186 1225 1221 Euphrasius,
1256 1194 1410 1221 oppressus
1438 1187 1522 1215 ruina
1551 1188 1648 1224 urbis,
1682 1188 1767 1216 annis
1819 1211 1823 1215 .

946 1231 1082 1267 quinque.

980 1275 1015 1303 533
1035 1275 1239 1311 Euphraimus,
1257 1278 1381 1311 tempore
1397 1276 1567 1313 Justiniani,
1587 1278 1671 1307 annis
1687 1280 1769 1306 octo—

945 1320 1046 1348 decim.

982 1364 1017 1392 56
1036 1366 1172 1399 Domnus,
1187 1365 1271 1392 annis
1284 1367 1509 1400 quatuordecim.

983 1408 1017 1437 57
1036 1409 1214 1443 Anastasius,
1229 1410 1314 1438 annis
1328 1411 1470 1439 undecim.

985 1453 1020 1481 58
1038 1454 1204 1489 Gregorius,
1221 1455 1306 1482 annis
1319 1455 1422 1490 viginti
1439 1458 1572 1490 quatuor.

984 1498 1019 1526 59
1039 1498 1209 1526 Anastasius
1226 1499 1340 1535 iterum,
1352 1500 1437 1527 annis
1447 1507 1506 1528 sex.

910 1539 934 1570 C
986 1542 1020 1571 60
1039 1542 1208 1570 Anastasius
1223 1543 1309 1578 alius,
1324 1544 1409 1572 annis
1423 1551 1531 1572 novem.

657 1607 688 1634 Α.
719 1605 834 1634 CONTlI
860 1607 959 1634 501E
989 1607 1186 1634 lllSTORICIE.

118 1669 130 1684 ι
148 1659 287 1695 Evagrins.
315 1657 451 1686 Historia:
479 1656 530 1684 lib.
558 1663 595 1690 vr,
617 1663 678 1690 cap.
696 1656 809 1686 ultimo.
835 1656 999 1684 restitutum
1020 1656 1070 1683 ait.
1088 1655 1169 1683 Anno
1184 1655 1229 1683 93.

170 1807 241 1897 ill
300 1805 610 1897 ANASTASII
690 1802 1190 1894 BlBLlllTllllCiltll
1258 1802 1690 1895 COLLECTANEA

626 1926 943 1962 ADMONlTlO
986 1926 1233 1961 PRACVIA.

472 2004 562 2041 (Apud
578 2003 721 2038 Galland.,
736 2002 912 2031 Bibliotheca
925 2003 1057 2031 Veterum
1072 2004 1198 2039 Patrum,
1215 2006 1283 2031 tom.
1300 2005 1389 2032 XIII.\

124 2134 232 2164 Persona
245 2136 310 2172 ipsa
323 2135 468 2164 Anastasii
483 2135 529 2172 vix
545 2135 702 2172 quidquam
717 2135 824 2172 ad_nos
842 2140 900 2172 per-
913 2131 940 2160 D
964 2134 982 2161 Ι.
1006 2135 1094 2169 Ipsius
1110 2135 1261 2172 Anastasii
1284 2135 1495 2172 Bibliotheeurii
1506 2136 1625 2169 epistola:
1646 2137 1717 2168 dum,
1740 2137 1787 2164 al—

99 2168 165 2206 tinet,
174 2178 234 2200 cum
246 2168 422 2207 scriptorum
435 2171 518 2198 modo
529 2168 590 2206 qua:
605 2168 634 2197 in
647 2170 710 2204 ejus
720 2170 901 2207 collectaneis

97 2210 234 2236 cernuntur
254 2206 397 2236 rationem
418 2207 582 2234 habeamus.
599 2207 637 2233 De
657 2212 689 2233 eo
710 2206 902 2233 nihilominus

98 2240 190 2278 aliquid
201 2243 299 2271 dicere
309 2250 344 2271 ac
356 2242 468 2278 praefari
482 2242 562 2270 libet.
577 2241 696 2269 Natione
709 2241 775 2275 fuit,
788 2244 820 2278 ut
831 2241 906 2268 vide-

100 2277 144 2313 tur,
163 2277 323 2313 Romanus;
348 2277 424 2306 certe
449 2278 576 2306 ecclesiae
594 2278 726 2304 Romana;
749 2277 904 2313 presbyter,

99 2311 170 2340 abbas
196 2317 223 2342 et
250 2311 505 2342 bibliothecarius.
533 2312 658 2347 Claruit,
686 2311 842 2347 praesertim
871 2311 907 2339 ab

999 2173 1056 2197 tem
1077 2171 1114 2197 ad
1134 2172 1265 2197 Joannem
1291 2171 1445 2202 diaconum,
1467 2171 1554 2198 altera
1578 2172 1615 2198 (ιιι
1636 2172 1788 2199 Mal-tinum

994 2207 1147 2241 episcopum
1162 2207 1350 2234 Narniensem.
1455 2211 1462 2216 '

961 2278 993 2305 II.
1015 2279 1129 2305 Joannis
1146 2286 1230 2313 papm
1255 2278 1298 2306 ιγ
1313 2277 1449 2313 Apologia
1469 2285 1521 2313 pro
1542 2278 1662 2305 Honorio
1685 2286 1788 2307 summa

997 2315 1131 2348 pontiﬁce.

101 2349 254 2386 annotﬁsad
261 2349 329 2386 832,
337 2350 390 2378 sub
398 2349 582 2385 pontiﬁcibus
593 2348 710 2376 Nicolao
721 2348 874 2386 I,_Adr_iano
886 2348 909 2374 ll
963 2350 1007 2376 III.
1030 2349 1124 2386 Sancti
1138 2349 1253 2376 Μυωίγηί
1265 2349 1384 2384 epistolae
1398 2350 1526 2384 quinque.

100 2385 122 2409 et
132 2384 227 2413 Joanne
245 2383 432 2413 VIII.’Utru'm
448 2386 577 2413 idemmet
595 2390 660 2411 cum
673 2384 814 2411 cardinali
830 2383 910 2410 Ana-
965 2386 1006 2412 iV.
1032 2385 1163 2411 Theodori
1172 2393 1252 2419 pupa:
1266 2383 1458 2419 cpistalwires.

101 2419 173 2455 stasio
196 2422 360 2449 censendus
385 2421 433 2455 sit,
460 2421 549 2448 latius
572 2420 722 2454 disputant
744 2419 907 2455 scriptores,
966 2421 995 2447 V.
1019 2421 1132 2447 Martini
1144 2428 1225 2454 papm
1240 2421 1358 2454 cpistola:
1370 2424 1496 2455 qzmzuor.

101 2453 198 2492 gamus
213 2456 243 2484 in
261 2457 368 2492 primis
383 2453 500 2485 omnino
521 2453 725 2484 consulendus.
743 2455 853 2492 Scripta
870 2454 912 2492 il-
967 2457 1008 2483 Vl.
1032 2453 1360 2482 Ifonmu-nmhitio’eoi-eun
1375 2453 1438 2491 qua:
1457 2458 1484 2484 S.
1503 2458 1640 2486 Martinus
1656 2460 1793 2487 Constan-

102 2487 147 2528 l_iu_s
162 2487 312 2528 recensent
331 2492 633 2528 bibliographitinter
652 2487 912 2528 quos__diligelitior
1002 2492 1115 2526 tinopoli
1126 2498 1224 2525 passus
1237 2494 1286 2518 est.

103 2524 268 2566 Fabriciuss.
289 2529 356 2566 _Pr:e
371 2524 485 2566 caeteris
500 2524 677 2566 collectanea
689 2526 783 2566 illius
804 2524 913 2566 edenda
967 2528 1023 2555 VII.
1049 2524 1153 2566 Relatio
1166 2528 1341 2566 motionisin
1360 2527 1389 2554 S.
1406 2528 1565 2566 Meminiam,
1583 2537 1644 2565 qua:
1661 2533 1736 2566 facta
1755 2534 1794 2559 est

104 2560 171 2589 nobis
188 2563 314 2599 reliquit
337 2564 508 2593 Gallandius
525 2565 620 2591 noster
632 2563 646 2591 ὁ
658 2560 736 2590 πάνυ.
752 2560 914 2589 Circumfe—
1004 2571 1092 2590 coram
1108 2563 1278 2598 principibus
1292 2563 1322 2589 in
1337 2565 1490 2591 secretario.

103 2598 263 2628 runtnrvero
274 2600 307 2628 in
320 2599 380 2628 illis
391 2606 453 2635 qua:
464 2598 668 2634 subjungimus
678 2602 852 2637 scriptorum
860 2607 915 2628 mo-
968 2599 1206 2637 }[iIL/tnastasii
1220 2599 1344 2637 monltchi
1356 2600 1478 2637 qiistolq.

970 2634 1019 2662 1X.
1040 2635 1144 2661 Relatio
1159 2634 1353 2669 disputationis
1369 2636 1439 2661 inter
1458 2636 1486 2662 S.
1501 2636 1650 2668 Mum-imum
1667 2641 1690 2665 rt
1709 2639 1795 2665 Theo-

1008 2671 1113 2697 dosium
1126 2671 1277 2705 episcopum
1293 2671 1404 2697 Cresurzv
1419 2672 1562 2706 Bithyniae.

106 2637 233 2662 numenta.

451 2718 466 2728 ς

131 2757 218 2787 'Bibl.
233 2760 331 2789 Graue.
355 2764 421 2789 tom.
440 2761 488 2794 IX,
503 2765 564 2797 pag.
584 2758 636 2789 33⁸1
648 2770 655 2797 ς
669 2760 729 2789 Bib.
747 2759 820 2788 med.
833 2762 853 2789 t.
869 2761 890 2795 I,
907 2768 933 2796 p.
947 2758 982 2788 8’7
997 2759 1066 2787 edit.
1078 2760 1171 2787 Patav.

287 2810 404 2838 PATROL.
420 2810 544 2839 CXXIX.
1624 2811 1658 2843 18
