4034 6158
212 222 297 284 557

1099 182 1106 189 ’
1150 225 1658 284 COLLECTANEA.
1707 257 1782 269 -
1819 231 2175 290 rumne
2210 235 2584 295 ANASTASII.

3477 250 3585 310 558

211 352 1319 443 “Pﬂifiiiiii“s._-§?'ill§i}fl‘i‘lnsSi”?
1351 358 1406 443 δε
1434 358 1825 443 Μεικὲῐέιίωὲ
1849 357 1909 418 Α
1932 362 2288 443 Έιιθίξίιοβίμε
2318 373 2373 443 ei
2403 339 2734 428 Theodorus
2764 371 2968 431 fratres
3016 380 3279 435 monachi
3321 387 3386 437 ut
3428 388 3588 442 notat

212 430 349 552 gistri
374 430 507 478 suitl
538 465 552 492 ,
579 439 703 494 quae
727 430 970 480 maxime
995 430 1363 484 continentur
1393 430 1449 485 in
1480 430 1723 501 epistola
1753 432 1821 487 ad
1932 434 2307 495 Combeﬁsius
2350 440 2410 496 in
2456 443 2694 506 monito,
2744 448 2799 499 et
2840 430 3388 508 Cavmusvbtivniunt
3413 430 3586 513 éiii‘ai

248 494 553 551 heodosium
574 496 980 552 Gangrensem.
1015 512 1183 552 uuam
1218 500 1383 552 nobis
1416 501 1474 552 in
1502 502 1627 552 suis
1650 502 1827 552 Colle-
1941 505 2222 552 Anastasii
2258 512 2619 552 nntmricinrii
2649 514 2945 552 onictnlnm
2980 532 3101 552 sm...
3122 523 3406 552 ηηηηηιρηι
3438 539 3463 552 ..
3498 529 3515 552 ι
3536 540 3562 552 -

248 494 553 551 heodosium
574 496 980 567 Gangrensem,
1015 512 1183 567 quam
1218 500 1383 555 nobis
1416 501 1475 556 in
1502 494 1627 557 suis
1650 502 1827 557 Colle-

210 567 393 643 ctaneis
415 567 660 643 servavit
683 566 1552 643 Anastasius’Bibliothecarius.
1582 573 1828 643 Scripsit

213 652 354 713 poer
364 636 687 713 indictione
739 653 907 713 nona,
962 640 1203 711 ideoque
1250 654 1402 699 anno
1456 645 1671 700 Christi
1700 636 1823 713 666,

212 706 301 765 non
327 706 443 776 διεδ,
479 714 541 785 ut
571 714 729 785 notat
751 706 999 785 Cavzeus.
1034 706 1171 767 Et‘si
1198 726 1329 785 vero
1344 713 1550 771 Graeca:
1571 706 1828 785 epistolis

210 794 299 856 non
327 780 631 856 supersint,
653 781 979 856 testimonia
1006 786 1189 838 tamen
1208 784 1261 839 S.
1288 785 1579 856 Hippolyti
1601 780 1668 842 ex
1698 786 1823 843 eod.

208 850 465 922 Francisci
518 852 789 907 Turriani
843 853 1111 922 adjuncta
1160 858 1295 910 sunt
1345 850 1418 911 e'x'
1465 850 1824 913 C'ombetisio.

210 921 342 997 Obiit
384 921 719 997 S.__martyr
764 921 1121 997 Anastasius
1171 926 1267 981 die
1318 928 1637 997 Dominico,
1691 930 1830 984 ho‘ra

208 994 367 1061 tertia,
398 1006 429 1045 v
458 992 594 1050 Idus
621 992 940 1065 Octobrias,
960 1009 1090 1050 cum
1110 996 1170 1051 in
1194 1003 1388 1053 sancta
1414 992 1662 1055 Collecta
1680 1000 1835 1055 dice-

208 1069 358 1135 retur,
390 1064 599 1139 Sancta
625 1068 848 1139 sanctis,
878 1064 1196 1139 indictione
1219 1069 1455 1125 decima.
1488 1070 1597 1139 Qui
1624 1071 1836 1127 chara—

205 1141 358 1212 cteres
380 1136 944 1212 cadunt-inannum
987 1138 1211 1212 _Qhristi
1254 1140 1379 1212 666,
1431 1136 1543 1212 quo
1574 1142 1695 1197 Kal.
1732 1143 1840 1198 Se—

206 1206 458 1332 ptembris
480 1206 689 1289 fluebat
708 1207 952 1291 indictio
976 1205 1061 1279 40,
1087 1217 1142 1292 et
1168 1205 1376 1294 quinto
1393 1205 1544 1296 ld'us,
1569 1214 1687 1269 sive
1711 1214 1837 1296 dies

236 1276 256 1332 4
280 1276 542 1332 Octobris
569 1284 692 1332 erat
715 1281 1033 1332 Dominica.
1054 1294 1174 1332 sure
1195 1280 1336 1332 feria
1367 1297 1566 1332 prima-
1589 1289 1654 1332 ut
1672 1289 1837 1332 amnt

236 1276 256 1332 4
280 1276 542 1353 Octobris
569 1284 692 1333 erat
715 1280 1033 1353 Dominica,
1050 1276 1338 1338 'sive'feria
1364 1276 1567 1353 prima,
1589 1289 1654 1341 ut
1672 1285 1839 1341 aiunt

203 1354 444 1406 auctores
473 1350 920 1420 Hypomnestici.

419 1473 455 1545 §
478 1474 617 1530 VIII.
651 1504 721 1515 —
744 1476 822 1530 De
849 1475 1162 1532 auctoribus
1186 1478 1590 1549 Hypomnestici

259 1582 431 1653 Hujus
497 1582 763 1655 opusculi
811 1588 1073 1643 auctores
1127 1598 1253 1643 sese
1308 1586 1491 1659 palam
1528 1588 1838 1648 ostendunt

256 1734 286 1767 ι
309 1722 473 1781 Fabr.
503 1722 649 1781 Bibl.
678 1725 775 1783 Gr.
810 1730 946 1783 tom.
972 1727 1067 1799 IX,
1101 1740 1226 1800 pag.
1267 1725 1371 1785 422
1393 1732 1450 1786 et
1476 1727 1600 1787 340.

1934 505 2625 592 hnastasiiapocrjsiarii
2649 514 2949 592 epistolam
2980 532 3101 574 sese
3120 505 3590 592 accepi—sse'a—ia:

1936 580 2056 664 zico
2086 595 2183 664 per
2205 580 2543 664 Gregorium
2575 580 2832 641 abbatem
2872 580 3365 664 Bavararuensem,
3401 580 3589 652 mense

1936 653 2214 734 Augusto,
2246 653 2563 711 indictione
2582 670 2661 728 x1,
2691 672 2817 729 quae
2829 661 3135 784 gsrmteriit.
3162 665 3241 718 Ex
3259 653 3375 734 quo
3399 680 3589 723 conse~

1938 730 2141 784 quitur
2165 738 2262 780 eos
2283 726 2587 784 scripsisse
2614 742 2765 784 anno
2793 728 2828 784 6
2904 771 2916 784 .
2947 731 3031 784 vel
3054 731 3179 784 669.
3217 740 3412 784 mitam
3434 738 3588 784 scili-

1938 723 2587 805 quitureosscripslsse
2614 723 2765 785 anno
2793 723 2916 805 6§8,
2947 731 3031 787 vel
3054 731 3179 805 669,
3217 723 3412 805 putato
3434 738 3588 794 scili-

1938 800 2027 877 cet
2057 795 2230 851 initio
2258 795 2638 877 indictioni_s,_
2648 814 2802 856 more
2818 795 3178 872 Graecorum,
3198 795 3233 860 εἰ
3250 806 3589 877 Septembri.

1938 866 2047 945 I_’r_o
2072 878 2223 945 anno
2252 868 2433 945 priori
2465 875 2580 945 stat
2600 866 2849 945 Cavaaus,
2885 888 2985 943 pro
3017 866 3338 944 posteriori
3363 879 3591 936 Combe-

1944 936 2462 1015 flsius._}labemus
2512 942 2569 1015 in
2636 957 2701 999 eo
2748 936 3184 1015 Hypomnéstico
3238 950 3589 1006 succinctam

1946 1007 2249 1094 historiam
2272 1012 2560 1094 passionis
2579 1018 2635 1094 et
2658 1007 3121 1094 mort'isMartini
3136 1032 3311 1094 papae,
3337 1022 3595 1094 Maximi,

1944 1078 2233 1137 Anastasii
2273 1078 2524 1158 abbatis.
2579 1085 2871 1143 Anastasii
2930 1078 3310 1158 apocrisia‘rii'
3352 1078 3599 1150 rrairuui

1946 1163 2403 1245 gnerrnacnorp‘ml.“
2414 1157 2873 1245 BorLro‘lac‘obAus
2892 1244 2899 1245 γ
2917 1157 3276 1245 Sirmondus,
3301 1164 3426 1245 _qui
3468 1165 3601 1245 .pri-

1948 1221 3142 1317 ιλιηιξξ.,ἔὲἕίὶίεὲξ[ιξιξξ.ἐῃξιξρ,ᾼρὲεφξίξπιηιιηξ
3186 1221 3392 1317 edistis
3430 1221 3602 1317 eihue

1948 1292 2401 1373 gollcctqnegrunt
2419 1298 2655 1373 titulum
2679 1298 2833 1373 fecit,
2854 1308 3147 1373 acceperat
3162 1317 3229 1359 ex
3251 1292 3602 1364 bibliothéca

1948 1364 2218 1422 Ecclesia:
2242 1369 2668 1440 Lugdunensis.

1853 1693 1910 1757 Β
2004 1730 2035 1774 b
2087 1730 2170 1789 Ad
2199 1745 2333 1789 ann.
2362 1727 2490 1787 668.

201 1912 3578 1947 —_________.________.____._____._____________________________

1374 2060 2428 2242 ANASTASII

916 2297 1797 2372 BIBLIOTHECARI]
1854 2300 2171 2373 SEDIS
2222 2302 2911 2377 APOSTOLIC/E

1136 2508 2667 2661 COLLECTANEA

1349 2758 1468 2820 AD
1509 2758 1923 2820 JOANNEM
1971 2757 2458 2822 DIACONUM.

1037 2888 1224 2962 (Apud
1255 2890 1511 2950 Gallend.
1545 2892 1820 2950 Biblioth.
1853 2896 2109 2950 veterum
2134 2894 2389 2963 Patrum,
2419 2896 2561 2953 tom.
2582 2890 2755 2963 XIII.)

1199 3019 1399 3077 Edidit
1424 3020 1676 3092 primum
1696 3021 1935 3076 Jaconus
1956 3020 2241 3076 Smnosus
2275 3032 2424 3076 anno
2457 3015 2613 3075 4620.

1725 3171 2067 3183 ψ..-

251 3265 638 3324 Charissimo
668 3266 803 3325 frati
835 3270 1037 3327 Joanni
1065 3271 1226 3345 digni
1256 3273 1472 3333 Christi
1506 3274 1690 3331 levita:
1716 3274 1861 3332 Ana-
1887 3274 1937 3337 C
1968 3275 2069 3347 qui
2089 3272 2340 3344 profecto
2366 3274 2524 3327 tanta
2541 3270 2669 3328 luce
2685 3268 2977 3341 sapientia:
2995 3267 3225 3341 rutilas,
3246 3272 3356 3325 uta
3378 3281 3484 3340 me,
3503 3279 3617 3324 non

193 3356 406 3413 stasius
438 3356 700 3429 exiguus
727 3358 787 3414 in
812 3360 1055 3416 Domino
1080 3362 1339 3418 salutem.

249 3444 728 3502 Ecclesiasticam
763 3448 1075 3519 Scriptura:
1100 3452 1168 3506 ad
1195 3452 1502 3510 multorum
1530 3453 1862 3510 instructio-

189 3546 302 3589 nem
336 3534 694 3593 historicam
722 3537 1025 3595 industria:
1054 3545 1168 3597 tua:
1187 3542 1556 3611 promiseram
1577 3557 1646 3599 ex
1665 3544 1860 3599 Graeco

188 3635 267 3678 me
295 3624 405 3681 tibi
437 3639 718 3682 sermone
742 3629 997 3698 quaidam
1040 3630 1100 3685 in
1132 3631 1396 3687 Latinum
1428 3636 1724 3689 vecturum
1752 3632 1863 3687 eIO'

187 3713 409 3781 quium.
479 3715 732 3771 Dixeras
766 3717 918 3772 enim
960 3723 1034 3791 et,
1069 3733 1291 3777 summa
1320 3720 1571 3776 Veritate
1602 3722 1858 3790 docente,

186 3801 580 3869 perhibueras
603 3804 1050 3862 ecclesiasticam
1096 3812 1150 3863 te
1197 3809 1381 3864 ordiri
1433 3824 1545 3866 non
1592 3823 1755 3880 posse
1789 3809 1864 3864 fi-

184 3888 378 3948 denter
411 3893 761 3965 historiam,
795 3895 908 3951 nisi
944 3897 1252 3968 utriusque
1274 3898 1487 3970 linguae
1508 3898 1765 3969 quiedam
1786 3912 1868 3953 re.

187 3989 304 4033 rum
333 3988 652 4053 gestarum
680 3984 1008 4054 conscripta
1055 3985 1233 4041 series
1279 3985 1348 4041 ad
1396 3990 1551 4043 tuam
1601 3986 1866 4042 notitiam

182 4067 543 4128 devenisset.
606 4070 981 4143 Quapropter,
1039 4076 1139 4145 qui
1201 4079 1371 4131 tanta:
1429 4089 1515 4131 me
1564 4075 1867 4146 imperitiae

186 4169 546 4231 recognosco
576 4164 639 4215 ut
670 4174 771 4216 nec
800 4162 987 4232 ipsius
1013 4162 1227 4236 lingua:
1271 4177 1407 4220 meae
1450 4164 1509 4220 in
1545 4178 1656 4236 qua
1697 4168 1868 4219 natus

184 4259 327 4320 sum,
360 4262 436 4305 ne
469 4249 735 4306 dixerim
761 4250 985 4321 alienae,
1004 4253 1117 4308 vim
1152 4258 1446 4323 penetrare
1470 4251 1776 4321 sufficiam,
1804 4265 1869 4309 ac

186 4348 278 4403 per
309 4337 425 4394 hoc
453 4352 769 4410 nunquam
814 4340 1230 4413 interpretandi
1271 4355 1611 4414 quacunque
1649 4342 1871 4399 ratione

181 4438 464 4483 conamen
487 4428 760 4499 arripere
782 4431 1270 4501 prmsumpsissem
1286 4474 1299 4500 ,
1322 4431 1685 4487 consentiens
1708 4446 1741 4488 a
1763 4446 1874 4487 ma-

183 4512 386 4582 gistris
430 4516 791 4587 reprehendi
826 4534 995 4589 quam
1027 4525 1081 4576 te
1110 4534 1142 4576 a
1179 4519 1448 4590 praedicta
1481 4526 1706 4591 torpore
1750 4534 1873 4576 meo

1971 3365 2121 3436 quod
2145 3361 2547 3433 necessarium,
2565 3361 2659 3417 sed
2680 3359 3067 3430 temerarium,
3087 3359 3335 3428 experiri
3359 3370 3618 3428 saporem

1971 3453 2339 3523 proposuisse
2360 3450 2631 3507 videaris.
2654 3452 2849 3520 Itaque
2876 3448 3041 3509 mihi,
3066 3445 3477 3502 interveniente
3497 3445 3624 3501 obe-

1970 3542 2210 3611 dientia,
2237 3546 2355 3596 sata
2397 3540 2467 3595 ab
2498 3539 2635 3595 aliis
2666 3538 2881 3594 rustica
2931 3536 3073 3592 falce
3119 3534 3417 3606 collegisse
3468 3538 3524 3589 et
3550 3535 3619 3589 ad

1971 3644 2160 3686 aream
2182 3629 2495 3685 latinitatis
2517 3628 2671 3683 fideli
2701 3628 2937 3683 humero
2955 3624 3334 3681 transvexisse
3355 3622 3620 3691 sufﬁciat,

1974 3719 2057 3774 nil
2088 3719 2356 3775 videlicet
2379 3718 2611 3774 addenti
2640 3716 2725 3773 vel
2750 3714 3052 3771 minuenti.
3077 3715 3260 3770 Tuum
3281 3718 3470 3769 autem
3489 3712 3620 3781 erit,

1974 3807 2215 3877 adjectis
2239 3807 2563 3877 sententiis,
2602 3805 2779 3862 veluti
2806 3804 3051 3876 quodam
3074 3801 3392 3859 ventilabro
3412 3800 3624 3871 judicii

1978 3909 2125 3965 opus
2147 3896 2408 3952 historia:
2437 3895 2701 3966 dilatare,
2735 3898 2791 3948 et
2842 3893 3006 3948 verba
3055 3895 3269 3955 nostra,
3316 3903 3443 3961 quas
3474 3889 3533 3944 in
3563 3900 3628 3943 ea

1980 3984 2280 4040 inserenda
2308 3984 2645 4055 decreveris,
2677 3982 2843 4054 quasi
2876 3981 3132 4053 quaedam
3165 3978 3452 4037 frumenta
3485 3992 3631 4048 pur—

1980 4088 2129 4144 gare.
2158 4076 2364 4129 Verum
2420 4087 2523 4129 nos
2570 4072 2655 4129 sic
2692 4078 2747 4127 et
2778 4071 2895 4126 hinc
2940 4076 2996 4126 et
3046 4068 3161 4125 alia
3215 4067 3628 4139 interpretandi

1981 4163 2339 4235 propositum
2371 4161 2745 4232 sumpsimus,
2792 4164 2855 4216 ut
2903 4173 3004 4214 nec
3044 4157 3115 4213 ab
3162 4158 3285 4228 ipsa
3330 4156 3629 4213 verborum

1981 4264 2393 4323 usquequaque
2438 4247 2876 4305 circumstantia
2917 4247 3254 4303 discessisse
3307 4259 3627 4313 noscamur,

1982 4356 2084 4397 nec
2107 4355 2208 4412 pro
2238 4354 2403 4411 posse
2432 4352 2463 4394 a
2491 4352 2693 4395 sensus
2718 4338 2959 4393 veritate
2979 4336 3266 4392 decidisse
3300 4335 3623 4391 videamur.

1979 4435 2157 4489 Porro
2189 4430 2635 4487 novissimorum
2663 4432 2978 4498 temporum
2996 4426 3190 4482 brevia
3220 4426 3474 4495 quaedam
3498 4438 3635 4495 opu-

1986 4520 2145 4577 scula
2174 4519 2468 4590 transtuli,
2514 4518 2784 4589 quoniam
2827 4516 3085 4588 priorum
3132 4514 3447 4584 iemporum
3478 4518 3635 4585 gesta

181 4606 429 4661 texenda
463 4605 730 4662 historia
763 4621 1065 4681 removere,
1099 4608 1429 4665 satisfacere
1458 4608 1565 4664 tibi
1616 4623 1744 4665 ecce
1771 4623 1871 4679 pro
1900 4598 1956 4660 D
1989 4611 2229 4681 priores,
2265 4610 2380 4665 imo
2408 4609 2649 4677 majores
2669 4607 2850 4664 nostri
2874 4604 3300 4675 transferentes,
3330 4618 3433 4659 nos
3456 4604 3515 4659 in
3536 4604 3649 4659 hus

178 4691 411 4750 viribus
442 4695 765 4751 maturavi.
798 4696 1044 4755 Credens
1083 4697 1247 4768 plane
1289 4712 1321 4754 a
1368 4703 1422 4754 te
1469 4698 1871 4769 corrigendum
1979 4698 2299 4770 juscemodi
2358 4710 2524 4767 Opere
2579 4699 2989 4767 praevenerunt,
3049 4692 3524 4766 quemadmodum
3580 4697 3638 4748 et

180 4781 485 4855 quidquid
530 4797 722 4840 meum
752 4785 1085 4858 distortum,
1117 4786 1450 4857 poliendum
1474 4786 1760 4857 quidquid
1793 4799 1873 4840 re-
1984 4790 2151 4860 longe
2200 4786 2569 4856 prmstantius
2621 4786 3118 4842 transcenderunt.
3186 4783 3391 4855 Igitur,
3425 4792 3454 4822 α
3511 4786 3639 4852 post

180 4876 411 4937 pertum
449 4871 651 4927 fuerit
676 4873 1021 4944 impolitum.
1063 4875 1206 4931 Sane
1244 4874 1443 4945 fateor,
1473 4874 1869 4929 testimonium
1981 4875 2510 4947 Chronographiam
2537 4874 2887 4944 tripertitam
2914 4888 3082 4945 quam
3108 4878 3164 4928 te
3181 4873 3442 4928 hortante
3460 4876 3640 4927 trans-

177 4958 321 5016 mihi
370 4959 738 5032 perhibente
758 4963 1129 5036 conscientia,
1175 4963 1400 5018 mallem
1432 4964 1550 5019 haec
1579 4967 1635 5017 et
1662 4962 1874 5032 hujus—
1985 4966 2249 5037 tulimus,
2277 4969 2331 5020 et
2355 4963 2470 5019 alia
2504 4964 2762 5034 quaedam
2803 4962 3145 5018 brevissima
3192 4961 3469 5031 Opuscula
3513 4975 3638 5032 qua:

179 5051 331 5105 modi
361 5051 446 5107 ab
481 5049 637 5107 aliis
656 5051 805 5123 fieri,
835 5066 946 5109 non
976 5056 1087 5108 tam
1134 5052 1384 5109 laborem
1426 5050 1673 5126 fugiens,
1705 5066 1871 5124 quam
1984 5056 2052 5111 ad
2079 5054 2318 5125 petitum
2340 5052 2699 5108 diversorum
2721 5052 2951 5106 Patrum
2974 5054 3030 5106 et
3046 5048 3289 5105 fratrum
3311 5054 3639 5105 nostrorum

179 5134 541 5209 imperitam
582 5140 963 5212 undecunque
1010 5141 1310 5197 scientiam
1357 5154 1555 5214 meam,
1603 5141 1653 5197 si
1685 5146 1873 5196 tamen
1986 5142 2347 5214 interpretati
2371 5155 2590 5214 sumus,
2616 5141 2683 5197 ad
2714 5154 2917 5196 manus
2939 5143 3163 5196 nostras
3182 5139 3375 5195 venire
3395 5136 3642 5209 contigit

178 5228 435 5285 scientia
473 5234 547 5285 et
581 5242 687 5286 non
740 5231 923 5304 magis
960 5230 1196 5287 inscitia
1236 5231 1314 5287 sit
1347 5231 1609 5304 dicenda,
1644 5245 1756 5288 non
1787 5243 1878 5286 ne—
1985 5231 2309 5318 apologiam
2343 5230 2535 5303 quarti
2565 5230 2802 5287 Joannis
2828 5228 3065 5287 Romani
3092 5228 3383 5300 pontificis
3414 5240 3517 5296 pro
3535 5226 3643 5318 Ho-

178 5317 388 5391 sciens,
425 5318 515 5389 si,
561 5318 715 5375 salva
760 5334 896 5390 pace
952 5319 1335 5378 fraternitatis
1394 5325 1527 5392 tuae,
1590 5335 1690 5377 seu
1739 5319 1879 5376 scri-
1989 5314 2353 5393 norio'papa
2414 5334 2447 5377 a
2517 5320 3039 5377 calumniatoribus
3119 5319 3380 5390 impetito
3414 5358 3428 5387 ,
3489 5314 3639 5413 quod

179 5403 1871 5484 bendaeatehistoria:proposito,haacomitterepotuissem:
1989 5424 2161 5466 unam
2223 5409 2453 5467 Domini
2524 5410 2707 5466 nostri
2766 5411 2897 5466 Jesu
2944 5408 3157 5465 Christi
3213 5409 3432 5461 tantum
3490 5403 3642 5459 scri-a

241 5543 275 5580 ι
297 5540 441 5596 Post
479 5534 797 5605 Chronogr,
832 5538 957 5606 trip.
986 5538 1068 5595 Ex
1097 5536 1440 5610 Nicephoro,
1470 5537 1715 5608 Georgio
1744 5541 1801 5595 et
1823 5536 2165 5608 Theophane
2193 5540 2535 5607 excerptam.
2570 5536 2846 5594 Dedimus
2868 5517 3012 5591 hanc
3042 5544 3236 5603 supra.
