4034 6158
432 235 541 294 559

1687 225 2042 290 ANASTASII
2086 223 2626 283 BIBLIOTHECARII
3687 235 3771 295 560

434 367 615 437 pserit
640 366 1005 424 voluntatem.
1025 366 1161 437 Quae
1176 365 1443 423 videlicet
1461 366 1725 438 ap010gia
1746 366 1890 421 satis
1906 364 2080 432 hunc,
2107 359 2164 419 A
2202 360 2405 417 horum
2431 359 2925 417 circumstantiam
2955 358 3057 416 tali
3100 359 3492 419 deliberatione
3512 365 3772 424 concludit.

434 463 498 513 ut
519 470 666 520 reor.
698 455 1084 513 excusabilem
1118 456 1325 527 reddit,
1360 456 1497 513 licet
1526 456 1663 511 huic
1693 459 1850 511 sexta
1889 456 2083 510 sancta

433 545 685 615 synodus
710 545 875 616 quasi
904 544 1171 601 haeretico
1200 544 1499 601 anathema
1540 543 1777 612 dixerit,
1801 547 1857 597 et
1893 542 1951 597 in
1980 540 2081 596 Dei

434 632 619 689 solius
633 633 750 703 jam
772 632 1001 703 judicio
1027 633 1279 704 positum
1308 632 1731 704 reprobationis
1756 631 1869 687 telo
1898 627 2087 685 confo-

346 776 359 787 ε
431 721 619 778 derit:
651 734 781 778 cum
809 721 1116 779 haereticus
1147 736 1256 779 non
1289 736 1357 778 ex
1386 722 1604 780 erroris
1644 726 1867 778 tantum
1914 719 2087 775 dece-

431 810 627 881 ptione
651 816 928 882 quantum
954 824 1023 867 ex
1047 811 1325 868 electione
1346 825 1458 868 non
1477 819 1629 868 recta
1650 814 1705 867 et
1729 808 2084 866 contentiosa

431 898 748 968 pertinacia
773 906 1093 972 generetur.
1124 899 1269 970 Quis
1296 904 1485 957 autem
1515 900 1629 956 erit
1655 899 1755 970 qui
1788 897 1955 954 nobis
1987 895 2087 950 in—

430 988 598 1044 terim
628 987 805 1050 dicat.
840 993 1032 1045 utrum
1078 988 1200 1058 ipse
1226 1003 1328 1059 pro
1351 994 1506 1046 certo
1534 988 1839 1045 dictaverit
1862 986 2088 1057 episto-

430 1078 543 1134 lam
566 1078 639 1134 de
666 1091 778 1149 qua
805 1077 971 1135 illum
1002 1078 1520 1135 anathematizandi
1567 1077 1819 1134 fomitem
1858 1075 2088 1132 calum—

431 1167 684 1224 niatores
712 1172 1104 1236 susceperunt,
1128 1181 1259 1223 cum
1289 1173 1345 1223 et
1373 1180 1440 1223 ex
1463 1167 1768 1236 scriptoris
1794 1165 1876 1221 vel
1923 1164 2088 1221 indi-

430 1254 856 1326 sciplinatione,
879 1255 964 1311 vel
988 1255 1048 1310 in
1077 1256 1400 1326 pontificem
1417 1256 1550 1312 odio
1579 1255 1718 1326 quid
1755 1254 2086 1325 contingere

430 1344 543 1401 tale
569 1344 856 1415 potuerit?
883 1343 1154 1413 Quamvis
1180 1359 1291 1401 non
1326 1345 1674 1418 ignoremus,
1702 1344 1941 1399 docente
1960 1355 2087 1397 san-

430 1439 521 1490 cto
540 1433 787 1490 Maximo
817 1432 878 1489 in
912 1433 1154 1504 epistola
1207 1446 1311 1490 sua
1351 1447 1522 1505 quam
1570 1432 1791 1489 Marino
1849 1430 2087 1500 scripsit

432 1520 779 1593 presbytero,
808 1522 1239 1579 sanctissimum
1274 1522 1420 1578 hanc
1469 1521 1773 1591 scripsisse
1814 1521 2084 1575 Joannem

429 1609 709 1667 abbatem.
742 1611 896 1681 Esto,
931 1616 987 1667 et
1018 1611 1141 1681 ipse
1156 1611 1407 1667 dictator
1434 1611 1673 1667 cxstitit-
1699 1609 1842 1679 Quis
1864 1608 1999 1663 hinc
2022 1606 2088 1662 il-

2201 450 2344 514 ch,
2390 449 2681 522 inquiens,
2731 454 2782 505 et
2826 450 3141 520 hujusmodi
3186 451 3415 520 emempla
3454 467 3539 505 nos
3581 453 3776 522 edocent,

2202 543 2253 592 et
2282 540 2588 593 testimonia
2618 540 2810 594 divina
2832 543 3173 609 conﬁrmant,
3221 555 3325 594 non
3359 542 3527 594 omnia
3554 545 3733 611 passim
3755 562 3781 598 α

2203 642 2521 698 quocunque
2558 629 2726 691 dicta,
2766 629 2853 682 vel
2887 628 3196 698 ubicunque
3237 632 3429 698 scripta
3458 630 3781 700 indiﬁ'erenter

2202 718 2463 787 accipere,
2514 716 2629 779 sed,
2682 720 2904 773 retentis
2932 718 3103 781 bonis,
3144 734 3263 788 qum
3304 724 3515 774 noceant
3562 723 3781 787 refutare.

2202 807 2364 877 Nam,
2396 812 2452 862 et
2495 807 2640 862 hanc
2688 821 2916 879 quoque
2962 811 3215 864 sanctam
3257 808 3519 877 synodum
3559 809 3787 869 canonica

2204 896 2460 967 quaedam
2504 897 2761 967 capitula
2805 897 3218 971 promulgasse,
3264 897 3569 954 Graecorum
3612 900 3789 971 scripta

2206 988 2509 1056 testantur,
2538 1000 2667 1057 quae
2696 991 2882 1042 tamen
2912 1000 3051 1057 pene
3078 986 3291 1055 omnia,
3336 987 3466 1058 quia
3512 987 3656 1044 sedes
3675 1002 3792 1058 apo-

2204 1071 2409 1129 stolica
2440 1086 2552 1130 non
2574 1074 2931 1146 approbavit,
2961 1080 3079 1132 tota
3096 1075 3373 1131 Latinitas
3397 1075 3790 1145 reprobavitSul

2204 1161 2344 1231 quid
2377 1162 2447 1218 de
2474 1163 2577 1219 hac
2602 1163 2721 1220 sola
2742 1164 2997 1221 dicimus
3015 1164 3043 1219 ‘I
3066 1179 3220 1235 cum,
3265 1170 3321 1221 et
3361 1165 3643 1221 secundam
3683 1166 3796 1221 uni-

2203 1252 2475 1309 versalem
2499 1254 2777 1324 synodum
2805 1268 2929 1326 qum
2953 1255 3139 1325 primo
3161 1255 3631 1325 Constantinopoli
3671 1256 3797 1312 cele-

2204 1340 2365 1397 brata
2391 1347 2478 1398 est
2503 1342 2562 1398 in
2586 1356 2759 1400 causa
2791 1345 3073 1413 primatus
3106 1344 3501 1415 Ecclesiarum,
3528 1344 3671 1400 sales
3695 1358 3801 1415 apo—

2205 1430 2410 1486 stolica
2445 1445 2554 1487 non
2580 1432 2847 1489 admittat
2879 1451 2892 1487 :
2931 1433 3095 1504 quin,
3140 1440 3196 1489 et
3242 1446 3432 1490 omnes
3483 1433 3701 1504 synodos
3731 1433 3799 1489 sic

2206 1518 2563 1588 recipiendas
2601 1521 2870 1578 decernat
2919 1529 2980 1578 ut
3020 1522 3526 1579 Chalcedonensem
3568 1521 3799 1592 synodum

2207 1607 2616 1665 admittendam
2642 1609 2760 1665 fore
2794 1611 3101 1681 praedictus
3147 1616 3381 1668 sanctus
3409 1610 3655 1667 Gelasius
3689 1624 3801 1681 papa

431 1674 1515 1772 luminterrogavit?quisintentionem
1536 1674 2084 1770 investigavit‘?quis
2125 1674 2178 1735 Β
2206 1696 2503 1769 describit,
2538 1712 2639 1767 pro
2670 1674 2807 1756 fidei
2833 1700 3057 1757 scilicet
3096 1699 3493 1757 communione
3536 1706 3588 1756 et
3606 1674 3805 1756 veritate

431 1788 587 1844 hunc
610 1788 896 1860 corrigere
924 1787 1130 1860 voluit,
1157 1792 1214 1844 et
1244 1787 1342 1843 ille
1369 1788 1747 1858 percontanti,
1775 1792 1876 1842 aut
1902 1798 2086 1842 emen-

430 1877 568 1934 dare
594 1877 825 1934 conanti
857 1876 1091 1947 restitit,
1125 1876 1210 1933 vel
1233 1876 1704 1933 contentionibus
1728 1875 1982 1931 serviens
2002 1888 2086 1930 re-

431 1965 713 2023 sultavit?
736 1966 1054 2022 Praesertim
1085 1979 1215 2022 cum
1263 1964 1322 2021 in
1354 1964 1661 2037 Evangelia
1693 1964 1819 2035 illo,
1847 1977 1960 2035 quo
1985 1963 2087 2019 di—

430 2057 613 2114 citur:
636 2055 816 2112 Nolite
815 2055 1093 2123 judicare,
1113 2060 1164 2109 et
1182 2070 1291 2109 non
1305 2054 1700 2124 judicabimini
1716 2050 1862 2124 (Luc.
1888 2048 2079 2124 v1,37),

428 2151 487 2203 et
515 2150 736 2218 caetera,
765 2143 914 2200 nihil
945 2144 1105 2201 aliud
1137 2143 1369 2215 praecipi
1414 2143 1637 2216 magnis
1682 2143 1854 2199 etiam
1894 2142 2087 2214 magi-

432 2235 572 2292 stris
590 2233 857 2292 Ecclesiaa
886 2234 1136 2305 videtur,
1158 2234 1272 2290 nisi
1304 2238 1368 2289 ut
1396 2246 1457 2289 ea
1493 2231 1642 2289 facta
1683 2247 1809 2303 quae
1838 2232 2081 2287 dubium

431 2329 519 2382 est
543 2338 658 2396 quo
676 2325 870 2381 animo
896 2324 1034 2381 ﬂant
1057 2323 1114 2378 in
1160 2322 1453 2378 meliorem
1494 2329 1709 2392 partem
1738 2321 2086 2391 interprete—

433 2428 582 2470 mur.
613 2414 760 2471 Sunt
780 2413 995 2485 quippe
1026 2412 1280 2483 qumdam
1308 2410 1457 2467 facta
1487 2410 1671 2466 media
1698 2424 1824 2481 qua:
1847 2410 2084 2481 ignora—

433 2516 563 2558 mus
591 2515 705 2572 quo
724 2501 917 2558 animo
947 2500 1103 2571 fiant,
1146 2513 1276 2555 cum
1307 2498 1455 2556 bono
1497 2505 1553 2555 et
1592 2498 1740 2555 malo
1788 2496 1910 2553 fieri
1944 2511 2085 2567 pos—

432 2590 573 2662 sint,
597 2590 669 2647 de
693 2590 908 2662 quibus
931 2588 1298 2645 temerarium
1328 2593 1415 2644 est
1434 2588 1715 2657 judicare,
1750 2586 1994 2643 maxime
2020 2592 2085 2643 ut

432 2679 887 2736 condemnemus.
912 2677 1170 2749 Denique
1189 2677 1306 2734 duo
1330 2682 1482 2734 sunt.
1518 2677 1579 2732 in
1609 2676 1824 2748 quibus
1853 2682 2086 2732 temera-

433 2767 587 2824 rium
611 2766 900 2837 judicium
932 2779 1127 2823 cavere
1154 2764 1468 2836 debemus;
1497 2779 1627 2820 cum
1677 2765 1959 2821 incertum
1997 2768 2086 2820 est

432 2871 547 2928 quo
574 2856 768 2913 animo
795 2855 1110 2927 quidquam
1138 2854 1349 2912 factum
1383 2855 1480 2925 sit,
1513 2853 1597 2911 vel
1633 2868 1763 2910 cum
1798 2854 2080 2910 incertum

431 2951 519 3002 est
536 2943 727 3016 qualis
757 2943 990 3001 futurus
1013 2943 1094 3000 sit
1117 2944 1217 3016 qui
1245 2958 1400 3001 nunc
1429 2942 1514 2999 vel
1556 2942 1743 2999 malus
1770 2943 1856 2999 vel
1895 2942 2081 3000 bonus

2202 1785 2494 1842 Catholica
2531 1792 2588 1843 et
2634 1788 2969 1859 apostolica,
3019 1803 3123 1860 pro
3172 1802 3287 1860 qua
3353 1788 3493 1845 hanc
3530 1788 3642 1845 ﬁeri
3676 1788 3808 1844 sedes

2203 1874 2519 1943 apostolica
2543 1876 2829 1949 delegavit
2880 1876 3203 1949 factamque
3249 1878 3512 1935 firmavit.
3542 1880 3746 1936 Verum.
3768 1876 3809 1933 si

2204 1964 2396 2019 omnia
2427 1978 2766 2037 exaggerare
2812 1966 3080 2024 volumus
3127 1982 3261 2038 quae
3310 1968 3368 2024 in
3410 1967 3633 2024 Honorii
3684 1980 3811 2037 papae

2203 2052 2626 2109 excusationem
2671 2055 2942 2127 colligere
2998 2070 3331 2128 possumus,
3378 2056 3605 2114 facilius
3648 2056 3813 2112 charta

2202 2140 2370 2197 nobis
2400 2156 2568 2212 quam
2600 2156 2785 2200 sermo
2811 2144 3060 2217 deficiet,
3093 2151 3149 2201 ct
3198 2146 3611 2216 interpretandi
3637 2157 3817 2216 propo-

2204 2229 2379 2286 situm
2404 2230 2476 2286 ad
2521 2230 2863 2289 dictationis
2904 2232 3159 2303 profecto
3201 2239 3496 2291 vertemus
3537 2232 3813 2304 eloquium.

2201 2318 2386 2375 Unum
2431 2327 2614 2377 tamen
2658 2320 2940 2393 dicemus,
2996 2324 3144 2393 quod
3194 2325 3443 2381 reticere
3486 2321 3818 2394 proculdubio

2202 2421 2311 2463 non
2337 2408 2628 2481 debemus,
2664 2411 2802 2482 quia
2838 2412 2974 2468 talis
3004 2416 3091 2468 est
3118 2412 3324 2470 dictus
3368 2413 3642 2470 Honorius
3660 2410 3819 2483 qualis

2200 2500 2286 2552 est
2308 2501 2364 2552 et
2388 2498 2793 2566 pronuntiatus
2824 2518 2836 2554 :
2873 2500 3022 2572 quod
3055 2500 3104 2556 si
3154 2502 3301 2559 talis
3344 2516 3457 2559 non
3488 2500 3613 2574 fuit,
3643 2500 3728 2557 cui
3759 2499 3821 2555 sit

2202 2584 2431 2654 praeﬁxa
2456 2588 2757 2657 sententia,
2793 2586 3044 2658 profecto
3070 2603 3182 2646 non
3210 2590 3337 2647 erit
3369 2608 3383 2645 :
3419 2590 3677 2661 quoniam
3697 2588 3822 2644 sicut

2201 2672 2480 2744 scriptum
2516 2679 2633 2731 est:
2671 2678 2839 2731 Homo
2874 2678 3023 2733 videt
3066 2680 3128 2733 in
3161 2681 3340 2748 facie,
3384 2682 3528 2735 Deus
3573 2683 3737 2733 autem
3778 2677 3826 2729 in

2201 2762 2378 2816 corde.

2268 2849 2373 2907 Sed
2412 2865 2560 2924 ecce,
2604 2853 2741 2911 dum
2798 2854 3090 2926 prolixius
3133 2856 3407 2927 praefatio
3454 2858 3523 2915 ad
3574 2861 3627 2914 te
3663 2858 3825 2913 nostra

2197 2937 2497 3012 dirigitur,
2528 2941 2600 2997 ab
2628 2942 3042 3014 interpretandi
3088 2946 3296 3004 studio
3328 2946 3527 3017 procul
3573 2941 3825 3001 abscessi-

431 3038 681 3105 apparet.
713 3034 1000 3103 Quantum
1039 3037 1228 3089 autem
1275 3033 1641 3090 temerarium
1678 3032 1756 3088 sit
1789 3031 2079 3102 judicium
2114 3016 2164 3080 C
2201 3041 2369 3084 mus:
2403 3031 2700 3088 ostendere
2725 3034 3032 3105 gestientes
3065 3035 3220 3106 quod
3270 3016 3682 3108 iniapostolica:
3699 3030 3829 3090 sedis

431 3122 880 3194 praecavendum,
906 3127 1100 3192 aperte
1127 3122 1406 3179 Dominus
1432 3121 1668 3192 indicat,
1699 3121 1799 3192 qui
1824 3121 1895 3177 de
1915 3121 2084 3178 Sodo-

430 3211 593 3269 mitis
616 3225 771 3270 more
814 3218 1009 3270 nostro
1039 3211 1320 3284 loquitur,
1359 3211 1603 3268 dicens:
1653 3211 2003 3280 Descendam,
2030 3215 2081 3266 et

426 3301 615 3357 videbo
630 3306 816 3357 utrum
834 3301 1120 3357 clamorem
1139 3302 1236 3371 qui
1256 3303 1405 3356 venit
1422 3300 1499 3356 ad
1516 3316 1598 3355 me
1613 3316 1771 3371 Opere
1795 3301 2083 3371 compleve—

424 3392 560 3455 rint,
581 3407 657 3446 an
676 3406 785 3446 non
799 3394 878 3447 est
892 3393 991 3455 ita,
1014 3395 1076 3446 ut
1103 3392 1271 3446 sciam
1291 3388 1445 3463 (tv'en.
1476 3403 1644 3460 xvm,
1672 3386 1855 3464 2i).Et
1877 3405 2079 3447 rursus

425 3492 526 3551 per
553 3480 779 3552 Moysen
815 3497 829 3535 :
857 3480 938 3537 Ne
960 3479 1255 3535 maledicas
1270 3480 1458 3544 surdo,
1477 3479 1581 3541 ait,
1613 3495 1710 3533 nec
1741 3495 1922 3533 coram
1946 3496 2079 3534 caeco

416 3585 596 3639 ponas
653 3568 1043 3639 offendiculum
1089 3564 1276 3638 (Leuit.
1331 3581 1454 3631 χιχ,
1503 3564 1607 3640 44).
1660 3566 1821 3636 Quod
1862 3567 2077 3625 eisdem

425 3671 565 3729 pene
612 3657 804 3715 verbis
855 3656 1165 3728 Apostolus
1218 3661 1407 3713 monet
1446 3673 1459 3709 :
1527 3657 1928 3725 Unusquisque,
1978 3656 2080 3711 in-

422 3746 649 3819 quiens,
672 3750 915 3801 nostram
930 3760 1035 3815 pro
1051 3759 1106 3799 se
1127 3745 1396 3799 rationem
1422 3743 1611 3798 reddet
1647 3746 1774 3798 Deo.
1806 3745 1929 3801 Non
1953 3761 2077 3815 ergo

420 3836 657 3907 amplius
681 3833 1248 3901 invicemjudicemus.
1270 3832 1365 3888 sed
1383 3832 1479 3887 hoc
1497 3832 1752 3901 judicate
1778 3835 1974 3902 magis,
2010 3851 2078 3891 ne

410 3924 635 3993 ponatis
659 3922 1049 3992 oﬁ‘endiculum
1069 3922 1259 3990 fratri,
1285 3921 1370 3977 vel
1392 3921 1716 3977 scandalum
1748 3920 1915 3994 (Rom.
1952 3938 2074 3996 xlv,

422 4009 507 4083 42,
531 4008 632 4085 i3).
660 4010 803 4079 Quis
819 4015 1007 4066 autem
1033 4010 1215 4082 magis
1236 4009 1449 4067 surdus
1470 4009 1555 4066 vel
1579 4015 1774 4069 mutus
1794 4011 2076 4070 dicendus

417 4106 505 4158 est
526 4114 697 4174 quam
727 4100 781 4156 is
805 4098 923 4169 cui,
946 4113 1077 4157 cum
1102 4098 1386 4157 exanimis
1414 4104 1470 4156 et
1487 4098 1813 4157 dissolutus
1836 4101 1988 4171 jacet
2008 4101 2072 4159 in

416 4189 701 4262 sepulcro,
732 4202 834 4245 nec
862 4202 926 4247 os
968 4188 1229 4261 aperitur
1265 4188 1336 4245 ad
1380 4187 1599 4259 objecta
1643 4188 2071 4247 rationabiliter

414 4278 791 4352 audiendum,
819 4291 921 4335 nec
950 4292 1016 4336 os
1043 4278 1301 4349 aperitur
1317 4278 1387 4335 ad
1414 4277 1632 4347 objecta
1646 4277 2071 4336 rationabiliter

2199 3123 2379 3191 petra,
2433 3126 2710 3191 quantum
2759 3121 2828 3177 ad
2874 3122 3040 3179 fidem
3086 3125 3369 3197 pertinet,
3420 3140 3522 3182 nec
3557 3124 3715 3181 etiam
3751 3134 3831 3192 per

2197 3208 2511 3266 Honorium
2553 3209 2846 3267 inventum
2895 3212 2974 3268 sit
3018 3226 3283 3284 unquam
3334 3215 3637 3286 serpentis,
3674 3211 3727 3269 id
3764 3212 3833 3266 est

2197 3296 2498 3354 virulentae
2518 3303 2684 3355 secta:
2709 3298 3036 3372 vestigium.
3068 3300 3246 3359 Sume
3284 3303 3474 3376 igitur
3504 3304 3619 3373 jam
3649 3311 3835 3357 memo—

2198 3390 2379 3442 ratam
2398 3387 2634 3444 Joannis
2660 3400 2816 3458 papaa
2859 3403 2962 3458 pro
3004 3389 3266 3448 Honorio
3305 3392 3837 3466 Apologiamzsume

2197 3474 2369 3531 etiam
2416 3480 2472 3531 et
2520 3490 2622 3546 pro
2668 3478 2863 3534 eodem
2915 3478 3041 3549 ipso
3099 3478 3453 3554 Apologiam
3513 3496 3583 3537 ex
3628 3476 3837 3550 epistola

2196 3564 2431 3619 Maximi
2454 3565 2739 3639 Monachi,
2756 3571 2812 3622 et
2833 3581 2892 3623 re
2907 3581 3038 3624 vera
3056 3566 3403 3642 philosophi
3421 3568 3738 3641 Christique
3753 3563 3837 3621 Dei

2198 3652 2379 3709 nostri
2404 3654 2691 3726 martyris,
2726 3656 2903 3712 missa
2934 3657 3155 3715 Marino
3189 3660 3565 3733 presbytero,
3608 3657 3842 3715 difﬂora—

2200 3745 2331 3796 tam.
2360 3742 2484 3811 Ipse
2515 3742 2729 3814 quippe
2758 3742 3131 3803 beatissimus
3170 3747 3497 3820 Maximus,
3546 3761 3654 3805 non
3682 3744 3841 3804 solum

2197 3828 2256 3885 in
2281 3830 2398 3902 jam
2427 3831 2603 3903 dicta,
2636 3833 2733 3890 sed
2765 3838 2822 3889 et
2845 3834 2904 3891 in
2936 3848 3003 3892 ea
3035 3850 3206 3907 quam
3240 3839 3587 3910 scripsitad
3616 3837 3843 3895 abbatem

2192 3919 2553 3978 Thalassium
2582 3922 2845 3995 epistola,
2872 3924 2991 3995 jam
3041 3926 3419 3986 nominatum
3456 3926 3711 3985 defendit
3743 3924 3843 3979 llo-

2195 4009 2446 4081 norium,
2486 4025 2679 4067 verum
2735 4012 2931 4084 etiam,
2988 4013 3048 4070 in
3092 4014 3354 4086 epistola
3401 4032 3511 4076 sua
3557 4012 3848 4089 dogmatica

2193 4113 2363 4171 quam
2386 4100 2455 4157 ad
2482 4101 2713 4157 Patrum
2749 4102 2987 4172 scripsit
3032 4103 3358 4180 illustrem,
3410 4120 3679 4180 magnum
3719 4103 3847 4158 hunc

2195 4193 2252 4245 et
2274 4188 2536 4246 divinum
2564 4189 2831 4261 appellat.
2862 4193 2943 4247 Ex
2971 4207 3083 4263 qua
3124 4193 3365 4253 scilicet
3409 4195 3658 4268 epistola
3683 4194 3747 4251 de
3767 4203 3852 4247 eo—

2201 4277 2328 4334 dem
2366 4291 2508 4349 papa
2549 4279 2819 4351 llonorio,
2863 4286 2919 4336 et
2959 4281 3502 4356 llierosolymitano
3557 4277 3851 4355 Sophronia

414 4369 786 4428 refellendum
801 4369 830 4425 ‘2
846 4370 1053 4427 Verum
1074 4368 1144 4425 de
1162 4366 1494 4438 hujusmodi
1508 4365 1754 4437 judioiis
1775 4367 2071 4425 sufﬁciunt
2117 4366 2171 4428 D
2201 4366 2271 4422 de
2293 4381 2406 4437 quo
2433 4368 2492 4424 in
2518 4367 2817 4425 translatis
2843 4381 2875 4424 a
2898 4369 3066 4428 nobis
3091 4372 3344 4444 scriptis
3367 4389 3526 4446 saepe
3548 4369 3852 4432 memoriam

415 4475 541 4532 quae
552 4455 1583 4527 venerabilisAnastasiusapostolicae
1594 4455 1757 4513 Sedis
1774 4457 1981 4528 pnesul
1999 4458 2068 4515 ad

412 4547 779 4605 Anastasium
812 4547 1210 4618 imperatorem
1243 4544 1524 4615 scribens,
1557 4556 1731 4601 sacra:
1761 4545 2074 4616 Scriptura:

413 4636 781 4694 auctoritatis
809 4635 1055 4706 pondere
1076 4632 1312 4706 gravida
1333 4632 1519 4689 docet.
1546 4632 1652 4691 Sed
1682 4648 1752 4691 ne
1775 4635 2075 4693 videamur

414 4731 528 4782 tam
578 4731 829 4782 sanctam
875 4728 1107 4794 tamque
1151 4722 1513 4780 reverendam
1564 4725 1848 4795 synodum
1894 4739 2076 4781 accu-

411 4827 559 4885 sare,
585 4813 670 4871 vel
702 4816 911 4869 temere
947 4811 1378 4884 reprehendere,
1432 4810 1607 4869 licere
1650 4811 1820 4869 nobis
1862 4812 2077 4885 opina-

413 4915 544 4957 mur
565 4902 636 4959 de
660 4900 763 4957 illa
793 4901 1026 4968 sentire,
1080 4915 1206 4973 qua:
1247 4907 1476 4958 sanctos
1519 4905 1709 4973 patres
1747 4905 1975 4959 nostros
2001 4903 2073 4959 de

411 4990 855 5047 Chalcedonensi
892 5003 1091 5063 magna
1122 4990 1338 5062 synodo
1385 4990 1636 5047 sensisse
1678 5004 1791 5046 non
1834 4990 2073 5063 ignora—

414 5094 562 5136 mus.
589 5080 842 5150 Quorum
889 5093 1060 5152 unus,
1108 5086 1341 5137 sanctus
1388 5079 1660 5135 videlicet
1685 5093 1826 5149 papa
1851 5080 2075 5152 Grego—

414 5169 562 5241 rius,
591 5169 870 5241 usquead
918 5169 1295 5240 prolationem
1344 5167 1737 5224 tantummodo
1786 5182 2069 5228 canonum

415 5258 561 5315 hanc
605 5258 1031 5330 suscipiendam
1072 5256 1193 5314 fore
1250 5257 1517 5329 signavit.
1582 5257 1787 5314 Beatus
1843 5273 2069 5330 quoque

413 5361 573 5419 mque
599 5361 742 5418 papa
769 5346 1034 5405 Gelasius
1066 5346 1124 5402 in
1146 5352 1299 5402 tomo
1323 5346 1393 5402 de
1413 5344 1794 5403 anathematis
1812 5347 2064 5420 vinculo,

416 5436 668 5511 qualiier
703 5436 896 5494 eadem
945 5434 1200 5506 synodus
1242 5433 1571 5505 recipienda
1609 5434 1707 5508 sit,
1753 5434 2067 5495 luculentis

413 5526 692 5599 exemplis
710 5530 768 5583 et
783 5523 1081 5584 nonnullis
1099 5522 1319 5581 divinis
1342 5522 1693 5583 testimoniis
1719 5525 1935 5600 innuit,
1961 5526 2061 5583 ubi

2197 4453 2461 4529 fecimus,
2492 4461 2664 4528 atque
2683 4458 2753 4514 de
2778 4459 2994 4530 Pyrrho
3040 4461 3707 4536 Constantinopolitano
3751 4460 3855 4515 hae-

2194 4544 2373 4601 retico
2404 4545 2756 4620 Patriarcha,
2779 4546 3075 4605 defflorata
3097 4552 3373 4621 quaedam
3396 4559 3581 4626 atque
3606 4548 3860 4610 translata

2191 4631 2251 4688 in
2286 4632 2394 4690 tibi
2439 4632 2752 4693 aii‘erimus.
2804 4637 3079 4695 Praeterea
3125 4639 3516 4713 interpretati
3561 4654 3761 4699 sumus
3801 4648 3856 4690 ex

2189 4721 2432 4792 epistola
2457 4724 2712 4794 ejusdem
2753 4726 2936 4782 sancti
2967 4726 3200 4785 Maximi
3227 4731 3306 4786 ad
3339 4731 3648 4789 Marinum
3668 4727 3861 4797 scripta

2190 4810 2582 4883 presbyterum
2611 4812 3105 4872 circumstantiam
3136 4817 3208 4873 de
3225 4818 3512 4889 Spiritus
3534 4819 3719 4876 sancti
3743 4827 3863 4888 pro-

2189 4900 2466 4972 sessione,
2520 4902 2621 4958 ubi
2677 4900 2893 4961 frustra
2949 4906 3177 4962 causari
3246 4914 3469 4967 contra
3535 4924 3645 4968 nos
3691 4900 3867 4964 innuit

2189 4989 2437 5062 Grmcos,
2464 5006 2595 5047 cum
2622 5005 2725 5049 nos
2753 5007 2865 5049 non
2888 5007 3117 5051 causam
3142 4994 3229 5053 vel
3264 4999 3651 5069 principium
3668 4996 3864 5053 Filium

2189 5080 2453 5136 dicamus
2481 5080 2736 5150 Spiritus
2761 5083 2968 5155 sancti,
3003 5088 3066 5139 ut
3086 5089 3446 5159 autumant;
3473 5089 3577 5144 sed
3605 5086 3868 5144 unitatem

2189 5169 2527 5227 substantia:
2553 5170 2740 5227 Patris
2762 5185 2828 5228 ac
2851 5172 2988 5229 Filii
3012 5187 3125 5231 non
3158 5176 3533 5249 nescientes,
3564 5178 3722 5235 sicut
3746 5184 3871 5245 pro-

2187 5259 2341 5314 cedit
2367 5272 2436 5314 ex
2464 5259 2647 5332 Patre,
2678 5259 2759 5317 ita
2808 5274 2936 5318 eum
2982 5263 3292 5332 procedere
3341 5265 3651 5324 fateamur
3678 5278 3748 5321 ex
3784 5258 3873 5317 Fi—

2187 5345 2288 5419 lio,
2323 5347 2657 5405 missionem
2682 5348 2957 5406 nimirum
2986 5351 3433 5422 processionem
3461 5355 3869 5427 intelligentes:

2188 5436 2280 5506 pie
2308 5437 2708 5511 interpretans,
2734 5439 3040 5511 utriusque
3069 5441 3289 5514 linguae
3320 5459 3560 5515 gnaros
3586 5445 3662 5501 ad
3691 5449 3871 5514 pacem
3898 5512 3905 5515 _

2183 5525 2474 5598 erudiens,
2541 5526 2678 5586 dum
2728 5527 2921 5587 silicet
2987 5534 3043 5586 et
3090 5543 3194 5588 nos
3267 5536 3333 5588 et
3417 5533 3668 5593 Graecos
3717 5530 3873 5589 edoce
