4034 6158
247 335 336 394 564
899 329 1404 388 COLLECTANEA.
1443 360 1518 371 —
1550 329 1832 387 JOANNIS
1870 333 1968 387 PP.
2003 330 2346 388 APOLOGIA
2383 330 2518 387 PRO
2555 329 2862 388 HONORIO
2899 333 2998 386 PP.

3524 326 3633 387 562

246 465 536 523 secundum
588 465 858 536 quiddam
909 463 1208 534 procedere
1259 467 1316 518 et
1352 462 1664 518 secundum
1708 460 1954 533 quid-A
1987 467 2209 531 pectore
2254 463 2673 533 resumpsisset,
2723 463 2878 518 sicut
2922 461 3221 533 epistolam
3269 461 3420 518 beati
3475 476 3631 534 papa:

243 556 357 610 dam
405 568 509 630 non
564 555 864 624 procedere
913 553 1168 623 Spritum
1228 557 1484 607 sanctum
1539 565 1607 606 ex
1661 550 1808 606 Filio
1855 569 1868 604 :

241 643 613 698 diﬁicultatem
677 643 1032 712 exprimendi
1086 643 1156 696 de
1215 641 1457 696 alterius
1518 640 1575 695 in
1631 639 1874 694 alterius

243 732 438 803 linguae
478 732 880 802 proprietatem
929 730 1282 803 signiﬁcans.
1325 730 1619 800 Siquidem
1662 733 1717 783 et
1758 728 1874 782 hu-

233 821 470 890 jusmodi
509 821 602 889 pia
647 820 1116 890 interpretatione
1155 823 1388 874 sanctus
1433 818 1573 874 olim
1613 816 1874 872 Athana—

235 909 348 963 sius
395 907 704 963 orientales
742 915 797 964 et
839 908 1220 964 occidentales
1270 921 1443 977 super
1483 905 1873 962 subsistentia“.

233 997 309 1051 vel
340 1010 593 1066 persona:
628 998 856 1052 nomine
893 997 1243 1052 dissidentes
1275 996 1482 1064 univit,
1525 996 1660 1050 dum
1695 1009 1869 1051 unum

235 1085 488 1155 idemque
521 1090 794 1156 utrosque
828 1086 996 1141 corde
1025 1086 1272 1154 credere,
1307 1098 1590 1155 sensuque
1628 1084 1872 1140 retinere

230 1173 522 1242 perdocuit
555 1191 568 1227 :
611 1174 750 1229 licet
777 1173 848 1229 ob
881 1173 1091 1245 linguae
1125 1173 1452 1228 varietatem
1493 1173 1664 1228 aliter
1700 1178 1871 1243 atque

230 1262 386 1316 aliter
402 1276 504 1317 ore
521 1263 948 1335 confiterentur,
964 1268 1018 1318 et
1038 1262 1384 1332 importunis
1400 1262 1868 1318 contentionibus

1985 550 2193 606 Felicis
2260 551 2317 606 in
2362 553 2586 607 Petrum
2627 551 2967 607 sententiam
3004 548 3378 620 proferentem
3421 548 3636 607 Antio-

1983 639 2244 696 chenum.
2278 641 2551 711 Quinimo
2598 641 2752 697 sicut
2788 646 2845 696 et
2879 641 3066 712 ipsum
3105 654 3333 710 quoque
3367 639 3633 695 Clemen—

1984 733 2116 799 tem,
2156 744 2320 799 quem
2349 730 2591 786 ituﬁnus
2621 735 2826 786 nostrae
2867 731 3080 800 lingua:
3111 728 3421 796 redditum,
3456 727 3635 783 resti-

1984 821 2169 874 tutum
2187 823 2243 874 et
2264 819 2590 874 redeuntem
2611 821 2678 875 ad
2702 818 3092 875 Gaudentium
3115 816 3376 872 scribens
3398 814 3627 871 innuit:

1982 911 2039 963 et
2073 908 2221 976 quod
2267 907 2462 962 Latine
2501 909 2754 978 scriptus
2797 905 2972 962 fuerit
3010 912 3065 962 et
3093 906 3363 975 amissus,
3393 918 3635 960 rursus—

1983 1011 2094 1067 que
2135 1003 2412 1067 receptus,
2447 997 2742 1069 signanter
2780 996 3052 1053 ostendit.
3089 995 3358 1064 Excerpsi
3408 991 3636 1049 nihilo-

1983 1085 2195 1153 minus,
2229 1092 2283 1140 et
2328 1086 2434 1140 tibi
2474 1100 2601 1141 ecce
2631 1086 2962 1141 translatam
2996 1089 3293 1154 praesente,
3329 1081 3632 1154 quamdam

1983 1175 2333 1230 narrationis
2363 1175 2853 1230 circumstantiam
2887 1189 2954 1230 ex
2983 1173 3225 1244 epistola
3247 1171 3429 1228 sancti
3461 1171 3636 1227 Maxi-

1981 1264 2057 1318 mi
2093 1263 2161 1318 ad
2206 1263 2565 1319 Thalassium
2603 1264 2817 1334 scripta
2855 1263 3136 1332 abbatem,
3170 1261 3308 1332 quid
3348 1261 3635 1317 Constan—

227 1351 589 1406 deservirent.
619 1352 1044 1407 Transtulimus
1083 1351 1253 1406 etiam
1287 1351 1557 1422 quasdam
1592 1350 1866 1420 epistolas
1976 1353 2221 1422 tinopoli
2259 1353 2428 1424 legati
2477 1353 2713 1407 Romani
2755 1352 3058 1424 gesserint,
3101 1349 3286 1422 gratia
3327 1349 3634 1405 incitanda:

227 1439 498 1494 Theodori
540 1452 692 1509 papae
726 1441 1075 1496 successoris
1120 1440 1375 1509 praedicti
1415 1453 1568 1509 νίψω
1604 1441 1857 1508 Joannis,

1973 1442 2309 1498 constantiae
2347 1441 2404 1496 in
2436 1455 2607 1496 causa
2658 1441 2918 1496 maximae
2967 1439 3197 1511 pietatis
3233 1438 3303 1493 ad
3351 1437 3636 1508 redargu—

221 1527 370 1595 juxta
404 1529 559 1598 quod
595 1528 732 1584 ordo
761 1528 1042 1598 poscebat,
1072 1528 1317 1598 scriptas
1343 1529 1411 1583 ad
1451 1529 1685 1584 Paulum
1721 1545 1862 1585 suc—
1971 1531 2189 1607 tionem
2239 1530 2765 1600 pusillanimorum,
2813 1535 2868 1585 et
2914 1527 3284 1600 agnoscenda:
3337 1527 3635 1596 potestatis

225 1628 496 1671 cessarem
544 1617 767 1686 Pyrrhi,
822 1623 878 1672 et
927 1623 1351 1673 consecratores
1411 1617 1556 1685 ejus,
1613 1632 1854 1688 quorum

224 1705 434 1759 scilicet
469 1707 706 1762 Joannis
730 1720 794 1761 ac
824 1706 1124 1774 Theodori,
1153 1707 1494 1762 eximiorum
1532 1707 1685 1763 sedis
1723 1722 1870 1778 apo-

1989 1619 2317 1692 apostoliczc
2346 1619 2520 1689 sedis,
2553 1627 2750 1674 contra
2778 1633 2874 1675 eos
2905 1618 3005 1688 qui
3036 1616 3107 1672 ab
3148 1620 3274 1686 ipsa
3317 1615 3454 1686 quid
3504 1615 3636 1672 vio-

1978 1711 2160 1766 lenter
2191 1715 2528 1779 extorquere
2550 1710 2844 1764 nituntur.
2880 1709 3054 1764 Porro
3083 1722 3211 1764 ecce
3250 1703 3636 1766 nihilominus

225 1793 426 1848 stolica:
452 1795 788 1866 praesulum,
826 1796 1010 1865 stylus
1033 1795 1406 1865 epistolarum
1433 1795 1627 1850 Latina
1656 1797 1872 1852 redolet
1899 1787 1950 1846 Β
1982 1798 2223 1854 exhibeo
2258 1796 2450 1852 exsilii
2493 1802 2648 1868 gesta
2695 1798 2878 1853 sancti
2921 1812 3077 1870 papae
3115 1800 3370 1866 Martini,
3401 1814 3527 1871 qua:
3563 1799 3634 1855 ad

224 1880 543 1951 eloquentia
567 1888 584 1935 ':
617 1898 684 1938 ex
712 1898 824 1954 quo
853 1884 1076 1954 liquido
1105 1889 1346 1954 constat,
1375 1897 1485 1939 non
1507 1885 1697 1939 Graece
1720 1885 1870 1957 illas,

224 1971 307 2024 sed
353 1971 561 2026 Latine
605 1970 786 2027 fuisse
833 1973 1094 2028 dictatas.
1142 1973 1297 2027 Unde
1338 1973 1647 2028 notandum
1697 1974 1871 2044 quod,

223 2059 494 2114 nonnulla
529 2075 655 2130 qua:
681 2061 878 2116 Latine
909 2059 1142 2116 fuerunt
1168 2061 1342 2130 edita,
1372 2061 1653 2117 Latinitas
1687 2061 1875 2118 fundi-

226 2150 311 2200 tus
336 2147 485 2202 mole
519 2147 835 2204 oblivionis
861 2148 1062 2204 obruta
1089 2149 1462 2219 deplorasset,
1493 2150 1608 2205 nisi
1635 2164 1702 2206 ex
1727 2151 1877 2206 Gne-

227 2248 404 2292 corum
452 2241 589 2307 post
635 2235 788 2294 fonte
839 2237 1116 2295 librorum
1166 2239 1282 2294 haec
1330 2238 1534 2296 hausta
1574 2239 1872 2298 sitibundo

1986 1887 2224 1957 petitum
2253 1886 2598 1941 venerabilis
2620 1887 2851 1942 Martini
2885 1888 3138 1958 episcopi
3165 1889 3502 1945 Narniensis
3521 1889 3638 1944 edi—

1980 1975 2211 2030 deram:
2249 1987 2361 2029 una
2400 1988 2528 2028 cum
2560 1976 2994 2044 l-lypomnestico
3031 1976 3356 2034 declarante
3389 1977 3638 2032 breviter

1983 2070 2137 2136 gesta
2175 2068 2502 2118 sanctorum
2549 2063 2784 2119 Maximi
2834 2064 3191 2135 Philosophi,
3240 2070 3297 2121 et
3331 2065 3636 2136 utriusque

1981 2152 2303 2222 Anastasii,
2360 2165 2575 2209 necnon
2633 2157 2689 2210 et
2737 2152 3048 2224 Theodori,
3103 2166 3170 2211 ac
3229 2152 3532 2226 Euprepii,
3579 2159 3635 2211 et

1983 2242 2249 2300 aliorum.

253 2420 3549 2452 __________________________________________________________

1043 2581 1081 2625 ³
1159 2571 1714 2694 JOANNIS
1808 2573 2174 2691 PAPXE
2259 2571 2773 2700 ROMANI

1163 2788 1280 2848 AD
1320 2787 2012 2850 CONSTANTINUM
2059 2787 2707 2855 IMPERATOREM

1639 2941 1862 2986 FILIUM
1907 2942 2204 2988 HERACLII

428 3086 1413 3240 APOLOGIA
1497 3088 1878 3238 PRO
1961 3089 2842 3244 HONORIO
2916 3099 3412 3241 PAPA

217 3307 474 3391 Propter
561 3328 741 3370 unam
818 3309 879 3367 z'n
955 3307 1196 3370 Christo
1264 3307 1649 3383 voluntatem,
1731 3307 1905 3386 ceg’as
1969 3310 2140 3369 aiunt
2226 3330 2356 3371 eum
2434 3310 2896 3372 calumniatores
2961 3314 3318 3374 mentionem
3384 3315 3624 3394 feczsse.

274 3597 587 3667 Dominus,
631 3597 730 3667 qui
771 3596 924 3652 dixit
965 3596 1035 3651 de
1078 3595 1328 3652 tenebris
1366 3594 1548 3651 lucem
1600 3595 1871 3666 splende—
1903 3594 1952 3656 C
1981 3595 2172 3666 gnitas
2193 3610 2421 3654 causam
2454 3602 2623 3654 totam
2653 3599 2735 3654 rei
2762 3598 2983 3655 discere
3010 3599 3210 3672 possit,
3243 3599 3627 3660 subtilissima

212 3699 379 3756 scere,
413 3686 528 3757 qui
570 3686 788 3755 eripuit
828 3699 931 3741 nos
964 3685 1034 3740 de
1083 3690 1357 3755 potestate
1405 3683 1764 3741 tenebrarum
1810 3686 1867 3740 in

212 3775 560 3832 admirabile
592 3775 780 3830 iumen
809 3789 998 3844 suum,
1030 3774 1220 3830 lumen
1255 3774 1538 3845 veritatis,
1571 3781 1627 3830 et
1657 3776 1867 3830 veritas

210 3863 467 3928 luminis,
520 3864 578 3918 in
623 3878 736 3934 quo
779 3863 1127 3932 complacuit
1171 3876 1392 3918 omnem
1447 3863 1863 3932 plenitudinem

208 3951 546 4009 divinitatis
583 3952 858 4022 habitare,
886 3956 942 4006 et
969 3965 1066 4021 per
1090 3965 1218 4006 eum
1249 3951 1622 4006 reconciliare
1649 3953 1860 4024 omnia,

207 4041 259 4096 in
292 4043 419 4112 ipso
463 4040 783 4112 paciﬁcans
828 4054 926 4110 per
959 4041 1294 4112 sanguinem
1337 4040 1530 4095 crucis
1567 4042 1712 4111 ejus,
1746 4042 1864 4096 sive

209 4143 322 4198 qua:
364 4132 425 4186 in
465 4129 636 4186 caelis
665 4134 819 4200 sunt,
854 4129 973 4184 sive
998 4143 1123 4199 quae
1156 4129 1213 4183 in
1238 4129 1410 4184 terris
1434 4127 1646 4199 (Coless.
1681 4145 1720 4198 ι,
1754 4127 1860 4200 ‘20),

206 4226 430 4290 propter
461 4219 812 4275 eminentem
848 4217 1296 4290 magnitudinem
1329 4217 1666 4273 divitiarum
1690 4217 1865 4273 boni—

204 4309 332 4363 tatis
359 4324 488 4365 sua:
526 4307 582 4362 in
618 4306 819 4362 faciem
838 4306 1102 4362 Ecclesia:
1124 4321 1241 4363 suae
1269 4306 1600 4376 respiciens,
1621 4312 1862 4362 vestram

205 4399 618 4470 prmcngnitam
643 4396 755 4452 sibi
783 4401 838 4452 et
867 4397 1326 4466 prtedestinatam
1359 4395 1766 4466 benignitatem
1789 4397 1859 4451 ad

202 4484 328 4541 ﬁdei
357 4501 528 4542 nunc
561 4486 948 4556 integritatem
976 4499 1176 4541 vocare
1205 4485 1479 4556 dignatus
1513 4490 1630 4539 est:
1663 4485 1744 4540 ita
1777 4490 1860 4552 ut,

199 4578 352 4632 omni
393 4576 601 4632 fallaci
635 4574 884 4647 caligine
911 4575 1108 4645 procul
1145 4581 1352 4643 amota,
1384 4590 1482 4645 per
1521 4588 1618 4630 vos
1654 4575 1864 4630 victri-

197 4677 310 4719 cem
357 4664 548 4721 faciat
601 4664 913 4720 veritatem.
968 4664 1254 4734 Quantum
1299 4665 1451 4718 enim
1499 4677 1568 4718 ex
1614 4663 1862 4718 diversis

195 4752 682 4826 suggestionibus
735 4767 860 4823 quae
903 4753 971 4807 ad
1023 4766 1123 4807 nos
1178 4751 1508 4806 catervatim
1562 4757 1856 4820 venerunt,

193 4840 465 4909 quinimo
493 4845 553 4896 et
581 4854 649 4895 ex
683 4841 803 4910 ipse
826 4854 1052 4911 quoque
1076 4840 1280 4894 auditu
1304 4839 1641 4909 dicidimus,
1665 4853 1860 4894 omnes

1979 3685 2236 3754 veritate,
2273 3701 2395 3757 quze
2433 3691 2564 3743 ante
2607 3687 2796 3744 brevis
2832 3688 3313 3759 intercapedinem
3354 3692 3628 3762 temporis

1977 3780 2133 3847 gesta
2163 3783 2319 3845 sunt,
2346 3776 2640 3833 enarrabo.

2046 3865 2282 3936 Sergius
2322 3867 2639 3923 reverendae
2670 3869 2955 3924 memoriae
2995 3870 3318 3940 patriarcha
3354 3871 3626 3941 praedicto

1976 3961 2180 4010 sancta:
2212 3955 2627 4011 recordationis
2658 3957 2920 4013 Romanae
2951 3958 3113 4014 urbis
3145 3960 3400 4030 pontiﬁci
3433 3960 3628 4032 signi-

1975 4042 2184 4112 ﬁcavit,
2218 4043 2365 4112 quod
2403 4045 2634 4113 quidam
2670 4045 2729 4100 in
2761 4047 3130 4117 Redemptore
3161 4054 3356 4105 nostro
3383 4049 3626 4106 Domino

1972 4132 2102 4187 Jesu
2141 4132 2370 4187 Christo
2405 4133 2550 4188 duas
2595 4135 2913 4190 contrarias
2955 4136 3211 4192 dicerent
3256 4138 3620 4196 voluntates:

1975 4235 2089 4290 quo
2122 4219 2393 4291 prtefatus
2415 4236 2557 4292 papa
2587 4231 2873 4293 comperto
2900 4226 3197 4295 rescripsit
3220 4227 3295 4293 ei,
3319 4228 3456 4298 quia
3493 4228 3627 4284 Sal-

1973 4316 2132 4365 vator
2173 4315 2382 4380 noster,
2435 4310 2588 4366 sicut
2648 4319 2796 4368 esset
2847 4314 3182 4370 monadicus
3230 4329 3399 4385 unus,
3451 4317 3532 4372 ita
3569 4322 3626 4373 et

1973 4398 2136 4453 valde
2160 4398 2505 4454 mirabiliter
2544 4415 2716 4470 super
2745 4414 2909 4456 omne
2940 4416 3118 4473 genus
3151 4403 3445 4460 hominum
3478 4419 3624 4461 con—

1971 4491 2170 4555 ceptus
2191 4492 2245 4540 et
2277 4490 2444 4543 natus
2473 4493 2640 4557 esset,
2675 4490 2756 4544 Ex
2800 4495 2992 4545 sancta
3025 4505 3248 4561 quoque
3306 4490 3493 4561 ipsius
3523 4493 3624 4548 in-

1971 4581 2200 4631 carnata
2227 4576 2656 4645 dispensatione
2688 4577 2943 4643 docebat,
2973 4580 3108 4650 quia
3144 4581 3482 4652 Redemptor
3511 4595 3624 4638 no-

1972 4670 2106 4732 ster,
2135 4664 2288 4720 sicut
2317 4671 2466 4720 esset
2504 4668 2656 4723 Deus
2695 4666 2997 4737 perfectus,
3054 4670 3132 4725 ita
3171 4675 3319 4726 esset
3367 4674 3424 4726 et
3453 4671 3620 4728 homo

1973 4751 2293 4823 perfectus:
2337 4763 2418 4823 ut,
2457 4768 2624 4824 quam
2673 4756 2896 4826 primus
2941 4757 3108 4815 homo
3134 4773 3234 4830 per
3277 4760 3621 4831 prtevarica-

1972 4842 2183 4898 tionem
2231 4842 2446 4911 amisit,
2495 4842 2620 4898 sine
2668 4844 2864 4915 aliquo
2927 4852 3152 4916 peccato
3210 4854 3379 4905 natus
3423 4849 3620 4920 prima:

190 4928 590 4986 occidentales
634 4935 819 4998 partes
868 4929 1265 4984 scandalizatm
1309 4927 1634 4994 turbantur,
1688 4926 1859 4982 fratre
1892 4947 1945 5007 ι)
1973 4931 2244 5002 imaginis
2284 4930 2530 4986 nobilem
2571 4933 2852 5004 originem
2902 4943 3213 4993 renovaret.
3260 4940 3440 4996 Natus
3485 4954 3619 5012 ergo

191 5025 387 5075 nostro
419 5019 650 5090 Pyrrho
687 5019 1034 5090 patriarcha,
1076 5032 1174 5089 per
1219 5019 1444 5074 litteras
1483 5030 1618 5073 suas
1645 5017 1755 5073 huc
1781 5023 1861 5072 at-

191 5121 296 5178 que
321 5108 481 5163 illuc
514 5109 906 5180 transmissas,
943 5121 1082 5164 nova
1105 5105 1360 5177 quaedam
1384 5112 1436 5162 et
1471 5111 1672 5176 praeter
1703 5120 1861 5178 regu-

188 5195 294 5252 lam
326 5198 472 5253 ﬁdei
515 5197 878 5267 przndicante,
910 5201 966 5252 et
994 5198 1061 5252 ad
1097 5198 1391 5267 pmprium
1420 5210 1648 5252 sensum
1691 5196 1854 5267 quasi

190 5293 399 5341 sancta:
431 5286 728 5341 memoria:
761 5287 1073 5342 llonorium
1117 5299 1314 5356 papam
1355 5286 1705 5341 decessorem
1746 5299 1859 5341 no—

188 5380 370 5431 strum
401 5374 706 5432 attrahere
742 5374 1071 5446 festinante,
1105 5376 1254 5447 quod
1291 5390 1322 5430 a
1365 5379 1549 5430 mente
1579 5374 1850 5431 catholici

189 5462 374 5520 Patris
404 5469 544 5521 erat
573 5465 803 5534 penitus
830 5464 1100 5522 alienum.
1138 5464 1338 5538 Igitur,
1376 5471 1438 5520 ut
1467 5467 1652 5520 vestra
1682 5463 1854 5520 beni-

1969 5025 2056 5075 est
2111 5020 2394 5076 secundus
2448 5018 2622 5075 Adam
2669 5021 2891 5078 nullum
2943 5024 3155 5082 habens
3202 5029 3484 5085 nascendo
3530 5029 3617 5085 vel

1967 5123 2096 5165 cum
2129 5107 2462 5165 hominibus
2491 5112 2875 5168 conversando
2902 5121 3214 5188 peccatum,
3236 5119 3446 5174 etenim
3472 5119 3620 5174 Ver-

1967 5197 2099 5255 bum
2159 5211 2290 5254 caro
2340 5195 2546 5255 factum
2616 5199 2674 5256 in
2734 5201 3122 5261 similitudine
3168 5209 3361 5264 carnis
3401 5209 3616 5279 peccati

1965 5289 2158 5344 omnia
2187 5293 2373 5343 nostra
2405 5289 2678 5360 suscepit,
2711 5290 2934 5348 nullum
2958 5299 3149 5352 reatus
3178 5296 3385 5352 vitium
3431 5296 3616 5353 ferens

1964 5388 2031 5430 ex
2059 5376 2292 5431 traduce
2328 5377 2814 5446 praevaricationis
2837 5387 3115 5440 exortum.
3159 5384 3611 5443 Similitudinem

1963 5477 2097 5536 ergo
2152 5463 2556 5539 intelligimus,
2610 5482 2720 5524 non
2770 5471 2964 5528 carnis
3020 5474 3164 5543 ejus,
3218 5473 3313 5529 sed
3374 5475 3607 5545 peccati.

255 5618 285 5649 ι
308 5610 395 5665 De
428 5611 548 5665 hac
575 5608 818 5679 epistola
839 5608 1056 5666 videsis
1086 5609 1479 5666 testimonium
1512 5607 1660 5681 apud
1683 5608 1735 5664 S.
1766 5607 2073 5664 Maximum
2097 5608 2167 5662 Μ.
2199 5605 2257 5662 in
2284 5607 2676 5680 disputatione
2695 5624 2824 5666 cum
2847 5612 3061 5685 Pyrrho
3086 5613 3428 5684 patriarcha.
