4034 6158
431 343 539 406 563

1664 349 2022 407 ANASTASII
2067 346 2609 406 BIBLIOTHECARII

3680 352 3768 414 ὅθι

433 479 658 536 Etenim
715 492 939 535 carnem
977 479 1256 536 Dominus
1301 491 1487 536 veram
1541 479 1796 550 suscepit
1839 473 2328 536 exinte-Avitii
2374 477 2552 533 traxit
2591 491 2659 533 ex
2718 475 3186 548 praevaricatione
3233 475 3395 546 primi
3442 476 3677 536 hominis.
3720 484 3768 538 ln

437 571 649 624 merata
669 571 726 624 et
753 567 914 626 beata
941 569 1178 640 Virgine
1219 568 1318 625 Dei
1353 568 1651 642 genitrice,
1705 567 2092 624 consubstan-

438 657 601 714 tialis
625 655 793 713 nobis
819 656 1072 714 effectus.
1097 659 1244 730 Ergo
1264 657 1710 714 similitudinem
1742 657 1934 713 carnis
1954 670 2094 727 peo-

440 746 552 804 cati
599 751 830 804 sanctus
877 746 1025 803 dicit
1051 747 1378 818 Apostolus,
1427 761 1597 820 quam
1628 747 1876 804 similem
1925 745 2092 802 nobis

442 834 840 906 peccatoribus
869 835 994 892 sine
1027 841 1252 906 peccato
1273 851 1403 892 cum
1423 837 1616 892 anima
1655 836 1924 893 rationali
1956 851 2093 892 sus-

443 924 632 996 cepit;
673 928 728 980 et
767 923 985 980 idcirco
1034 937 1204 981 unam
1235 925 1582 982 voluntatem
1621 925 1934 981 secundum
1981 924 2096 995 pri-

443 1027 592 1070 mam
625 1012 1022 1070 formationem
1047 1014 1180 1070 Adae
1209 1014 1522 1070 naturalem
1557 1014 1936 1071 humanitatis
1977 1027 2095 1070 sua:

443 1104 723 1160 Dominus
742 1106 933 1160 noster
947 1105 1111 1160 Jesus
1135 1103 1402 1160 Christus
1432 1103 1638 1160 habere
1665 1105 1939 1177 dignatus
1966 1107 2084 1158 est:

446 1206 559 1249 non
589 1193 734 1248 duas
762 1193 1100 1260 contrarias,
1131 1193 1605 1264 quemadmodum
1637 1207 1788 1251 nunc
1842 1207 1945 1250 nos
1986 1193 2100 1248 ha-

447 1281 579 1337 bere
601 1281 1017 1353 dignoscimur,
1041 1281 1142 1352 qui
1164 1282 1234 1339 de
1256 1287 1482 1352 peccato
1499 1297 1702 1339 sumus
1721 1282 1854 1338 Adae
1874 1281 2055 1354 geniti
2079 1300 2092 1336 :

449 1369 741 1442 quoniam,
767 1368 1171 1440 corruptibilis
1213 1385 1312 1442 per
1345 1371 1850 1444 trrnsgressionem
1877 1370 2100 1441 primus

448 1457 618 1515 homo
645 1457 899 1529 effectus,
944 1465 1000 1516 et
1042 1459 1294 1518 Creatori
1335 1476 1440 1520 suo
1491 1461 1659 1518 subdi
1709 1467 2096 1531 contemnens,

448 1547 629 1604 sensit
647 1560 894 1620 carnem,
918 1562 1044 1620 quae
1071 1551 1234 1620 prius
1263 1557 1386 1608 erat
1415 1550 1530 1606 sibi
1584 1550 1861 1622 subjecta,
1911 1548 2105 1605 nihil-

449 1637 680 1694 ominus
710 1642 1139 1710 repugnantem,
1194 1645 1250 1696 et
1281 1645 1509 1711 peccato
1545 1653 1652 1696 suo
1699 1645 1879 1696 totum
1924 1652 2104 1712 genus

451 1725 763 1783 humanum
804 1724 938 1783 fecit
989 1726 1322 1799 obnoxium,
1363 1729 1518 1785 sicut
1557 1729 1705 1785 dicit
1744 1727 2052 1799 Apostolus
2085 1745 2099 1782 :

448 1815 713 1883 Regnavit
733 1831 877 1870 mors
901 1817 971 1871 ab
1010 1816 1196 1872 Adam
1235 1834 1406 1889 usque
1433 1819 1510 1875 ad
1536 1820 1794 1887 Moysem,
1833 1819 1998 1872 etiam
2043 1818 2103 1872 in
2131 1801 2188 1864 Β

450 1917 538 1958 eos
555 1905 654 1973 qui
670 1919 779 1958 non
803 1910 1162 1975 peccaverunt
1206 1907 1267 1961 in
1311 1907 1726 1962 similitudinem
1759 1907 2106 1977 prevarica-

448 1993 614 2048 tionis
636 1991 780 2048 Adae
813 1991 978 2065 (Rom.
1004 2009 1060 2066 v,
1094 1991 1198 2068 44).
1241 1995 1619 2070 Quapropter,
1645 2001 1702 2051 et
1730 2009 1834 2052 nos
1877 1994 1978 2066 qui
2007 2007 2108 2065 per

453 2080 977 2151 praevaricationem
999 2087 1056 2140 et
1085 2089 1374 2154 peccatum
1401 2085 1569 2141 illius
1597 2084 1910 2156 nascimur,
1958 2083 2106 2140 duas

463 2170 787 2227 contrarias
812 2171 1018 2228 habere
1041 2172 1364 2230 voluntates
1382 2174 1780 2248 dignoscimur
1807 2193 1820 2228 :
1847 2173 1994 2229 duas
2013 2186 2110 2228 au-

453 2265 566 2316 tem
615 2260 768 2333 dico,
812 2261 1022 2318 mentis
1075 2266 1133 2318 et
1193 2264 1386 2320 carnis
1449 2265 1694 2321 invicem
1739 2261 2109 2334 reluctantes,

455 2349 610 2407 sicut
649 2349 798 2406 idem
846 2350 1048 2408 beatus
1075 2352 1240 2409 docet
1289 2353 1640 2424 Apostolus:
1675 2353 1812 2408 Caro
1863 2353 2112 2423 concupi-

455 2441 558 2494 scit
597 2439 860 2494 adversus
897 2442 1171 2510 spiritum,
1203 2446 1255 2497 et
1277 2444 1506 2513 spiritus
1551 2443 1814 2498 adversus
1870 2457 2108 2496 carnem.

455 2529 582 2582 Have
622 2531 805 2582 autem
848 2530 1077 2584 invicem
1113 2530 1498 2596 adversantur,
1529 2536 1592 2586 ut
1633 2547 1743 2586 non
1781 2544 2114 2601 quacunque

457 2617 646 2679 vultis,
677 2617 778 2670 illa
805 2619 1031 2685 faciatis
1055 2615 1196 2689 (Gal.
1243 2634 1298 2688 ν,
1332 2613 1432 2689 l7).
1467 2622 1537 2676 Et
1560 2621 1667 2677 hoc
1712 2635 1878 2678 omne
1903 2621 2114 2678 huma—

412 2741 418 2747 -
461 2719 598 2762 num
623 2705 847 2777 patitur
871 2719 1052 2778 genus
1093 2707 1202 2764 sub
1235 2714 1463 2778 peccato
1503 2710 1906 2783 constitutum,
1961 2724 2115 2782 quo—

463 2794 617 2850 niam
644 2807 808 2850 nemo
833 2799 921 2850 est
957 2796 1208 2852 mundus
1235 2797 1307 2853 ab
1338 2798 1447 2854 hoc
1489 2806 1717 2869 peccato
1768 2798 2114 2870 praevarica-

463 2883 664 2955 tionis,
686 2898 782 2938 nec
799 2885 1010 2952 infans,
1029 2884 1183 2942 sicut
1203 2887 1486 2958 scriptum
1517 2893 1622 2960 est,
1647 2889 1805 2958 cujus
1833 2894 1912 2944 est
1949 2891 2114 2944 unius

461 2972 574 3026 diei
619 2974 734 3027 vita
773 2989 938 3045 super
987 2979 1189 3029 terram
1240 2973 1355 3048 (Job
1406 2991 1526 3041 xxv,
1572 2975 1626 3040 4,
1676 2995 1778 3034 sec.
1830 2978 2006 3051 LXX).
2048 2980 2118 3036 Et

2200 566 2367 624 nobis
2403 567 2578 638 enim,
2630 579 2740 622 non
2782 566 2841 624 in
2873 581 2962 638 eo,
3014 569 3311 636 coaptatur
3355 565 3491 636 quod
3543 567 3772 638 scriptum

2199 661 2320 712 est:
2350 657 2470 712 Scio
2495 659 2635 712 enim
2657 659 2790 726 quia
2818 672 2927 711 non
2955 657 3168 710 habitat
3193 657 3252 708 in
3287 670 3383 718 me,
3404 655 3460 709 id
3483 662 3554 711 est
3571 659 3622 712 in
3646 674 3774 714 carne

2199 761 2338 810 mea,
2390 747 2585 800 bonum
2616 744 2782 817 (Rom.
2831 759 2934 813 vn,
2983 741 3086 817 48).
3136 745 3206 800 Et
3249 743 3493 799 iterum:
3529 745 3633 800 Non
3666 747 3778 816 quod

2199 837 2318 890 volo
2349 836 2545 890 bonum
2571 836 2668 890 hoc
2686 851 2827 904 ago;
2858 835 2954 890 sed
2978 835 3126 904 quod
3153 834 3275 888 nolo
3295 833 3504 896 malum,
3534 833 3617 888 hoc
3646 837 3776 902 facio.

2201 925 2263 980 Si
2302 929 2482 980 autem
2514 923 2668 991 Quod
2704 925 2827 979 nolo
2854 925 3060 979 malum
3092 922 3236 977 illud
3266 923 3425 990 facio,
3465 937 3564 977 non
3585 921 3689 990 jam
3711 939 3782 992 ego

2202 1030 2391 1084 operor
2416 1015 2578 1082 illud,
2607 1014 2702 1068 sed
2722 1013 2867 1084 quod
2894 1013 3107 1067 habitat
3154 1014 3212 1067 in
3253 1027 3332 1066 me
3361 1015 3619 1081 peccatum
3636 1009 3783 1082 (ibid,

2208 1101 2295 1175 49,
2347 1101 2452 1176 30).
2495 1104 2564 1159 Et
2606 1109 2734 1174 post
2785 1103 2950 1158 hinc:
2991 1102 3160 1157 Video
3208 1103 3348 1156 enim
3391 1101 3549 1154 aliam
3577 1101 3713 1168 legem
3741 1104 3788 1156 in

2204 1193 2456 1248 membris
2480 1194 2612 1248 meis
2649 1196 3042 1262 repugnantem
3073 1191 3180 1258 legi
3215 1191 3403 1244 mentis
3426 1205 3560 1260 mea,
3596 1193 3640 1244 et
3662 1192 3792 1260 capti-

2205 1287 2421 1338 vantem
2451 1298 2534 1337 me
2565 1284 2625 1336 in
2661 1283 2770 1349 lege
2810 1281 3041 1352 peccati,
3091 1295 3211 1350 quae
3238 1283 3317 1334 est
3347 1281 3404 1332 in
3436 1277 3660 1333 membris
3691 1281 3792 1333 meis

2207 1371 2388 1444 (ibid.,
2413 1367 2520 1444 23).
2555 1371 2698 1427 Hinc
2735 1383 2869 1443 ergo
2911 1371 2996 1426 ha:
3023 1369 3153 1426 dua:
3194 1367 3488 1425 contrariae
3525 1366 3795 1424 voluntates

2211 1460 2421 1517 mentis
2444 1466 2502 1517 et
2534 1455 2747 1532 carnis,
2777 1472 2921 1531 quas
2974 1457 3285 1529 Apostolus
3333 1457 3508 1528 docet,
3550 1455 3604 1511 in
3641 1460 3797 1512 nostro

2212 1563 2570 1621 nequaquam
2591 1548 2882 1606 Salvatore
2911 1547 3165 1617 fuerunt,
3193 1561 3260 1604 eo
3283 1545 3428 1618 quod
3455 1545 3544 1602 hic
3575 1544 3804 1600 luctami-

2213 1639 2306 1696 nis
2334 1639 2608 1696 stimulus
2625 1653 2695 1695 ex
2719 1637 3188 1710 praevaricatione
3218 1635 3548 1708 protoplasti
3597 1633 3804 1704 sumpsit

2217 1729 2452 1786 initium
2497 1747 2511 1784 :
2570 1728 2841 1800 quoniam
2889 1741 2923 1784 a
2971 1727 3345 1798 Redemptore
3409 1731 3590 1782 nostro
3641 1727 3807 1780 natura

2217 1826 2480 1890 suscepta
2509 1823 2614 1888 est,
2648 1831 2760 1874 non
2786 1815 3054 1873 criminis
3077 1815 3266 1888 culpa.
3308 1814 3412 1872 Sed
3446 1828 3512 1870 ne
3546 1813 3664 1886 quis
3689 1825 3810 1869 non-

2217 1921 2510 1980 nunquam
2533 1907 2728 1964 minus
2746 1905 3077 1979 intelligens
3091 1904 3482 1977 reprehendat,
3502 1900 3811 1975 quamobrem

2215 1998 2286 2055 de
2315 1997 2563 2054 humana
2591 1999 2814 2053 tantum
2866 2000 3090 2067 natura,
3132 1999 3188 2052 et
3227 2007 3342 2051 non
3375 1993 3542 2049 etiam
3568 1992 3631 2048 de
3653 1990 3814 2046 divina

2219 2091 2423 2143 natura
2448 2086 2651 2142 docere
2700 2085 2922 2142 sciatur
2954 2103 2968 2140 :
2995 2084 3206 2141 etenim
3245 2083 3508 2140 Christus
3549 2081 3607 2137 in
3633 2078 3816 2137 duabus

2220 2176 2446 2232 naturis
2465 2175 2526 2232 in
2545 2189 2659 2233 una
2684 2188 2926 2247 persona
2953 2174 3139 2230 unitis
3167 2171 3813 2247 c0gnoscitur,adoratur,

2219 2269 2276 2321 et
2298 2265 2512 2321 colitur
2538 2266 2688 2320 Deus
2708 2269 2764 2320 et
2805 2263 2971 2320 homo
2998 2261 3306 2334 perfectus.
3347 2261 3517 2318 Debet
3555 2259 3646 2331 qui
3684 2268 3820 2326 super

2221 2355 2328 2410 hoc
2347 2353 2591 2426 ambigit
2613 2353 2782 2425 scire,
2806 2353 3078 2424 quoniam
3100 2353 3168 2409 ad
3197 2351 3311 2408 hoc
3342 2350 3486 2407 facta
3509 2353 3590 2406 est
3624 2356 3824 2417 respon-

2221 2443 2310 2499 sio
2339 2443 2408 2498 ad
2427 2443 2544 2512 jam
2583 2442 2726 2498 dicti
2759 2441 3103 2514 patriarcha:
3155 2439 3670 2512 interrogationem.
3699 2435 3824 2490 Prai-

2223 2539 2375 2590 terea
2398 2531 2582 2588 ethoc
2609 2531 2732 2588 ﬁeri
2764 2530 2928 2602 solet,
2963 2533 3026 2588 ut
3074 2529 3306 2586 scilicet
3357 2529 3454 2586 ubi
3505 2531 3588 2584 est
3632 2523 3824 2592 vulnus,

2225 2623 2308 2679 ibi
2361 2621 2702 2678 medicinale
2739 2624 3004 2677 occurrat
3047 2619 3360 2676 auxilium.
3402 2620 3537 2674 Nam
3581 2621 3633 2671 et
3666 2612 3829 2668 beatus

2221 2710 2529 2784 Apostolus
2550 2711 2658 2767 hoc
2679 2724 2825 2781 saepe
2847 2709 3052 2766 fecisse
3070 2709 3460 2781 dignoscitur,
3485 2719 3542 2763 se
3565 2702 3828 2762 secundum

2223 2801 2556 2858 auditorum
2585 2799 3062 2856 consuetudinem
3085 2811 3420 2869 praeparans
3442 2815 3458 2867 ;
3488 2799 3542 2852 et
3567 2788 3828 2864 aliquando

2224 2890 2456 2961 quidem
2486 2889 2556 2944 de
2581 2902 2847 2962 suprema
2875 2893 3078 2944 natura
3101 2887 3340 2958 docens,
3383 2885 3456 2942 de
3491 2884 3716 2940 humana
3753 2889 3837 2946 pe-

2226 2979 2385 3035 nitus
2413 2982 2598 3034 tacet:
2631 2976 2944 3048 aliquando
2985 2989 3118 3032 vero
3141 2975 3212 3030 de
3277 2975 3526 3032 humana
3577 2970 3836 3039 dispensa—

465 3061 942 3132 quemadmodum
962 3063 1218 3135 Spiritus
1243 3071 1476 3123 sanctus
1500 3083 1601 3139 per
1618 3068 1796 3125 David
1821 3068 1908 3124 ait
1938 3086 1952 3123 :
1984 3069 2117 3123 Ecce
2163 3138 2193 3139 ᾗ
2225 3069 2382 3125 tione
2400 3067 2727 3138 disputans,
2761 3065 3094 3137 mysterium
3115 3064 3456 3121 divinitatis
3480 3063 3602 3134 ejus
3626 3071 3726 3114 non
3743 3060 3836 3111 tan-

463 3151 606 3204 enim
651 3153 713 3206 in
766 3153 1152 3222 iniquitatibus
1199 3161 1482 3228 conceptus
1513 3138 1665 3219 sum,
1709 3161 1760 3212 et
1795 3158 1856 3211 in
1907 3156 2117 3212 delictis
2147 3138 2197 3200 (ἶ
2227 3158 2330 3230 git.
2347 3157 2575 3216 Etenim
2607 3157 2730 3227 ipse
2771 3153 2867 3211 hic
2897 3153 3129 3226 quidem
3157 3154 3231 3210 de
3280 3155 3483 3212 divina
3522 3155 3709 3208 natura
3732 3144 3830 3230 aii:

455 3241 672 3310 peperit
709 3257 790 3296 me
827 3247 1000 3297 mater
1059 3259 1179 3299 mea
1221 3242 1384 3316 (Psal.
1434 3260 1486 3316 L,
1653 3246 1806 3301 Sicut
1865 3249 2008 3301 enim
2059 3249 2120 3300 in

465 3327 652 3384 Adam
679 3345 859 3386 omnes
874 3339 1254 3401 peccaverunt,
1294 3335 1608 3390 secundum
1638 3335 1995 3406 Apostolum,
2041 3338 2122 3390 ita

469 3419 533 3472 in
562 3418 773 3474 Christo
819 3436 1000 3476 omnes
1033 3423 1491 3493 justiﬁcabuntur
1536 3421 1586 3496 (Ι
1607 3424 1725 3481 Cor.
1760 3439 1856 3493 xv,
1900 3423 2009 3496 22),
2055 3417 2126 3480 Et

476 3509 618 3562 sicut
664 3525 768 3580 per
811 3525 982 3564 unum
1015 3510 1281 3567 hominem
1309 3519 1616 3584 peccatores
1671 3516 1953 3569 constituti
1998 3519 2127 3568 sunt

465 3599 666 3664 multi;
696 3601 778 3654 ita
793 3603 844 3654 et
871 3616 970 3670 per
1018 3616 1190 3655 unum
1235 3603 1500 3658 hominem
1541 3604 1690 3672 justi
1731 3605 2128 3658 constituentur

469 3688 633 3742 multi
647 3685 815 3758 (Rom.
838 3701 895 3758 v,
929 3686 1030 3759 19).
1054 3690 1202 3760 Ergo
1232 3704 1383 3746 unus
1433 3694 1488 3746 et
1529 3691 1690 3746 solus
1716 3695 1803 3746 est
1840 3691 1966 3747 sine
1992 3705 2130 3761 pec-

473 3780 600 3831 cato
627 3775 906 3831 mediator
933 3776 1034 3830 Dei
1059 3781 1115 3832 et
1141 3777 1438 3834 hominum
1464 3778 1637 3835 homo
1656 3779 1922 3836 Christus
1943 3780 2126 3852 Jesus,

477 3863 577 3934 qui
607 3863 667 3918 in
695 3863 940 3920 mortuis
969 3862 1117 3920 liber
1138 3873 1448 3936 conceptus
1469 3873 1525 3923 et
1563 3873 1733 3924 natus
1751 3873 1856 3924 est.
1907 3871 1970 3924 In
1997 3869 2131 3927 dis-

479 3951 811 4022 pensatione
831 3951 1028 4023 itaque
1057 3958 1265 4010 sanctai
1293 3956 1488 4012 carnis
1516 3971 1636 4014 suae
1654 3958 1800 4015 duas
1836 3972 2130 4030 nunquam

479 4039 684 4096 habuit
711 4041 1031 4098 contrarias
1053 4043 1398 4117 voluntates,
1417 4060 1520 4102 nec
1549 4049 1894 4121 repugnavit
1922 4051 2135 4108 volun—

479 4128 586 4184 tati
614 4129 821 4186 mentis
847 4130 972 4200 ejus
992 4131 1254 4190 voluntas
1283 4135 1477 4192 carnis
1507 4137 1712 4210 ipsius.
1742 4141 1937 4212 Neque
1977 4141 2131 4196 enim

482 4216 688 4274 habuit
729 4219 1110 4293 quodcunque
1159 4229 1470 4294 peccatum,
1506 4227 1607 4298 qui
1656 4228 1813 4284 venit
1839 4229 2134 4286 dimittere

483 4311 776 4378 peccatum
804 4309 1024 4382 mundi,
1053 4315 1529 4382 quemadmodum
1555 4321 1613 4372 et
1633 4317 1754 4386 ipse
1781 4317 1970 4374 dixit:
2006 4319 2136 4385 Quis

483 4411 553 4451 ea:
595 4397 746 4453 vobis
786 4404 980 4466 arguet
1019 4416 1102 4456 me
1140 4402 1207 4457 de
1245 4408 1466 4473 peccato
1501 4403 1716 4474 (Joann.
1744 4419 1848 4477 Vll,
1895 4404 1982 4481 46)
2003 4407 2032 4460 ‘l
2072 4410 2140 4465 Et

2231 3229 2475 3304 Christus
2499 3249 2598 3302 Dei
2631 3249 2828 3309 virtus,
2877 3250 2927 3300 et
2957 3247 3056 3300 Dei
3095 3247 3379 3316 sapientia
3417 3241 3467 3315 (Ι
3509 3241 3622 3297 Cor.
3675 3251 3713 3306 ι,
3738 3229 3837 3304 24);

2230 3336 2372 3394 alibi
2424 3340 2612 3391 autem
2659 3335 2730 3390 de
2774 3332 3168 3390 incarnatione
3213 3334 3348 3402 ejus
3398 3332 3479 3387 ita
3520 3316 3845 3388 dixiizouod

2231 3427 2458 3481 stultum
2493 3428 2572 3478 est
2605 3425 2724 3492 Dei,
2777 3423 3078 3493 sapientius
3139 3425 3218 3476 est
3264 3420 3612 3484 hominibus;
3638 3420 3683 3470 et
3731 3404 3847 3482 quod

2233 3518 2508 3586 inﬁrmum
2543 3517 2622 3568 est
2643 3514 2761 3574 Dei,
2819 3515 3020 3580 fortius
3070 3515 3148 3566 est
3191 3511 3508 3566 hominibus
3554 3504 3720 3578 (ibid,
3760 3495 3846 3566 25).

2235 3601 2524 3674 Sapientia
2551 3605 2739 3657 autem
2779 3604 2836 3656 et
2891 3599 3166 3668 stultitia,
3216 3600 3416 3656 virtus
3465 3602 3522 3655 et
3563 3588 3852 3656 inﬁrmitaS,

2237 3692 2542 3750 contrariae
2585 3691 2905 3748 adinvlcem
2953 3689 3171 3760 absque
3217 3681 3523 3747 dubietate
3587 3682 3852 3756 ponuntur.

2236 3784 2456 3855 Ergone
2484 3780 2774 3838 contraria
2819 3779 3052 3836 sibimet
3080 3779 3250 3836 docet
3296 3779 3503 3836 beatus
3543 3762 3858 3846 Apostolus?

2239 3871 2394 3930 absit
2423 3888 2435 3924 :
2461 3871 2558 3927 sed
2589 3869 2967 3926 audientibus
3001 3873 3178 3924 semet
3221 3869 3556 3941 conﬁgurat
3595 3861 3858 3932 sapienter.

2242 3961 2555 4020 secundum
2576 3965 2800 4032 tempus
2815 3959 3046 4029 docens,
3071 3963 3136 4014 ut
3158 3959 3406 4028 provida
3429 3955 3627 4014 nutrix
3649 3942 3862 4024 parvulis

2241 4051 2472 4124 quidem
2505 4051 2590 4106 lac
2621 4049 2898 4122 praebens,
2933 4046 3202 4118 perfectis
3247 4053 3448 4106 autem
3503 4043 3740 4102 solidum
3781 4033 3862 4090 tri-

2241 4141 2422 4200 buens
2450 4139 2662 4197 cibum.
2687 4139 2836 4210 Quid
2867 4152 3000 4211 ergo
3041 4143 3128 4194 est
3162 4139 3318 4210 quod
3369 4136 3456 4194 ait
3499 4154 3514 4192 :
3561 4130 3705 4200 Quod
3748 4125 3866 4194 inﬁr-

2240 4248 2387 4287 mum
2405 4235 2484 4286 est
2519 4231 2636 4300 Dei,
2667 4231 2868 4298 fortius
2893 4233 2972 4282 est
3012 4228 3372 4293 hominibus;
3422 4231 3477 4283 et
3503 4223 3647 4296 quod
3683 4216 3868 4274 stultum

2243 4325 2321 4376 est
2340 4323 2458 4382 Dei,
2484 4320 2787 4391 sapientius
2813 4321 2893 4372 est
2915 4316 3224 4371 hominibus
3251 4319 3283 4372 ?
3320 4317 3441 4372 Hoc
3471 4320 3648 4370 totum
3678 4303 3870 4375 capitu-

2248 4410 2367 4466 lum
2392 4410 2463 4466 de
2485 4407 2916 4479 dispensatione
2939 4405 3181 4476 Christi,
3202 4419 3322 4463 non
3336 4406 3412 4462 de
3438 4413 3683 4474 superna
3705 4397 3874 4452 natura

484 4485 634 4544 alias
655 4487 850 4545 taliter
877 4488 962 4545 ait
991 4507 1005 4543 :
1045 4492 1205 4546 Venit
1221 4494 1478 4562 princeps
1496 4495 1691 4549 mundi
1716 4496 1856 4564 ejus,
1885 4501 1937 4551 ct
1967 4498 2028 4552 in
2055 4513 2138 4553 me
2162 4505 2220 4568 D
2251 4499 2416 4556 illius
2437 4499 2640 4555 docere
2677 4497 2908 4554 videtur
2939 4515 2952 4551 :
2984 4495 3178 4552 volens
3228 4495 3540 4552 ostendere
3583 4489 3713 4562 quia
3755 4484 3873 4538 Delis

485 4577 695 4632 inuenit
738 4577 879 4632 nihil
918 4575 1096 4648 (Joan.
1142 4593 1262 4650 xxv,
1309 4578 1416 4653 30).
1471 4581 1628 4640 Unde
1674 4584 1958 4658 scientes,
1985 4588 2136 4658 quod

489 4664 715 4722 nullum
769 4665 830 4722 in
877 4680 965 4738 eo,
1017 4681 1148 4724 cum
1199 4673 1528 4728 nasceretur
1571 4667 1629 4730 et
1687 4682 2138 4748 conversaretur,

491 4758 640 4810 esset
661 4755 897 4811 omnino
917 4762 1228 4829 peccatum,
1245 4759 1510 4818 decenter
1527 4765 1848 4822 dicimuset
1865 4767 2144 4824 veraciter

493 4842 850 4916 conﬁtemur,
878 4859 1048 4901 unam
1079 4847 1426 4908 voluntatem
1453 4853 1514 4909 in
1539 4861 1747 4911 sancta:
1787 4855 1976 4926 ipsius
2011 4857 2145 4914 dis-

497 4932 852 5001 pensationis
908 4933 1282 5011 humanitate,
1341 4945 1398 4997 et
1467 4957 1580 5000 non
1623 4944 1770 5001 duas
1823 4947 2146 5003 contrarias

497 5019 708 5076 mentis
731 5025 789 5076 et
811 5024 1005 5081 carnis
1033 5027 1431 5102 praedicamus,
1465 5032 1776 5089 secundum
1827 5035 1976 5104 quod
2005 5035 2148 5106 qui-

496 5107 627 5164 dam
677 5109 929 5169 haeretici
973 5114 1130 5172 velut
1171 5117 1232 5174 in
1272 5133 1416 5190 puro
1465 5120 1695 5178 homine
1740 5121 1989 5180 delirare
2036 5138 2150 5182 no-

499 5203 760 5256 scuntur.

577 5288 898 5350 Secundum
950 5293 1100 5352 hunc
1139 5296 1322 5368 igitur
1368 5300 1596 5356 modum
1639 5301 1756 5370 jam
1807 5302 2000 5360 dictus
2045 5304 2154 5360 de-

500 5399 694 5444 cessor
713 5390 906 5441 noster
945 5387 1358 5456 prmnominato
1397 5389 1595 5462 Sergio
1638 5391 1978 5462 patriarcha:
2017 5409 2154 5465 per-

502 5474 757 5533 contanti
786 5475 1090 5546 scripsisse
1111 5475 1474 5548 dignoscitur
1518 5497 1530 5534 :
1577 5493 1716 5551 quia
1756 5481 1815 5536 in
1867 5482 2154 5540 Salvatore

505 5569 700 5622 nostro
720 5564 846 5620 duae
874 5564 1197 5622 voluntates
1223 5567 1544 5638 contrariae,
1595 5569 1650 5625 id
1691 5575 1796 5642 est,
1859 5571 1920 5627 in
1969 5587 2154 5629 mem-

506 5651 839 5724 brisipsius
870 5653 1099 5725 penitus
1141 5669 1254 5712 non
1289 5657 1634 5724 consistunt,
1677 5661 1947 5732 quoniam
2001 5661 2154 5717 nihil

2252 4587 2418 4643 homo
2444 4584 2630 4641 factus
2653 4585 2905 4641 animam
2958 4581 3163 4638 habuit
3211 4588 3270 4638 et
3318 4595 3540 4653 corpus
3585 4578 3876 4634 humanum:

2251 4676 2402 4748 quod
2443 4675 2686 4732 stultum
2717 4674 2926 4730 asserit
2949 4678 3006 4730 et
3035 4672 3359 4728 inﬁrmum.
3424 4665 3712 4742 Sapientia
3754 4656 3878 4716 enim

2251 4767 2501 4822 humana
2529 4764 2741 4821 divinae
2769 4763 2997 4836 collata,
3021 4761 3280 4818 stultitio
3311 4766 3444 4818 est:
3483 4752 3756 4816 fortitudo
3775 4755 3881 4802 vero

2252 4855 2447 4912 carnis
2475 4868 2604 4910 cum
2646 4853 2748 4910 Dei
2791 4852 3009 4909 virtute
3061 4856 3422 4922 comparata,
3463 4844 3762 4905 inﬁrmitas
3797 4839 3878 4890 est-

2253 4945 2400 5016 Quia
2425 4943 2677 5016 profecto
2721 4942 2949 5000 condita
2994 4941 3239 4997 bumana
3279 4938 3582 5012 sapientia
3623 4945 3743 4993 cum
3769 4935 3888 4983 ϐων

2255 5035 2465 5091 ditrice
2493 5033 2775 5104 sapientia
2799 5036 3145 5102 comparata,
3175 5029 3442 5086 stultitia
3461 5033 3569 5084 est.

2329 5127 2514 5196 Igttur
2541 5103 2942 5180 connectentes
2963 5128 3228 5192 utraque,
3250 5125 3312 5176 et
3335 5117 3640 5176 Christum
3663 5109 3757 5170 Dei
3789 5103 3892 5162 vir—

2260 5217 2439 5270 tutem
2464 5217 2520 5269 et
2544 5212 2644 5268 Dei
2667 5211 3009 5282 sapientiam
3035 5208 3359 5266 secundum
3385 5206 3772 5269 divinitatem,
3807 5204 3897 5293 nar

2261 5307 2448 5359 turam
2479 5301 2808 5358 divinitatis
2837 5301 2963 5370 ejus
2977 5299 3356 5357 conﬁtemur:
3383 5302 3447 5354 et
3467 5293 3776 5354 secundum
3795 5291 3898 5370 ejus

2262 5397 2470 5449 sanctae
2499 5391 2692 5448 carnis
2705 5365 3214 5461 dispensationem,
3237 5386 3400 5459 quod
3426 5386 3679 5443 stultum
3701 5365 3895 5472 et

2265 5482 2555 5538 inﬁrmum
2604 5485 2690 5537 est
2726 5481 2849 5543 Dei,
2897 5485 3156 5536 naturam
3216 5474 3620 5533 humanitatis
3661 5463 3900 5526 veraciter

2265 5571 2662 5644 praedicamus,
2695 5569 2966 5641 quoniam
2995 5568 3100 5624 hoc
3123 5567 3428 5624 inﬁrmum
3453 5569 3515 5621 et
3533 5561 3792 5625 stultum,
3815 5548 3905 5604 for-

2266 5643 2387 5718 tius
2421 5665 2478 5717 et
2505 5658 2830 5730 sapientius
2857 5663 2945 5715 est
2985 5655 3254 5716 omnibus
3309 5652 3681 5712 hominibus.
3727 5643 3906 5703 Omnes
