4034 6158
260 314 362 376 568

921 295 1424 381 COLLECTANEA.
1467 352 1541 366 -
1575 323 1857 382 manus
1893 325 1996 382 PP.
2047 325 2395 385 nomen
2434 328 2568 385 reo
2605 331 2912 389 HONORIO
2945 334 3046 389 PP.

3564 338 3672 397 566

259 445 412 502 enim
445 446 725 520 homines,
759 451 912 507 sicut
932 453 1104 509 etiam
1140 455 1410 525 superius
1428 456 1647 512 dictum
1673 461 1778 522 est,
1803 455 1910 512 sub
1935 454 1991 514 A
2020 457 2452 531 confundimus,
2472 463 2742 532 quoniam
2763 468 3035 535 utrasque
3055 470 3289 522 naturas
3307 444 3437 525 cum
3458 470 3670 526 aduna-

259 540 489 604 peccato
523 539 1012 608 praevaricationis
1044 549 1376 599 nascuntur.
1414 545 1691 600 Dominus
1719 550 1907 600 autem

257 630 450 681 noster
501 627 665 682 Jesus
707 627 973 686 Christus
1018 631 1232 702 absque
1265 640 1490 702 peccato
1541 634 1812 700 existens,
1855 638 1909 688 et

254 715 480 771 nullum
509 729 699 773 secum
725 719 932 774 vitium
967 719 1151 776 ferens
1199 723 1518 792 vetustatis,
1571 738 1680 778 non
1721 724 1905 779 solum

251 801 480 876 fortior,
511 807 607 862 sed
656 811 711 862 et
740 809 1057 878 sapientior
1115 815 1202 866 est
1237 811 1507 868 omnibus
1552 811 1904 883 hominibus,

249 895 516 964 quamvis
544 895 835 952 inﬁrmum
870 906 1126 956 nostrum
1159 907 1215 956 et
1247 902 1488 957 stultum
1523 904 1643 959 sola
1670 904 1907 959 miseri-

246 984 445 1039 cordia
473 986 766 1055 suscipere
810 988 887 1042 sit
916 987 1207 1059 dignatus.
1255 990 1365 1059 Qui
1406 1005 1536 1047 vero
1565 1007 1632 1048 ex
1679 997 1906 1062 peccato

246 1073 422 1141 primi
457 1073 712 1130 hominis
754 1077 872 1132 nati
899 1082 1054 1147 sunt,
1098 1079 1207 1135 ﬁlii
1243 1079 1340 1135 ira:
1378 1095 1443 1136 ac
1483 1081 1842 1138 tenebrarum
1872 1095 1905 1137 a

242 1167 458 1217 sancta:
497 1163 808 1234 Scriptum
850 1166 1182 1237 magisterio
1229 1169 1616 1224 nominantur.
1663 1173 1735 1226 At
1773 1183 1904 1224 vero

242 1250 534 1323 Christus,
582 1268 710 1309 cum
751 1253 851 1310 lux
876 1270 1005 1311 vera
1037 1257 1133 1327 sit,
1162 1259 1421 1315 sedentes
1455 1260 1512 1314 in
1568 1260 1820 1316 tenebris
1849 1265 1906 1315 et

241 1339 446 1396 umbra
489 1343 695 1398 mortis
744 1343 1074 1401 illuminare
1107 1347 1380 1418 dignatus
1418 1353 1520 1404 est.
1561 1347 1707 1417 Quid
1747 1350 1900 1404 enim

239 1429 441 1486 doceat
478 1432 790 1501 Apostolus
834 1433 1093 1491 scribens
1121 1436 1189 1491 ad
1222 1437 1517 1506 Ephesios,
1551 1439 1890 1494 audiamus:

236 1519 302 1572 Et
329 1535 450 1582 vos,
497 1519 711 1592 inquit,
738 1537 858 1576 cum
885 1526 1088 1577 mortui
1115 1527 1299 1579 essetis
1325 1526 1535 1581 delictis
1578 1532 1627 1581 et
1659 1529 1898 1596 peccatis

234 1611 456 1672 uertris,
483 1611 546 1664 in
577 1612 774 1680 quibus
803 1613 1105 1681 aliquando
1135 1615 1430 1670 ambulatis
1459 1618 1767 1670 secundum
1788 1633 1897 1671 sae-

234 1700 420 1754 culum
453 1701 651 1755 mundi
686 1701 873 1770 hujus,
922 1703 1217 1757 secundum
1260 1707 1567 1775 principem
1607 1710 1894 1775 potestatis

2021 546 2175 602 tione
2204 549 2378 605 unius
2409 564 2660 620 persona:
2685 552 2900 609 Christi
2931 553 3029 608 Dei
3057 555 3428 612 inenarrabili
3457 571 3669 614 conso-

2022 637 2214 691 nantia
2246 639 2600 695 conﬂtemur.
2632 639 2776 708 Quia
2807 643 2960 696 enim
2994 657 3164 697 unam
3190 644 3538 702 voluntatem
3568 647 3671 701 di—

2018 733 2154 781 cunt
2170 727 2496 783 divinitatis
2510 729 2726 784 Christi
2741 737 2796 786 et
2815 731 3212 802 humanitatis,
3230 738 3286 788 et
3305 747 3472 789 unam
3492 735 3668 792 simul

2017 817 2400 884 operationem
2425 836 2437 870 :
2469 819 2606 888 quid
2632 819 2813 886 aliud,
2839 821 2950 875 nisi
2975 822 3111 891 quia
3136 827 3192 876 et
3215 836 3383 877 unam
3406 830 3668 882 naturam

2013 902 2230 959 Christi
2260 907 2356 960 Dei
2404 909 2720 964 secundum
2764 910 3173 979 Eutychianam
3208 916 3263 966 et
3306 912 3667 970 Severianam

2015 991 2357 1050 divisionem
2386 997 2609 1065 operari
2658 1005 2974 1054 noscuntur
2995 998 3023 1052 ‘?
3051 1000 3308 1070 Denique
3358 1001 3664 1057 orthodoxi

2014 1080 2224 1150 Patres,
2247 1084 2344 1152 qui
2375 1084 2433 1139 in
2459 1090 2574 1140 toto
2595 1087 2807 1141 mundo
2827 1087 3180 1158 claruerunt,
3209 1089 3362 1144 sicut
3386 1093 3663 1160 utrasque

2016 1173 2270 1242 naturas,
2303 1173 2379 1227 ita
2407 1180 2462 1229 et
2489 1174 2811 1231 voluntates
2840 1190 2905 1231 ac
2935 1178 3296 1247 Operationes
3320 1178 3537 1234 Christi
3569 1179 3664 1236 do-

2013 1271 2139 1313 cere
2168 1263 2437 1317 concordi
2471 1264 2876 1332 praedicatione
2904 1271 3314 1323 monstrantur.

2081 1348 2477 1420 Comperimus
2506 1359 2695 1409 autem
2717 1354 2866 1424 quod
2892 1355 3089 1411 charta
3112 1357 3370 1426 quaedam
3396 1359 3663 1415 mandata

2011 1435 2108 1496 sit,
2139 1437 2198 1492 in
2231 1453 2343 1509 qua
2365 1441 2684 1496 sacerdotes
2714 1441 3077 1499 subscribere
3097 1445 3279 1500 coacti
3303 1450 3438 1501 sunt
3460 1452 3660 1503 contra

2009 1528 2224 1582 tomum
2252 1526 2427 1584 beata
2459 1531 2744 1586 memoriae
2794 1545 2952 1602 papa:
2998 1534 3202 1590 Leonis
3239 1539 3296 1589 et
3335 1535 3654 1592 Chalcedo-

2008 1615 2272 1671 nensium
2293 1619 2573 1687 synodum
2598 1637 2611 1673 :
2649 1620 2708 1674 in
2741 1635 2852 1692 qua
2881 1622 3080 1678 charta
3111 1623 3366 1694 quaedam
3390 1631 3524 1681 sunt
3549 1638 3650 1696 per

2006 1704 2312 1762 novitatem
2343 1708 2678 1780 composita,
2709 1723 2835 1779 qua:
2859 1711 3063 1782 dogma
3087 1711 3543 1770 ecclesiasticum
3567 1728 3647 1772 re-

232 1791 376 1843 aeris
408 1791 666 1859 spiritus,
694 1793 791 1861 qui
827 1807 974 1846 nunc
997 1798 1256 1862 ope-ratur
1293 1796 1353 1847 in
1374 1796 1504 1864 ﬁliis
1545 1796 1889 1866 difﬁdentiae,
1924 1787 1975 1847 B
2003 1789 2189 1850 futare
2219 1795 2452 1851 omnino
2481 1796 2864 1868 dignoscitur.
2896 1801 3144 1869 Inspiret
3172 1815 3306 1874 ergo
3327 1801 3526 1859 divina
3543 1803 3652 1860 cle-

230 1879 286 1930 in
315 1878 529 1946 quibus
560 1882 610 1932 et
639 1893 735 1933 nos
759 1879 1061 1949 aliquando
1087 1884 1392 1936 eonversati
1414 1897 1601 1938 sumus
1640 1887 1698 1938 in
1737 1885 1892 1940 desi-

231 1966 400 2020 deriis
428 1970 634 2030 carnis,
678 1970 938 2037 facientes
966 1969 1270 2024 voluntates
1295 1974 1477 2026 carnis
1519 1977 1569 2027 et
1602 1975 1891 2042 cogitatio-

228 2070 377 2118 num,
440 2060 493 2109 et
544 2073 758 2114 eramus
814 2063 1017 2112 natura
1073 2056 1179 2127 ﬁlii
1239 2060 1356 2123 irae,
1420 2063 1559 2116 sicut
1611 2069 1661 2118 et
1715 2067 1891 2119 caeteri

227 2143 446 2214 (Ephes.
481 2142 623 2218 11,4,
650 2145 705 2219 2,
742 2146 813 2220 3).
862 2151 1002 2207 Ecce
1047 2154 1170 2210 ista;
1208 2157 1344 2210 sunt
1395 2153 1523 2208 dua:
1566 2153 1887 2212 voluntates

229 2235 556 2308 contraria),
582 2239 791 2294 mentis
811 2239 1037 2298 scilicet
1054 2248 1109 2299 et
1129 2243 1342 2312 carnis,
1369 2256 1495 2314 qua:
1514 2242 1573 2298 in
1599 2242 1886 2300 Salvatore

225 2329 426 2380 nostro
455 2327 646 2382 modis
670 2327 940 2385 omnibus
970 2344 1080 2386 non
1104 2329 1281 2388 fuere.
1307 2333 1422 2387 Nos
1445 2331 1546 2387 has
1565 2345 1634 2386 ex
1658 2338 1884 2400 peccato

224 2415 619 2486 progenitoris
642 2416 796 2488 Adae,
827 2419 924 2489 qui
955 2425 1012 2475 et
1040 2434 1118 2490 se,
1161 2425 1217 2476 et
1245 2434 1411 2477 omne
1437 2420 1749 2476 humanum
1781 2435 1884 2493 ge—

219 2503 664 2561 nusobnoxium
680 2505 837 2579 fecit,
853 2507 1883 2581 haberedignoscimur,utaliquando

219 2592 464 2662 quidem
496 2594 692 2650 carnis
715 2596 951 2652 aculeus
977 2597 1151 2652 menti
1180 2598 1446 2654 resistere
1461 2602 1748 2668 appareat,
1781 2597 1884 2654 ali-

216 2681 460 2750 quando
484 2696 620 2772 γει-ο
636 2683 904 2741 voluntas
922 2687 1129 2742 mentis
1145 2685 1427 2743 voluntati
1451 2686 1644 2743 carnis
1663 2693 1884 2744 contra-

212 2769 416 2827 dicere
453 2769 713 2845 satagat;
757 2783 821 2831 ut
852 2774 1048 2831 taliter
1101 2789 1231 2832 cum
1285 2774 1556 2846 Apostolo
1597 2781 1881 2847 gementes

211 2860 643 2918 conﬁteamur:
693 2864 871 2919 Mente
914 2866 1133 2934 quidem
1178 2867 1350 2918 servio
1396 2864 1500 2931 legi
1548 2866 1666 2926 Dei,
1719 2880 1881 2919 carne

207 2964 329 3003 vero
361 2951 481 3018 legi
491 2953 716 3022 peccali.
749 2954 1030 3011 Dominus
1049 2962 1238 3011 autem
1267 2958 1460 3010 noster
1482 2968 1651 3010 unam
1683 2954 1879 3009 volun-

207 3044 385 3096 tatem
420 3041 803 3101 humanitatis
825 3045 1140 3101 naturalem
1158 3045 1450 3114 suscipere
1473 3043 1747 3115 dignatus
1766 3048 1870 3116 est,

207 3144 382 3200 quam
462 3131 524 3186 in
587 3134 816 3204 propria
884 3147 1053 3190 carne
1109 3134 1445 3205 potestative
1503 3137 1566 3190 ut
1613 3132 1870 3189 omnium

202 3219 497 3276 Dominus
549 3221 1006 3295 circumferebat,
1061 3237 1126 3280 eo
1180 3222 1328 3294 quod
1380 3222 1572 3279 omnia
1620 3222 1870 3278 serviant

200 3308 344 3364 Deo:
410 3309 640 3366 nullum
673 3311 926 3381 profecto
971 3312 1186 3368 habens
1214 3312 1299 3368 vel
1339 3311 1580 3367 afferens
1619 3323 1686 3364 ex
1718 3325 1869 3380 prte-

200 3400 568 3456 varicatione
599 3407 913 3473 peccatum,
944 3403 1214 3473 quoniam
1237 3402 1399 3458 solus
1415 3402 1540 3457 sine
1566 3406 1794 3472 peccato
1811 3406 1867 3456 et

197 3490 460 3546 crimine
493 3491 987 3559 praevaricationis
1015 3497 1101 3548 est
1127 3496 1317 3548 natus.

266 3578 602 3635 Praedictus
626 3593 760 3651 ergo
783 3581 1045 3636 decessor
1071 3595 1230 3637 meus
1257 3581 1470 3636 docens
1497 3580 1566 3635 de
1593 3579 1864 3650 mysterio

194 3668 636 3725 incarnationis
653 3669 871 3726 Christi
889 3671 1134 3741 dicebat,
1164 3685 1274 3727 non
1299 3669 1479 3726 fuisse
1507 3670 1565 3725 in
1592 3682 1677 3738 eo,
1712 3668 1866 3724 sicut

196 3759 255 3813 in
286 3758 472 3815 nobis
518 3759 933 3831 peccatoribus,
979 3761 1186 3816 mentis
1210 3765 1266 3816 et
1312 3759 1507 3815 carnis
1538 3757 1864 3814 contrarias

192 3847 554 3906 voluntates.
583 3847 743 3918 Quod
777 3850 1011 3920 quidam
1037 3851 1107 3906 ad
1136 3850 1433 3922 proprium
1461 3862 1691 3905 sensum
1717 3860 1864 3903 con—

189 3941 514 4004 verteutes,
541 3937 869 3995 divinitatis
897 3940 1022 4010 ejus
1045 3944 1101 3996 et
1123 3939 1502 3996 humanitatis
1529 3950 1698 3995 unam
1729 3947 1859 3990 eum

190 4027 562 4084 voluntatem
589 4028 858 4084 docuisse
897 4029 1177 4100 suspicati
1223 4029 1379 4100 suni,
1430 4027 1578 4100 quod
1629 4023 1858 4081 veritati

188 4116 562 4175 omnimodis
589 4124 675 4172 est
701 4119 1076 4176 contrarium.
1108 4118 1510 4174 Verumtamen
1537 4115 1759 4184 vellem,
1793 4118 1859 4170 ut

188 4204 591 4277 interroganti
617 4207 1040 4279 responderent,
1065 4207 1377 4264 secundum
1400 4219 1571 4276 quam
1595 4209 1857 4260 naturam

183 4295 407 4352 dicunt
437 4296 656 4352 Christi
687 4299 788 4354 Dei
817 4312 985 4355 unam
1023 4298 1368 4355 voluntatem
1390 4296 1419 4351 ?
1446 4296 1504 4351 Si
1541 4295 1854 4352 secundum

181 4385 460 4442 divinam
490 4392 733 4459 tantum,
761 4389 832 4445 de
862 4389 1216 4445 humanitate
1241 4387 1427 4458 ipsius
1455 4387 1594 4456 quid
1627 4397 1858 4454 respon-

2002 1883 2214 1938 mentia
2241 1882 2752 1942 Christianissimus
2783 1888 2983 1956 pietati
3016 1893 3234 1961 vestrae,
3269 1893 3326 1946 et
3359 1905 3492 1946 cum
3513 1892 3652 1950 sitis

1999 1971 2264 2026 custodes
2290 1972 2667 2030 immaculata:
2697 1975 2828 2031 ﬁdei
2863 1982 3090 2047 nostrae,
3119 1991 3218 2033 vos
3256 1979 3325 2035 ad
3357 1993 3644 2049 compun-

1998 2060 2245 2115 ctionem
2271 2060 2490 2133 incitet,
2523 2078 2638 2134 quo
2662 2079 2777 2134 eos,
2813 2067 2912 2136 qui
2947 2067 3110 2122 novis
3140 2071 3277 2122 sunt
3295 2068 3651 2125 adinventio-

1998 2147 2172 2204 nibus
2211 2153 2635 2223 corrumpendi,
2687 2153 3077 2224 imperatoriis
3119 2155 3520 2214 sanctionibus
3561 2170 3646 2213 ar-

1996 2236 2191 2306 ceatis,
2242 2245 2296 2294 et
2341 2241 2667 2308 praedictam
2716 2241 2992 2313 chartam,
3031 2258 3159 2314 quae
3205 2244 3267 2302 in
3311 2244 3648 2301 scandalum

1995 2332 2261 2396 preperat
2286 2327 2438 2398 ﬁdei,
2471 2334 2528 2384 et
2553 2329 2696 2386 locis
2724 2331 2976 2400 publicis
3003 2337 3089 2387 est
3120 2345 3416 2403 suspensa,
3453 2334 3648 2403 praeci-

1997 2413 2174 2484 piatis
2211 2416 2528 2487 depositam
2560 2419 2770 2476 scindi.
2805 2420 3014 2476 Omnes
3053 2421 3206 2477 enim
3238 2422 3338 2493 qui
3372 2421 3434 2478 in
3470 2422 3646 2478 Occi-

1993 2503 2322 2561 dentalibus
2347 2506 2610 2577 partibus
2637 2507 2743 2564 hoc
2766 2509 3096 2577 audierunt,
3121 2509 3215 2565 sed
3239 2516 3294 2566 et
3316 2509 3512 2581 populi
3541 2511 3641 2581 qui

1993 2599 2131 2649 sunt
2177 2595 2345 2667 regite
2370 2601 2570 2652 vestra:
2601 2597 2786 2668 urbis,
2829 2598 3060 2670 c0gnita
3104 2599 3388 2669 praedicta:
3431 2599 3644 2656 chartae

1992 2683 2448 2756 concinnatione,
2489 2687 2658 2742 corde
2700 2687 2947 2758 perculsi
2993 2693 3147 2743 sunt.
3186 2688 3312 2745 Erit
3349 2687 3502 2744 enim
3543 2701 3642 2758 per

1991 2773 2392 2829 auctoritatem
2441 2781 2683 2832 vestram
2726 2781 2782 2832 et
2823 2777 3194 2847 apostolicam
3234 2775 3640 2847 perfectionem

1993 2862 2262 2930 praedicta
2287 2865 2504 2934 charta,
2538 2879 2666 2936 quae
2690 2871 2886 2922 contra
2911 2866 3424 2924 Chalcedonensem
3455 2879 3637 2938 syno-

1988 2951 2126 3006 dum
2147 2956 2234 3007 est
2258 2954 2594 3024 composita,
2625 2969 2778 3010 nunc
2807 2961 2863 3010 et
2889 2957 2947 3012 in
2970 2956 3126 3011 omni
3153 2960 3405 3026 tempore
3424 2956 3631 3026 otiosa,

1987 3047 2044 3096 et
2087 3043 2315 3096 cunctis
2366 3043 2684 3100 virtutibus
2745 3045 2930 3102 irrita.
2993 3044 3271 3102 Perfectio
3317 3058 3449 3102 vero
3499 3045 3633 3102 ﬁdei

1986 3129 2462 3201 quemadmodum
2508 3147 2690 3204 usque
2735 3135 2794 3190 in
2827 3149 3075 3205 prazsens
3107 3133 3360 3206 refulsit,
3401 3149 3635 3192 oramus

1982 3225 2045 3275 ut
2069 3225 2125 3275 et
2151 3233 2250 3292 per
2273 3235 2393 3290 vos,
2423 3224 2576 3279 sicut
2596 3225 2767 3280 etiam
2789 3238 2886 3295 per
2917 3225 3024 3295 piae
3047 3225 3335 3281 memoriae
3361 3225 3633 3282 Constan-

1978 3309 2186 3379 tinum,
2236 3311 2435 3369 divino
2485 3313 2708 3368 auxilio
2769 3315 2828 3370 in
2877 3314 3079 3370 robore
3127 3327 3231 3370 suo
3279 3320 3621 3384 permaneat.

1976 3399 2212 3468 Propter
2237 3401 2408 3470 quod,
2440 3401 2927 3458 Christianissimi
2955 3408 3012 3458 et
3039 3402 3254 3457 Christi
3283 3402 3415 3458 ﬁdei
3437 3407 3625 3458 custo-

1974 3487 2096 3559 des,
2116 3487 2322 3544 donate
2343 3490 2448 3545 hoc
2466 3504 2676 3546 munus
2693 3491 2750 3546 in
2774 3491 3110 3562 primordiis
3133 3491 3340 3547 vestris
3360 3489 3627 3545 Ecclesiae

1975 3578 2143 3633 matri
2176 3583 2396 3650 vestrae,
2429 3581 2596 3649 cujus
2621 3582 2761 3637 estis
2787 3586 2914 3652 post
2933 3583 3110 3637 Deum
3136 3579 3533 3650 Opitulatores,
3559 3584 3626 3634 ut

1977 3665 2140 3722 ﬁdem
2169 3666 2373 3738 Sponsi
2414 3669 2540 3738 ejus
2568 3671 2897 3740 serpentina
2939 3669 3229 3726 calliditas
3267 3682 3378 3724 non
3417 3667 3624 3724 audeat

1973 3755 2205 3812 violare.
2225 3757 2340 3814 Hoc
2357 3758 2415 3814 in
2435 3759 2772 3830 primordiis
2792 3760 3041 3816 salutare
3058 3758 3406 3815 sacriﬁcium
3428 3756 3624 3813 aﬁ‘erte

1972 3846 2214 3904 Domino
2235 3848 2350 3904 Deo
2373 3854 2590 3922 nostro,
2613 3857 2670 3906 et
2696 3849 2766 3905 ab
2791 3851 2918 3919 ejus
2949 3849 3200 3905 Ecclesia
3231 3847 3420 3904 omnis
3451 3845 3623 3904 novi-
3692 3846 3699 3851 ’

1974 3933 2110 3989 tatis
2140 3935 2402 3992 nebulam
2435 3938 2596 3995 radio
2629 3939 2859 4009 pietatis
2878 3943 3078 3995 vestrae
3105 3934 3456 4009 dispergite:
3487 3947 3621 4007 qua-

1972 4025 2136 4078 tenus
2161 4025 2440 4082 Dominus
2464 4029 2615 4084 Deus
2639 4034 2850 4101 noster,
2875 4029 3091 4084 vicaria
3119 4039 3244 4097 ope,
3276 4037 3474 4081 omnes
3494 4037 3620 4095 qua:

1969 4115 2167 4168 contra
2191 4127 2290 4169 vos
2320 4121 2456 4170 sunt
2475 4122 2734 4172 conterat
2766 4117 3046 4189 nationes,
3080 4128 3321 4188 quzeque
3342 4127 3533 4185 pacem
3562 4118 3620 4168 et

1972 4200 2470 4275 inexpugnabilem
2498 4207 2673 4261 Deum
2706 4206 3007 4277 repellunt.
3041 4206 3333 4276 Quatenus
3361 4202 3525 4260 vobis
3553 4215 3618 4258 ea

1970 4304 2095 4360 qua:
2125 4299 2260 4348 sunt
2285 4294 2386 4349 Dei
2413 4295 2771 4366 curantibus,
2804 4297 2952 4350 Deus
2981 4309 3104 4366 quae
3129 4299 3315 4350 vestra
3348 4298 3486 4350 sunt
3511 4290 3618 4347 be—

1971 4380 2182 4451 nignus
2196 4383 2466 4456 dignetur
2485 4385 2766 4455 perﬁcere.
2789 4387 3023 4455 Propter
3039 4384 3185 4456 quod
3212 4384 3382 4439 etiam
3407 4381 3616 4437 mentis

180 4474 467 4531 debunt?
490 4477 762 4547 quoniam
788 4484 843 4532 et
869 4478 1037 4534 homo
1068 4476 1353 4548 perfectus
1371 4481 1476 4546 est,
1498 4481 1562 4532 ut
1589 4489 1696 4530 non
1721 4487 1850 4530 cum
1885 4465 1942 4526 D
1974 4467 2250 4527 inclinato
2277 4487 2424 4545 genu
2441 4480 2556 4530 tota
2579 4489 2794 4530 mecum
2825 4475 3076 4531 Ecclesia
3106 4471 3413 4545 supplicat,
3455 4475 3520 4526 ut
3543 4470 3614 4526 ab

177 4565 519 4622 Manichaee
539 4567 1005 4623 condemnentur.
1035 4569 1208 4623 Porro
1231 4567 1280 4623 si
1313 4565 1625 4621 secundum
1661 4565 1854 4620 huma-

176 4657 442 4712 nitatem
472 4656 688 4712 Christi
738 4657 1012 4728 dixerint,
1059 4657 1210 4727 quod
1244 4656 1361 4711 hmc
1404 4655 1669 4712 voluntas
1707 4655 1855 4708 Deus

177 4753 340 4802 esset
373 4744 690 4817 perfectus,
736 4745 1037 4802 observent
1062 4759 1130 4801 ne
1156 4744 1303 4800 forte
1346 4758 1474 4800 cum
1524 4743 1768 4798 Photino
1798 4748 1854 4798 et

172 4836 416 4892 Ehione
443 4835 796 4905 judicentur.
838 4835 957 4891 Jam
1002 4848 1132 4890 vero
1161 4834 1211 4890 si
1253 4847 1320 4888 ex
1365 4839 1606 4902 utraque
1647 4837 1850 4886 natura

174 4939 364 4981 unam
387 4924 742 4981 voluntatem
769 4937 893 4980 esse
909 4923 1182 4995 dixerint,
1218 4937 1327 4979 non
1351 4923 1535 4978 solum
1561 4920 1850 4977 naturales

171 5017 545 5086 voluntates,
570 5016 664 5070 sed
697 5021 753 5071 et
779 5015 934 5085 ipsas
963 5021 1198 5070 naturas
1223 5011 1574 5069 confundent
1600 5029 1614 5081 ;
1651 5016 1715 5067 ut
1747 5024 1849 5065 nec

172 5106 310 5175 hoc,
341 5120 455 5162 nec
476 5105 647 5176 illud,
673 5105 728 5161 id
755 5104 1056 5161 estdivina
1072 5108 1128 5159 et
1153 5104 1419 5173 humana,
1447 5102 1696 5174 intelligi
1728 5116 1851 5172 pos-

168 5199 271 5254 sit.
293 5197 480 5253 Sicut
493 5194 648 5250 enim
673 5200 946 5264 utrasque
969 5198 1203 5248 naturas
1221 5192 1278 5247 in
1301 5192 1649 5248 adunatione
1674 5191 1848 5248 unius

168 5285 437 5354 Christi,
471 5287 538 5339 ut
565 5283 782 5352 impius
800 5282 1119 5347 Nestorius,
1145 5295 1255 5338 non
1284 5281 1569 5352 patimur;
1595 5280 1672 5337 ita
1691 5280 1849 5336 diﬁ‘e-

170 5376 444 5430 rentiam
466 5377 805 5428 naturarum
831 5372 1060 5442 penitus
1081 5385 1192 5428 non
1218 5384 1511 5444 negamus,
1536 5372 1630 5427 sed
1667 5385 1847 5441 neque

1972 4559 2302 4632 integritate
2347 4563 2728 4620 immaculata:
2777 4564 2910 4620 ﬁdei
2960 4568 3185 4633 nostrai,
3228 4574 3396 4632 quam
3427 4559 3611 4635 sancti

1965 4651 2212 4720 apostoli
2267 4651 2434 4707 nobis
2489 4653 2871 4724 tradiderunt,
2918 4658 2976 4708 et
3017 4649 3371 4707 sanctissimi
3419 4649 3612 4724 Patres

1963 4740 2249 4796 doctrinis
2275 4741 2755 4798 luculentissimis
2779 4743 3204 4814 consignavere,
3238 4752 3393 4795 novae
3417 4736 3614 4794 confu-

1965 4829 2150 4885 sionis
2173 4829 2460 4885 turbinem
2477 4844 2732 4886 amovere
2759 4832 3049 4904 dignetur.
3071 4831 3363 4900 Quatenus
3385 4828 3536 4884 Deus
3555 4832 3612 4884 et

1959 4921 2239 4976 Dominus
2270 4923 2481 4990 noster,
2509 4921 2678 4989 cujus
2708 4920 2844 4976 ﬁdes
2875 4920 3236 4976 immaculata
3258 4917 3610 4989 custoditur,

1960 5009 2388 5066 misericordias
2409 5023 2542 5064 suas
2574 5009 2774 5064 merito
2806 5009 2966 5064 vobis
2991 5015 3046 5064 et
3075 5009 3473 5079 copiosissime
3503 5007 3612 5062 lar-

1959 5102 2170 5174 giatur,
2205 5099 2303 5170 qui
2327 5103 2412 5154 est
2432 5097 2792 5167 omnipotens
2817 5103 2872 5153 et
2890 5098 3170 5154 Dominus
3198 5098 3601 5168 sempiternus.

1957 5191 2187 5246 Creator
2217 5188 2474 5245 omnium
2504 5189 2572 5244 ad
2600 5193 2846 5244 vestrum
2875 5187 3118 5260 benigne
3139 5188 3411 5259 respiciat
3437 5186 3608 5256 impe-

1960 5282 2132 5345 rium,
2187 5285 2244 5335 et
2288 5285 2500 5352 gentes,
2552 5293 2679 5350 quae
2730 5279 2788 5334 in
2849 5291 2953 5334 sua
3004 5277 3232 5335 feritate
3285 5275 3599 5346 conﬁdunt,

1961 5367 2392 5440 inexpugnabili
2426 5382 2530 5424 suo
2567 5374 2859 5439 potentatu
2887 5373 3225 5440 prosternat.

1535 5656 2282 5708 Μ
