4018 6160
446 261 553 323 567

1641 271 1998 330 ANASTASII
2071 272 2555 332 BIBLIOTHECAR
2563 278 2608 334 II

3679 283 3770 342 568

454 362 3767 435 ﬂ

1471 543 2789 666 DIFFLORATIO

448 745 606 864 EX
681 745 1240 872 EPISTULA
1315 764 1350 810 ³
1407 755 1496 872 S.
1556 745 2014 875 ΜΑΧΙΜΙ
2095 758 2248 876 AD
2320 759 2901 880 MARINUM
2961 757 3773 881 PRESBYTERUM

1093 958 1542 1023 APOLOGIAM
1583 962 1818 1022 INTER
1854 963 2182 1024 GJETERA
2223 965 2376 1025 PRO
2421 964 2764 1026 HONORIO
2803 963 3205 1024 FACIENTIS

1579 1109 1636 1181 (G
1648 1125 1786 1168 raeca
1809 1118 1944 1169 sunt
1966 1128 2033 1170 ex
2054 1114 2318 1171 Editionc
2337 1113 2707 1187 Combetisii.)

1978 1265 2266 1276 —.—_

584 1408 694 1499 Τὸν
722 1407 779 1499 δέ
801 1435 860 1490 γε
879 1411 1255 1494 τῆςῬωμαίων
1278 1414 1450 1475 πάπαν
1468 1415 1732 1499 Ὁνώριον,
1751 1421 1810 1478 οὔ
1837 1443 2060 1498 καταγο-
2103 1393 2161 1452 Α

509 1490 836 1589 ρεύεινθοῖμα
877 1506 970 1572 τῆς
999 1507 1100 1562 τῶν
1131 1503 1365 1586 ἐμφύτων
1394 1490 1693 1582 θελημςίτων
1720 1510 1800 1565 ἐπὶ
1831 1490 2058 1588 Χριστοῦ

501 1584 701 1673 δυάδος,
734 1590 785 1646 ἐν
916 1590 1167 1671 γραφείση
1211 1584 1334 1672 πρὸς
1369 1591 1584 1672 Σέργιον
1623 1597 1866 1673 ἐπιστολῇ
1887 1584 1975 1652 *διὰ
2000 1596 2060 1653 τὸ

499 1669 554 1732 ἓν
580 1669 782 1752 θέλημα
819 1677 991 1758 φάναι,
1023 1679 1374 1761 συναγορεύειν
1403 1669 1459 1740 δὲ
1485 1669 1703 1758 μᾶλλον,
1749 1669 1852 1743 καὶ⁷
1870 1682 2060 1754 ταύτην

499 1763 571 1826 ὣς
597 1761 729 1830 εἰκὸς
769 1775 1025 1846 συνιστᾷν,
1065 1771 1155 1826 οὐκ
1187 1769 1264 1826 ἐπ’
1305 1770 1538 1840 ἀθετήσει
1577 1777 1730 1829 τοῦτό
1760 1795 1817 1850 γε
1843 1772 2059 1848 λέγοντα

497 1853 591 1908 103
613 1851 924 1933 ἀνθρωπίνου
953 1855 1041 1914 καὶ
1079 1861 1290 1935 φυσικοῦ
1332 1863 1421 1914 103
1461 1859 1706 1938 Σωτῆρος
1744 1859 2056 1934 θελήματος,

496 1936 613 1994 ἀλλ’
658 1939 741 1998 ἐπὶ
777 1945 867 1998 103
915 1943 1164 2019 μηδαμῶς
1192 1947 1281 2014 τῆς
1313 1942 1540 2024 ἀσπόρου
1570 1936 1874 2024 συλλήψεως
1902 1950 2059 2004 αὐτοῦ

495 2024 588 2115 διᾳῖ
611 2030 702 2115 τῆς
729 2026 946 2109 ἀφθόρου
970 2032 1248 2107 γεννήσεως
1267 2039 1694 2113 προκαθηγεῖσθαι
1715 2035 1915 2108 θέλημα
1934 2058 2057 2115 σαρσ

496 2111 606 2186 κὸς,
637 2113 942 2194 ἢλογισμὸν
983 2121 1210 2197 ἐμπαθῆ.
1258 2111 1407 2191 Μόνη
1449 2120 1544 2201 γὰρ
1590 2124 1794 2193 θέλησις
1830 2123 1941 2181 θεία
1971 2111 2058 2180 καὶ

495 2201 742 2288 πατρικὴ,
765 2204 826 2263 δι’
851 2205 983 2265 Υἱοῖῑ
1007 2215 1308 2284 μονογενοῦς
1331 2213 1732 2288 αὐτουργοῦντος
1755 2209 1848 2280 τὴν
1870 2211 2058 2270 οἰκείαν

496 2287 771 2378 σοίρκωσιν,
793 2293 884 2351 καὶ
912 2293 1214 2371 Πνεύματος
1253 2297 1398 2372 ἁγίου
1419 2298 1701 2377 συνδρομῇ.
1734 2297 1924 2369 ταύτην
1951 2300 2057 2378 εἰρ-

493 2375 710 2454 γάσατο.
757 2381 862 2439 Καὶ
889 2379 966 2440 ὅτι
987 2406 1046 2460 γε
1093 2381 1282 2454 ταύτης
1333 2383 1507 2462 ἔχεται
1535 2375 1625 2454 τῆς
1655 2386 1866 2452 ἐννοίας.
1902 2375 2056 2456 asa?”

495 2467 720 2526 ἐντεῦθεν
738 2492 754 2511 ο
787 2467 942 2528 εἰπὼν
967 2471 1086 2551 γὰρ,
1115 2471 1192 2530 ὅτι
1220 2470 1301 2530 διὰ
1325 2472 1419 2543 τὴν
1459 2473 1723 2554 ἄφραστον
1755 2473 1934 2534 ἕνωσιν
1962 2479 2052 2544 τῖς

495 2553 806 2634 ἀνθρωπίνης
830 2559 918 2618 καὶ
943 2559 1076 2625 θείας
1101 2559 1320 2640 φύσεως,
1353 2562 1440 2618 καὶ
1461 2553 1595 2628 Θεὸς
1619 2560 1818 2639 Εγετπιι
1848 2567 2046 2627 παθεῖν,

493 2641 582 2728 καὶ.
619 2643 948 2724 ἀνθρωπότης
995 2650 1053 2705 ἐκ
1096 2655 1187 2707 103
1230 2652 1443 2728 οὐρανοῦ
1483 2653 1744 2709 κατελθεῖν
1793 2651 1922 2728 μετὰ
1965 2657 2057 2723 τῆς

492 2725 754 2820 θεότητος,
780 2732 866 2791 καὶ
887 2733 1050 2814 ταύτῃ
1079 2735 1229 2804 δεῖξαι
1255 2735 1348 2808 τὴν
1370 2742 1473 2797 τῶν
1501 2743 1725 2820 φυσικῶς
1754 2739 2049 2817 προσόντων

493 2817 710 2907 ξκατέρᾳ
741 2819 893 2907 ⁸φύσει
933 2827 1036 2881 τῶν
1077 2831 1172 2882 τοῦ
1213 2824 1320 2890 ἑνὸς
1369 2817 1594 2907 Χριστοῦ
1643 2829 1728 2887 καὶ
1776 2831 1906 2888 Υἱοῦ
1929 2831 2050 2888 κατ’

493 2905 792 2993 ἐπαλλαγὴν
814 2909 972 2990 ἄκραν
996 2911 1267 2982 ἀντίδοσιν,
1299 2905 1474 2992 ἐπάγει
1499 2913 1667 2993 Μγων
1691 2939 1706 2954 ο
1755 2915 1863 2976 ὅθεν
1892 2915 1977 2974 καὶ
2000 2915 2053 2974 ἓν

493 2990 692 3086 ἕλκημα
718 2999 1071 3086 ὁμολογοῦμεν
1097 3007 1186 3058 103
1217 2990 1582 3081 Κυρίουνήᾤν
1605 3005 1778 3075 Ἰησοῦ
1801 3009 2045 3086 Χριστοῦ.

491 3079 637 3174 Πίῦς,
668 3081 850 3163 φησίν;
895 3087 1107 3174 Ἐπειδὴ
1135 3079 1401 3168 προδήλως
1428 3092 1487 3148 ἐκ
1513 3095 1604 3160 τῆς
1648 3079 1883 3164 θεότητος
1915 3115 2048 3174 προ-

491 3169 716 3251 σιλήφθη
742 3177 776 3243 ἡ
815 3173 1041 3254 ἡμετέρα
1085 3174 1249 3257 φύσις,
1300 3181 1399 3256 οὐχ
1445 3178 1672 3258 ἁμαρτία
1698 3203 1711 3216 ·
1763 3169 2045 3239 τουτέστιν.

490 3259 585 3316 οὐκ
691 3266 785 3333 τῆς
831 3263 1080 3344 ἁμαρτίας
1100 3289 1114 3303 ο
1166 3267 1438 3345 μονονουχὶ
1474 3267 1924 3347 συμφθεγγόμενος
1975 3271 2049 3350 τῷ

491 3345 703 3439 μεγάλω
733 3351 1008 3434 Ἀθανασίῳ
1026 3352 1270 3434 γράφοντι
1290 3354 1410 3413 τάδε
1431 3357 1544 3414 κατ’
1567 3345 1930 3439 ’Ᾱπολιναρίου
1958 3345 2048 3416 103

487 3434 805 3524 δυσσεϐοῦςξ
849 3441 1123 3519 Ἐγεννήθη
1172 3445 1230 3500 ἐκ
1281 3443 1540 3521 γυναικὸς,
1596 3447 1653 3502 ἐκ
1698 3450 1792 3516 τῆς
1826 3434 2046 3524 ’πρώτης

485 3521 723 3612 πλάσεως
753 3523 848 3597 τὴν
877 3527 1140 3608 ἀνθρώπου
1171 3529 1370 3610 μορφὴν
1400 3534 1567 3612 ἐαυτῷ
1598 3532 2040 3608 ἀναστησόμενος,

485 3609 540 3668 ἐν
576 3611 802 3681 ἐπιδείξει
839 3616 1028 3695 σακρὸς
1057 3615 1178 3694 δίχα
1209 3609 1465 3696 σαρκικῶν
1504 3609 1806 3694 θελημοίτων
1834 3619 1923 3676 καὶ
1947 3621 2041 3679 λοο

484 3702 686 3784 γισμῶν
703 3701 1045 3781 ἀνθρωπίνων,
1063 3705 1113 3759 ἐν
1133 3701 1286 3760 εἰκόνι
1306 3702 1624 3774 καινότητος.
1647 3707 1711 3762 Ἥ
1729 3703 1824 3784 γὰρ
1845 3704 2044 3776 θέλησις

483 3783 721 3856 θεότητος
752 3786 904 3862 μόνη,
947 3787 1118 3858 ἐπειδὴ
1145 3789 1240 3848 καὶ
1265 3789 1409 3866 φύσις
1439 3789 1536 3862 ὅλη
1563 3783 1810 3858 θεότοτος.
1835 3795 2044 3866 Ἐπειδὴ

483 3868 583 3958 γὰρ
621 3877 715 3942 τῆς
743 3875 805 3930 δι’
832 3878 971 3949 ἡμᾶς
1019 3873 1150 3933 κατὰ
1196 3875 1361 3957 σάρκα
1400 3884 1495 3936 103
1534 3877 1710 3955 Λόγου
1761 3880 2042 3958 γεννήσεως

483 3955 608 4038 ὑπὲρ
638 3962 778 4034 ἡμᾶς
804 3958 1016 4041 πρόοδος
1059 3955 1280 4040 γέγονενξ
1317 3967 1396 4023 Οὐ
1442 3962 1541 4046 γὰρ
1581 3955 1783 4045 σαρκὸς*
1814 3969 2046 4045 ἐμπαθὴς

481 4047 814 4138 προηγήσατο
854 4047 1055 4138 θέλησις
1083 4049 1117 4121 ἢ
1151 4051 1422 4130 λογισμὸς,
1454 4057 1524 4120 ὡς
1556 4056 1631 4136 ἐφ’
1661 4059 1811 4131 ἡμῶν
1842 4066 2039 4138 δρᾶται,
2105 4055 2153 4116 C

481 4131 564 4193 διὰ
708 4135 758 4204 ἐξ
785 4135 985 4208 ἀπάτης
1021 4145 1112 4198 τοῦ
1150 4141 1325 4218 γένους
1372 4131 1795 4222 κατακρατοῧσαν
1822 4131 2006 4217 ἡδονήν
2024 4169 2039 4185 ·

480 4219 617 4282 ἀλλᾶ
637 4221 838 4296 θέλησις
867 4224 1101 4299 θεότητος
1125 4226 1254 4304 μόνη
1282 4229 1344 4286 δι’
1368 4229 1494 4287 me
1515 4219 1940 4310 αὖτουργοῖῑντος,
1966 4237 2037 4298 ὡς

481 4310 629 4394 ἔφην,
681 4311 774 4382 τὴν
820 4313 1007 4374 οἰκείαν
1059 4316 1370 4391 τωμοίτωσιν
1400 4319 1512 4375 κατ’
1555 4319 1785 4377 εὐδοκίαν
1814 4321 2036 4401 Πατρὸς,

479 4399 569 4459 καὶ
583 4399 867 4482 συνέργειαν
893 4409 988 4462 103
1009 4404 1258 4482 παναγίω
1279 4404 1600 4482 Πνεύματος,
1617 4399 2041 4483 καινοτομοῦντος

479 4489 534 4546 ἒν
561 4491 726 4572 ἑαυτῷ
752 4514 812 4549 τε
840 4491 928 4550 καὶ
954 4492 1016 4549 δι’
1049 4493 1237 4551 ἑαυτοῦ
1281 4491 1370 4548 τὸν
1409 4493 1770 4572 ἐπεισαχθέντα
1894 4502 2042 4578 φύσει

475 4579 570 4646 τῆς
597 4577 879 4654 γεννήσεως
902 4576 1112 4658 τρόπον,
1145 4579 1231 4637 καὶ
1260 4577 1498 4657 ἀσπόρως
1529 4579 1620 4650 τὴν
1649 4584 1834 4642 ἑαυτοῦ
1857 4576 2037 4644 ποιου-

477 4661 634 4738 μένου
663 4666 917 4740 σύλληψιν
940 4669 997 4723 ἐκ
1023 4670 1115 4735 τῆς
1145 4667 1292 4743 ἁγίας
1313 4667 1573 4739 θεοτόκου,
1601 4669 1685 4727 καὶ
1713 4672 2039 4752 ἆειπαρθένου

475 4751 702 4832 Μαρίας.
735 4755 933 4811 Τοῦτον
975 4751 1037 4824 δὴ
1073 4754 1160 4812 τὸν
1200 4754 1414 4836 -ἷῤῥητον
1443 4760 1600 4815 αὐτοῦ
1630 4765 1717 4816 τοῦ
1760 4751 2039 4838 γεννήσεως

476 4839 818 4912 σκοτήσαντες
839 4841 1014 4918 λόγον,
1034 4844 1219 4908 ἐκεῖνος
1241 4842 1570 4919 μὲν,θέλησιν
1591 4844 1751 4922 μόνην
1779 4850 1858 4907 ἐπ’
1883 4855 2036 4911 αὐτοῦ

473 4925 714 5000 θεότητος
743 4931 900 4996 εἶπεν,
946 4922 1092 4996 οὗτος
1121 4928 1174 4989 δὲ
1201 4929 1402 5007 θέλημα
1430 4931 1481 4991 ἓν
1510 4939 1602 4992 τοῦ
1638 4937 1828 5015 Κυρίου
1863 4940 2036 5010 Ἰησοῦ

475 5015 704 5095 Χριστοῦ
728 5039 742 5054 ·
783 5015 957 5089 ἐπειδὴ
997 5019 1287 5103 προδήλως,
1345 5021 1518 5101 φησὶν,
1566 5023 1623 5080 ἐκ
1672 5027 1761 5094 τῆς
1801 5024 2036 5099 θεότητος

471 5104 878 5196 προσελήφθηᾲὴ
908 5105 1134 5196 ἡμετέρα
1178 5107 1345 5189 φύσις,
1378 5109 1467 5167 καὶ
1496 5113 1596 5189 οὐχ
1631 5113 1876 5194 ἁμαρτία,
1914 5117 2034 5196 δίχα

475 5195 735 5272 σαρκικῶν
761 5194 1066 5272 θιλημάτων
1103 5195 1191 5254 καὶ
1224 5199 1489 5275 λογισμῶν
1530 5186 1877 5279 ἀνθρωπίνων,
1907 5186 2034 5268 ὡζὸ

474 5279 605 5348 θεῖός
642 5304 794 5362 φησιν
837 5282 1159 5358 Ἀοςινοίσιος,
1207 5287 1264 5345 οὐ
1303 5283 1396 5364 μέν
1431 5307 1490 5364 γε
1527 5285 1590 5345 τὸ
1623 5285 1696 5364 μὴ
1724 5289 1814 5348 καὶ
1839 5293 1909 5358 ὡς
1936 5289 2033 5349 ἄν·

2107 2702 2154 2760 Β

535 5459 574 5520 α’
608 5460 876 5529 Epistola.
929 5460 991 5514 Iu
1021 5459 1216 5529 Graeco
1261 5458 1470 5515 titulus
1496 5462 1580 5514 est
1608 5477 1621 5514 :
1649 5447 1892 5529 Μαξίμου
1935 5453 2032 5507 103
2099 5429 2152 5489 D

464 5528 775 5611 Αγιωτᾶτου
800 5535 1040 5611 μοναχοῆ
1058 5529 1152 5611 καί
1172 5528 1505 5608 όμολογητοῦ
1541 5530 1703 5608 τόμος
1724 5528 2041 5609 ,δογματικός

467 5607 597 5694 πρός
615 5607 852 5693 Μαρῖνον
872 5607 1225 5693 πρεσϐύτερον
1246 5607 1476 5673 Maximi
1499 5607 1833 5673 sanctissime
1853 5635 2036 5672 mona-

2261 1391 2574 1446 Ilonorium
2623 1391 2794 1446 etiam
2841 1391 3157 1447 Romanum
3213 1403 3408 1461 papam
3441 1404 3544 1447 non
3583 1389 3784 1446 difﬁteri

2190 1495 2318 1538 reor
2349 1480 2691 1536 naturaliter
2718 1481 2777 1536 in
2807 1480 3035 1536 Christo
3078 1479 3431 1536 voluntatum
3472 1478 3784 1548 dualitatem,

2190 1571 2247 1626 in
2274 1569 2513 1640 epistola
2541 1583 2708 1640 quam
2735 1568 2971 1636 scripsit
2995 1569 3064 1624 ad
3086 1568 3372 1640 Sergium,
3392 1582 3454 1624 eo
3479 1567 3614 1638 quod
3646 1580 3784 1622 unam

2186 1659 2402 1715 dixerit
2422 1659 2768 1715 voluntatem
2795 1677 2809 1725 ;
2834 1658 2927 1713 sed
2956 1658 3150 1728 potius
3173 1656 3452 1724 confiteri,
3475 1664 3526 1712 et
3548 1657 3674 1712 hanc
3697 1654 3786 1711 for-

2189 1749 2362 1805 tassis
2398 1749 2568 1804 etiam
2596 1747 2990 1803 constabilire.
3024 1749 3161 1802 Nam
3187 1747 3296 1802 hoc
3327 1759 3433 1802 non
3468 1746 3521 1800 in
3553 1745 3789 1815 reproba—

2187 1841 2400 1896 tionem
2425 1839 2579 1894 dixit
2602 1840 2865 1894 humanm
2894 1838 3208 1894 Salvatoris
3237 1842 3295 1893 et
3328 1837 3596 1893 naturalis
3630 1836 3791 1891 volun-

2185 1929 2359 1986 tatis:
2398 1930 2491 1985 sed
2537 1930 2685 2000 quod
2721 1927 3053 1984 nullatenus
3090 1928 3514 1998 conceptionem
3556 1927 3668 1995 ejus
3693 1939 3794 1997 qua:

2184 2021 2444 2077 fuitsine
2479 2019 2712 2086 semine,
2737 2019 2822 2074 vel
2864 2018 3256 2088 incorruptam
3291 2017 3628 2073 nativitatem
3669 2029 3793 2086 prae-

2183 2110 2423 2167 cesserit
2451 2109 2718 2166 voluntas
2747 2108 2960 2173 carnis,
2995 2107 3079 2162 vel
3124 2107 3402 2179 cogitatio
3445 2105 3656 2161 vitiosa.
3691 2103 3796 2160 Sola

2185 2214 2433 2271 namque
2463 2200 2729 2255 voluntas
2754 2198 2953 2255 divina
2981 2203 3158 2267 atque
3196 2201 3448 2268 paterna,
3491 2210 3581 2267 per
3618 2195 3796 2251 Filium

2187 2291 2550 2362 unigenitum
2577 2303 2676 2360 per
2700 2293 2877 2345 semet
2903 2293 3231 2358 operantem
3267 2287 3547 2358 propriam
3575 2285 3794 2340 incarna-

2187 2383 2422 2450 tionem,
2447 2380 2748 2450 sanctique
2771 2378 3027 2449 Spiritus
3049 2378 3504 2447 conventionem,
3529 2376 3661 2431 hanc
3680 2386 3798 2444 ope-

2186 2477 2309 2527 rata
2347 2477 2452 2526 est.
2493 2471 2562 2525 Et
2593 2469 2741 2540 quod
2789 2469 2941 2526 hunc
2987 2481 3219 2524 sensum
3270 2471 3530 2535 sectetur,
3578 2464 3702 2520 hinc
3732 2466 3800 2518 est

2185 2561 2579 2618 manifestum.
2604 2559 2743 2615 Cum
2765 2559 2918 2614 enim
2940 2558 3206 2625 dixisset,
3234 2558 3373 2629 quia
3403 2560 3618 2627 propter
3643 2551 3799 2608 inetia-

2185 2650 2356 2706 bilem
2391 2650 2669 2706 unitatem
2705 2649 2968 2704 humanae
3007 2662 3074 2704 ac
3104 2648 3322 2702 divinae
3350 2652 3581 2711 naturae,
3605 2648 3656 2698 et
3679 2643 3801 2697 Deus

2180 2739 2401 2796 dicitur
2433 2739 2572 2808 pati,
2616 2743 2673 2794 et
2699 2737 3029 2793 humanitas
3068 2736 3140 2792 de
3181 2737 3331 2793 coelo
3374 2747 3502 2791 cum
3539 2731 3803 2789 divinitate

2181 2827 2573 2894 descendisse;
2619 2831 2675 2882 et
2710 2826 2818 2882 hoc
2846 2827 3012 2882 modo
3057 2826 3411 2882 ostendisset
3451 2834 3656 2890 eorum,
3699 2829 3801 2888 qua

2182 2917 2524 2973 naturaliter
2561 2917 2762 2972 insunt
2802 2916 3035 2986 utrique
3061 2919 3286 2970 natura:
3317 2914 3492 2971 unius
3531 2908 3726 2967 Christi
3759 2911 3801 2961 et

2180 3007 2280 3062 Dei
2313 3006 2447 3061 Filii
2474 3019 2572 3076 per
2599 3004 3101 3061 commutationem
3127 3017 3413 3060 summam
3438 2999 3800 3065 redditionem,

2183 3094 2495 3152 subinfert:
2535 3095 2706 3166 Unde,
2735 3093 3026 3164 inquiens,
3055 3098 3107 3147 ct
3134 3110 3308 3148 unam
3335 3093 3652 3148 voluntatem
3677 3089 3803 3154 fate-

2180 3200 2306 3239 mur
2330 3187 2546 3239 Domini
2588 3187 2712 3238 Jesu
2742 3183 2961 3238 Christi.
3006 3183 3308 3251 Quomodo
3356 3180 3486 3238 ait?
3527 3178 3662 3248 Quia
3688 3186 3802 3245 pro-

2185 3278 2332 3334 fecto
2359 3289 2391 3330 a
2420 3274 2727 3330 divinitate
2756 3275 3048 3341 assumpta
3091 3277 3178 3327 est
3225 3277 3435 3328 natura
3466 3272 3666 3334 nostra,
3711 3275 3804 3318 non

2187 3366 2393 3435 culpa:
2452 3363 2508 3419 id
2555 3367 2664 3430 est,
2721 3376 2831 3418 non
2862 3375 2894 3417 a
2943 3365 3210 3432 peccato;
3264 3359 3660 3431 propemodum
3700 3363 3805 3407 cum

2191 3467 2395 3525 magno
2425 3451 2629 3508 effatus
2661 3450 2998 3516 Athanasio,
3031 3450 3132 3520 qui
3158 3450 3282 3506 haec
3319 3454 3516 3506 contra
3545 3441 3809 3516 Apollina-

2189 3543 2341 3598 rium
2363 3541 2604 3609 impium
2628 3538 2864 3594 scribit:
2889 3541 3073 3596 Natus
3093 3543 3178 3595 est
3193 3553 3269 3595 ex
3288 3539 3548 3604 muliere,
3570 3535 3636 3590 de
3655 3529 3806 3602 prima

2191 3629 2567 3700 plasmatione
2594 3627 2850 3683 hominis
2881 3626 3118 3683 formam
3153 3625 3274 3683 sibi
3305 3628 3532 3698 erigens
3562 3623 3617 3679 in
3645 3624 3812 3676 osten-

2187 3717 2350 3774 sione
2367 3717 2560 3773 carnis
2575 3716 2790 3786 absque
2805 3715 3137 3772 carnalibus
3162 3715 3564 3773 voluntatibus
3580 3715 3632 3767 et
3647 3709 3814 3765 huma-

2188 3807 2282 3863 nis
2325 3805 2778 3878 cogitationibus
2823 3805 2883 3860 in
2927 3805 3176 3876 imagine
3229 3804 3527 3862 novitatis.
3571 3798 3811 3856 Voluntas

2186 3896 2339 3952 enim
2372 3895 2490 3952 sola
2521 3895 2850 3950 divinitatis
2874 3899 2981 3966 est,
3008 3895 3288 3964 quoniam
3322 3899 3526 3952 natura
3553 3894 3661 3946 tota
3679 3882 3812 3943 divi—

2187 3984 2392 4040 nitatis
2429 3988 2532 4040 est.
2588 3984 2846 4054 Denique
2892 3983 3061 4040 Verbi
3097 3989 3334 4053 propter
3383 3997 3488 4038 nos
3534 3973 3810 4035 secundum

2186 4087 2411 4129 carnem
2432 4073 2754 4128 nativitatis
2772 4085 2944 4142 super
2961 4086 3064 4128 nos
3082 4072 3416 4143 progressio
3435 4070 3580 4126 facta
3599 4069 3693 4122 est.
3712 4063 3810 4117 Non

2186 4161 2338 4218 enim
2369 4163 2564 4218 carnis
2587 4161 2797 4216 vitiosa
2831 4161 3122 4230 praecessit
3140 4159 3416 4217 voluntas
3442 4158 3524 4215 vel
3549 4148 3810 4226 cogitatio.

2187 4250 2338 4306 sicut
2363 4251 2420 4305 in
2447 4250 2612 4306 nobis
2631 4249 2935 4319 aspicitur,
2968 4253 3196 4318 propter
3217 4250 3454 4321 generis
3473 4240 3811 4303 desiderium.

2187 4338 2335 4409 quod
2357 4351 2387 4393 a
2408 4337 2739 4407 deceptione
2757 4337 2927 4407 primi
2949 4337 3203 4407 parentis
3221 4337 3511 4393 obtinuit:
3539 4331 3628 4388 sed
3647 4326 3814 4383 volun-

2185 4431 2273 4482 tas
2301 4425 2628 4482 divinitatis
2657 4425 2778 4480 sola
2822 4439 2920 4496 per
2949 4424 3156 4496 ﬁlium,
3187 4427 3291 4496 qui
3327 4423 3638 4482 secundum
3665 4417 3817 4473 bene-

2186 4514 2460 4584 placitum
2509 4513 2715 4580 Patris,
2747 4517 2804 4568 et
2847 4513 3308 4584 cooperationem
3337 4513 3593 4583 Spiritus
3633 4499 3811 4565 sancti.

2187 4603 2498 4673 propriam,
2531 4607 2595 4657 ut
2623 4601 2770 4673 dixi,
2798 4615 2896 4672 per
2920 4616 2979 4658 se
3008 4606 3282 4673 operatus
3312 4609 3402 4659 est
3434 4589 3814 4668 incorporatio-

2185 4705 2332 4760 nem,
2362 4704 2562 4762 gerens
2585 4691 2642 4746 in
2671 4703 2750 4760 se,
2773 4695 2831 4745 et
2856 4704 2954 4760 per
2975 4703 3034 4746 se
3056 4691 3282 4746 noviter
3307 4691 3595 4746 invectum
3625 4687 3814 4740 natura:

2185 4779 2416 4836 modum
2446 4778 2786 4845 nativitatis,
2833 4783 2891 4834 et
2917 4779 3043 4834 sine
3083 4779 3302 4834 semine
3330 4791 3498 4835 suam
3526 4774 3706 4845 ipsius
3727 4777 3817 4838 pa‘

2183 4873 2343 4923 trans
2394 4865 2821 4936 conceptionem
2861 4879 2929 4922 ex
2973 4870 3166 4921 sancta
3208 4867 3313 4921 Dei
3357 4864 3650 4922 Genitrice
3685 4866 3817 4912 sem—

2185 4969 2395 5027 perque
2425 4954 2660 5026 Virgine
2685 4953 2884 5009 Maria.
2905 4955 3016 5010 Hac
3036 4968 3169 5027 ergo
3199 4954 3490 5010 ineffabili
3522 4940 3817 5008 nativitatis

2181 5046 2306 5116 ejus
2337 5046 2590 5112 inspecta
2617 5043 2858 5109 ratione,
2891 5043 2988 5098 ille
3016 5043 3246 5114 quidem
3272 5043 3630 5099 voluntatem
3663 5033 3813 5090 solam

2184 5134 2240 5188 in
2265 5147 2328 5188 eo
2347 5130 2675 5187 divinitatis
2694 5131 2867 5201 dixit,
2898 5132 2992 5186 hic
3011 5145 3139 5188 vero
3157 5130 3519 5187 voluntatem
3546 5136 3707 5184 unam
3730 5120 3819 5173 DO-

2182 5223 2323 5280 mini
2348 5221 2483 5277 'Jesu
2507 5220 2745 5275 Christi.
2779 5221 2917 5287 Quia
2941 5223 3203 5291 profecto,
3235 5221 3460 5292 inquit,
3492 5236 3528 5272 (ι
3555 5210 3817 5271 divinitate

2181 5316 2458 5380 assumpta
2489 5314 2566 5364 est
2595 5313 2797 5363 natura
2839 5315 3046 5374 nostra,
3092 5326 3199 5364 non
3229 5309 3421 5379 culpa,
3469 5308 3670 5376 absque
3707 5310 3818 5352 car-

2183 5447 2270 5501 chi
2331 5450 2382 5499 et
2431 5444 2751 5512 confessoris
2804 5449 2976 5500 tomus
3035 5443 3378 5512 dog-maticus
3436 5441 3514 5496 ad
3563 5435 3818 5495 Marinum

2177 5518 2572 5590 presbyterum.
