4018 6160
197 273 301 334 569
822 268 1328 327 COLLEC'I‘ANEA.
1369 299 1443 312 —
1492 270 1590 328 EX
1636 269 1843 328 EPIST.
1886 271 1946 328 S.
1982 269 2246 329 MAXIMI
2284 269 2379 327 AD
2414 267 2743 327 MARINUM
2768 268 2999 325 PRESB.
3503 261 3610 324 570

247 486 444 572 Operam
470 480 625 572 αὐτον
652 484 785 559 μετὰ
810 489 905 546 τοῦ
947 475 1074 547 εἶναι
1100 484 1247 570 φύσει
1274 486 1411 572 Osi?
1438 492 1532 551 οὐκ
1555 487 1694 572 ἔχειν
1715 493 1810 552 ἀν·-

519 569 721 652 θέλημα
752 572 842 633 καὶ
867 566 1307 661 φυσικὸν,’ὥσπερ
1338 567 1423 637 οὖν
1451 578 1543 639 καὶ
1567 566 1696 640 θεῖον
1724 579 1813 640 καὶ

319 924 405 1031 Τρ
440 927 505 1031 ξθ
533 927 661 1031 αὐτὸ
704 926 799 1012 κᾷν
831 934 951 1031 ,τοῖς
998 931 1108 1005 ἑξῆς
1144 931 1510 1007 ὖπαινίττεται,
1556 932 1766 1017 φάσκων
1789 956 1805 973 ο

237 1015 415 1125 ξωρέ
433 1016 690 1125 ἀμαρτίας
714 1019 1001 1125 συνελήφθη
1030 1022 1090 1125 ἐκ
1117 1018 1419 1125 Πνεύματος
1438 1015 1585 1101 ἁγίου
1611 1022 1701 1082 καὶ
1716 1026 1808 1088 τῆς

236 1103 390 1180 ἆγίας
707 1105 797 1166 καὶ
834 1106 1163 1190 ἀειπαρθένου
1199 1106 1438 1169 θεοτόκου
1465 1108 1694 1191 Μαρίας,
1723 1108 1810 1168 καὶ

232 1193 407 1278 χωρὶς
435 1195 705 1273 μολυσμοῦ
732 1193 783 1265 ἐξ
810 1198 967 1267 αὐτῆς
997 1194 1130 1256 κατὰ
1159 1195 1323 1278 σάρκα
1345 1196 1666 1277 γεγέννηται.
1696 1194 1809 1269 Τὴν

234 1277 299 1385 δέ
314 1304 383 1359 γε
408 1281 545 1385 θείαν
588 1280 786 1365 γραςνὴν
828 1285 1106 1385 ἐπαινετῶς
1133 1308 1191 1385 τε
1230 1285 1323 1385 καὶ.
1356 1288 1558 1366 ψεκτῶς
1594 1284 1809 1366 προάγει

233 1370 330 1473 τῇς
377 1369 570 1473 σαρκὸς
619 1375 1063 1473 μνημονεύουσαν,
1111 1376 1211 1452 οὔχ
1238 1371 1437 1453 ἑτέραν,
1471 1371 1545 1453 μὴ
1584 1372 1804 1452 γένοιτο,

332 1480 396 1515 τε
423 1455 570 1540 φύσει
613 1460 699 1520 καὶ
818 1459 967 1541 οὐσίᾳ
992 1457 1086 1532 τὴν
1126 1467 1220 1521 τοῦ
1260 1462 1453 1544 Κυρίου
1493 1461 1660 1543 σάρκα
1685 1460 1810 1543 πρὸς

231 1541 327 1614 τὴν
354 1544 618 1628 ἡμετέραν
645 1546 938 1606 ὗποϐάλλον
964 1553 1118 1620 νοεῖν,
1150 1546 1203 1615 ὅς
1225 1572 1287 1628 γε
1313 1541 1505 1621 ταύτην
1552 1541 1806 1623 ⁵ἧπίστοιτο

231 1637 651 1742 προσληΞθεῗρ-αν
764 1640 856 1708 τῆς
882 1633 1141 1742 ἡμετέρας
1170 1636 1369 1708 οὐσίας,
1401 1637 1558 1718 ἤγουν
1584 1642 1687 1699 τῶν
1712 1642 1804 1710 τῆς

231 1723 500 1831 ὁμῇυοῦς
544 1728 669 1831 ἡμῖν
712 1723 1038 1831 ἀειῐταρθένου
1070 1725 1157 1785 καὶ
1183 1726 1495 1806 θεομήτορος
1541 1725 1807 1805 πάναγίων

620 1814 638 1831 ς
654 1813 671 1826 .
689 1813 703 1831 .
730 1813 746 1831 ρ
955 1815 990 1830 ι..
1026 1814 1043 1831 ,
1266 1814 1278 1831 ,
1405 1815 1417 1831 ι
1503 1821 1536 1831 ..
1636 1817 1659 1831 ..
1742 1819 1775 1831 ...

231 1809 703 1891 σπλάγχνων,ἀλλ’
724 1809 900 1893 ἑτέραν
1013 1814 1425 1895 ἀμαρτησίᾳ,καὶ
1442 1821 1537 1874 τοῦ
1556 1817 1807 1893 μηδαμῶς

230 1900 665 1980 ἀντιταττόμενον
712 1898 869 1981 ἔχειν,
914 1901 1143 1982 καθάπερ
1182 1907 1352 1980 ἡμεῖς,
1398 1905 1449 1962 ἐν
1487 1907 1593 1969 τοῖς
1627 1901 1806 1981 μέλεσι

230 1985 320 2044 τὸν
350 1989 414 2046 ἐκ
440 1988 777 2071 παραϐάσεως
802 1986 956 2068 νόμον
982 1992 1059 2071 τῷ
1079 1987 1223 2072 νόμῳ
1249 1995 1345 2048 τοῦ
1372 1988 1695 2067 Πνεύματος.
1724 1993 1803 2050 Οὐ

232 2078 330 2189 γξρ
350 2082 706 2189 recusa-im,
735 2082 910 2189 φησὶν,
940 2083 1041 2189 ὓπὶὸ
1062 2090 1171 2189 τοῦ.
1188 2089 1418 2189 σωτῆρος
1442 2091 1477 2158 ἡ
1513 2091 1803 2168 κατεφθαρ-

235 2169 377 2255 vim
401 2169 505 2229 ἀπὸ
528 2176 622 2242 τῆς
661 2171 916 2253 ἁμαρτίας
935 2169 1108 2255 ⁸μσὲιρξ,
1143 2176 1178 2244 ἡ
1207 2172 1703 2255 ἀντιπρατευομνη
1728 2179 1804 2255 τῷ

236 2254 392 2337 νόμῳ
417 2263 508 2316 τοῦ
530 2258 641 2325 νοὸς
671 2263 854 2319 αὐτοῦ·
885 2250 967 2319 Οὖ
995 2233 1130 2325 τίνος
1152 2257 1254 2341 γὰρ
1290 2264 1348 2320 οὗ
1379 2233 1805 2341 προκαθηγήσατο

233 2346 263 2403 ὃ
288 2346 413 2403 καθ’
443 2348 696 2429 ἀμαρτίαν
722 2346 803 2407 διὰ
830 2358 1025 2430 σπορᾶς
1051 2354 1144 2422 τῆς
1170 2348 1452 2427 γεννήσεως
1478 2347 1658 2427 νόμος,
1688 2357 1805 2409 τοῦ·

228 2455 323 2491 του
355 2437 629 2501 παντελῶς
656 2433 771 2495 οὐδὲ
797 2441 905 2502 τοῖς
935 2436 1143 2515 μέλεσιν
1163 2435 1436 2519 ἐνυπάρχει
1454 2461 1467 2474 ο
1494 2434 1628 2495 ἀλλὰ
1652 2434 1806 2516 νόμος

229 2522 370 2588 θείας
407 2523 725 2596 δικαιοσύνης
753 2524 880 2605 πρὸς
908 2523 1237 2586 ὑποτύπωσιν
1271 2521 1397 2604 ἡμῖν
1422 2523 1798 2608 ἐκφαινόμενος,

228 2610 317 2668 καὶ
350 2610 449 2670 τὸν
478 2614 538 2671 ἐκ
562 2612 901 2695 παραϐάσεως
931 2610 1299 2693 ἐπεισαχθέντα
1423 2612 1570 2694 φύσει
1596 2612 1803 2680 τελείως

226 2693 759 2783 ἐξαρανίζωνῘΗλθε
784 2700 904 2782 γάρ,
936 2724 1109 2784 φησιν,
1138 2707 1166 2761 ὁ
1206 2693 1565 2784 ἀναμάρτητος
1589 2706 1804 2774 ζητῆσαι

224 2789 314 2847 καὶ
369 2792 549 2848 σῶσαι
586 2789 646 2848 τὸ
672 2789 964 2862 ἀπολωλὸς,
1013 2788 1249 2849 τουτέστι
1291 2790 1385 2861 τὴν
1431 2788 1804 2872 ἇμαρτήσασαν

225 2881 315 2935 τοῧ
338 2878 669 2957 ἀνθρωπίνου
704 2875 880 2956 γένους
934 2876 1097 2960 φύσιν.
1151 2875 1374 2961 Ἕτερος
1407 2876 1505 2960 γὰρ
1553 2875 1710 2955 νόμος
1752 2880 1804 2937 ἐν

223 2969 330 3029 τοῖς
390 2963 607 3040 μέλεσιν
655 2968 838 3042 αὐτοῦ,
865 2962 901 3035 ἢ
927 2964 1129 3043 θέλημα
1174 2964 1408 3046 διάφορον
1433 2964 1468 3038 ἢ
1495 2963 1714 3023 ἐναντίον
1745 2968 1803 3024 οὗ

222 3050 426 3134 γέγονε⁸
440 3055 522 3134 τῷ
545 3052 716 3133 Πατρὶ
846 3053 1071 3133 »αι-ἦρι]
1085 3099 1099 3124 ,
1125 3056 1347 3113 ἐντεῦθεν
1374 3049 1589 3123 δεικνὺς,
1613 3054 1713 3134 οὔχ
1732 3055 1803 3121 ὡς

223 3143 316 3198 οὐκ
368 3131 520 3219 εἶχεν
569 3131 879 3221 ἀνθρώπινον
924 3131 1127 3219 θέλημα
1167 3141 1254 3200 καὶ
1298 3138 1545 3221 φυσικόνο
1598 3131 1804 3221 οὖνγὰρ

222 3226 374 3296 λέξας
410 3228 647 3312 φαίνεται
692 3233 864 3298 τῶτο,
914 3229 1032 3286 ἀλλ’
1076 3227 1253 3310 ὅτιπερ
1280 3231 1351 3294 ὡς
1393 3226 1650 3308 ἄνθρωπος
1687 3227 1804 3288 οὔτε

221 3316 359 3375 κατὰ
392 3320 559 3393 σῶμα
584 3313 667 3373 διὰ
691 3319 795 3373 τῶν
823 3316 994 3394 μελῶν
1021 3313 1115 3387 τὴν
1160 3320 1360 3376 οἱανοῦν
1397 3314 1642 3386 ἐκέκτητο
1667 3314 1823 3396 παρὰ

222 3410 379 3482 φύσιν
413 3404 696 3486 ἐνέργειαν,
729 3401 845 3462 οὔτε
867 3401 968 3480 μὴν
995 3402 1129 3464 κατὰ
1353 3403 1640 3480 θελήματος
1665 3407 1805 3464 έναν-

219 3497 334 3555 τίαν
460 3493 760 3572 παράλογον
802 3492 1020 3563 κίνησιν,
1066 3490 1240 3574 ὥσπερ
1278 3496 1453 3570 ἡμεῖς,
1501 3490 1675 3565 ἐπειδὴ
1715 3492 1805 3553 καὶ

218 3581 347 3662 ὑπὲρ
364 3581 541 3659 νόμον
566 3580 878 3661 ἀνθρωπίνης
904 3578 1102 3663 φύσεως
1131 3580 1333 3660 ἐτέχθη.

298 3669 657 3754 Τρανώτερον
682 3668 736 3729 δὲ
761 3667 856 3752 κᾷν
873 3675 981 3735 τοῖς
1011 3664 1127 3742 ἑξῆς
1150 3668 1484 3751 παρίστησιν,
1512 3673 1584 3739 ὣς
1607 3675 1636 3732 ὁ
1652 3669 1805 3751 λόγος

219 3750 282 3829 ἦν
498 3750 653 3835 μόνον
678 3757 742 3817 τὸ
766 3750 1014 3834 ἐμπαθὲς,
1043 3759 1159 3815 ἀλλ’
1192 3750 1250 3817 οὗ
1276 3759 1337 3817 τὸ
1362 3758 1575 3840 φυσικὸν
1601 3761 1685 3820 ἐπὶ
1710 3750 1804 3819 τοῦ

220 3849 482 3928 Σωτῆρος
518 3846 938 3926 ἀποδιορίσασθαι
983 3845 1185 3924 θέλημα
1208 3870 1223 3886 ο
1254 3848 1342 3906 καὶ
1368 3846 1565 3929 ὅτιπερ,
1596 3846 1690 3929 κᾷν
1727 3852 1805 3929 τῷ

219 3908 437 4019 gout-1};-
470 3908 573 3996 ’καὶ
620 3908 941 4017 ἀνθρωπίνῳ,
982 3908 1120 4017 πρὸς,
1140 3934 1203 3995 τὸ
1256 3935 1502 4017 πατρικὸν
1517 3908 1529 3929 ι
1548 3908 1655 3995 καὶ⁶
1676 3908 1805 3997 θεῖὼ

220 4026 496 4085 συνέϐαινε
528 4023 643 4101 μὲν,
673 4023 910 4101 οὐδεμίαν
935 4022 1031 4095 τὴν
1054 4019 1112 4096 ἐξ
1139 4024 1478 4106 ἀντιπράξεοκ
1509 4020 1647 4103 ἔχων
1679 4024 1805 4107 πρὸς

221 4117 393 4175 ἐκεῖνο
417 4112 688 4195 διαφορὰν,
731 4110 1059 4173 ὑποτύπωσιν
1088 4109 1143 4171 δὲ
1169 4112 1333 4180 διδοὺς
1363 4118 1489 4190 ἡμῖν
1515 4113 1715 4193 ἑαυτὸν,
1742 4113 1806 4174 τὸ

219 4206 420 4284 οἰκεῖον
464 4201 714 4268 ἑκουσίως
754 4199 1033 4260 ὖπέταττεν
1053 4225 1068 4241 ·
1121 4200 1334 4261 συνίστα
1360 4199 1415 4260 δὲ
1440 4201 1503 4261 τὸ
1528 4201 1799 4284 πατρικὸν,

218 4282 263 4373 ᾧ
291 4291 357 4350 ἂν
396 4291 495 4351 καὶ
523 4294 676 4367 ἡμεῖς
709 4287 1098 4368 ἐκμιμούμενοι,
1130 4288 1192 4349 τὸ
1214 4292 1406 4348 ἑαυτῶν
1445 4282 1801 4367 ἀθετήσαντες,

218 4380 283 4439 τὸ
329 4386 480 4440 θεῖον
526 4377 609 4438 διὰ
654 4378 825 4451 πάσης
872 4380 1096 4450 σπουδῆς
1141 4374 1561 4457 ὶκπληρῶσωμεν
1578 4423 1592 4450 ,
1640 4376 1806 4457 λέγων

215 4468 396 4535 οὕτως
426 4492 443 4507 ο
495 4491 518 4521 ι
548 4465 644 4550 κᾷν
679 4465 988 4547 γέγραπται,
1039 4465 1119 4526 ὅτι
1158 4469 1254 4526 οὐκ
1284 4465 1446 4539 ⁴ἦλθον
1489 4470 1702 4538 ποιῆσαι
1744 4467 1808 4529 τὸ

213 4557 443 4636 θέλημα
471 4556 534 4615 τὸ
552 4553 849 4634 ἐμὸν,ἀλλὰ
863 4560 956 4615 τοῦ
977 4552 1273 4635 πέμψαντός
1292 4579 1361 4634 με
1385 4552 1580 4636 πατρός
1600 4578 1615 4594 ο
1640 4576 1665 4610 ι
1690 4555 1801 4629 καὶ,

227 4668 255 4701 ιι
274 4652 389 4728 οὐχ
420 4646 458 4706 ὃ
475 4644 579 4725 ἐγὼ
605 4643 760 4719 θέλω,
790 4647 907 4704 ἀλλ’
928 4644 1034 4717 ὄ,τι
1061 4644 1146 4719 σὺ,
1168 4645 1375 4727 Πάτερ·
1405 4644 1499 4706 οὔκ
1527 4648 1626 4706 εἱσι
1642 4651 1802 4707 ταῦτα

214 4737 484 4820 διαφόρου
509 4736 820 4812 θελήματος,
863 4734 1129 4795 τουτέστιν
1168 4735 1395 4794 ἐναντίου
1416 4735 1505 4795 καὶ
1529 4734 1803 4818 ἀντιπράτ-

213 4849 442 4891 τοντος
468 4822 603 4882 ἀλλὰ
628 4828 720 4895 τῆς
740 4823 1152 4905 προσληφθείσης
1178 4823 1488 4903 ἀνθρωπίνης
1516 4822 1807 4899 οἰκονομίας

212 4909 593 4991 οἰκειουμένης
612 4913 893 4987 συμπαθῶς
913 4908 980 4969 τὰ
993 4909 1242 4991 ἡμέτερα.
1269 4912 1459 4969 Ταῦτα
1476 4907 1572 4991 γὰρ
1594 4909 1655 4968 δι’
1671 4915 1810 4988 ἡμᾶς

210 4998 438 5079 ἔλεγεν,
460 4989 547 5063 οἷς
580 4995 799 5056 δέδωκεν
823 4989 1208 5079 παράδειγμαήὸ
1243 5002 1336 5069 τῆς
1369 4989 1626 5073 εὐσεϐείας
1665 4996 1806 5057 διδά-

213 5090 463 5158 σκαλος,
506 5082 591 5144 ἵνα
631 5089 739 5151 τοῖς
780 5082 976 5165 ἴχνεσιν
1016 5088 1177 5145 αὐτοῦ
1222 5082 1463 5163 ἑπώμεθα
1483 5108 1498 5124 ο
1536 5086 1623 5146 καὶ
1652 5083 1727 5163 μὴ
1746 5084 1809 5146 τὸ

211 5174 351 5236 Em
380 5172 609 5239 ἕκαστος
634 5176 809 5251 ἡμῶν,
828 5169 966 5231 ἀλλὰ
981 5171 1043 5231 τὸ
1060 5179 1156 5233 τοῦ
1177 5171 1370 5255 Κυρίου
1391 5174 1588 5250 μᾶλλον
1614 5175 1667 5232 ἐν
1680 5182 1809 5234 πᾶσι

212 5262 541 5344 προτιμήσῃ
562 5260 785 5340 θέλημα.
810 5284 840 5317 ιι
871 5261 988 5323 Οὐκ
1012 5252 1275 5344 ἀναίρεσιν
1293 5252 1403 5333 οὖν,
1443 5266 1513 5329 ὣς
1543 5260 1688 5343 ἔφην,
1718 5267 1810 5323 τοῦ

214 5355 460 5435 φυσαῶ
486 5349 578 5409 καὶ
614 5350 925 5435 ἀνθρωπίνου
970 5349 1275 5428 θελήματος,
1319 5347 1454 5409 ἀλλὰ
1496 5356 1593 5410 τοῦ
1633 5353 1810 5430 ἔμπα-

213 5434 341 5506 θῶς
402 5435 504 5498 καὶ
544 5434 685 5520 παρὰ
727 5440 876 5518 φύσιν
920 5442 1086 5498 ποιεῖ’
1131 5437 1221 5498 καὶ
1263 5437 1327 5496 δι’
1371 5435 1495 5497 ὅλου
1538 5435 1713 5519 φάναι,
1748 5437 1810 5499 τὸ

1871 410 1929 472 Α
1953 400 2174 457 nalibus
2220 395 2615 460 voluntatibus,
2663 400 2715 451 et
2762 396 3016 450 humanis
3057 393 3490 466 cogitationibus,
3544 398 3610 450 ut

1952 491 2361 549 sacratissimus
2384 486 2730 543 Athanasius
2772 486 2869 539 ait.
2904 485 3027 541 Non
3076 488 3263 540 tamen
3310 483 3608 553 perhibuit

1951 595 2080 639 eum
2130 585 2401 651 tanquam
2451 575 2761 647 hominem,
2808 573 2946 646 quia
2985 579 3073 631 est
3120 587 3347 646 quoque
3397 577 3602 631 natura

1952 671 2132 741 Deus,
2161 682 2274 726 non
2305 666 2513 723 habere
2543 665 2848 722 humanam
2881 662 3229 719 voluntatem
3264 666 3320 718 et
3361 666 3604 719 natura-

1948 759 2079 831 lem,
2114 755 2591 831 quemadmodum
2614 760 2670 811 et
2697 753 2954 811 divinam
2980 756 3153 823 atque
3182 755 3492 822 paternam.

2022 848 2281 920 Idipsum
2305 850 2495 904 autem
2530 844 2703 901 etiam
2734 843 2792 898 in
2849 839 3341 913 subsequentibus
3385 840 3580 897 innuit

1946 953 2247 999 asserens:
2279 936 2407 993 Sine
2437 938 2658 1006 peccato
2689 935 2973 1001 conceptus
3015 901 3094 986 est
3121 930 3186 985 de
3218 930 3430 1001 Spiritu
3463 901 3603 984 san-,-

1947 1036 2051 1094 cto,
2072 1033 2123 1085 et
2145 1031 2356 1090 sancta,
2388 1023 2737 1080 immaculata
2771 1036 3080 1091 semperque
3127 1020 3350 1088 Virgine
3376 1020 3476 1075 Dei
3500 1034 3603 1088 ge-

1945 1121 2142 1178 nitrice
2181 1118 2385 1179 Maria,
2446 1119 2497 1169 et
2551 1115 2667 1168 sine
2723 1112 3039 1179 contagione
3088 1125 3156 1163 ea:
3199 1124 3263 1163 ca
3307 1108 3602 1164 secundum

1947 1224 2162 1267 carnem
2203 1211 2369 1262 natus
2408 1208 2504 1259 est.
2558 1201 2823 1258 Divinam
2864 1212 3093 1271 quoque
3128 1198 3481 1270 Scripturam
3541 1198 3601 1255 in

1948 1300 2175 1357 laudem
2197 1300 2254 1353 et
2272 1293 2751 1366 vituperationem
2796 1286 3011 1361 profert
3039 1287 3232 1345 carnis
3270 1286 3600 1345 memoriam

1951 1389 2152 1447 facere.
2175 1389 2299 1443 Non
2343 1383 2538 1452 aliam,
2570 1382 2744 1451 absit,
2777 1384 2983 1437 natura
3029 1383 3087 1435 et
3131 1377 3454 1436 substantia
3483 1378 3605 1433 Do-

1951 1479 2096 1537 mini
2117 1489 2366 1545 carnem,
2392 1485 2560 1546 quam
2594 1474 2845 1527 nostram
2877 1480 3241 1526 commonens
3266 1465 3603 1538 intelligen-

1945 1572 2076 1628 dam
2105 1587 2118 1624 :
2152 1567 2253 1641 qui
2281 1567 2453 1623 etiam
2481 1563 2627 1619 hanc
2674 1560 2892 1617 sciebat
2920 1563 3270 1628 assumptam
3311 1571 3379 1614 ex
3406 1561 3601 1614 nostra

1947 1659 2292 1730 substantia,
2322 1657 2379 1713 id
2405 1659 2493 1712 est
2521 1668 2588 1710 ex
2632 1649 2951 1724 congenita:
2999 1647 3167 1706 nobis
3213 1659 3436 1718 semper
3480 1644 3583 1701 Vir

1861 1745 1914 1807 Β
1945 1750 2102 1824 ginis
2125 1754 2183 1806 et
2205 1748 2303 1804 Dei
2333 1746 2534 1802 Matris
2561 1742 2777 1800 sanctis
2800 1738 3120 1796 visceribus
3146 1757 3161 1808 ;
3206 1737 3303 1794 sed
3333 1735 3582 1792 alienam

1944 1861 1977 1904 a
1996 1845 2161 1914 vitio,
2189 1846 2246 1899 et
2276 1842 2607 1899 nullatenus
2636 1836 2815 1909 legem
2857 1829 3348 1906 praevaricationis
3386 1829 3590 1886 haben-

1945 1946 2080 2008 tem,
2104 1938 2258 1994 sicut
2297 1947 2421 2005 nos,
2471 1932 2532 1987 in
2578 1925 2852 1985 membris
2902 1924 3308 1996 repugnantem
3358 1920 3605 1991 spiritus

1946 2029 2079 2102 legi.
2111 2027 2234 2084 Non
2262 2024 2405 2079 enim
2436 2022 2717 2089 assumpta
2754 2020 2853 2078 est,
2883 2014 2987 2084 ait,
3013 2028 3050 2066 a
3082 2011 3365 2067 Saluatore
3391 2024 3517 2063 caro
3567 2023 3603 2062 a

1940 2098 2160 2192 peccato
2205 2116 2483 2183 corrupta,
2535 2123 2656 2179 qua:
2700 2106 3032 2176 repugnaret
3074 2101 3180 2169 legi
3219 2100 3417 2154 mentis
3457 2098 3595 2167 ejus.

1945 2185 2125 2278 Cujus
2161 2206 2316 2264 enim
2341 2198 2833 2267 sementationem,
2866 2207 2993 2265 quae
3020 2205 3120 2263 per
3165 2191 3456 2261 peccatum
3486 2185 3603 2244 efﬂ-

1947 2277 2121 2370 citur,
2154 2311 2265 2353 non
2289 2290 2592 2365 praecessit
2611 2283 3001 2361 generationis
3032 2282 3142 2351 lex,
3169 2279 3344 2350 hujus
3367 2277 3603 2335 omnino

1948 2403 2051 2449 nec
2076 2367 2135 2446 in
2170 2383 2443 2443 membris
2471 2385 2592 2438 est:
2626 2378 2724 2435 sed
2755 2376 2845 2433 lex
2873 2368 3348 2442 divinaejustitiae
3365 2367 3434 2425 ad
3468 2367 3604 2422 ima-

1948 2479 2299 2554 ginationem
2322 2471 2493 2530 nobis
2516 2471 2762 2536 ostensa,
2801 2469 2857 2521 et
2883 2475 3006 2520 eam
3055 2472 3301 2531 quoque,
3357 2470 3483 2529 qua;
3529 2468 3599 2512 ex

1951 2544 2419 2641 praevaricatione
2444 2562 2664 2615 natura
2690 2553 2851 2611 illata
2862 2555 2968 2621 est,
2993 2547 3238 2620 perfecte
3264 2544 3598 2603 demolitur.

1950 2634 2126 2715 -Venit
2153 2654 2306 2712 enim
2327 2651 2454 2707 sine
2475 2649 2701 2719 peccato
2722 2653 2976 2714 quazrere
3005 2642 3060 2694 et
3079 2635 3297 2694 salvare
3322 2634 3473 2706 quod
3505 2646 3595 2705 pe-

1954 2747 2151 2810 rierat,
2176 2743 2233 2800 id
2254 2744 2341 2798 est
2364 2741 2629 2796 naturam
2658 2730 2895 2790 humani
2923 2726 3150 2801 generis
3181 2738 3307 2797 quae
3345 2734 3599 2794 peccave-

1950 2840 2059 2893 rat.
2086 2832 2214 2890 Alia
2242 2829 2395 2887 enim
2416 2826 2508 2883 lex
2534 2825 2595 2881 in
2625 2819 2899 2879 membris
2917 2818 3064 2888 ejus,
3095 2818 3196 2871 aut
3222 2812 3487 2870 voluntas
3513 2810 3599 2867 di-

1947 2937 2110 2983 versa
2137 2921 2223 2978 vcl
2250 2920 2504 2988 adversa,
2527 2927 2639 2972 non
2661 2911 2777 2968 fuit
2796 2909 2856 2966 in
2884 2906 3190 2964 Salvatore.
3224 2901 3368 2958 Hinc
3412 2903 3598 2957 osten-

1946 3015 2056 3087 dit,
2087 3025 2203 3070 non
2223 3008 2373 3081 quod
2403 3019 2515 3062 non
2542 2999 2811 3059 habuerit
2835 2998 3140 3054 humanam
3161 2991 3509 3049 voluntatem
3537 2994 3596 3045 et

1870 3112 1920 3175 ί]
1948 3077 2266 3160 naturalem
2289 3095 2423 3169 (non
2443 3092 2597 3151 enim
2622 3092 2730 3147 hoc
2750 3087 2971 3145 dixisse
2991 3080 3259 3154 videtur),
3299 3080 3396 3136 sed
3436 3077 3586 3150 quod

1947 3192 2102 3249 sicut
2130 3166 2307 3246 homo
2348 3196 2531 3255 neque
2572 3177 2887 3237 secundum
2933 3187 3143 3245 corpus
3187 3184 3288 3241 per
3339 3166 3590 3224 membra

1946 3278 2264 3354 quamlibet
2284 3274 2490 3332 habeat
2510 3273 2713 3343 praeter
2741 3269 2958 3321 natura:
2996 3263 3149 3335 leges
3180 3257 3585 3328 operationem,

1947 3348 2131 3443 neque
2158 3378 2390 3425 rursum
2412 3360 2725 3419 secundum
2746 3355 2995 3411 animam
3020 3348 3336 3408 voluntatis
3371 3349 3592 3403 contra-

1947 3435 2122 3530 rium,
2152 3456 2240 3513 vel
2262 3455 2388 3511 sine
2412 3449 2633 3508 ratione
2662 3449 2898 3515 motum,
2920 3440 3097 3499 veluti
3135 3450 3240 3494 nos
3279 3453 3293 3491 :
3342 3435 3479 3507 quia
3534 3436 3591 3490 et

1948 3562 2120 3620 super
2139 3546 2319 3619 legem
2350 3545 2521 3599 natus
2549 3543 2636 3595 est
2656 3536 2918 3593 humanae
2948 3534 3184 3588 naturae.

2015 3611 2359 3708 inpressius
2374 3634 2562 3688 autem
2587 3631 2644 3684 et
2659 3626 2717 3682 in
2737 3617 3221 3693 subsequentibus
3238 3611 3586 3684 comprobat.

1948 3706 2120 3800 quod
2148 3735 2333 3780 sermo
2381 3718 2496 3776 sibi
2541 3719 2691 3772 esset
2732 3717 2975 3782 tantum,
3037 3706 3297 3764 vitiatam
3352 3707 3412 3759 et
3479 3713 3590 3758 non

1947 3792 2268 3872 naturalem
2305 3822 2339 3866 a
2395 3805 2687 3864 Salvatore
2729 3795 3172 3858 disterminandi
3220 3792 3591 3856 voluntatem,

1946 3911 2003 3961 et
2056 3901 2207 3974 quod
2249 3899 2310 3956 in
2369 3894 2623 3953 naturali
2654 3905 2721 3948 ac
2768 3891 3016 3946 humana
3062 3884 3134 3941 ad
3189 3886 3479 3954 paternam
3529 3891 3596 3935 ac

1945 3967 2202 4051 divinam
2271 3987 2637 4057 coaptaretur
2703 3978 2955 4052 quidem,
3032 3974 3128 4032 sed
3203 3970 3425 4028 nullam
3503 3967 3598 4024 ha-

1946 4083 2107 4140 beret
2160 4077 2230 4135 ad
2294 4075 2455 4132 illam
2511 4086 2579 4130 ex
2662 4066 3076 4141 repugnatione
3138 4060 3527 4119 diversitatem
3579 4072 3593 4109 :

1947 4180 2207 4230 normam
2254 4168 2445 4223 autem
2497 4160 2643 4217 dans
2694 4157 2862 4214 nobis
2926 4153 3200 4224 seipsum,
3260 4147 3412 4221 quod
3475 4158 3600 4217 pro-

1950 4260 2077 4333 prie
2096 4268 2268 4316 suum
2287 4257 2430 4323 erat,
2452 4246 2775 4307 voluntarie
2786 4240 3151 4314 subjiciebat,
3169 4233 3600 4295 commendabat

1948 4322 2083 4408 vero
2144 4350 2465 4418 paternum.
2528 4339 2819 4409 Quatenus
2874 4339 2932 4390 et
2987 4344 3093 4388 nos
3147 4325 3383 4396 imitati,
3446 4322 3596 4395 quod

1863 4442 1919 4504 D
1951 4411 2211 4496 nostrum
2242 4436 2329 4490 est
2356 4427 2677 4501 reprobato,
2706 4423 2857 4496 quod
2891 4419 3153 4477 divinum
3183 4418 3270 4472 est
3290 4411 3446 4469 omni
3485 4415 3601 4466 stu-

1949 4529 2050 4586 dio
2079 4499 2437 4596 expleamus,
2462 4517 2661 4574 dicens
2687 4513 2805 4570 ita:
2831 4511 2978 4565 Licet
3008 4508 3149 4562 enim
3187 4504 3446 4572 scriptum
3485 4499 3595 4552 sit:

1947 4619 2072 4675 Non
2096 4614 2223 4669 veni
2244 4586 2429 4680 facere
2446 4605 2779 4661 voluntatem
2820 4612 3015 4659 meam,
3063 4595 3157 4650 sed
3184 4593 3303 4663 ejus
3333 4589 3430 4660 qui
3452 4586 3601 4642 misit

1946 4722 2030 4762 me
2056 4679 2251 4759 Patris
2267 4697 2443 4770 (Joan.
2483 4710 2561 4758 v1,
2614 4689 2720 4764 38).
2770 4689 2840 4745 Et
2885 4707 2898 4742 :
2950 4687 3073 4743 Non
3118 4681 3263 4753 quod
3312 4694 3405 4748 ego
3456 4679 3601 4738 volo.

1950 4794 2046 4851 sed
2070 4790 2216 4862 quod
2244 4769 2324 4851 tu,
2355 4787 2519 4840 Pater
2560 4780 2755 4854 (Marc.
2805 4790 2923 4840 xxv,
2968 4772 3090 4847 36);
3158 4787 3268 4826 non
3317 4774 3447 4826 sunt
3491 4769 3602 4825 haec

1951 4860 2179 4941 diuersae
2216 4875 2536 4935 uoluntatis,
2571 4870 2634 4925 id
2666 4872 2746 4924 est
2794 4865 3082 4922 contrariae
3118 4878 3183 4917 ac
3222 4860 3599 4931 repugnantis,

1951 4973 2049 5030 sed
2095 4964 2518 5039 dispensationis
2570 4957 2929 5015 humanitatis
2994 4955 3303 5022 assumpta,
3338 4965 3461 5020 qua
3499 4964 3602 5003 sua

1952 5056 2401 5133 compassibiliter
2418 5052 2549 5122 fecit
2582 5063 2704 5121 qua
2742 5049 2930 5100 nostra
2959 5047 3108 5099 sunt.
3148 5043 3263 5096 Ista
3298 5041 3439 5095 enim
3464 5053 3604 5108 pro-

1945 5127 2083 5225 pter—
2121 5163 2219 5204 nos
2284 5143 2514 5205 dicebat,
2579 5138 2776 5210 quibus
2823 5133 2974 5190 dedit
3029 5131 3329 5202 exemplum
3377 5127 3601 5199 pietatis

1951 5242 2228 5309 magister,
2282 5238 2345 5290 ut
2388 5244 2679 5303 sequamur
2731 5227 2961 5293 vestigia
3015 5220 3153 5294 ejus,
3198 5224 3248 5276 et
3292 5235 3401 5274 non
3446 5231 3604 5271 suam

1955 5329 2333 5398 unusquisque
2369 5326 2635 5393 nostrum,
2666 5317 2761 5373 sed
2788 5316 3006 5372 Domini
3041 5313 3227 5384 potius
3270 5311 3330 5364 in
3353 5305 3601 5362 omnibus

1951 5396 2217 5492 praeferat
2251 5414 2601 5469 uoluntatem.
2628 5410 2752 5465 Non
2791 5419 2926 5478 ergo
2979 5399 3491 5470 interemptionem,
3540 5396 3603 5451 ut

1961 5487 2110 5579 dixi,
2135 5501 2416 5560 naturalis
2434 5505 2491 5557 et
2508 5500 2770 5557 humanm
2794 5492 3131 5562 voluntatis,
3154 5489 3249 5545 sed
3271 5487 3510 5553 vitiosae,
3534 5495 3599 5537 ac

1966 5575 2107 5667 ejus
2139 5604 2265 5665 quae
2314 5593 2403 5648 est
2437 5593 2594 5647 extra
2640 5591 2925 5654 naturam,
2970 5579 3152 5650 facit;
3196 5581 3253 5634 et
3299 5579 3363 5632 ut
3417 5575 3599 5627 totum
