4018 6160
469 289 568 349 574

531 509 700 600 πάσης
729 513 981 592 ἁμαρτίας
1009 510 1288 597 ἐλεύθερον,
1307 512 1370 573 τὸ
1396 516 1506 574 καθ’
1527 516 2084 600 ἡμᾶς,ἐπιμαρτύρεται

527 597 616 659 τὸν
642 601 704 659 δι’
735 607 869 678 ἡμᾶς
897 604 1221 684 σαρκωθέντα
1247 604 1404 665 Θεόν.
1814 600 1816 603 ’

610 689 716 748 Καὶ
751 688 813 749 ἵν’
856 691 1111 768 ἐπιτόμως
1154 692 1312 752 εἴπω·
1363 693 1443 754 διὰ
1484 703 1578 755 τοῦ
1625 695 1733 762 ἑνὸς
1775 695 2079 773 θελήματος,

526 775 588 835 τὺ
615 776 774 853 μόνην
799 785 891 852 ἧς
920 783 1078 839 αὐτοῦ
1106 781 1237 840 κατὰ
1286 783 1451 864 σάρκα
1493 785 1775 864 γεννήσεως
1820 782 1912 854 τὴν
1948 785 2084 843 θείαν

527 868 1009 944 προκαθηγήσασθαι
1052 868 1252 940 θέλησιν
1302 873 1488 942 δηλοῦν
1510 863 1513 864 ν
1533 873 1686 932 αὐτὸν
1721 863 1849 931 οἶναι
1877 896 1890 909 ·
1923 870 2003 930 διὰ
2031 869 2085 930 δὲ

525 958 621 1043 τοῦ
669 952 740 1043 μὴ
789 955 1037 1037 ὑπάρχειν
1088 959 1374 1036 θελήματος
1430 960 1696 1043 διαφορὰν,
1753 960 1814 1019 τὸ
1865 961 2084 1018 ἐναντίον

527 1042 621 1099 οὐκ
665 1039 800 1120 ἔχων
893 1047 1250 1126 ἀντιπρᾶττον,
1301 1047 1436 1106 ἀλλὰ
1463 1039 1826 1128 τδσυμϐαῖνον
1866 1050 1930 1107 δι’
1959 1047 2083 1107 ὅλου

526 1131 614 1187 καὶ
638 1130 896 1217 ἡνωῴνον
917 1157 931 1170 ο
979 1133 1088 1192 ὅθεν
1116 1135 1268 1204 ἡνίκα
1300 1133 1391 1212 μὲν
1424 1135 1518 1208 τὴν
1561 1137 1814 1217 ἡμετέραν
1853 1136 1998 1217 φύσιν
2027 1139 2084 1194 ἐκ

525 1220 616 1286 ἧς
640 1216 876 1290 θεότητος
904 1224 1270 1302 προσειλῆφθαι
1297 1223 1453 1303 λέγῃ,
1486 1216 1774 1303 θελήματος
1806 1216 1914 1291 ἑνὸς
1946 1249 2082 1302 μνη-

527 1303 727 1380 μονεύει
751 1319 762 1330 ⁹
797 1308 947 1379 ἡνίκα
965 1309 1018 1368 δὲ
1044 1311 1125 1380 τὸ,
1158 1315 1252 1370 οὐκ
1279 1303 1432 1383 ἦλθον
1469 1321 1680 1386 ποιῆσαι
1708 1315 1769 1373 τὸ
1797 1313 1995 1389 θέλημα
2022 1313 2084 1371 τὸ

526 1393 671 1483 ἐμὸν,
703 1397 773 1462 εἷς
804 1395 956 1473 μέσον
985 1404 1060 1479 τῷ
1086 1398 1227 1482 λόγῳ
1253 1403 1545 1481 προτίθησι,
1578 1404 1665 1462 τὸν
1684 1403 1896 1483 ἀριθμὸν
1912 1401 2077 1482 ἀφεὶς.

525 1482 619 1539 οὐκ
645 1483 743 1542 εἶσὶ
771 1486 957 1562 ταῦτά,
989 1513 1134 1568 φησι,
1179 1488 1422 1570 διαφόρου
1463 1482 1770 1567 θελήματος,
1821 1489 2084 1548 τουτέστιν

525 1570 748 1629 ἐναντίου
791 1573 878 1632 καὶ
921 1577 1294 1652 ἀντικειῄνου.
1317 1573 1411 1650 Ἐξ
1435 1571 1492 1636 οὗ
1519 1579 1582 1637 τὸ
1622 1578 1710 1637 δύο
1757 1576 1889 1636 κατὰ
1930 1575 2076 1656 φύσιν

523 1657 766 1747 ξπάρχειν
794 1664 844 1720 ἐν
870 1669 946 1746 τῷ
975 1671 1164 1747 σωτῆρι
1187 1666 1452 1742 θελήματα
1475 1669 1744 1747 προδήλως
1784 1665 2076 1742 συνάγεται.

619 1745 714 1834 γᾷρ
741 1744 959 1810 ἐναντίον
992 1756 1086 1811 οὐκ
1113 1744 1274 1832 εἶχεν,
1299 1744 1673 1834 φυσαὸνήεῖχεν
1691 1760 1759 1821 ὡς
1793 1754 2077 1833 ἅνθρωπος.

523 1832 604 1892 Τὸ
619 1833 718 1923 γὰρ
738 1842 830 1897 οὐκ
849 1832 1549 1923 ἐναντίονρυσικὸν-πάντως,
1571 1832 1659 1905 καὶ
1686 1845 1843 1909 οὐδεὶς
1864 1832 2080 1921 ἆντερεῖυ

523 1920 807 2014 οὐδὲνγὰρ
846 1932 897 1987 ἐν
1002 1920 1169 2014 *φύσει
1213 1929 1248 2001 ἢ
1294 1937 1401 1998 τοῖς
1452 1932 1584 1992 κατὰ
1629 1932 1772 2014 φύσιν
1819 1920 2083 1996 παντελῶς

523 2013 765 2074 ἐναντίον.
799 2017 929 2084 Δέος
972 2010 1058 2078 οὖν
1084 2017 1256 2077 πολλὰ
1293 2020 1479 2097 βαίνειν
1512 2023 1575 2098 .
1613 2010 1919 2094 ἐπιϐαλεῖν],
1953 2019 1980 2078 ὃ
2010 2017 2082 2096 μὴ

521 2099 711 2188 κνρίως
742 2105 793 2161 ἐν
820 2111 926 2171 τοῖς
949 2110 1132 2166 ἑαυτοῦ
1159 2107 1383 2188 γέγραφε
1413 2108 1608 2188 λόγοις,
1640 2112 1726 2170 καὶ
1755 2114 2083 2188 μηχανᾶσθαι

521 2186 640 2255 τοὺς
667 2192 728 2250 δι’
773 2196 998 2262 ἐναντίας
1028 2197 1214 2262 οἰκείας
1244 2195 1388 2268 δόξης
1423 2203 1490 2265 ὡς
1530 2205 1622 2260 οὐκ
1661 2201 1868 2280 ἀρίστης
1900 2195 2081 2254 ἐπικά-

522 2277 708 2364 λυμιιοι
729 2288 890 2340 ποιεῖν
908 2286 954 2340 τ’
979 2284 1148 2364 ἀνδρὸς
1167 2282 1232 2341 τὰ
1259 2284 1566 2364 γράμματα,
1589 2277 1709 2346 καθ’*
1724 2285 1890 2364 ἕτερον
1919 2291 2084 2341 ταῦτα

522 2362 662 2443 παρὰ
697 2367 785 2428 τὸν
831 2373 1022 2431 ἐκείνου
1068 2371 1260 2431 σκοπὸν
1307 2371 1807 2452 παοεξηγουμνους.
1851 2375 2080 2446 Συνηγο-

524 2457 704 2544 ροῦντα
729 2456 826 2540 γὰρ
855 2459 963 2540 ἔχει
991 2461 1078 2520 τὸν
1109 2459 1287 2538 λόγον,
1318 2471 1486 2522 πᾶσαν
1515 2470 1604 2522 τοῦ
1634 2466 1952 2544 ἐπηρεαστοῦ
1980 2483 2079 2516 κα-

522 2540 785 2622 ταδρομὴν
813 2549 1178 2610 ἀπελαύνοντα.

600 2900 704 2959 Καὶ
732 2898 865 2958 οὕτω
893 2898 984 2977 μὲν
1009 2901 1190 2978 ζέγωγε
1235 2903 1322 2962 τὸν
1366 2910 1478 2963 νοῦν
1525 2902 1660 2984 ἔχειν
1704 2901 2078 2982 ὑπολαμϐάνω,

518 2987 688 3058 πάσης
709 2987 828 3046 ὄντα
854 2990 1067 3067 καθαρὸν
1087 2991 1307 3069 ὑποψίας
1357 2993 1687 3071 Βεϐαιότερον
1708 2994 1762 3052 δέ
1785 3018 1871 3069 μοι
1896 3003 2080 3053 τοῦτον

519 3077 792 3147 πεποίηκεν
834 3079 892 3134 ἐκ
939 3083 1030 3147 τῆς
1074 3079 1419 3161 πρεσϐυτέρας
1469 3079 1678 3156 Ῥώμης
1727 3081 2011 3140 ἐπανελθὼν
2053 3088 2082 3142 ὁ

519 3163 798 3229 ὁσιώτατος
854 3165 1191 3245 πρεσϐύτερος
1265 3168 1432 3248 κύριος
1492 3169 1652 3235 ἀϐϐᾶς
1717 3171 2076 3242 Ἀναστάσιος,

519 3251 669 3334 ἀνὴρ,
703 3256 746 3311 εἷ
775 3254 860 3310 καί
887 3277 963 3317 τις
995 3254 1172 3322 ἄλλος,
1203 3258 1360 3337 ἀρετῇ
1399 3281 1456 3315 τε
1483 3258 1589 3338 θείᾳ
1617 3260 1703 3316 καὶ
1731 3260 1969 3339 φρονήσει
1997 3283 2078 3317 κε·

517 3341 844 3425 κοσμημένος
871 3365 883 3378 ·
912 3341 1001 3399 καὶ
1021 3343 1183 3423 τρήσας
1204 3348 1273 3410 ὡς
1295 3343 1454 3410 πολὺς
1482 3349 1620 3428 αὑτῷ
1647 3345 1795 3424 λόγος
1821 3349 2082 3417 κεκίνηται

516 3431 644 3511 πρὸς
679 3429 796 3497 τοὺς
829 3433 993 3491 ἐκεῖσε
1039 3438 1131 3504 τῆς
1181 3433 1410 3512 μεγάλης
1459 3437 1734 3503 ἐκκλησίας
1779 3436 2079 3514 ἱερωτάτους

519 3519 718 3600 ἄνδρας,
780 3516 860 3576 διὰ
915 3519 1007 3589 τὴν
1055 3521 1178 3600 πρὸς
1228 3522 1442 3602 Σέργιον
1486 3522 1535 3588 ἐξ
1585 3527 1749 3581 αὐτῶν
1803 3528 2080 3602 γραφεῖσαν

517 3605 814 3678 ἐπιστολὴν,
847 3606 966 3665 ὅτου
993 3609 1144 3687 χάριν
1169 3611 1255 3667 καὶ
1281 3614 1390 3674 πῶς
1421 3613 1550 3686 αὐτῇ
1592 3611 1840 3687 διερωτῶν
1868 3608 2079 3686 ἐνετάγη

514 3696 577 3756 τὸ
603 3694 655 3753 ἓν
698 3694 928 3770 θέλημα;
986 3697 1070 3753 καὶ
1116 3688 1266 3776 εὗραν
1307 3699 1644 3774 ἀσχαλῶντας
1677 3701 1727 3754 ἐν
1754 3697 1942 3778 τούτῳ,
1992 3698 2081 3756 καὶ

515 3779 982 3859 ἆπολογουῷνους,
1014 3783 1102 3840 καὶ
1128 3782 1255 3860 πρὸς
1297 3786 1467 3847 αὐτοῖς
1512 3781 1600 3839 τὸν
1627 3783 1818 3852 ταύτην
1848 3787 1898 3841 ἐν
1925 3784 2043 3842 λατί

515 3894 618 3936 νοις
636 3867 1076 3947 ὓπαγορεῦσαντα,
1096 3867 1231 3928 κατὰ
1266 3868 1500 3928 κέλευσιν
1528 3874 1681 3929 αὐτοῦ
1723 3871 1891 3952 κύριον
1919 3873 2078 3931 ἀϐϐᾶν

531 3957 769 4028 Ἰωάννην
805 3957 892 4014 τὸν
927 3954 1213 4034 ἁγιώτατον
1242 3956 1521 4034 σύμπονον,
1557 3961 1962 4042 ἰσχυριζόμενοι,
2007 3965 2077 4028 ὡς

515 4049 752 4118 οὐδαμῶς
781 4045 1051 4122 ἑπίμνησιν
1082 4048 1132 4103 ἐν
1161 4049 1290 4125 αὐτῇ
1309 4048 1370 4104 δι’
1398 4049 1613 4128 ἀριθμοῦ
1638 4050 1938 4122 πεποίηνται
1969 4051 2076 4116 ἐνὸς

513 4134 575 4193 τὸ
622 4133 860 4214 παράπαν
907 4133 1218 4209 θελήματος,
1252 4135 1414 4194 εἶκαὶ
1453 4143 1607 4196 τοῦτο
1651 4145 1738 4195 νῦν
1787 4138 2077 4210 ἀνεπλάσθη

513 4220 657 4304 παρὰ
673 4227 776 4282 τῶν
802 4221 996 4294 ταύτην
1024 4223 1441 4303 ἐρμηνευσάντων
1475 4229 1544 4290 εἷς
1578 4224 1672 4296 τὴν
1707 4227 1938 4285 Ἑλλάδα
1975 4249 2079 4307 φω-

513 4311 622 4384 νήν.
639 4309 776 4370 Οὔτε
801 4309 902 4386 μὴν
924 4308 1018 4380 τὴν
1042 4313 1244 4370 οἷανοῦν
1269 4312 1510 4392 κυρίωσιν
1529 4313 1563 4383 ἢ
1582 4313 1799 4384 ἐκϐολὴν
1826 4321 1919 4372 τοῦ
1939 4311 2077 4372 κατὰ

511 4399 574 4461 τὸ
601 4396 907 4480 ἀνθρώπινον
953 4405 1170 4481 φυσικοῦ
1198 4406 1291 4458 τοῦ
1321 4405 1557 4481 σωτῆρος
1605 4402 1912 4478 θελήματος,
1943 4399 2078 4458 ἀλλὰ

510 4496 606 4550 τοῦ
631 4490 744 4548 καθ’
774 4495 910 4565 ἡμᾶς
955 4488 1042 4546 καὶ
1087 4486 1486 4564 διαϐεϐλημένου
1533 4490 1729 4550 τελείαν
1779 4488 2075 4560 ἀποσκευὴν

511 4578 604 4638 καὶ
623 4577 900 4658 ἀναίρεσιν,
929 4574 1042 4635 καθ’
1074 4575 1102 4634 ὃ
1129 4576 1219 4634 καὶ
1247 4580 1275 4634 ὁ
1301 4575 1426 4654 πρὸς
1456 4571 1665 4648 ἄλληλα
1689 4583 1792 4637 τῶν
1815 4581 2075 4658 ὁμογενῶν

511 4656 806 4726 συνίσταται
853 4665 1099 4740 πόλεμος.
1144 4661 1316 4730 Δεῖξαι
1358 4662 1663 4743 βουλόμενος
1706 4666 1873 4738 πάσης
1922 4656 2075 4725 οὖσαν

511 4753 735 4833 καθαρὰν
761 4752 1012 4833 ἁμαρτίας
1045 4749 1140 4821 τὴν
1167 4753 1573 4832 προσληφθεῖσαν
1602 4754 1794 4836 σάρκα,
1823 4752 1956 4814 κατὰ
1981 4753 2076 4826 τὴν

509 4845 614 4902 τῶν
632 4840 926 4922 ἱερωτάτων
967 4839 1181 4917 λογίων,
1215 4839 1302 4898 καὶ
1327 4843 1429 4898 τῶν
1455 4847 1717 4923 πατρικῶν
1750 4840 2074 4920 διδαγμάτων

509 4928 807 5008 παράδοσιν.
833 4928 938 4987 Καὶ
964 4925 1222 5008 φαίνονταί
1246 4951 1358 4993 πως
1386 4925 1468 4986 διὰ
1489 4933 1592 4987 τῶν
1607 4933 1858 4990 τοιούτων
1874 4927 2074 5007 λόγων,

511 5014 820 5097 συνᾴδοντες-
828 5021 935 5097 τοῖς
963 5016 1148 5097 ἀρτίως
1191 5014 1470 5093 ἐξηγηθεῖσι
1498 5016 1637 5096 παρὰ
1657 5023 1749 5089 τῆς
1776 5021 1903 5095 ἐμῆς
1933 5018 2079 5078 οὐδε-

510 5095 642 5174 νίας,
667 5103 756 5161 καὶ
783 5095 886 5162 οῖον
913 5095 1353 5186 ἐπισφραγίζοντες
1379 5101 1471 5175 τὴν
1499 5095 1624 5187 ὑπὲρ
1658 5106 1906 5188 Ὁνωρίου
1930 5129 2076 5184 γενο-

513 5188 667 5270 μένην
687 5191 1012 5272 συνηγορίαν.

587 5461 771 5520 Ταῦτα
815 5464 937 5538 γοῦν
981 5458 1474 5538 ἆπολογησαμένους
1513 5459 1765 5542 διαγθοὺς,
1801 5457 2074 5541 ἐθαύμασα

509 5545 622 5609 λίαν
649 5550 818 5609 αὐτῶν
855 5545 950 5619 τὴν
975 5546 1257 5629 ἀκρίϐειαν,
1301 5545 1477 5630 ὥσπερ
1505 5538 1591 5608 οὖν
1608 5538 1721 5611 *καὶ
1742 5538 2090 5629 κατεπλάγην

1699 290 2057 350 ANASTASII
2097 290 2637 350 BIBLIOTHECARII
3695 301 3781 362 5Ἳὶ

2145 425 2205 483 Λ
2228 420 2527 492 fateamur,
2559 423 2630 480 ab
2659 423 2814 480 omni
2837 427 3064 494 peccato
3091 423 3263 480 Deum
3283 424 3508 482 liberum
3528 441 3634 484 esse
3657 433 3787 485 testa-

2229 517 2344 584 tur,
2387 514 2485 585 qui
2520 515 2831 571 secundum
2867 528 2968 570 nos
3001 519 3226 585 prOpter
3267 529 3364 571 nos
3393 516 3684 574 incarnatus
3707 526 3788 583 est,

2298 605 2365 660 Et
2399 609 2461 659 ut
2504 604 2840 674 compendio
2887 604 3096 674 dicam,
3149 618 3244 674 per
3300 617 3458 660 unam
3506 606 3789 663 voluntatem

2231 693 2409 749 solam
2440 693 2565 763 ejus
2595 693 2907 749 secundum
2935 705 3160 748 carnem
3193 693 3526 748 nativitatem
3552 709 3664 750 eum
3685 697 3795 754 divi.

2233 796 2360 838 nam
2389 782 2746 852 praecessisse
2775 782 3123 838 voluntatem
3151 781 3401 837 indicare
3437 783 3670 852 conjicio.
3719 785 3798 840 Per

2233 872 2289 927 id
2321 885 2450 927 vero
2483 872 2632 941 quod
2663 871 2767 942 ait,
2802 885 2911 927 non
2933 885 3055 926 esse
3079 870 3385 926 voluntatis
3407 871 3524 940 ejus
3544 871 3800 927 diversita-

2228 964 2360 1030 tem,
2393 960 2746 1016 contrarium
2768 959 2853 1014 vel
2878 973 3199 1031 repugnans
3219 958 3354 1029 quid
3379 972 3484 1014 non
3504 973 3618 1014 eum
3639 959 3801 1016 habere

2231 1047 2510 1120 perhibet,
2553 1049 2648 1105 sed
2680 1047 3022 1105 conveniens
3045 1052 3101 1104 et
3129 1061 3361 1118 prorsus
3376 1047 3587 1104 unitum
3613 1062 3671 1102 ex
3691 1053 3800 1103 toto.

2229 1139 2388 1194 Unde
2415 1152 2544 1194 cum
2569 1141 2819 1194 nostram
2852 1137 3080 1208 quidem
3114 1140 3373 1192 naturam
3422 1135 3490 1191 de
3532 1135 3806 1192 divinitatis

2230 1228 2522 1284 voluntate
2550 1227 2698 1284 dicit
2725 1231 3095 1297 assumptam,
3138 1225 3315 1282 unius
3339 1223 3654 1280 mentionem
3679 1221 3804 1278 facit.

2229 1318 2377 1375 Illud
2406 1321 2594 1374 autem
2629 1318 2777 1388 quod
2809 1315 3126 1373 introducit
3151 1332 3164 1369 ε
3199 1317 3320 1372 Νοη
3343 1317 3462 1370 veni
3475 1317 3636 1383 facere
3660 1313 3809 1368 volun-

2230 1413 2390 1463 tatem
2415 1424 2608 1470 meam,
2637 1408 2697 1463 in
2721 1407 2869 1464 medi
2897 1421 2971 1462 :m
3001 1405 3170 1462 verbo
3201 1404 3492 1477 praeponit,
3523 1403 3712 1459 omisso
3737 1416 3813 1457 nu-

2231 1510 2423 1552 mero:
2460 1499 2582 1554 Non
2613 1501 2769 1566 sunt,
2805 1497 3019 1568 inquit,
3054 1497 3172 1552 haec
3195 1495 3430 1550 diversa:
3456 1490 3754 1560 voluntatis,
3769 1489 3814 1544 id

2229 1590 2314 1641 est
2343 1585 2645 1642 contrariae
2669 1590 2841 1657 atque
2868 1583 3292 1641 adversatricis.
3334 1584 3415 1638 Ex
3443 1595 3549 1652 quo
3583 1580 3708 1636 duas
3742 1591 3818 1633 se-

2229 1675 2481 1745 cundum
2517 1681 2779 1732 naturam
2828 1675 3076 1731 existere
3119 1674 3177 1730 in
3230 1671 3512 1729 Salvatore
3551 1668 3820 1724 voluntates

2151 1749 2204 1810 Β
2233 1763 2532 1822 manifeste
2553 1764 2869 1837 colligitur.
2896 1764 2955 1820 Si
2979 1763 3132 1819 enim
3153 1761 3498 1818 contrariam
3519 1771 3620 1814 non
3638 1755 3818 1825 habuit,

2232 1853 2550 1911 naturalem
2601 1853 2806 1912 habuit
2835 1859 3105 1924 tanquam
3146 1852 3338 1907 homo.
3390 1848 3543 1919 Quod
3571 1846 3708 1903 enim
3733 1856 3822 1900 non

2229 1949 2316 2000 est
2339 1943 2717 2015 contrarium,
2744 1942 3006 2000 naturale
3031 1939 3286 2012 profecto
3315 1943 3419 1996 est.
3452 1939 3518 1993 Et
3546 1947 3690 1992 nemo
3711 1946 3826 1989 con-

2231 2033 2491 2090 tradicet.
2519 2032 2682 2089 Nihil
2707 2033 2920 2104 quippe
2953 2032 3013 2088 in
3041 2036 3248 2088 natura
3273 2028 3359 2084 vel
3392 2028 3450 2083 in
3475 2025 3562 2081 his
3587 2037 3699 2096 qua:
3719 2024 3826 2077 sunt

2231 2123 2542 2180 secundum
2575 2126 2857 2194 naturam,
2885 2127 2974 2178 est
3001 2120 3238 2177 omnino
3272 2116 3635 2174 contrarium.
3671 2111 3829 2166 Timor

2230 2225 2363 2284 ergo
2383 2217 2470 2268 est
2503 2211 2752 2284 Opinari,
2784 2211 2933 2282 quod
2975 2210 3034 2265 in
3059 2209 3186 2279 ejus
3214 2205 3446 2278 prOprie
3483 2216 3589 2259 non
3616 2206 3694 2257 est
3729 2211 3828 2254 ser-

2231 2302 2500 2360 monibus
2541 2302 2840 2372 scriptum,
2881 2306 2938 2356 et
2985 2299 3181 2355 moliri
3235 2294 3590 2352 adversarios
3631 2287 3830 2362 propriae

2229 2392 2526 2464 opinionis
2555 2395 2825 2462 tanquam
2857 2404 2969 2447 non
3005 2389 3166 2445 bona:
3205 2387 3279 2443 ad
3311 2385 3672 2442 velamentum
3700 2377 3830 2434 iHius

2228 2481 2341 2538 viri
2392 2480 2616 2537 litteras
2657 2478 3002 2549 faciendum,
3062 2475 3382 2533 secundum
3437 2477 3723 2539 utrumque
3754 2464 3834 2520 has

2230 2575 2434 2641 praeter
2475 2569 2638 2626 illius
2687 2569 3062 2624 intentionem
3111 2564 3262 2622 falso
3320 2561 3636 2620 referentes.
3679 2555 3834 2610 Advo-

2228 2664 2416 2716 catum
2436 2659 2649 2730 quippe
2667 2658 2836 2714 habet
2851 2657 3096 2714 rationis
3107 2668 3430 2713 sermonem
3444 2661 3655 2710 omnem
3667 2644 3838 2702 calum-

2229 2749 2474 2805 niatoris
2493 2748 2813 2820 abigentem
2839 2747 3156 2805 incursum.

2298 2840 2367 2894 Et
2395 2851 2497 2910 ego
2525 2838 2755 2910 quidem
2800 2837 2886 2893 sic
2915 2851 2975 2893 se
3019 2835 3183 2892 illius
3239 2834 3452 2891 habere
3497 2840 3711 2888 sensum
3735 2823 3840 2880 exi—

2228 2929 2422 3000 stimo,
2455 2927 2526 2983 ab
2546 2927 2702 2984 omni
2729 2926 3060 2996 suspicione
3091 2921 3425 2998 purgatum.
3457 2920 3744 2978 Certiorem
3765 2926 3841 2968 au-

2229 3023 2340 3075 tem
2366 3018 2509 3074 mihi
2534 3019 2686 3073 hunc
2702 3016 3104 3073 sanctissimus
3119 3014 3261 3072 fecit
3282 3012 3593 3086 presbyter,
3613 3003 3843 3063 dominus

2149 3095 2197 3156 C
2229 3108 2496 3166 videlicet
2517 3106 2856 3164 Anastasius
2880 3105 3056 3162 abbas
3076 3118 3108 3160 a
3141 3104 3367 3161 seniori
3400 3104 3574 3159 Roma
3601 3106 3837 3160 reversus,

2229 3200 2320 3257 vir
2339 3198 2564 3256 scilicet
2584 3194 3092 3266 imcomparabilis,
3114 3194 3451 3264 virtuteque
3471 3189 3660 3247 divina
3677 3191 3729 3241 et
3740 3195 3844 3254 pru-

2229 3289 2426 3348 dentia
2457 3291 2791 3345 venustatus
2819 3304 2832 3340 :
2863 3285 2962 3355 qui
2993 3295 3280 3350 asserens,
3302 3281 3455 3354 quod
3491 3277 3722 3336 multum
3743 3285 3846 3328 ser-

2232 3393 2452 3436 monem
2485 3377 2727 3434 moverit
2753 3375 2822 3432 ad
2846 3372 3274 3430 sacratissimos
3306 3383 3525 3444 magnae
3563 3367 3718 3424 illius
3755 3361 3846 3418 Ec—

2229 3468 2419 3526 clesite
2447 3468 2622 3536 viros,
2651 3470 2880 3537 propter
2908 3461 3206 3534 epistolam
3239 3476 3370 3534 quae
3411 3461 3483 3517 ab
3503 3473 3568 3515 eo
3593 3455 3760 3512 fuerat
3793 3448 3846 3537 ad

2227 3557 2487 3628 Sergium
2533 3536 2768 3625 scripta,
2803 3556 3140 3625 percontans
3180 3553 3357 3623 cujus
3410 3549 3495 3605 rei
3549 3544 3738 3620 gratia,
3780 3536 3848 3628 vel

2233 3627 2482 3720 qualiter
2514 3646 2572 3700 in
2599 3658 2662 3700 ea
2693 3645 2907 3701 inserta
2938 3641 3116 3700 fuerit
3136 3656 3251 3699 una
3271 3641 3568 3709 voluntas,
3594 3642 3648 3693 et
3670 3627 3854 3690 invenit

2233 3737 2562 3792 haesitantes
2606 3735 2665 3790 in
2698 3734 2824 3805 hoc,
2856 3738 2912 3790 et
2941 3733 3220 3790 rationem
3255 3732 3601 3797 reddentes;
3654 3725 3854 3788 insuper

2229 3832 2460 3898 etcum,
2494 3825 2595 3897 qui
2629 3825 2773 3882 hanc
2805 3838 2904 3896 per
2923 3824 3242 3895 jussionem
3265 3823 3400 3892 ejus
3431 3816 3652 3876 Latinis
3674 3813 3858 3869 tracta—

2229 3916 2378 3971 verit
2405 3913 2782 3985 dictionibus,
2809 3913 3108 3970 dominum
3132 3911 3414 3968 videlicet
3437 3907 3693 3966 abbatem
3709 3901 3857 3985 Joanf

2231 4019 2356 4062 nem
2407 3979 2839 4061 sanctissimum
2879 4014 3216 4074 symponum
3241 4008 3266 4037 ι
3291 3999 3699 4060 afﬁrmantem,
3733 3979 3857 4060 quod

2230 4094 2561 4152 nullomodo
2581 4092 2923 4149 mentionem
2939 4092 2998 4148 in
3024 4105 3090 4147 ea
3107 4105 3205 4162 per
3226 4103 3542 4148 numerum
3562 4084 3694 4142 fecit
3713 4075 3859 4135 unius

2228 4181 2576 4240 omnimodis
2606 4181 2920 4238 voluntatis
2953 4198 2966 4234 :
3000 4180 3135 4237 licet
3164 4178 3273 4236 hoc
3306 4192 3468 4239 nunc
3497 4178 3580 4234 sit
3605 4175 3785 4232 ﬁctum
3806 4163 3861 4222 ab

2231 4274 2324 4329 his
2355 4273 2454 4345 qui
2487 4272 2632 4328 hanc
2661 4271 2720 4327 in
2767 4272 3018 4327 Graecam
3057 4282 3250 4326 vocem
3308 4265 3677 4340 interpretati
3732 4262 3858 4318 sunt.

2228 4364 2436 4420 Verum
2463 4376 2564 4418 nec
2586 4359 2900 4432 quamlibet
2919 4359 3379 4417 exinanitionem
3401 4357 3491 4414 vel
3523 4352 3864 4414 abolitionem

2234 4451 2517 4509 naturalis
2547 4451 2859 4507 secundum
2899 4449 3317 4506 humanitatem
3359 4445 3680 4504 Salvatoris
3701 4439 3869 4496 volun-

2231 4542 2388 4612 tatis,
2421 4539 2516 4596 sed
2543 4540 2669 4608 ejus
2694 4552 2819 4610 quae
2849 4544 3043 4596 nostra
3070 4542 3176 4609 est,
3207 4542 3267 4593 et
3292 4536 3545 4607 reproba
3573 4532 3736 4602 facta,
3770 4537 3869 4597 per-

2230 4631 2433 4688 fectam
2462 4629 2835 4700 dejectionem
2883 4635 2940 4686 et
2970 4628 3503 4698 interemptionem.
3547 4626 3714 4681 Juxta
3741 4613 3866 4688 Quod

2229 4726 2287 4778 et
2317 4721 2376 4777 in
2407 4720 2646 4777 invicem
2673 4733 2870 4776 eorum
2888 4731 3014 4788 quae
3036 4717 3214 4774 unius
3235 4716 3474 4788 generis
3492 4704 3871 4770 suntefticitur

2229 4810 2462 4867 bellum.
2515 4808 2822 4866 Ostendere
2877 4807 3092 4878 volens,
3141 4805 3212 4862 ab
3268 4805 3438 4861 omni
3502 4815 3628 4859 esse
3674 4796 3873 4869 peccato

2232 4901 2499 4958 mundam
2517 4903 2866 4970 assumptam
2879 4909 3128 4967 carnem,
3144 4896 3470 4952 secundum
3486 4885 3876 4970 sacratissimo-

2233 5006 2360 5048 rum
2389 4969 2749 5062 eloquiorum
2774 4993 2832 5044 et
2870 4992 3232 5058 paternarum
3261 4983 3677 5041 doctrinarum
3711 4969 3878 5032 tradi-

2229 5081 2462 5137 tionem.
2516 5081 2586 5136 Et
2627 5083 2860 5150 apparet
2898 5077 3150 5148 qualiter
3197 5073 3548 5145 hujusmodi
3614 5071 3878 5150 sermones

2227 5169 2466 5227 concine
2509 5173 2594 5225 tes
2623 5149 2890 5224 sintcum
2923 5167 3018 5222 his
3047 5179 3175 5236 quae
3200 5163 3372 5221 modo
3404 5167 3554 5219 sunt
3582 5159 3657 5217 ab
3686 5149 3882 5224 exigui-

2226 5265 2342 5315 tate
2371 5270 2494 5314 mea
2534 5258 2790 5328 recitata,
2824 5263 2881 5314 et
2925 5255 3102 5312 veluti
3135 5252 3561 5326 astipulatores
3596 5248 3757 5306 factae
3796 5249 3880 5311 pro

2225 5347 2476 5406 Honorio
2505 5346 2874 5405 defensionis.

2296 5442 2433 5512 Ego,
2459 5438 2644 5511 {cum
2667 5437 2786 5494 haec
2813 5437 2944 5509 {ille
2965 5432 3400 5509 ﬁratiocinando
3480 5423 3881 5502 respondisset,

2227 5529 2472 5588 miratus
2497 5542 2624 5586 sum
2673 5527 2886 5599 Oppido
2915 5537 3262 5598 cognoscens
3299 5519 3710 5579 subtilitatem
3757 5513 3889 5584 ipso-

2299 5630 2330 5663 α
2355 5621 2470 5678 Hoc
2489 5624 2576 5676 est
2589 5619 3046 5674 collaboratorem.
