4034 6158
219 304 325 364 573

904 302 1408 361 COLLECTANEA.
1451 335 1522 346 —
1571 307 1670 364 EX
1716 307 1925 364 EPIST.
1969 307 2022 364 S.
2085 306 2348 364 MAXIMI
2383 307 2476 364 AD
2513 308 2790 365 PETRUM
2830 311 2954 367 ILL.

3529 309 3636 371 574

217 450 231 455 ’
269 448 367 523 τὴν
392 448 704 542 πανουργίᾳν
739 453 843 513 τῶν
1084 426 1398 536 τολμώντων
1431 457 1556 542 ὓπὲρ
1600 458 1710 527 ἑνὸς
1741 468 1836 525 τοῦ

1979 451 2128 508 rum,
2159 442 2216 492 et
2239 436 2512 506 obstupui
2544 437 2962 507 quodammodo
2987 451 3160 507 super
3190 440 3406 496 astutia
3437 455 3632 500 eorum

269 542 506 613 διακενῆς
539 540 762 620 ἀσεϐεῖν,
793 541 882 602 καὶ
913 539 1184 620 θελόντων,
1214 547 1284 612 ὡς
1318 543 1431 614 ἔθος
1461 539 1631 615 αὖέοῖς
1672 549 1835 612 πάλαι

268 628 359 716 xui
383 634 490 706 νῦν,
520 631 876 709 παρωιλοπαῖς
917 654 1022 691 τισι
1067 632 1156 692 καὶ
1180 633 1553 716 παρεξηγῆσεσι
1578 635 1697 706 τοὺς
1743 643 1835 701 ἐκ·

269 714 447 809 θιίμιυς
499 719 618 809 καθέ
657 722 824 809 ὠτῷν
872 714 1304 799 ἀγωνιζομένους,
1363 721 1423 782 τό
1473 749 1536 804 γε
1585 726 1725 809 παρὰ
1772 728 1835 789 τὸ

267 803 430 878 εἰκός,
479 808 551 872 εἷς
599 804 809 872 ἑαυτοὺς
838 809 1165 884 ἐπισπᾶσθαι,
1213 809 1412 870 καὶτὸν
1437 803 1555 872 νοῦν
1596 803 1832 900 σφέτερί-

225 963 231 967 ,
267 897 445 962 ζεσθαι
465 895 718 973 μηδαμῶς
737 894 1100 974 συνεπόμενον.
1121 899 1427 978 Ἀναγκαίως
1456 891 1542 959 οὖν
1568 891 1659 964 καὶ
1676 891 1832 967 ref/ro

266 986 449 1059 μαθῶν
500 982 770 1055 δεδήλωκά
817 1008 920 1058 σοι,
974 984 1243 1063 θεοτίμητε
1286 985 1484 1068 Πάτερ,
1530 993 1600 1057 ὡς
1646 991 1707 1050 ἂν
1750 994 1833 1055 διὰ

263 1069 478 1157 πάντων
507 1071 818 1152 φραξάμενος
845 1072 983 1153 ἔχοις
1009 1072 1148 1141 ὅπως
1169 1074 1443 1157 διαχρούσῃ
1465 1081 1567 1137 τῶν
1595 1082 1830 1145 ἐναντίων

264 1156 356 1225 τὰς
383 1161 680 1240 φάλαγγας,
710 1159 850 1242 λόγῳ
875 1186 931 1220 τε
952 1161 1156 1241 βάλλων
1183 1165 1380 1230 εὖτόνος
1405 1156 1492 1224 καὶ
1508 1167 1677 1228 πίστει
1697 1172 1833 1233 κατὰ

263 1247 457 1328 κράτος
482 1253 782 1329 ὓπερνικῶν,
808 1247 958 1323 δόξαν
977 1275 1035 1309 τε
1054 1249 1146 1322 τὴν
1163 1259 1254 1311 τοῦ
1269 1255 1322 1310 Μ
1330 1245 1590 1332 ονογενοῦς
1612 1261 1830 1325 ἐντεῦθεν

266 1339 336 1401 εἰς
364 1335 647 1418 ἆνάῤῥησιν
676 1335 834 1416 ἔχων,
859 1339 944 1398 καὶ
966 1338 1188 1420 διάδημα
1214 1339 1307 1415 τὴν
1334 1347 1488 1402 αὐτοῦ
1517 1344 1651 1404 κατὰ
1679 1347 1829 1428 χάριν

264 1424 530 1484 κοινωνίαν
559 1425 650 1484 καὶ
681 1425 882 1490 ἕνωσιν.

1982 527 2080 598 qui
2114 541 2215 597 pro
2249 540 2362 582 uno
2394 525 2606 581 frustra
2654 527 2846 582 omnia
2878 540 3070 598 gerere
3112 528 3288 598 impie
3338 532 3552 586 audent
3579 538 3637 589 et

1978 617 2196 687 volunt,
2227 616 2479 671 sicuteis
2494 614 2565 670 ab
2582 615 2720 670 olim
2745 616 2922 671 moris
2947 622 3004 671 et
3023 629 3175 672 nunc
3191 623 3293 688 est,
3319 618 3556 675 furtivis
3579 626 3637 677 et

1978 703 2141 761 falsis
2172 704 2626 773 narrationibus,
2650 718 2741 760 eos
2769 705 2869 775 qui
2897 711 3094 761 contra
3115 720 3173 761 se
3196 708 3636 778 magnanimiter

1974 795 2295 866 agonizant,
2326 793 2538 866 taliter,
2579 794 2721 864 quin
2770 799 2826 849 et
2851 792 3066 864 absque
3097 795 3253 850 omni
3299 795 3523 852 ratione
3559 797 3630 854 ad

1975 899 2034 940 se
2066 885 2221 955 ipsos
2250 884 2568 954 aotrahere,
2600 889 2656 938 et
2675 897 2906 938 sensum
2941 881 3227 946 fraudare,
3261 886 3362 956 qui
3412 899 3472 941 se
3512 886 3636 943 nul-

1976 974 2198 1030 latenus
2223 973 2506 1043 sequitur.
2543 973 2873 1027 Necessario
2912 985 3047 1043 ergo
3093 977 3148 1028 et
3179 972 3284 1028 hoc
3323 987 3451 1030 cum
3483 974 3637 1031 didi-

1974 1065 2199 1134 cissem,
2231 1061 2550 1133 signiﬁcavi
2589 1061 2698 1116 tibi
2730 1061 2986 1128 domino,
3030 1061 3390 1119 honorabilis
3447 1060 3631 1136 Pater,

1975 1158 2258 1226 quatenus
2288 1165 2386 1222 per
2411 1151 2606 1206 omnia
2645 1151 2925 1221 munitus,
2961 1150 3170 1207 habeas
3201 1151 3453 1222 qualiter
3485 1153 3633 1210 inse-

1975 1242 2175 1314 quaris
2195 1241 2652 1297 adversariorum
2680 1239 2989 1311 phalanges
3012 1239 3328 1311 :verboque
3352 1241 3634 1300 indefesse

1970 1335 2211 1405 jaciens,
2238 1337 2296 1387 ct
2327 1331 2435 1386 ﬁde
2468 1334 2725 1399 potenter
2752 1343 3048 1399 superans,
3082 1329 3443 1401 gloriamque
3497 1332 3633 1388 hinc

1976 1421 2271 1494 Unigeniti
2307 1421 2365 1476 in
2399 1418 2750 1490 praeconium
2793 1418 3026 1486 habens,
3060 1423 3116 1474 et
3143 1418 3407 1475 diadema
3456 1420 3632 1490 hujus

1981 1529 2138 1572 mmu
2207 1511 2436 1568 nionem
2461 1524 2559 1580 per
2585 1508 2829 1582 gratiam
2861 1512 2917 1563 et
2942 1507 3242 1564 unitatem.

299 1640 3594 1667 Μ

1477 1780 2391 1918 DIFFLOBATIO

288 2105 854 2226 EPISTULA
893 2105 1424 2225 EJUSDEM
1477 2106 1568 2225 S.
1623 1997 2078 2222 MAXEII
2138 2101 2290 2220 AD
2335 2098 2822 2218 PETRUM
2877 2096 3556 2216 ILLUSTREM

217 2300 351 2368 Ubi
397 2301 650 2389 Pyrrhi
683 2306 749 2367 et
781 2301 1000 2368 sancti
1031 2301 1402 2387 Sophronii
1430 2300 2038 2386 Hierosolymitani
2071 2297 2401 2383 episcopi,
2427 2301 2631 2380 atque
2662 2314 2856 2381 papae
2879 2291 3165 2360 Honorii
3201 2292 3628 2360 mentionem

1298 2390 1486 2472 facit,
1532 2391 1629 2457 ita
1668 2396 1821 2474 post
1851 2390 2084 2478 aliqua
2125 2391 2551 2474 prosecutus.

283 2589 509 2645 Vestris
540 2587 933 2644 laudabilibus
965 2587 1202 2660 syllabis
1223 2597 1252 2629 ει
1273 2589 1547 2660 dignatus
1567 2601 1627 2644 es
1657 2587 1874 2659 signiﬁ-
1905 2586 1957 2648 B
1984 2589 2084 2660 qui
2115 2589 2424 2659 prudenter
2451 2587 2646 2644 divina
2671 2586 2971 2658 perdocuit
3001 2589 3058 2642 et
3089 2584 3421 2655 prtedicavit
3447 2582 3632 2640 Eccle-

209 2691 341 2733 care
375 2678 622 2750 indigno
652 2691 812 2734 servo
853 2683 950 2734 tuo
993 2684 1221 2748 pr0pter
1264 2676 1523 2733 abbatem
1567 2677 1867 2748 Pyrrhum.

207 2769 278 2822 Et
333 2772 459 2836 post
501 2783 685 2837 pauca
718 2787 729 2822 :
765 2769 834 2822 Et
889 2767 1147 2823 futurum
1183 2765 1431 2837 profecto
1462 2771 1628 2838 esset,
1673 2770 1736 2822 ut
1769 2765 1871 2821 hac

209 2855 360 2912 forte
392 2870 498 2927 pro
524 2869 699 2912 causa
729 2858 798 2913 ad
832 2857 1290 2929 redargutionem
1327 2857 1490 2912 illius
1505 2861 1561 2911 et
1589 2856 1867 2926 omnium,

211 2947 312 3017 qui
331 2946 652 3002 secundum
674 2947 838 3002 illum
860 2946 1095 3017 impiam
1115 2947 1458 3003 novitantem
1478 2951 1768 3001 sectantur
1789 2945 1874 3001 in-

207 3033 565 3107 differenter,
598 3036 668 3091 ad
701 3035 985 3090 divinitus
1008 3036 1390 3091 conservanda
1408 3039 1506 3090 tua
1527 3039 1582 3090 et
1615 3032 1874 3089 famosis-

208 3125 355 3178 sima
381 3124 629 3196 vestigia
662 3138 1039 3194 properarem.
1075 3126 1372 3194 Quatenus
1401 3124 1617 3180 scirent
1650 3136 1864 3189 omnes,

209 3214 312 3284 qui
331 3213 548 3268 secund
562 3227 653 3268 um
671 3227 769 3269 vos
789 3214 1020 3283 pietatis
1037 3219 1482 3284 suntamatores,
1505 3213 1736 3268 illorum
1756 3226 1872 3268 una

208 3316 340 3358 cum
368 3302 528 3357 omni
564 3316 798 3371 prorsus
824 3302 1076 3373 inscitia,
1109 3303 1662 3374 impietatisquoque
1679 3315 1872 3372 super-

209 3392 382 3446 fluam
415 3390 852 3446 abundantiam.
887 3393 990 3447 Sed
1026 3392 1196 3447 timui
1224 3405 1293 3447 ne
1328 3398 1559 3461 putarer
1585 3395 1744 3446 extra
1771 3405 1873 3447 sa-

207 3493 304 3535 cra
337 3480 658 3550 quidquam
686 3493 851 3552 agere
897 3482 1050 3550 jura,
1113 3486 1316 3551 pra-ter
1357 3481 1705 3538 voluntatem
1765 3480 1871 3536 hoc

208 3565 433 3624 faciens
479 3569 861 3624 sanctissima:
892 3570 1046 3625 sedis
1102 3569 1546 3640 apostolicorum
1593 3569 1867 3638 virorum,

213 3658 316 3728 qui
344 3658 673 3713 universam
695 3657 1110 3728 plenitudinem
1130 3658 1425 3714 catholica:
1443 3657 1707 3714 Ecclesiae
1732 3657 1873 3712 bene

214 3746 466 3816 ducunt,
504 3751 560 3801 et
583 3745 839 3802 ordinate
869 3747 1181 3803 secundum
1207 3748 1462 3802 divinam
1495 3747 1671 3818 legem
1702 3747 1874 3802 dedu-

207 3841 367 3890 cunt.
397 3835 682 3903 Quoniam
718 3834 822 3890 hac
861 3835 1059 3891 divina
1089 3835 1358 3892 videlicet
1392 3837 1512 3908 lege
1549 3836 1874 3893 consistunt

1982 2678 2083 2734 sia:
2111 2677 2407 2734 catholicae
2432 2677 2714 2750 dogmata,
2749 2691 2808 2732 se
2839 2676 2900 2730 in
2924 2688 3174 2730 errorem
3230 2673 3473 2729 movisse
3525 2671 3632 2729 hac

1983 2767 2229 2837 illacque
2258 2772 2580 2824 susurrant.
2613 2769 2684 2822 Et
2703 2771 2824 2836 post
2841 2765 3188 2836 pauxillum:
3216 2762 3461 2819 Divinus
3476 2761 3630 2817 enim

1979 2857 2356 2928 Sophronius,
2408 2861 2472 2913 ut
2501 2857 2614 2926 ipsi
2665 2855 2976 2926 testamini,
3037 2851 3505 2920 laudabilissimi,
3570 2851 3630 2906 in

1978 2945 2245 3002 Afrorum
2261 2947 2493 3018 regione
2524 2960 2741 3001 mecum
2773 2950 2830 3000 et
2859 2959 2986 3001 cum
3011 2943 3280 3000 omnibus
3312 2939 3631 3014 peregrinis

1981 3035 2275 3090 monachis
2306 3048 2493 3090 moras
2521 3035 2740 3107 agebat,
2761 3048 2891 3090 cum
2924 3034 3035 3104 ipsi
3075 3030 3475 3104 perversitates
3499 3030 3630 3086 illas

1980 3122 2325 3179 fabricarent
2350 3123 2622 3179 adversus
2653 3135 2863 3179 omnes.
2898 3124 2969 3177 Et
2979 3125 3105 3192 post
3121 3121 3336 3191 pusilla
3365 3138 3378 3173 :
3414 3121 3482 3175 Et
3510 3124 3632 3175 erat

1980 3212 2209 3282 quidem
2257 3213 2462 3269 domus
2485 3212 2741 3267 omnium
2776 3225 2873 3282 per
2896 3211 3150 3268 divinam
3177 3208 3542 3265 concordiam
3573 3213 3631 3264 et

1981 3302 2417 3358 unanimitatem
2453 3303 2510 3356 in
2535 3315 2710 3357 unum
2740 3301 2840 3356 Dei
2866 3299 3084 3356 favente
3107 3298 3293 3372 gratia
3325 3297 3386 3353 in
3408 3297 3632 3354 univer-

1980 3391 2168 3461 sitate,
2203 3405 2327 3461 quae
2357 3390 2464 3446 sub
2489 3390 2607 3446 sole
2635 3389 2921 3460 consistit,
2954 3387 3186 3458 paciﬁca
3228 3390 3284 3442 et
3313 3384 3629 3455 tranquilla

1981 3479 2090 3535 ﬁde
2122 3480 2364 3536 munitis
2395 3479 2683 3536 Ecclesiis.
2733 3479 2800 3534 Hi
2844 3491 2995 3544 vero,
3044 3475 3145 3546 qui
3181 3477 3382 3531 horum
3416 3473 3630 3528 invide-

1980 3569 2118 3626 bant
2146 3570 2554 3640 consonantiae,
2585 3582 2652 3624 ac
2675 3569 2734 3624 in
2750 3567 3041 3624 Christum
3060 3566 3237 3620 Deum
3256 3561 3625 3632 confessioni,

1981 3659 2157 3715 veluti
2187 3659 2486 3729 quamdam
2518 3657 2890 3730 caliginosam
2924 3655 3150 3724 nubem,
3195 3657 3252 3709 et
3293 3652 3626 3709 stridentem

1979 3748 2065 3802 vel
2094 3761 2314 3819 gravem
2349 3749 2584 3803 ﬂuctum
2619 3747 2794 3803 maris
2844 3759 2910 3801 ac
2952 3743 3343 3812 barbarorum,
3403 3739 3630 3796 nemine

1985 3835 2087 3892 hos
2120 3842 2394 3909 movente,
2427 3850 2595 3907 quam
2622 3836 2744 3892 solo
2765 3835 3019 3891 daemone
3044 3831 3396 3890 turbationis
3422 3829 3627 3900 amico,

205 3924 467 3980 caelestia
500 3929 556 3978 et
593 3925 907 3996 terrestria,
947 3929 1002 3980 et
1031 3929 1253 3995 oportet
1310 3925 1380 3979 ab
1410 3939 1473 3980 ea
1514 3938 1870 3996 nequaquam
1904 3918 1951 3980 C
1982 3925 2082 3995 qui
2117 3939 2294 3997 genus
2337 3927 2648 3982 humanum
2683 3925 2752 3980 ad
2785 3925 3136 3980 simultatem
3189 3919 3518 3990 concitavit,
3547 3932 3630 3976 re-

201 4014 556 4085 exorbitare,
590 4014 685 4070 sed
730 4029 854 4085 quze
898 4021 1035 4070 sunt
1082 4015 1278 4071 divina
1329 4016 1645 4071 secundum
1695 4017 1870 4070 Deum

205 4117 371 4174 agere
408 4101 566 4173 illos,
602 4103 701 4172 qui
734 4109 925 4159 sancte
955 4104 1268 4159 secundum
1300 4118 1399 4160 vos
1429 4104 1615 4159 vivere
1659 4117 1874 4174 propo—

205 4193 438 4248 suerint
469 4209 483 4245 :
521 4200 804 4262 quatenus
834 4197 890 4248 et
913 4193 1091 4249 Deum
1123 4197 1409 4265 gestorum
1440 4193 1684 4249 habeant
1712 4205 1873 4248 cura-

205 4286 414 4352 torem,
448 4285 505 4335 et
531 4281 656 4336 sine
686 4295 954 4337 successu
990 4283 1386 4352 receptionem.
1421 4281 1720 4352 Quoniam,
1779 4281 1871 4337 fa-

203 4369 542 4426 mosissime
562 4370 811 4440 domine,
849 4371 1004 4440 pejor
1035 4371 1128 4426 his
1153 4375 1257 4441 est,
1283 4371 1432 4440 quod
1466 4375 1521 4425 et
1545 4375 1705 4425 antea
1739 4370 1873 4430 inti-

201 4459 379 4528 mavi,
441 4458 616 4513 etiam
666 4457 737 4512 ab
780 4459 1040 4528 antiquis
1093 4458 1381 4513 hazreticis
1435 4471 1575 4513 nova
1632 4457 1770 4513 ﬁdes
1817 4465 1873 4515 et

198 4547 522 4617 expositio.
557 4548 711 4602 Hanc
740 4547 892 4601 enim
933 4547 1130 4602 multis
1161 4547 1373 4618 quibus
1403 4548 1735 4617 perduravit
1762 4560 1874 4601 an-

200 4637 298 4691 nis
332 4638 395 4692 in
431 4637 769 4706 episcopatu
798 4635 865 4690 ad
901 4635 1418 4692 manifestationem
1449 4636 1699 4707 reproba':
1725 4646 1874 4694 men-

203 4727 282 4781 tis
344 4740 470 4782 sum
515 4721 664 4794 (nam
712 4727 862 4781 Deus
892 4729 949 4781 et
976 4726 1044 4781 ad
1107 4727 1380 4796 nequitiae
1425 4727 1869 4797 pr0palationem

200 4829 358 4884 saepe
417 4814 578 4869 novit
634 4813 1042 4884 longanimiter
1109 4815 1434 4871 sustinere:
1470 4829 1581 4870 non
1624 4819 1686 4871 ut
1726 4817 1871 4872 hanc

1983 4019 2146 4084 pente
2201 4021 2398 4071 contra
2446 4029 2631 4072 veram
2688 4015 3147 4072 Christianorum
3215 4013 3380 4069 ﬁdem
3428 4021 3628 4067 novam

1980 4105 2445 4176 excogitaverunt
2473 4105 2767 4161 ecthesim.
2801 4105 3014 4160 Deinde
3054 4103 3369 4160 sententias
3416 4113 3518 4172 pro
3543 4113 3628 4170 ea,

1980 4198 2036 4248 et
2064 4194 2507 4264 compositiones
2534 4193 2798 4264 injustas.
2833 4193 2974 4247 Dein
3005 4193 3262 4249 actiones
3304 4201 3630 4246 monumen-

1981 4290 2167 4340 torum
2234 4284 2447 4340 Deinde
2495 4283 2738 4354 synodos
2791 4281 3174 4351 latrocinales,
3220 4286 3277 4336 et
3314 4290 3630 4335 concursus

1979 4373 2375 4442 episcoporum
2403 4386 2511 4428 non
2540 4375 2667 4430 voto
2697 4372 3178 4442 convenientium,
3214 4370 3310 4426 sed
3355 4366 3631 4424 violentia

1980 4466 2423 4533 contractorum,
2459 4476 2569 4518 non
2608 4460 3007 4518 exhortatione
3039 4459 3489 4530 properantium,
3531 4456 3625 4511 sed

1981 4563 2047 4605 ex
2075 4548 2207 4620 fuga
2245 4550 2614 4606 barbarorum
2668 4565 2897 4623 peregre
2936 4546 3438 4621 proﬁciscentium.
3485 4544 3630 4599 Dein

1976 4640 2268 4709 jussiones
2296 4645 2353 4696 et
2383 4641 2569 4696 minas
2610 4642 2721 4698 huc
2771 4646 2942 4714 atque
2996 4639 3137 4697 illuc
3183 4638 3455 4694 adversus
3502 4635 3632 4707 pios

1981 4729 2366 4785 transmissas.
2410 4733 2548 4786 Nam
2580 4745 2710 4786 eum
2755 4732 2854 4802 qui
2888 4736 3023 4787 tunc
3064 4727 3398 4799 imperabat,
3442 4725 3635 4797 sophi-

1981 4819 2124 4874 stice
2165 4819 2502 4876 muneribus
2546 4821 2603 4875 in
2649 4821 2981 4876 servitutem
3026 4819 3365 4890 redigentes.
3409 4819 3478 4871 Et
3506 4821 3633 4887 post

206 4903 561 4974 ampliorem
586 4915 686 4973 per
709 4902 974 4958 inducias
992 4904 1208 4971 reddat,
1238 4905 1334 4960 sed
1380 4910 1444 4960 ut
1467 4905 1608 4960 hanc
1637 4906 1874 4975 amplio—
1896 4896 1951 4956 D
1974 4925 2160 4978 pauca
2187 4924 2200 4961 :
2236 4910 2314 4965 Ex
2346 4910 2582 4980 proprio
2605 4910 2833 4966 nomine
2858 4910 2982 4966 viro
3013 4907 3288 4964 ecthesim
3321 4906 3631 4977 producere

198 5007 321 5047 rem
371 4991 578 5046 factam
622 4992 842 5060 justius
899 4993 1120 5065 puniat)
1166 4993 1430 5049 decessor
1468 4994 1690 5064 quidem
1745 4998 1870 5067 ejus

201 5081 393 5151 impie
422 5081 480 5134 in
502 5085 666 5136 utero
682 5079 867 5149 aluit,
885 5081 993 5136 iste
1014 5095 1144 5138 vero
1167 5083 1347 5154 magis
1371 5069 1543 5153 impie
1564 5085 1780 5155 genuit.
1804 5087 1873 5142 Et

200 5184 422 5226 rursus
454 5169 802 5240 posteriores
831 5169 1034 5225 horum
1078 5172 1138 5226 in
1178 5177 1562 5242 contemptum
1605 5174 1874 5230 excolunt

201 5258 570 5314 divinitatis.
607 5259 674 5311 Et
701 5259 871 5327 paulo
894 5263 1057 5328 post:
1099 5262 1167 5315 Et
1224 5260 1370 5332 quod
1403 5261 1591 5317 adhuc
1620 5263 1871 5321 deterior

205 5349 335 5404 illis
367 5354 459 5402 est
481 5360 624 5415 mos,
649 5351 706 5400 et
727 5346 903 5402 veluti
926 5349 1172 5417 speciale
1193 5351 1446 5406 omnium
1477 5364 1869 5420 perversorum

206 5437 625 5492 haereticorum
651 5435 955 5508 indicium,
977 5437 1112 5507 quia
1133 5444 1189 5493 et
1218 5454 1334 5495 suae
1355 5440 1540 5511 ipsius
1559 5440 1872 5512 impietatis

205 5524 521 5595 obnoxios,
546 5523 888 5580 describunt
916 5525 1203 5599 innoxios,
1221 5529 1604 5599 Sophronium
1636 5533 1868 5606 quippe,

279 5625 303 5651 ³
329 5613 645 5679 Συλλαϐοιῖς
665 5613 770 5668 Pro
793 5615 1008 5669 litteris.

1983 5004 2409 5068 persuaserunt.
2449 5000 2620 5054 Paulo
2643 5003 2802 5068 post:
2831 5000 2920 5054 Fit
2955 5003 3144 5054 autem
3188 4998 3390 5053 horum
3440 4993 3633 5051 inimi-

1980 5101 2082 5143 cus
2105 5088 2319 5158 pariter
2346 5093 2402 5144 et
2428 5087 2710 5160 defensor,
2751 5101 2822 5144 an
2865 5089 3059 5160 potius
3095 5087 3462 5144 asserendum
3514 5085 3636 5142 fau'

1983 5181 2071 5231 tor
2091 5182 2148 5232 et
2175 5183 2474 5234 accusator
2505 5179 2707 5234 horum
2761 5178 3067 5250 publicans
3097 5185 3499 5252 argumentum
3532 5195 3545 5232 :
3576 5183 3632 5235 et

1984 5265 2345 5323 innotescens
2371 5269 2519 5339 quod
2546 5269 2667 5339 ipse
2694 5282 3050 5340 nequaquam
3085 5285 3154 5327 ex
3183 5283 3244 5327 se
3291 5267 3467 5327 fuerit
3522 5281 3636 5324 mo-

1983 5357 2095 5425 tus,
2124 5356 2219 5410 sed
2244 5356 2314 5412 ab
2346 5357 2468 5414 illis
2514 5364 2762 5415 coactus.
2801 5359 3204 5429 impiissimam
3223 5357 3421 5414 fecerit
3449 5359 3631 5413 ecthe-

1981 5443 2090 5497 sim
2119 5445 2178 5500 in
2205 5447 2440 5517 scriptis
2467 5462 2568 5518 pro
2601 5461 2662 5504 se
2692 5449 2817 5518 ipso
2848 5448 2966 5504 haec
3011 5449 3228 5514 dicens,
3270 5451 3325 5503 et
3350 5447 3625 5502 rationem

1983 5532 2223 5590 reddens
2249 5535 2453 5592 Joanni
2485 5543 2695 5594 sanctae
2719 5538 3004 5594 memoriae
3031 5537 3316 5606 quondam
3344 5547 3499 5604 papa:
3547 5547 3630 5589 se-
