4034 6158
420 293 526 354 575

1661 288 2016 348 ANASTASII
2067 285 2374 344 BIBLIOTH
2383 285 2606 344 ECARII

3732 289 3833 347 576

425 421 611 478 nioris
639 420 842 475 Romae.
878 420 947 474 Et
973 424 1099 490 post
1133 421 1450 490 pauxillum
1495 439 1511 474 :
1557 419 1914 476 Convincunt
1965 429 2072 471 au-
2102 410 2162 470 Α
2185 425 2302 483 eos,
2331 413 2431 483 qui
2459 410 2737 484 Pyrrhum
2767 411 3232 482 reprobaverunt,
3261 410 3728 482 anathematizat,
3759 427 3834 468 se-

425 516 537 567 tem
587 509 829 579 seipsos,
881 509 1030 579 quod
1079 508 1176 564 isti
1227 509 1388 565 valde
1428 508 1724 564 manifeste
1773 505 2074 562 fortissimi

425 599 572 655 hanc
603 598 862 660 fecerint,
889 602 946 654 et
972 598 1302 654 nullatenus
1333 599 1451 654 ille.
1483 600 1676 668 Neque
1705 597 1858 652 enim
1889 594 2080 666 quod-

425 687 567 744 libet
595 701 767 758 super
793 686 900 742 hoc
928 686 1130 742 habuit
1156 687 1434 758 studium,
1462 691 1654 757 utpote
1681 685 1746 741 ad
1793 684 1908 740 alia
1955 683 2080 738 cir-

423 775 774 834 cumulatus.
808 777 934 831 Post
965 776 1182 830 brevia:
1209 778 1287 831 De
1318 775 1533 847 quibus
1569 775 1838 831 omnibus
1881 771 2075 828 miseri

423 879 526 922 nec
555 879 758 921 sensus
781 864 1110 935 apostolicae
1147 863 1283 920 facti
1311 869 1448 921 sunt
1481 865 1655 934 sedis,
1686 869 1742 919 et
1789 863 1938 934 quod
1994 865 2080 915 cst

427 955 570 1024 risu,
599 955 713 1010 imo
743 958 805 1010 ut
831 954 1014 1026 magis
1038 954 1266 1024 proprie
1289 953 1568 1022 dicamus,
1599 953 1844 1009 lamento
1864 951 2081 1022 dignis-

425 1044 660 1113 simum,
705 1048 902 1113 utpote
962 1041 1193 1099 illorum
1242 1043 1752 1099 demonstrativum
1801 1040 2076 1110 audaciae,

425 1145 528 1190 nec
551 1132 823 1188 adversus
851 1132 1030 1201 ipsam
1057 1131 1425 1200 apostolicam
1459 1131 1646 1186 sedem
1701 1128 1931 1184 mentiri
1990 1134 2082 1182 te—

427 1234 577 1277 mere
609 1220 870 1291 pigritati
900 1225 1077 1276 sunt:
1109 1221 1203 1276 sed
1229 1221 1393 1291 quasi
1426 1219 1588 1275 illius
1617 1218 1798 1275 effecti
1824 1216 2080 1287 consilii,

425 1315 482 1368 et
513 1308 691 1365 veluti
748 1309 991 1379 quodam
1042 1307 1112 1364 ab
1156 1321 1220 1364 ea
1279 1314 1502 1378 recepto
1543 1307 1788 1375 decreto,
1852 1307 1909 1361 in
1959 1305 2083 1360 suis

425 1398 712 1455 contextis
732 1413 832 1468 pro
852 1397 1028 1468 impia
1043 1398 1256 1453 ecthesi
1269 1398 1457 1454 action
1470 1397 1599 1452 ibus
1611 1410 1800 1452 secum
1817 1407 2080 1464 magnum

433 1487 748 1543 Honorium
779 1492 1140 1556 acceperunt,
1166 1501 1284 1542 suae
1334 1485 1796 1556 praesumptionis
1841 1489 2086 1538 attesta—

431 1576 643 1632 tionem
675 1576 743 1631 ad
771 1575 919 1631 alios
945 1573 1218 1631 facientes
1239 1576 1350 1631 viri
1381 1576 1437 1630 in
1465 1589 1634 1630 causa
1663 1574 1893 1644 pictatis
1913 1574 2086 1629 maxi-

429 1678 574 1720 mam
619 1664 1007 1720 eminentiam.
1070 1664 1212 1734 Quis
1267 1665 1478 1735 itaque,
1515 1677 1549 1718 o
1602 1662 1982 1719 famosissime
2029 1667 2085 1718 et

427 1753 618 1824 qualis
641 1752 1000 1822 Sephronius
1033 1731 1148 1807 haec
1173 1758 1227 1808 et
1250 1731 1671 1808 tam—atrociter
1713 1757 1769 1806 et
1823 1766 1920 1820 per
1948 1757 2086 1806 tan—
2119 1731 2166 1791 Β

427 1847 550 1898 tum
577 1843 852 1911 temporis
877 1840 1059 1896 facere
1087 1841 1178 1896 his
1204 1841 1533 1910 falsiloquis
1579 1839 1911 1910 persuasit?
1959 1853 2083 1910 quae

431 1931 536 1987 hos
563 1944 672 1986 non
706 1930 928 2002 rogavit
959 1929 1210 1986 Ecclesia
1235 1929 1264 1983 ‘l
1295 1929 1428 2000 quis
1469 1930 1600 1998 pius
1644 1935 1700 1984 et
1729 1929 2084 1984 orthodoxus

430 2031 542 2074 non
575 2017 927 2088 supplicavit
956 2018 1216 2087 antistes,
1251 2030 1472 2072 cessare
1505 2018 1638 2073 illos
1658 2031 1689 2073 a
1713 2017 1945 2086 propria
1976 2017 2083 2072 hae-

430 2109 544 2166 resi
573 2107 871 2164 clamando
901 2112 956 2162 et
995 2106 1330 2164 obtestando
1350 2106 1379 2161 ‘?
1406 2107 1701 2177 Siquidem
1749 2107 2086 2164 ultima'sua

431 2196 760 2268 exspirabat
784 2210 942 2252 sacer
967 2195 1270 2265 Arcadius,
1299 2201 1354 2252 et
1371 2197 1640 2267 spiritum
1664 2198 1776 2252 Deo
1803 2197 2080 2266 tradebat,

430 2287 526 2347 sed
557 2301 658 2343 nec
680 2300 863 2356 usque
888 2285 957 2342 ad
995 2285 1190 2342 horam
1225 2286 1382 2342 illam
1430 2299 1528 2342 eos
1571 2299 1768 2358 rogare
1820 2286 2083 2341 cessavit.

429 2379 502 2432 Et
521 2381 645 2446 post
687 2391 912 2444 pauca:
946 2374 1094 2444 Quid
1145 2379 1334 2430 autem
1391 2379 1448 2430 et
1499 2375 1734 2432 divinus
1778 2374 2085 2447 Honorius,

434 2465 573 2536 quid
601 2477 732 2520 vero
758 2471 815 2518 et
859 2468 983 2533 post
1015 2463 1179 2519 illum
1219 2463 1523 2519 Severinus
1565 2477 1735 2519 senex
1757 2463 1785 2518 ‘l
1809 2464 1947 2534 quid
1981 2465 2091 2519 de—

442 2553 618 2623 nique
643 2556 698 2608 et
724 2552 794 2622 is,
828 2551 928 2623 qui
962 2555 1089 2622 post
1121 2551 1272 2607 hunc
1306 2551 1550 2620 exstitit,
1606 2565 1764 2608 sacer
1791 2553 2032 2608 Joannes
2061 2552 2089 2607 ‘l

433 2643 608 2698 Porro
635 2641 687 2697 is
717 2641 817 2711 qui
843 2655 994 2696 nunc
1026 2640 1293 2711 praesidet
1319 2640 1689 2698 beatissimus
1715 2655 1856 2711 papa
1885 2642 2092 2698 omisit

439 2730 756 2802 quidquam
787 2729 1201 2799 supplicationi
1233 2729 1621 2786 conveniens?
1664 2731 1858 2786 Nonne
1887 2731 2092 2786 Oriens

433 2823 590 2876 totus
613 2823 669 2874 et
691 2818 970 2874 Occidens
997 2817 1294 2888 lacrymas,
1330 2818 1595 2890 lamenta,
1643 2819 2086 2893 obsecrationes,

431 2907 862 2978 deprecationes
885 2921 952 2962 ex
979 2921 1160 2978 aequo,
1193 2913 1307 2962 tam
1337 2908 1450 2963 Deo
1482 2921 1579 2978 per
1599 2909 1890 2965 orationes
1920 2923 2090 2980 quam

435 2996 528 3053 his
552 3010 650 3068 per
679 2996 976 3066 epistolas,
1002 2995 1310 3052 afferebant
1333 2993 1361 3049 ‘l
1383 2996 1486 3053 Sed
1521 2999 1671 3054 Deus
1703 2998 1930 3069 quidem
1983 2999 2095 3056 ho-

436 3099 564 3142 rum
613 3083 864 3156 profecto
891 3085 1184 3141 beatorum
1216 3085 1472 3142 virorum
1517 3085 1684 3142 finem
1735 3089 1991 3156 admisit,
2038 3091 2096 3144 et

436 3189 538 3246 pro
559 3186 620 3230 ea
653 3173 1062 3230 vicissitudine
1095 3174 1384 3232 insaecula
1426 3176 1799 3232 conservavit.
1857 3177 1947 3232 Illi
1979 3191 2095 3234 au—

387 3299 390 3304 ι
435 3268 548 3320 tem
576 3262 806 3318 Domini
853 3267 1278 3319 contemnentes
1326 3264 1611 3333 inducias,
1644 3265 1713 3320 ad
1759 3266 2094 3322 conversio-

436 3365 564 3409 nem
590 3352 694 3408 hos
724 3350 968 3423 benigne
990 3351 1371 3424 cohortantes,
1408 3359 1464 3409 et
1507 3353 1712 3410 horum
1733 3355 2094 3426 egregiorum

435 3438 582 3497 facta
610 3453 709 3511 per
735 3443 818 3496 tot
857 3445 1110 3511 tempora
1141 3441 1565 3511 supplicatione
1617 3447 1926 3514 torpentes,
1978 3457 2096 3498 suae

437 3542 795 3601 neqnaquam
849 3529 1002 3599 passi
1062 3534 1198 3584 sunt
1244 3530 1526 3586 caelestem
1592 3530 1757 3586 fidem
1810 3529 2092 3600 praeferre.

434 3621 562 3675 Post
594 3620 786 3688 aliqua
811 3639 828 3674 :
861 3620 1104 3675 Divinus
1147 3632 1280 3689 ergo
1335 3633 1687 3690 magnusque
1736 3619 2097 3690 Sophronius

437 3714 579 3766 tunc
603 3707 1006 3763 Alexandriam
1038 3707 1293 3776 veniens,
1327 3721 1457 3763 mox
1498 3721 1566 3762 ex
1615 3707 1798 3777 prima
1854 3708 2096 3765 lectione

437 3796 690 3870 (dederat
714 3795 866 3850 enim
897 3795 1070 3849 etiam
1100 3795 1212 3865 ipsi
1243 3795 1425 3866 Cyrus
1454 3796 1522 3851 ad
1549 3798 1968 3852 retractandum
1995 3798 2095 3855 illa

441 3898 638 3942 novem
667 3882 986 3952 impietatis
1015 3883 1289 3954 capitula)
1316 3883 1557 3956 lugubre
1587 3885 1856 3956 quiddam
1889 3891 1946 3942 et
1996 3887 2096 3942 in-

439 3987 576 4046 gens
597 3970 962 4042 vociferatus,
991 3970 1177 4027 fontes
1191 3972 1486 4029 emittebat
1505 3973 1903 4048 lacrymarum,
1926 3976 2091 4032 illum

438 4059 656 4118 fervide
685 4059 1007 4130 obsecrans,
1037 4060 1391 4133 supplicans,
1421 4062 1810 4134 expostulans,
1838 4065 1894 4120 in
1926 4065 2095 4135 pavi—

440 4154 627 4205 mento
650 4147 838 4219 ipsius
858 4149 1120 4222 vestigiis
1155 4150 1510 4222 provolutus,
1545 4167 1658 4222 quo
1689 4153 1838 4208 nihil
1888 4154 2092 4210 horum

439 4253 610 4309 super
652 4238 944 4295 ambonem
979 4243 1176 4296 contra
1230 4239 1569 4296 catholicam
1629 4241 1732 4296 Dei
1784 4242 2092 4298 Ecclesiam

438 4329 794 4400 praedicaret,
829 4328 1041 4400 quippe
1072 4343 1200 4385 cum
1250 4329 1366 4384 haec
1406 4329 1632 4400 liquido
1686 4330 1850 4400 impii
1907 4337 2097 4389 essent

435 4416 784 4488 Apollinarii
825 4419 1107 4490 dogmata.
1139 4421 1208 4472 Et
1244 4419 1414 4487 paulo
1447 4423 1574 4487 post
1627 4435 1639 4471 :

437 4519 472 4562 o
498 4507 642 4563 mihi
672 4521 784 4578 prae
815 4507 1086 4564 omnibus
1117 4506 1476 4562 reverendam
1517 4513 1707 4577 caput,
1758 4509 1954 4566 divina
1983 4512 2096 4568 Deo

443 4595 662 4664 perosis
701 4594 1202 4661 insultationibus,
1253 4600 1309 4649 et
1363 4594 1602 4650 invicem
1653 4597 1899 4652 scenicis
1947 4614 2098 4670 quo-

441 4683 742 4739 dammodo
774 4682 1150 4740 illusionibus
1181 4681 1524 4753 lacerabant,
1558 4689 1614 4740 et
1639 4687 2094 4744 sacratissimum

437 4770 822 4839 Sophronium
885 4776 998 4826 tam
1063 4770 1472 4826 miserabiliter
1512 4772 1843 4842 lamentum,
1900 4781 2096 4845 utpote

439 4858 846 4914 contritionem
881 4872 1033 4914 more
1058 4859 1355 4929 cujusdam
1388 4862 1625 4918 secundi
1649 4863 1945 4918 Hieremiae
1992 4880 2097 4920 ca-

438 4945 666 5002 tholicae
690 4946 987 5004 deflentem
1033 4948 1317 5006 Ecclesiae.
1374 4953 1712 5021 tantumque
1763 4952 2092 5008 divinorum

440 5034 663 5106 lapsum
691 5035 830 5094 bene
860 5037 1022 5093 valde
1059 5043 1115 5094 et
1163 5038 1713 5109 compatientissime
1761 5041 2091 5112 dogmatum

377 5197 381 5201 Δ
438 5123 849 5194 deplorantem,
885 5126 1214 5182 nullatenus
1239 5127 1519 5182 consolati
1548 5133 1701 5183 sunt.
1737 5130 1807 5183 Et
1818 5135 1943 5199 post
1965 5147 2096 5185 non-

439 5214 595 5267 nulla
626 5231 643 5268 :
673 5213 732 5269 Si
761 5213 914 5269 enim
938 5215 1185 5270 Romana
1219 5215 1379 5271 sedes
1413 5229 1523 5271 non
1574 5216 1756 5272 solum
1789 5219 2090 5288 reprobum

436 5303 740 5375 Pyrrhum,
768 5303 862 5360 sed
894 5307 950 5359 et
977 5303 1120 5359 male
1147 5303 1481 5359 sentientem
1508 5309 1565 5360 et
1592 5306 1734 5362 male
1769 5308 2089 5366 credentem

437 5404 552 5449 non
583 5394 784 5464 nescit,
815 5392 1181 5464 perspicuum
1206 5391 1457 5462 profecto
1477 5398 1581 5467 est,
1616 5395 1752 5467 quia
1778 5399 1966 5456 omnis
1987 5400 2088 5472 qui

2186 501 2311 556 dem
2336 502 2661 570 Romanam,
2694 501 2748 556 id
2782 505 2866 556 est
2892 499 3230 555 catholicam
3257 499 3568 554 Ecclesiam
3596 501 3836 556 anathe-

2169 590 2420 647 .matizat
2447 610 2458 645 :
2489 591 2690 646 omitto
2711 589 2862 644 enim
2886 589 3095 650 dicere,
3117 589 3251 657 quia
3268 588 3468 658 utique
3490 594 3544 643 et
3562 589 3834 658 scipsum,

2191 680 2288 749 qui
2324 679 2458 734 talis
2482 684 2586 746 est,
2621 678 2670 733 si
2703 678 2984 733 duntaxat
3013 677 3411 732 sediRomanae
3431 677 3838 745 communicat,

2189 767 2599 839 catholicaeqne
2623 767 2720 822 Dei
2741 766 3020 821 Ecclesiae.
3051 765 3297 820 Obsecro
3322 765 3522 837 igitur,
3545 764 3840 821 benedicte

2187 857 2417 914 domine
2470 856 2569 917 mi.
2605 855 2910 926 praecipere
2939 855 3227 923 omnibus,
3264 868 3331 908 ne
3383 854 3662 925 Pyrrhum
3703 868 3845 909 san-

2189 946 2512 1002 ctissimum
2540 945 2625 1001 vel
2653 944 2964 999 almiticum
3000 943 3312 999 nominent.
3339 945 3531 1013 Neque
3553 943 3706 998 enim
3735 942 3845 998 tale

2192 1035 2328 1108 quid
2359 1049 2518 1091 sacra
2547 1033 2741 1106 regula
2782 1047 2910 1088 eum
2958 1033 3145 1088 vocari
3202 1032 3504 1102 permittit,
3547 1031 3590 1087 Α
3639 1038 3846 1087 cuncta

2191 1126 2341 1181 enim
2383 1124 2591 1180 cecidit
2631 1123 2954 1191 sanctitate,
3003 1121 3102 1192 qui
3150 1122 3422 1177 nimirum
3473 1121 3542 1176 ab
3592 1121 3847 1176 Ecclesia

2192 1214 2473 1270 catholica
2506 1219 2704 1285 sponte
2737 1212 3008 1284 prosiliit.
3041 1213 3164 1267 Non
3191 1213 3341 1267 enim
3370 1210 3455 1267 fas
3475 1216 3560 1267 est
3583 1212 3753 1267 illum
3783 1226 3848 1266 ex

2194 1318 2534 1374 quacunque
2563 1304 2728 1358 laude
2749 1301 3166 1374 cognominari,
3193 1302 3292 1372 qui
3318 1302 3432 1370 jam
3451 1301 3588 1356 olim
3619 1301 3855 1355 damna-

2194 1397 2288 1448 tus
2310 1398 2414 1463 est,
2438 1399 2494 1448 et
2513 1392 2769 1462 abjectus
2790 1390 2858 1446 ab
2881 1390 3193 1461 apostolica
3212 1391 3342 1446 sede
3366 1391 3628 1445 Romanae
3663 1388 3852 1456 urbis,

2193 1482 2264 1538 ob
2293 1488 2538 1538 externae
2561 1496 2788 1538 sensum
2813 1481 3128 1550 opinionis.
3153 1480 3330 1534 donec
3354 1479 3424 1532 ab
3449 1493 3512 1534 ea
3532 1479 3856 1548 recipiatur

2193 1587 2502 1628 conversus
2526 1573 2593 1628 ad
2630 1573 2830 1643 ipsam,
2885 1571 2999 1626 imo
3048 1569 3114 1624 ad
3160 1569 3462 1624 Dominum
3517 1571 3695 1624 Deum
3745 1582 3857 1624 no—

2193 1667 2374 1717 strum
2409 1675 2506 1731 per
2538 1661 2687 1730 piam
2714 1657 3131 1716 confessionem
3155 1663 3210 1712 et
3257 1656 3630 1713 orthodoxam
3660 1657 3856 1726 fidem,

2194 1764 2305 1822 qua
2343 1750 2852 1806 sanetillcationem
2886 1747 3146 1818 recipiat,
3195 1751 3567 1816 sanctumque
3593 1746 3864 1802 vocabu—

2195 1840 2331 1896 lum.
2369 1839 2561 1910 ltaque
2586 1839 2633 1894 si
2656 1839 2779 1893 vult
2806 1837 3116 1893 haereticus
3148 1849 3328 1906 neque
3352 1849 3493 1903 esse,
3529 1849 3717 1906 neque
3743 1851 3864 1891 au-

2192 1929 2334 1998 diri,
2369 1943 2478 1984 non
2515 1921 2845 1984 istiaut'illi
2873 1923 3213 1993 satisfaciat,
3252 1924 3605 1993 superﬂuum
3638 1925 3865 1995 quippe

2197 2019 2302 2074 hoc
2331 2024 2386 2074 et
2414 2016 2811 2073 irrationabile
2835 2020 2921 2070 est
2947 2034 2962 2085 ς
2993 2015 3129 2084 quia
3151 2013 3305 2069 sicut
3338 2027 3451 2068 uno
3488 2018 3691 2069 contra
3727 2028 3863 2070 eum

2198 2109 2582 2165 scandalizato
2614 2119 2810 2162 omnes
2857 2103 3230 2161 scandalizati
3271 2108 3427 2172 sunt,
3489 2103 3570 2157 ita
3628 2118 3868 2174 quoque

2199 2213 2312 2254 uno
2344 2195 2656 2263 satisfacto,
2691 2209 2887 2251 omnes
2919 2191 3299 2263 proculdubio
3328 2191 3506 2247 satisﬁ
3521 2195 3642 2246 unt.
3679 2194 3863 2248 Festi-

2199 2292 2292 2343 net
2321 2301 2419 2356 pro
2449 2284 2719 2342 omnibus
2748 2285 2866 2340 sedi
2902 2285 3164 2339 Romanae
3187 2279 3532 2337 satisfacere.
3565 2283 3684 2336 Illac
3705 2283 3867 2340 enim

2198 2374 2511 2445 satisfacta,
2539 2373 2920 2430 communiter
2952 2372 3167 2442 ubique
3196 2386 3391 2427 omnes
3429 2372 3586 2442 pium
3625 2370 3787 2427 hunc
3811 2377 3871 2427 et

2197 2465 2579 2522 orthodoxum
2612 2462 3024 2533 praedicabunt.
3057 2463 3195 2516 Nam
3233 2460 3447 2517 frustra
3495 2459 3871 2516 solummodo

2202 2554 2480 2625 loquitur,
2509 2553 2606 2624 qui
2635 2552 2776 2608 mihi
2795 2551 3017 2607 similes
3034 2551 3356 2608 suadendos
3372 2549 3871 2620 acsubripiendos

2203 2647 2384 2714 putat,
2417 2647 2472 2697 et
2503 2655 2614 2698 non
2639 2639 2922 2697 satisfacit
2950 2645 3006 2696 et
3042 2640 3311 2710 implorat
3340 2639 3728 2696 sanctissime
3764 2640 3873 2697 Ro-

2203 2745 2500 2788 manorum
2530 2731 2797 2786 Ecclesiae
2828 2729 3224 2785 beatissimum
3258 2743 3482 2800 papam,
3524 2729 3580 2783 id
3615 2735 3708 2784 est
3738 2743 3873 2799 apo-

2203 2821 2463 2878 stolicam
2499 2821 2707 2889 sedem,
2733 2833 2857 2890 quae
2889 2819 2958 2873 ab
2988 2819 3111 2888 ipso
3154 2818 3450 2873 incarnato
3495 2818 3595 2874 Dei
3655 2817 3870 2889 Verbo,

2203 2911 2298 2967 sed
2330 2914 2386 2965 et
2411 2909 2679 2966 omnibus
2719 2908 2936 2964 sanctis
2979 2906 3232 2978 synodis,
3292 2907 3609 2962 secundum
3670 2921 3873 2962 sacros

2203 3015 2448 3058 canones
2514 3007 2570 3056 et
2634 2999 2930 3068 terminos,
2975 2998 3372 3056 universarum
3417 3012 3542 3069 quae
3619 2998 3679 3054 in
3751 3003 3873 3055 toto

2204 3095 2484 3147 terrarum
2519 3089 2654 3145 orbe
2677 3093 2831 3158 sunt,
2865 3091 3190 3144 sanctarum
3232 3087 3331 3142 Dei
3379 3087 3776 3143 Ecclesiarum
3815 3088 3871 3144 in

2203 3179 2472 3236 omnibus
2502 3183 2558 3234 et
2598 3192 2695 3248 per
2720 3177 2912 3232 omnia
2945 3175 3198 3246 percepit
3226 3181 3281 3231 et
3330 3174 3498 3230 habet
3525 3176 3868 3247 imperium,

2202 3269 2604 3324 auctoritatem
2631 3271 2688 3321 et
2725 3271 3055 3336 potestatem
3112 3264 3330 3336 ligandi
3373 3264 3547 3335 aique
3575 3265 3867 3323 solvendi.

2201 3359 2340 3415 Cum
2371 3357 2478 3413 hoc
2502 3356 2653 3412 enim
2683 3355 2826 3426 ligat
2849 3358 2905 3410 et
2927 3354 3098 3411 solvit
3125 3354 3298 3410 etiam
3328 3354 3384 3409 in
3413 3354 3556 3410 caelo
3595 3356 3869 3426 Verbum,

2205 3445 2356 3516 quod
2388 3441 3046 3500 caelestibusvirtutibus
3069 3441 3449 3512 principatur.
3467 3442 3526 3498 Si
3544 3443 3702 3498 enim
3724 3445 3874 3501 alios

2207 3533 2434 3604 quidem
2459 3529 2896 3587 satisfaciendos
2919 3530 3100 3602 ducit,
3137 3535 3192 3586 et
3222 3529 3622 3587 beatissimum
3671 3533 3876 3589 Roma-

2207 3635 2340 3678 num
2383 3635 2581 3691 papam
2634 3633 2991 3690 nequaquam
3041 3619 3327 3690 implorat,
3363 3620 3557 3676 simile
3589 3622 3873 3692 quiddam

2204 3711 2419 3782 agitei,
2453 3710 2553 3780 qui
2591 3707 2735 3764 forte
2789 3708 3092 3764 homicidii
3139 3708 3222 3763 vel
3268 3702 3512 3765 alterius
3563 3711 3873 3779 cujusdam

2205 3799 2474 3854 criminis
2503 3798 2891 3870 redarguitur,
2925 3803 2981 3852 et
3023 3798 3304 3853 insontem
3337 3798 3431 3854 sed
3485 3812 3596 3854 non
3643 3801 3724 3865 ei,
3773 3801 3874 3871 qui

2205 3888 2517 3943 secundum
2550 3887 2700 3958 leges
2721 3885 3020 3955 judicandi
3040 3886 3172 3955 jura
3198 3886 3445 3942 sortitus
3463 3892 3569 3955 est,
3595 3887 3877 3944 exhibere

2203 3975 2437 4032 festinat
2465 3996 2478 4031 :
2503 3975 2598 4032 sed
2634 3980 2853 4030 tantum
2884 3975 3177 4030 inutiliter
3201 3981 3254 4031 et
3284 3975 3410 4030 sine
3443 3975 3604 4032 lucro
3636 3977 3798 4049 aliis,
3818 3984 3874 4032 et

2204 4065 2446 4135 privatis
2475 4063 2809 4119 hominibus
2828 4063 3170 4118 munditiam
3197 4070 3512 4120 monstrare
3537 4066 3631 4120 sui
3659 4067 3844 4138 satagi

2201 4159 2384 4226 actus,
2414 4154 2513 4225 qui
2540 4153 2755 4219 nullam
2789 4152 3034 4208 habeant
3061 4167 3120 4208 se
3147 4151 3404 4208 solvendi
3432 4167 3464 4209 a
3497 4155 3749 4210 crimine
3783 4161 3876 4225 po‘

2205 4248 2481 4299 testatem.
2512 4243 2886 4312 Quapropter,
2925 4241 3218 4298 benedicte
3251 4242 3327 4296 mi
3373 4243 3626 4313 domine,
3679 4245 3871 4300 adhuc

2206 4332 2388 4403 magis
2429 4332 2666 4387 extende
2694 4330 3151 4400 praeceptionem,
3208 4345 3333 4401 quae
3382 4331 3521 4387 bene
3567 4331 3755 4402 vobis,
3814 4341 3872 4388 et

1699 4419 1913 4476 Taliter
1958 4422 2092 4491 viri,
2129 4427 2182 4487 D
2206 4421 2520 4477 secundum
2548 4419 2822 4490 placitum
2854 4420 2954 4474 Dei
2979 4419 3100 4474 visa
3132 4417 3312 4475 fuisse
3335 4419 3729 4492 dignoscitur,
3755 4436 3870 4493 quo

2207 4511 2423 4567 nemini
2449 4509 2742 4565 licentiam
2764 4509 2967 4565 habeat
2990 4509 3098 4564 iste
3117 4509 3431 4579 quidquam
3452 4509 3613 4580 loqui
3634 4518 3691 4566 et
3717 4512 3874 4567 oblo-

2207 4599 2306 4670 qui
2333 4597 2621 4670 dogmatis
2647 4611 2838 4654 causa.
2867 4597 2970 4653 Sed
3001 4597 3226 4668 liquido
3263 4598 3473 4653 discite
3511 4599 3866 4656 voluntatem

2207 4689 2382 4758 hujus
2419 4686 2811 4743 abundantius
2852 4686 3278 4758 investigantes,
3329 4687 3380 4742 si
3426 4688 3565 4743 velit
3613 4702 3868 4745 annuere

2207 4777 2436 4847 penitus
2460 4775 2687 4831 veritati
2721 4795 2732 4830 :
2766 4781 2823 4831 et
2863 4775 2913 4831 si
2943 4776 3047 4832 hoc
3077 4789 3242 4847 agere
3267 4776 3577 4848 studuerit,
3611 4783 3673 4834 et
3708 4779 3773 4833 ad
3804 4777 3863 4832 id

2206 4867 2518 4923 secundum
2542 4865 2820 4921 rationem
2853 4865 3152 4935 accelerat,
3202 4865 3516 4922 hortamini
3571 4881 3707 4923 eum
3739 4883 3869 4938 sug-

2204 4956 2517 5028 gestionem
2540 4955 2943 5011 convenienter
2956 4953 3137 5011 facere
3149 4955 3216 5010 ad
3233 4954 3632 5012 beatissimum
3664 4970 3864 5028 papam

2203 5046 2564 5101 Romanum:
2602 5049 2884 5114 quatenus
2918 5043 3003 5099 sic
3054 5057 3152 5114 per
3196 5043 3361 5100 illius
3407 5043 3668 5100 divinam
3730 5059 3867 5117 prae-

2201 5134 2542 5204 ceptionem,
2592 5131 2936 5204 regulariter
2981 5146 3106 5203 quae
3157 5132 3309 5187 circa
3370 5133 3562 5202 ipsum
3618 5140 3753 5190 sunt
3802 5142 3865 5189 et

2199 5220 2601 5277 decentissime
2634 5221 2959 5276 moderetur
3007 5220 3076 5276 ad
3127 5219 3366 5292 gloriam
3407 5222 3506 5277 Dei
3551 5227 3610 5278 et
3660 5227 3860 5279 vestrae

2201 5311 2425 5366 laudem
2456 5309 2858 5382 sublimitatis,

1734 5574 2572 5617 WW—
