4034 6158
191 220 284 282 577
817 223 1319 284 COLLECTANEA.
1359 259 1434 271 —
1466 230 1803 292 SYNODICA
1837 235 2185 295 THEODORI
2222 238 2323 295 PP.
2365 239 2459 296 AD
2496 240 2779 298 PAULUM
2819 240 2921 297 CP.

3461 240 3575 301 578

204 359 3020 395 ____________________________________

1547 495 2220 571 EXCERPTUM

798 674 899 730 ex
943 672 1271 730 EPISTOLA
1308 673 1363 729 s.
1410 674 1675 731 MAXIM!
1714 676 1805 731 ne
1840 661 2311 734 PROCESSIONE
2358 678 2665 736 srmrms
2709 679 2956 739 SANCTI

1132 823 1385 906 Scripta
1414 824 1497 886 ad
1512 824 1821 889 Marinum
1839 826 2262 909 presbyterum
2298 827 2614 911 Cyprium.

234 1121 357 1177 Non
388 1119 450 1176 in
482 1124 567 1176 tot
588 1119 762 1190 hujus
787 1118 1140 1175 sanctissimi
1168 1133 1324 1189 papae
1345 1119 1639 1191 synodica,
1674 1123 1817 1190 quot
1845 1120 1904 1182 A
1934 1121 2251 1195 altercatio,
2301 1126 2564 1196 quamvis
2602 1127 2683 1184 ita
2724 1127 3246 1188 calumniatoribus
3294 1128 3367 1188 ob
3423 1146 3588 1190 suam

177 1210 517 1280 scripsistis,
532 1208 807 1279 capitulis
821 1208 1191 1265 Constantino
1200 1208 1439 1278 politani
1455 1208 1825 1279 reprehende-

176 1303 319 1367 runt,
353 1297 454 1353 sed
485 1298 547 1353 in
571 1295 797 1353 duobus
824 1301 1065 1352 tantum.
1090 1297 1345 1366 Quorum
1376 1297 1621 1353 alterum
1644 1301 1731 1353 est
1754 1296 1824 1352 de

173 1386 500 1442 divinitatis
515 1386 758 1455 ratione,
778 1385 916 1456 quia
931 1385 1103 1451 dixit,
1122 1385 1308 1451 aiunt,
1326 1385 1631 1455 procedere
1650 1385 1823 1441 etiam

174 1487 231 1529 ex
256 1474 412 1530 Filio
438 1474 722 1545 Spiritum
749 1478 1028 1530 sanctum.
1064 1473 1317 1531 Alterum
1344 1487 1475 1529 vero
1512 1474 1582 1529 de
1626 1473 1823 1529 divina

178 1561 589 1633 incarnatione,
643 1561 914 1631 quoniam
949 1560 1205 1631 scripsit,
1266 1561 1561 1632 inquiunt,
1608 1560 1825 1630 absque

177 1649 447 1721 originali
494 1653 553 1704 et
593 1648 804 1704 actuali
847 1654 1074 1719 peccato
1122 1649 1426 1706 Dominum
1466 1663 1607 1705 esse.
1644 1651 1712 1705 Et
1762 1651 1822 1708 in

177 1738 360 1809 priore
401 1738 635 1809 quidem
674 1738 1049 1794 consonantia
1094 1738 1458 1808 protulerunt
1493 1740 1823 1797 testimonia

177 1827 505 1882 Latinorum
533 1828 782 1895 Patrum,
812 1840 1027 1882 necnon
1049 1827 1322 1898 etCyrilli
1354 1826 1730 1885 Alexandrini
1753 1831 1824 1886 de

175 1929 330 1971 sacro
364 1915 554 1985 ipsius
579 1928 747 1985 Opere
768 1915 917 1986 quod
938 1915 997 1971 in
1018 1922 1275 1972 sanctum
1308 1917 1710 1989 evangelistam
1733 1916 1825 1974 fe-

175 2004 243 2060 cit
258 2006 557 2073 Joannem,
572 2018 642 2060 ex
664 2003 878 2075 quibus
899 2017 1009 2060 non
1033 2018 1259 2061 causam
1273 2005 1528 2075 Spiritus
1540 2007 1826 2063 sanctiFi-

172 2094 315 2151 lium
354 2107 417 2149 se
446 2092 632 2149 facere
676 2098 1153 2150 monstraverunt.
1198 2094 1375 2150 Unam
1418 2096 1571 2151 enim
1612 2102 1827 2154 norunt

175 2196 406 2239 causam
429 2182 563 2238 Filii
590 2195 658 2237 ac
682 2181 938 2252 Spiritus
977 2196 1099 2238 esse
1127 2183 1376 2238 Patrem:
1410 2184 1655 2241 alterius
1684 2187 1826 2259 qui-

172 2272 298 2327 dem
318 2271 626 2327 secundum
647 2271 1088 2342 generationem,
1104 2271 1343 2329 alterius
1357 2286 1487 2329 vero
1508 2277 1822 2335 secundum

1935 1212 2363 1280 perversitatem
2390 1215 2695 1272 videatur?
2727 1219 2932 1275 Verum
2979 1220 3267 1289 prosecuti
3296 1226 3453 1291 sunt,
3484 1221 3587 1279 di-

1932 1305 2144 1371 centes,
2174 1302 2321 1371 quod
2356 1317 2457 1359 nec
2489 1304 2548 1359 in
2591 1311 2775 1362 mente
2821 1306 3097 1363 habuerit
3137 1316 3452 1381 peccatum,
3491 1325 3590 1368 se-

1933 1388 2188 1443 cundum
2215 1391 2363 1460 quod
2401 1391 2623 1461 primus
2653 1394 2895 1451 vitiatus
2921 1394 3103 1452 fuisse
3126 1398 3584 1471 apparetAdam,

1935 1490 2037 1533 nec
2059 1476 2341 1534 actionem
2370 1481 2504 1536 mali
2526 1488 2579 1537 et
2605 1484 3019 1551 operationem.
3049 1487 3198 1558 Ergo
3222 1482 3326 1543 isti
3356 1487 3587 1559 quidem

1935 1564 2073 1637 haac,
2103 1566 2174 1622 de
2198 1567 2413 1638 quibus
2440 1582 2551 1625 non
2575 1571 3003 1629 rationabiliter
3023 1574 3277 1645 impetiti
3304 1581 3466 1633 sunt:
3497 1575 3587 1632 illi

1932 1659 2146 1725 autem,
2172 1656 2242 1711 de
2272 1657 2489 1727 quibus
2516 1664 2573 1714 et
2601 1659 2761 1716 valde
2784 1661 2961 1733 juste,
2985 1663 3203 1720 nullam
3222 1679 3376 1722 nunc
3406 1678 3591 1737 usque

1933 1741 2191 1800 fecerunt
2223 1745 2569 1819 apologiam,
2620 1749 2755 1819 quia
2802 1764 2905 1807 nec
2959 1751 3334 1822 abjectionem
3366 1768 3589 1826 eorum,

1934 1845 2061 1901 quin
2078 1831 2151 1888 ab
2174 1833 2260 1889 eis
2287 1833 2615 1891 introducta
2632 1842 2787 1893 sunt.
2815 1839 3008 1909 Porro,
3040 1842 3354 1898 secundum
3368 1842 3591 1913 jussio-

1934 1934 2058 1976 nem
2087 1927 2349 1992 vestram,
2402 1925 2595 1996 rogavi
2630 1926 2909 1983 Romanos
2940 1927 3307 1999 interpretari
3357 1931 3591 2001 propria

1864 2064 1869 2069 .
1932 2008 2107 2082 dicta,
2137 2024 2309 2067 causa
2336 2009 2582 2068 furtivas
2610 2014 3036 2071 adversantium
3064 2017 3466 2087 subreptiones
3495 2018 3592 2075 ef-

1934 2097 2213 2170 fugiendi.
2249 2100 2647 2157 Verumtamen
2676 2103 2840 2175 more;
2871 2103 3163 2161 obtinente
3212 2105 3291 2162 ita
3332 2104 3581 2164 faciendi

1934 2192 2106 2257 atque
2134 2188 2420 2260 mittendi,
2451 2190 2646 2246 nescio
2677 2196 2871 2247 utrum
2902 2194 3286 2250 consentiant.
3308 2194 3469 2252 Alias
3491 2208 3592 2254 au-

1938 2282 2051 2332 tem
2085 2291 2186 2334 nec
2237 2278 2425 2334 valent
2457 2278 2516 2333 in
2558 2279 2747 2336 aliena
2791 2280 3046 2338 dictione
3082 2295 3149 2338 ac
3178 2296 3311 2339 voce
3355 2298 3588 2342 sensum

171 2360 578 2417 emissionem:
607 2360 715 2459 sed.
739 2365 802 2416 ut
827 2359 979 2459 hunc
1009 2373 1108 2429 per
1130 2373 1260 2416 eum
1289 2361 1517 2431 prodire
1548 2364 1823 2421 insinua-
1862 2401 1906 2459 Β
1935 2381 2130 2437 suum,
2164 2366 2318 2424 sicut
2368 2367 2428 2422 in
2460 2369 2694 2439 propria
2737 2369 2822 2426 vel
2854 2369 3106 2443 alumna,
3137 2371 3341 2428 subtili
3381 2374 3590 2445 expri-

174 2456 317 2519 rent,
356 2454 415 2505 et
453 2449 603 2504 hanc
628 2446 968 2505 substantiae
997 2449 1454 2507 communionem
1475 2456 1531 2507 et
1571 2453 1822 2510 indissi-
1933 2469 2083 2512 mere
2128 2456 2456 2528 diligentia,
2501 2457 2587 2514 vel
2627 2458 2798 2515 etiam
2843 2460 3320 2531 quemadmodum
3370 2476 3474 2520 nos
3529 2462 3592 2521 in

173 2538 563 2596 militudinem
588 2538 1061 2594 demonstrarent.
1086 2539 1146 2593 In
1167 2540 1470 2607 posteriori
1496 2546 1820 2600 autemnon
1933 2551 2129 2602 nostra
2161 2551 2439 2603 nostrum.

171 2633 248 2684 est
302 2642 447 2698 opus
476 2626 715 2683 omnino
738 2623 1086 2682 defensione.
1126 2626 1263 2697 Qua:
1300 2628 1453 2684 enim
1488 2629 1547 2685 in
1589 2630 1695 2687 hoc
1742 2631 1824 2688 sit

1065 2917 1737 2992 SANCTISSlMl
1790 2920 2358 2993 THEODOBI
2418 2925 2728 2997 PAP/E
2820 2949 2825 2955 ·

1678 3093 2112 3159 SYNODICA

944 3252 1037 3310 AD
1075 3252 1357 3311 PAULUM
1395 3252 1886 3310 PATRIARCHAM
1922 3252 2798 3315 CONSTANTINOPOLITANUM

1705 3412 2049 3424 αι*-

237 3541 559 3613 Syuodicas
598 3538 981 3597 fraternitatis
1014 3544 1214 3597 vestra:
1243 3539 1487 3607 litteras,
1536 3539 1699 3595 datas
1731 3551 1830 3609 per
1854 3537 1901 3599 C
1934 3540 2125 3594 mitent
2151 3538 2426 3610 palpebrae
2464 3543 2586 3593 tua.
2620 3540 2825 3594 Eruere
2850 3539 3012 3608 quasi
3038 3537 3265 3593 damula
3295 3538 3361 3594 de
3399 3556 3593 3610 manu,

172 3630 481 3703 Georgium
506 3628 900 3700 presbyterum
931 3634 987 3686 et
1008 3630 1237 3686 Petrum
1266 3628 1576 3686 diaconum
1608 3641 1713 3684 nos
1736 3642 1830 3684 su-

172 3719 420 3790 scepisse
442 3718 866 3792 significamus,
891 3731 1134 3789 quarum
1158 3723 1556 3789 percurrentes
1585 3722 1825 3788 textum,

173 3807 501 3865 invenimus
527 3820 653 3863 eam
700 3806 851 3863 inter
902 3820 1058 3877 spem
1100 3812 1158 3863 et
1187 3811 1421 3879 metum,
1450 3806 1830 3878 quemadmo-

171 3895 305 3953 dum
334 3896 491 3953 inter
534 3895 713 3953 fidum
742 3896 957 3969 gemini
990 3894 1209 3953 littoris
1236 3901 1484 3968 portum,
1529 3894 1830 3952 conﬁden—

175 3991 280 4041 tem
311 3984 531 4057 pariter
552 3989 612 4043 et
641 3985 1032 4054 fluctuantem,
1066 3988 1124 4042 et
1154 3998 1266 4041 non
1293 3982 1528 4041 frustra.
1561 3985 1701 4040 Nam
1746 3996 1830 4038 sa-

170 4073 490 4131 cerdotium
512 4087 680 4145 grave
701 4087 847 4131 onus
865 4077 972 4145 est,
996 4073 1144 4145 quod
1179 4073 1404 4130 scilicet
1423 4072 1671 4129 aliorum
1697 4071 1830 4126 vitae

173 4175 306 4218 cura
333 4161 563 4235 fatigat,
589 4163 757 4233 juxta
778 4162 931 4234 quod
958 4162 1241 4234 scriptum
1263 4166 1350 4218 est
1372 4181 1385 4216 :
1417 4162 1549 4228 Quis
1568 4163 1830 4229 infirma-

172 4256 282 4314 tur,
326 4260 378 4308 et
420 4268 516 4321 ego
553 4268 662 4307 non
691 4254 974 4322 infirmor?
1019 4255 1143 4323 quis
1180 4251 1611 4314 scandalizatur,
1644 4255 1695 4305 et
1738 4266 1831 4317 ego

173 4328 452 4396 non'uror
487 4339 567 4411 (II
606 4341 725 4396 Cor.
768 4355 852 4411 xx,
878 4338 1013 4415 29)?
1052 4342 1120 4398 Et
1172 4346 1387 4413 quanto
1436 4344 1590 4396 metu
1635 4352 1835 4396 sacer-

170 4428 385 4486 dotalis
410 4444 572 4487 mens
601 4430 958 4502 concutitur,
1004 4444 1074 4487 ne
1099 4429 1246 4487 forte
1278 4444 1376 4501 per
1418 4429 1717 4487 silentium
1744 4428 1830 4485 vel

174 4516 615 4576 immoderatum
672 4518 973 4590 eloquium
1024 4519 1368 4592 maculetur,
1418 4523 1576 4574 tanto
1632 4532 1731 4589 spe
1778 4521 1835 4573 et

174 4608 425 4664 maxima
453 4609 703 4680 propria:
733 4606 1100 4665 fortitudinis
1126 4622 1310 4679 penna
1352 4608 1422 4664 ad
1448 4607 1831 4665 altitudinem

175 4697 528 4769 sublevatur,
553 4699 781 4769 quando
802 4698 871 4755 de
892 4698 1280 4768 subjectorum
1304 4696 1562 4769 profectu
1584 4697 1835 4770 gratula-

178 4792 290 4843 tur.
337 4788 626 4859 Scriptum
670 4792 756 4843 est
797 4788 988 4843 enim;
1038 4788 1141 4842 Ubi
1172 4788 1431 4858 plurima:
1485 4793 1707 4855 segetes,
1753 4788 1835 4843 ibi

174 4880 470 4945 manifesta
518 4877 787 4944 fortitudo
840 4877 997 4931 boum
1041 4875 1217 4947 (Prov.
1278 4890 1398 4940 xw,
1455 4873 1525 4949 4).

176 4971 374 5021 contra
400 4969 588 5021 metus
614 4963 951 5021 reverberat.
979 4965 1270 5036 Scriptum
1308 4979 1553 5036 namque
1581 4969 1698 5022 est:
1734 4966 1835 5021 Fi—

177 5054 222 5106 li
259 5057 351 5126 mi,
408 5057 459 5108 si
501 5054 851 5126 spoponderis
893 5070 998 5123 pro
1040 5056 1211 5109 amico
1241 5060 1354 5119 tuo,
1400 5055 1641 5126 definisti
1686 5055 1838 5126 apud

178 5144 496 5198 exiraneum
531 5159 756 5198 manum
798 5148 967 5198 tuam.
1013 5144 1352 5213 Illaqueatus
1398 5160 1453 5199 es
1499 5146 1677 5200 verbis
1724 5146 1836 5200 oris

179 5233 284 5294 tui,
339 5237 389 5287 et
436 5237 631 5302 captus
675 5234 923 5303 propriis
968 5233 1325 5287 sermonibus.
1370 5234 1477 5287 Fac
1527 5250 1650 5302 ergo
1688 5236 1837 5304 quod

182 5319 321 5383 dico,
348 5322 430 5390 fili
457 5323 554 5386 mi,
586 5325 637 5375 et
690 5323 1026 5391 temetipsum
1071 5323 1262 5395 libera,
1317 5325 1449 5391 quia
1479 5323 1727 5378 incidisti
1775 5325 1834 5378 in

180 5423 397 5464 manum
428 5412 677 5481 proximi
720 5412 819 5465 tui.
865 5412 1143 5482 Discurre,
1179 5412 1406 5478 festina,
1452 5414 1656 5466 suscita
1686 5414 1839 5467 ami—

182 5511 306 5551 cum
341 5504 527 5555 tuum:
569 5515 639 5554 ne
676 5498 891 5555 dederis
919 5515 1163 5555 somnum
1191 5499 1361 5554 oculis
1391 5502 1522 5564 tuis,
1554 5516 1651 5555 nec
1695 5501 1833 5556 dor-

1937 3632 1989 3682 et
2016 3630 2178 3697 quasi
2205 3629 2326 3683 avis
2366 3628 2431 3682 de
2459 3627 2683 3682 insidiis
2712 3629 2941 3698 aucupis
2971 3626 3145 3699 (Prov.
3180 3640 3262 3699 v1,
3296 3622 3442 3701 4-5).
3466 3629 3597 3686 Au-

1936 3717 2212 3789 divimus,
2241 3717 2621 3773 dilectissime
2642 3715 2838 3787 frater,
2865 3730 2965 3787 per
2986 3707 3248 3773 timorem
3274 3717 3597 3789 periculum

1938 3806 2549 3877 nostrum,audiamus
2575 3820 2674 3876 per
2709 3819 2867 3876 spem
2900 3803 3311 3876 repromissum
3340 3806 3596 3864 consola-

1938 3895 2163 3952 tionum
2198 3895 2491 3953 solatium.
2525 3896 2640 3964 Ego
2663 3911 2803 3959 sum,
2838 3894 3032 3966 inquit
3058 3895 3232 3968 Deus,
3253 3912 3390 3966 pars
3420 3896 3602 3952 here-

1941 3985 2176 4039 dititatis
2207 3988 2313 4040 tua:
2345 3983 2525 4055 (Num.
2569 3996 2738 4057 xvm,
2766 3981 2874 4058 20).
2905 3985 2975 4040 Et
2998 3983 3206 4041 iterum
3233 4000 3247 4038 :
3285 3984 3601 4041 Sacerdotes

1940 4074 2025 4129 tui
2053 4074 2292 4127 induant
2310 4073 2594 4143 justitiam
2621 4072 2788 4146 (Psal.
2839 4086 3034 4146 CXXXI,
3065 4068 3139 4146 9).
3171 4072 3368 4131 Timor
3410 4077 3601 4132 autem

1940 4161 2221 4233 concutit,
2248 4175 2380 4218 cum
2416 4161 2565 4217 alias
2609 4160 2869 4217 dicitur:
2918 4160 3020 4216 Cui
3059 4162 3289 4218 multum
3336 4162 3599 4227 creditur,

1942 4252 2172 4306 multum
2217 4251 2286 4305 ab
2327 4267 2385 4305 eo
2429 4252 2675 4319 exigetur
2719 4249 2869 4321 (Luc.
2927 4264 3034 4322 xu,
3089 4246 3195 4324 48).
3242 4252 3311 4307 Et
3356 4251 3597 4308 iterum:

1943 4340 2189 4395 Potentes
2237 4344 2491 4411 potenter
2545 4344 2811 4393 tormenta
2856 4342 3146 4409 patientur
3197 4337 3348 4410 (Sap.
3401 4354 3480 4411 v1,
3521 4335 3595 4411 7).

1942 4431 2014 4485 Et
2043 4444 2248 4486 rursus
2288 4442 2418 4500 spes
2466 4442 2570 4485 nos
2618 4426 2852 4500 refovet,
2886 4426 2985 4484 ubi
3029 4427 3146 4483 ait:
3206 4428 3381 4483 Labia
3415 4443 3605 4484 sacer-

1945 4520 2088 4574 dotis
2114 4518 2419 4574 custodient
2455 4519 2757 4580 scientiam,
2793 4522 2845 4573 et
2875 4518 3041 4586 legem
3086 4518 3375 4587 emquirent
3404 4532 3472 4571 ea:
3511 4532 3604 4573 ore

1947 4609 2088 4677 ejus,
2122 4609 2381 4677 quoniam
2426 4609 2655 4676 angelus
2699 4609 2919 4662 Domini
2960 4607 3291 4662 exercituum
3338 4610 3416 4661 est
3445 4603 3597 4678 (Mal.

1948 4712 2013 4769 ιι,
2038 4693 2109 4771 7).
2145 4698 2294 4753 [nter
2324 4702 2408 4753 tot
2432 4710 2566 4768 ergo
2599 4696 2879 4767 procellas
2907 4702 3081 4768 atque
3107 4695 3457 4768 tranquillos
3482 4696 3604 4753 ilu-

1948 4792 2077 4844 ctus
2123 4790 2367 4842 aestuare
2416 4783 2784 4857 profundum,
2832 4785 2973 4857 quid
3028 4785 3187 4842 aliud
3230 4790 3318 4842 est
3370 4785 3485 4842 nisi
3542 4785 3602 4841 in

1591 4876 1736 4932 Hinc
1802 4890 1833 4932 e
1860 4863 1916 4925 D
1949 4882 2119 4947 portu
2148 4874 2451 4945 asperrimi
2487 4873 2706 4929 littoris
2740 4875 2929 4930 navim
2964 4875 3173 4931 mentis
3206 4880 3415 4932 nostra:
3451 4880 3609 4932 tem—

1950 4964 2270 5037 pestatibus
2299 4961 2579 5019 concuti?
2607 4962 2710 5018 Sed
2745 4962 2883 5033 quia
2917 4962 3186 5032 majorem
3226 4964 3496 5020 ﬁduciam
3534 4978 3603 5021 ex

1950 5054 2384 5127 longanimitate
2426 5051 2527 5107 Dei
2567 5050 3005 5123 Evangeliorum
3053 5051 3260 5109 habere
3297 5054 3607 5126 cognosci—

1951 5159 2099 5215 mur,
2132 5156 2231 5213 spe
2259 5141 2573 5215 gaudentes
2617 5139 2947 5210 hujusmodi
2980 5146 3180 5198 aastum
3227 5141 3390 5199 nullo
3437 5143 3602 5199 modo

1949 5232 2345 5290 formidamus.
2371 5232 2485 5286 Nos
2504 5243 2638 5302 ergo
2660 5227 2821 5301 quid,
2852 5228 2962 5285 nisi
2980 5229 3404 5301 dispensatores
3427 5229 3603 5286 unius

1954 5321 2201 5392 pastoris
2244 5318 2488 5376 sumus?
2525 5320 2651 5388 Ipso
2694 5318 2847 5373 enim
2897 5324 3159 5389 pascente
3204 5319 3513 5390 pascimus,
3543 5321 3602 5372 et

1952 5416 2177 5484 regente
2209 5407 2780 5482 regimus,‘quoniam
2804 5422 3000 5465 omnes
3021 5409 3129 5466 sub
3153 5407 3347 5463 eodem
3375 5411 3599 5477 pastore

1949 5513 2080 5557 cum
2106 5498 2311 5556 ovibus
2333 5497 2522 5569 ipsius
2548 5510 2679 5555 oves
2704 5510 2929 5568 pascua:
2960 5511 3179 5554 sumus.
3210 5495 3403 5568 Neque
3443 5491 3595 5549 enim
