4018 6160
487 171 594 231 579

1723 162 2082 220 ANASTASII
2132 161 2670 221 BIBLIOTHECARII
3725 173 3808 232 580

491 297 705 354 nostris
733 296 978 365 viribus,
1012 295 1106 350 sed
1139 294 1239 349 Dei
1267 292 1464 365 gratiae
1501 291 1843 361 deputamus
1887 302 1999 359 quo
2023 303 2132 344 su—
2159 288 2218 350 A
2245 289 2529 346 Canonica
2559 291 2711 346 enim
2737 291 2989 346 vindicta
3037 305 3208 361 super
3250 305 3313 346 eo
3353 291 3599 348 debuerat
3642 310 3810 364 prove-

493 401 640 442 mus.
672 385 914 439 Tantum
936 387 1128 452 restat,
1157 389 1220 438 ut
1249 395 1379 438 cum
1401 380 1601 436 divino
1625 378 1847 434 auxilio
1875 377 2134 447 petendo,

492 475 817 546 quaerendo,
849 473 1149 544 pulsando,
1184 471 1292 527 ﬁde
1315 476 1373 526 et
1401 484 1568 541 opere
1593 470 1804 524 donum
1839 466 2035 536 gratia:
2068 465 2136 519 ir-

492 559 1302 633 reprehensibiliterexhibere
1316 559 1622 629 possimus,
1640 571 1772 627 quo,
1787 554 2139 611 conculcatis

491 652 675 721 vitiis,
707 651 987 706 virtutum
1032 649 1374 719 repromissa
1421 647 1652 716 praemia
1685 645 1974 714 percipere
2018 655 2142 696 me—

493 755 737 798 reamur.
784 737 1082 809 Superbia,
1121 752 1246 808 qua:
1275 741 1360 792 est
1406 736 1642 792 initium
1671 733 1861 789 omnis
1901 730 2139 802 peccati,

495 831 659 904 longe
683 844 714 886 a
750 828 1108 885 sacerdotum
1143 825 1433 882 mentibus
1476 826 1590 880 ﬁat.
1625 822 1881 879 Avaritia
1913 834 2137 890 rursus,

497 935 620 992 quae
645 925 731 976 est
758 919 1043 974 idolorum
1072 917 1341 986 servitus,
1370 921 1540 985 atque
1569 913 1826 970 omnium
1861 910 2140 965 malorum

494 1011 679 1081 radix,
734 1009 1007 1078 abscissa,
1067 1013 1122 1062 et
1163 1021 1194 1061 a
1236 1005 1467 1062 turbine
1509 1003 1761 1074 pulveris
1803 1000 1896 1056 sui
1943 996 2141 1069 procul

493 1103 679 1154 amota
707 1097 1058 1166 destruatur,
1083 1109 1209 1166 quae
1233 1097 1476 1150 excaecat
1499 1092 1669 1147 etiam
1697 1089 1895 1146 oculos
1925 1086 2144 1156 sapien-

495 1192 637 1244 tum.
671 1186 1045 1241 Dilectionem
1075 1184 1258 1254 igitur
1283 1182 1540 1238 omnium
1567 1180 1847 1236 virtutum
1882 1181 2138 1244 matrem,

495 1278 620 1334 sine
647 1290 760 1348 qua
791 1274 940 1330 nihil
975 1272 1290 1343 perﬁcitur,
1323 1277 1379 1328 et
1419 1272 1478 1326 in
1505 1284 1616 1342 qua
1663 1281 1859 1324 omnes
1898 1266 2142 1321 virtutes

496 1367 654 1438 pacis
675 1364 967 1436 completa:
986 1363 1218 1419 vinculo
1242 1359 1733 1418 indissolubiliter
1747 1356 2136 1424 continentur,

494 1455 604 1513 ﬁde
629 1460 781 1512 recta
810 1458 866 1509 et
895 1467 992 1523 spe
1017 1458 1167 1508 certa
1199 1451 1392 1507 studio
1431 1447 1778 1506 indesineuti
1827 1451 2134 1502 teneamus.

495 1545 566 1600 Et
595 1544 866 1616 quoniam
916 1542 1024 1598 ﬁde
1073 1541 1365 1597 hominum
1399 1540 1569 1596 corda
1621 1540 1956 1609 purgantur,
2006 1531 2138 1589 lecti

2250 380 2392 447 nire,
2429 394 2542 450 quo
2572 379 2949 437 fraternitatis
2975 385 3087 437 tua:
3125 381 3462 437 consecratio
3501 382 3809 452 irreprehen-

2249 468 2443 524 sibilis
2472 474 2527 524 et
2553 469 2713 525 ﬁrma
2744 470 3039 526 consistat.
3067 470 3348 538 Scriptum
3380 476 3459 525 est
3485 471 3649 524 enim:
3681 472 3729 524 Si
3750 477 3810 526 τί,-

2248 557 2366 625 ejus
2408 563 2650 613 mortuus
2683 562 2872 627 fuerit,
2919 561 3095 613 soluta
3128 564 3205 612 est
3229 575 3260 611 a
3292 560 3395 625 lege
3435 560 3547 612 viri.
3592 561 3643 613 Si
3675 568 3812 614 autem

2248 648 2334 698 υἰν
2363 647 2480 715 ejus
2509 650 2660 710 vivit,
2714 649 2966 702 adultera
3009 649 3285 702 vocabitur
3322 649 3367 701 si
3392 650 3549 714 fuerit
3591 664 3692 700 eum
3733 650 3813 701 alio

2248 737 2364 789 viro
2406 738 2573 807 (Rom.
2613 751 2715 802 vu,
2746 736 2800 800 2,
2836 735 2907 807 3).
2934 740 3112 792 Erunt
3141 738 3278 791 enim
3307 737 3410 790 duo
3450 739 3503 789 in
3548 752 3687 790 carne
3714 754 3814 790 una.

2249 828 2567 894 Mysterium
2614 833 2792 882 autem
2844 829 2941 882 hoc
2994 843 3249 895 magnum
3296 831 3388 887 est,
3427 826 3505 880 ait
3547 824 3814 894 Apostolus,

2251 933 2343 982 ego
2371 922 2550 971 autem
2593 918 2711 971 dico
2752 920 2812 971 in
2841 917 3049 972 Christo
3079 922 3130 971 et
3165 917 3400 970 Ecclesia.
3436 911 3628 984 (Ephes.
3669 928 3715 984 v,
3751 912 3817 982 3i,

2251 1003 2356 1070 3‘2).
2392 1007 2610 1062 Etenim
2642 1007 2776 1062 licet
2809 1007 3031 1077 indigni
3078 1006 3278 1076 simus,
3327 1004 3503 1059 locum
3530 1008 3691 1057 tamen
3725 1003 3821 1070 ejus

2253 1095 2313 1150 in
2346 1095 2617 1151 Ecclesiis
2663 1096 3060 1165 adimplemus.
3113 1095 3339 1149 Vivente
3383 1093 3565 1162 itaque
3605 1091 3823 1160 przedicto

2251 1184 2487 1254 Pyrrho.
2516 1191 2572 1239 et
2602 1185 2855 1241 nondum
2901 1192 3105 1240 natura
3134 1183 3220 1238 vel
3262 1182 3425 1251 culpa
3469 1181 3736 1250 exstincto,
3774 1193 3824 1232 ne

2252 1271 2396 1329 forte
2451 1275 2608 1330 ﬁeret
2659 1275 2907 1331 schisma
2939 1277 3268 1345 oportuerat
3309 1269 3610 1341 praecaveri.
3639 1268 3702 1322 Ut
3725 1280 3826 1338 ergo

2252 1361 2634 1420 fraternitatis
2659 1369 2856 1422 vestra:
2887 1363 3260 1420 sacerdotalis
3291 1359 3570 1417 robustior
3597 1357 3716 1413 ordo
3740 1369 3829 1425 per—

2252 1459 2492 1524 maneat,
2527 1459 2749 1524 oportet
2776 1453 3035 1510 debitum
3067 1452 3341 1507 adversus
3364 1463 3489 1505 eum
3516 1445 3692 1518 colligi
3727 1444 3830 1514 epi-

2251 1556 2550 1613 sc0porum
2567 1558 2636 1600 ex
2665 1541 3179 1614 propinquioribus
3206 1540 3350 1597 locis
3367 1543 3698 1595 conventum.
3723 1535 3831 1588 Prm-

497 1634 688 1704 apices
706 1631 1040 1689 dilectionis
1060 1637 1258 1687 vestrae
1287 1629 1526 1699 limpida
1550 1627 1682 1684 ﬁdei
1709 1627 1920 1682 ﬂuenta
1948 1637 2048 1681 vos
2072 1624 2142 1678 de
2172 1636 2220 1696 Β
2251 1631 2502 1702 cipimus
2530 1633 2680 1688 enim
2715 1647 2886 1704 super
2913 1633 3018 1688 hoc
3039 1632 3210 1687 etiam
3243 1627 3593 1686 charissimis
3620 1624 3742 1680 nnis
3761 1636 3833 1677 ηο-

498 1720 757 1778 fontibus
801 1722 1112 1777 Salvatoris
1143 1720 1424 1790 hausisse,
1471 1723 1526 1773 et
1569 1717 1722 1774 sicut
1765 1715 2144 1786 prtedicamus

501 1812 830 1884 praedicare,
863 1816 918 1867 et
948 1810 1422 1882 quemadmodum
1466 1809 1756 1864 credimus
1807 1807 2055 1875 credere,
2089 1807 2146 1859 et

499 1902 674 1958 sicuti
696 1903 964 1959 docemus
982 1901 1330 1957 indiminute
1345 1901 1548 1956 docere
1565 1896 2022 1954 manifestarunt.
2043 1894 2143 1949 His

499 2006 633 2065 ergo
661 1992 740 2048 ita
765 2007 825 2049 se
853 1992 1216 2062 habentibus,
1249 2005 1378 2046 cum
1405 2004 1468 2046 ea
1498 2002 1621 2060 qua:
1645 2002 1678 2043 a
1709 1986 1922 2058 Pyrrho
1952 1984 2147 2040 adver-

502 2095 602 2138 sus
631 2081 1002 2153 apostolicam
1030 2081 1195 2136 ﬁdem
1224 2084 1474 2136 nostram
1503 2079 1572 2135 ad
1601 2075 2029 2133 subversionem
2061 2086 2147 2143 sy-

502 2171 798 2228 nodalium
828 2172 1186 2227 decretorum
1214 2169 1435 2241 prolata
1465 2171 1622 2238 sunt,
1654 2172 1768 2222 tam
1803 2179 1900 2236 per
1938 2163 2143 2234 dogma

501 2262 655 2318 sedis
675 2261 1024 2333 apostolicae,
1051 2260 1200 2331 quod
1223 2259 1546 2330 expositum
1571 2262 1658 2313 est
1677 2271 1709 2312 a
1735 2255 2145 2326 praedecessore

500 2357 716 2422 nostro,
745 2365 914 2423 quam
943 2364 1042 2420 per
1056 2349 1376 2420 jussionem
1398 2347 1505 2403 ﬁlii
1541 2345 1721 2402 nostri
1755 2338 2149 2400 mansuetissi-

502 2441 580 2496 mi
613 2441 898 2512 principis
921 2440 1212 2496 destructa
1237 2438 1388 2493 sint:
1421 2435 1787 2508 quamobrem
1815 2432 2148 2490 fraternitas

499 2533 602 2586 tua
629 2542 663 2584 a
695 2529 948 2599 publicis
972 2527 1116 2583 locis
1141 2526 1416 2596 chartam,
1452 2539 1578 2596 quae
1599 2536 1877 2594 suspensa
1905 2521 2150 2593 pridem-

503 2631 614 2691 que
641 2621 862 2674 cassata
891 2616 1096 2686 fuerat,
1125 2629 1236 2672 non
1263 2613 1548 2670 abstulit?
1573 2628 1698 2684 quae
1724 2612 1951 2668 scilicet
1974 2623 2148 2667 scan—

503 2709 697 2766 dalum
723 2707 939 2765 sanctis
956 2707 1056 2762 Dei
1088 2705 1363 2760 Ecclesiis
1405 2716 1518 2759 non
1567 2702 1854 2759 modicum
1905 2701 2140 2757 intulit:

504 2799 670 2854 Corde
695 2800 836 2854 enim
860 2796 1099 2852 creditur
1125 2795 1201 2850 ad
1213 2795 1530 2863 justitiam;
1559 2808 1648 2847 ore
1677 2796 1855 2846 autem
1884 2792 2146 2858 confessio

501 2892 562 2959 ﬁt
581 2890 641 2942 in
669 2888 900 2942 salutem
925 2884 1089 2958 (Rom.
1118 2899 1173 2956 x,
1205 2881 1306 2957 40).
1335 2882 1393 2938 Si
1423 2881 1811 2952 dejiciendum
1838 2893 1972 2952 ergo
2001 2880 2148 2949 ejus-

2253 1722 2392 1778 stris
2442 1723 2634 1779 Serico
2681 1722 3108 1792 archidiacono,
3162 1725 3218 1776 et
3268 1718 3504 1775 Martino
3555 1715 3762 1771 diacono
3792 1713 3834 1765 et

2253 1811 2649 1884 apocrisiario,
2686 1811 2898 1883 quibus
2927 1816 2983 1868 et
3012 1811 3199 1866 locum
3229 1813 3484 1864 nostrum
3513 1804 3577 1861 ad
3601 1803 3748 1871 hujus
3769 1796 3833 1854 rei

2252 1900 2721 1957 deliberationem
2749 1901 3056 1967 credimus,
3087 1905 3370 1969 quatenus
3391 1910 3514 1953 cum
3536 1889 3836 1950 fraternitate

2253 1996 2438 2046 vestra
2469 1991 2727 2061 praedicti
2758 1991 2960 2062 Pyrrhi
2988 1991 3155 2060 culpa
3177 1987 3517 2060 regulariter
3534 1982 3832 2054 exquiratur.

2253 2082 2374 2136 Non
2403 2081 2556 2136 enim
2590 2081 2891 2150 prtesentia
2921 2081 3047 2150 ejus
3079 2076 3408 2134 necessaria
3432 2080 3531 2144 est,
3569 2071 3657 2129 ubi
3681 2081 3840 2125 exces-

2254 2185 2353 2226 sus
2369 2171 2512 2240 ejus,
2540 2174 2595 2225 et
2615 2171 2828 2240 scripta
2853 2169 3084 2225 veritati
3109 2166 3490 2240 repugnantia
3516 2165 3698 2234 thBStO
3718 2161 3838 2224 sunt,

2255 2264 2321 2314 ut
2349 2273 2478 2315 cum
2504 2260 2574 2316 de
2605 2259 2697 2314 his
2723 2260 2780 2315 di
2784 2259 3099 2329 judicatur,
3130 2258 3324 2314 modis
3349 2253 3606 2312 omnibus
3629 2248 3840 2306 condem-

2257 2352 2441 2406 netur.
2476 2348 2666 2404 Primo
2692 2349 2945 2420 quidem,
2974 2348 3251 2419 quoniam
3276 2338 3717 2418 Heraclium,lqui
3743 2348 3844 2390 ana-

2255 2437 2650 2494 thematizavit
2671 2438 3065 2494 inviolabilem
3097 2435 3547 2493 orthodoxorum
3578 2433 3777 2486 Patrum
3802 2423 3845 2478 ﬁ-

2254 2525 2402 2597 dem,
2425 2527 2673 2583 diversis
2690 2527 2962 2584 laudibus
2979 2527 3207 2598 extulit,
3233 2531 3295 2582 et
3311 2522 3664 2595 sophisticam
3679 2515 3844 2588 jussio-

2255 2628 2382 2670 nem
2407 2615 2615 2687 ipsius,
2639 2617 2698 2671 in
2726 2630 2839 2686 qua
2865 2615 3028 2688 quasi
3053 2615 3378 2686 symbolum
3404 2611 3530 2669 ﬁdei
3551 2602 3843 2678 composuit.

2255 2703 2667 2760 subscribendo
2717 2706 2982 2777 ﬁrmavit,
3036 2704 3390 2776 furtivisque
3436 2692 3846 2768 subreptionibus

2256 2795 2531 2865 quosdam
2567 2796 2888 2851 sacerdotes
2912 2796 3063 2866 apud
3097 2808 3156 2850 se
3185 2792 3528 2866 singulatim
3572 2785 3846 2860 praedictam

2255 2883 2512 2938 chartam
2544 2884 2812 2940 roborare
2831 2885 3038 2956 coegit,
3061 2888 3117 2940 et
3144 2884 3202 2939 in
3226 2882 3483 2954 publicis
3504 2879 3637 2936 locis
3664 2883 3850 2942 suspen-

503 2978 630 3034 dem
660 2976 861 3048 Pyrrhi
905 2988 1177 3032 conamen
1207 2972 1540 3040 fraternitas
1586 2975 1771 3028 vestra
1817 2970 2002 3040 ducit,
2037 2981 2148 3040 qua
2177 2961 2223 3021 C
2255 2972 2387 3029 dere
2416 2974 2484 3028 ad
2511 2972 2957 3032 destructionem
2978 2972 3464 3030 Chalcedonensis
3482 2966 3676 3026 conciti
3703 2959 3848 3018 auda-

505 3080 606 3138 pro
634 3079 805 3123 causa
829 3064 1155 3136 praedictam
1199 3064 1450 3120 chartam
1478 3061 1548 3117 de
1585 3062 1803 3132 pariete
1829 3073 1939 3115 non
1965 3058 2151 3129 depo-

506 3155 675 3214 suit?
703 3157 876 3212 Nemo
912 3155 1125 3226 quippe
1149 3153 1300 3225 quod
1345 3151 1711 3208 abominatur
1752 3149 1912 3207 colit.
1945 3149 2004 3204 Si
2035 3163 2148 3205 au-

506 3253 638 3319 tem,
672 3247 821 3318 quod
844 3245 1015 3317 absit,
1047 3243 1400 3314 hujusmodi,
1436 3242 1721 3312 scriptum
1753 3240 2142 3311 amplectitur,

505 3338 672 3407 cujus
704 3335 783 3392 rei
813 3336 996 3408 gratia
1027 3334 1194 3390 nobis
1225 3335 1329 3390 hoc
1362 3346 1460 3403 per
1490 3331 1720 3403 propria
1747 3331 2017 3401 synodica
2045 3342 2148 3385 sua

502 3426 741 3483 minime
785 3423 1095 3496 patefecit?
1117 3426 1393 3480 Neutrum
1418 3423 1568 3478 enim
1596 3422 1722 3475 sine
1755 3420 1956 3475 horum
1999 3419 2152 3472 alte—

503 3514 629 3572 rius
647 3515 963 3585 dejectione
986 3513 1330 3568 indemniter
1350 3516 1500 3567 stare
1526 3515 1725 3579 potest.
1755 3510 1892 3563 Nam
1918 3507 1968 3561 si
1997 3510 2148 3561 recta

506 3603 666 3675 ﬁdes,
697 3617 822 3675 quae
848 3607 932 3658 tot
973 3600 1241 3657 conciliis
1268 3599 1528 3655 roborata
1560 3604 1664 3661 est,
1697 3595 1768 3651 ab
1799 3595 2058 3650 Heraclio
2093 3600 2149 3649 et

506 3691 722 3764 Pyrrho
742 3705 872 3746 cum
894 3689 1135 3760 quadam
1156 3688 1452 3743 additione
1475 3691 1532 3741 et
1556 3685 1950 3741 emendatione
1969 3684 2149 3739 corri-

508 3781 700 3854 gitur:
752 3794 885 3850 ergo
933 3778 1072 3833 ﬁdes
1113 3791 1145 3832 a
1185 3775 1450 3831 Patribus
1493 3773 1788 3831 subtiliter
1825 3772 2148 3828 examinata

505 3868 846 3926 commoveri
873 3865 1260 3937 cognoscitur,
1287 3873 1342 3920 et
1373 3864 1582 3920 mortui
1617 3876 1792 3919 vacua
1819 3876 1916 3933 spe
1955 3861 2148 3918 beati—

507 3956 733 4013 tudinis
768 3955 1140 4013 deciderunt:
1185 3954 1335 4025 quod
1385 3957 1601 4010 avertat
1629 3954 1778 4009 Deus
1821 3967 1853 4008 a
1888 3952 2145 4009 ﬁdelium

505 4045 795 4103 cordibus.
825 4045 894 4100 Hi
925 4044 1076 4100 enim
1109 4042 1207 4114 qui
1238 4040 1493 4099 defuncti
1521 4046 1658 4099 sunt
1688 4042 1923 4098 minime
1955 4043 2149 4112 perie-

507 4141 682 4193 runt:
734 4136 975 4191 Pretiosa
1027 4145 1270 4204 namque
1316 4134 1375 4186 in
1423 4137 1705 4202 conspectu
1742 4134 1959 4186 Domini
2005 4148 2145 4186 mors

505 4231 814 4284 sanctorum
834 4224 952 4293 ejus
978 4223 1142 4294 (Psal.
1176 4235 1302 4292 cxv,
1334 4219 1434 4293 45).
1469 4222 1537 4276 Et
1575 4220 1674 4291 qui
1707 4219 1907 4276 vivunt
1939 4220 1997 4275 in
2043 4221 2147 4276 hac

2255 3061 2308 3116 ci
2359 3063 2810 3133 transgressione
2851 3061 3237 3134 przesumpsit.
3292 3061 3450 3117 Unde
3481 3072 3584 3116 non
3615 3051 3848 3110 modicum

2255 3150 2639 3208 dissensionis
2674 3153 3005 3209 scandalum
3033 3152 3320 3208 Ecclesiis
3347 3151 3448 3206 Dei
3487 3137 3845 3204 disseminavit,

2257 3245 2313 3296 et
2341 3240 2718 3297 obtestatione
2742 3247 3052 3297 conventus
3076 3254 3109 3295 a
3137 3241 3444 3298 decessore
3470 3241 3652 3294 nostro
3677 3223 3849 3295 corrigi

2260 3331 2638 3400 parvipendit.
2670 3331 2768 3387 His
2787 3331 2968 3402 igitur
2983 3330 3190 3386 etaliis
3212 3331 3276 3386 in
3299 3330 3511 3401 synodo
3534 3314 3851 3381 fraternitatis

2257 3424 2456 3474 vestra:
2489 3419 2809 3490 requisitis,
2841 3420 3127 3476 canonica:
3161 3419 3321 3476 hunc
3365 3410 3700 3475 exsecutioni
3742 3403 3854 3461 sub-

2259 3507 2490 3579 mittite,
2525 3514 2588 3563 ut
2635 3509 2972 3566 sacerdotali
3003 3509 3205 3565 ordine
3238 3515 3299 3565 et
3336 3504 3637 3579 episcopali
3678 3492 3855 3568 legisla-

2259 3596 2433 3670 tione,
2481 3612 2547 3653 ac
2578 3599 2920 3670 regulariter
2965 3613 3030 3656 eo
3082 3599 3412 3656 sacerdotio
3458 3593 3742 3656 denudato,
3770 3593 3854 3639 non

2257 3687 2440 3742 solum
2475 3687 2613 3743 ﬁdes
2668 3688 2891 3743 illibata
2945 3697 3297 3759 permaneat,
3351 3687 3447 3744 sed
3476 3693 3529 3742 et
3571 3675 3854 3738 fraternita—

2255 3775 2333 3831 tis
2375 3782 2572 3832 vestraa
2603 3779 2815 3849 gradus
2861 3779 3210 3849 episcopalis
3246 3779 3471 3835 ﬁrmior
3521 3771 3851 3832 conservetur.

2254 3865 2326 3922 At
2355 3881 2503 3937 vero,
2538 3869 2588 3924 si
2619 3868 2931 3941 diligenter
2955 3868 3294 3926 fraternitas
3321 3875 3529 3937 vestra,
3560 3866 3687 3920 dum
3714 3851 3858 3913 consi-

2256 3956 2453 4029 liatur,
2501 3959 2854 4029 perspexerit
2898 3957 3152 4015 fautores
3191 3961 3315 4029 jam
3363 3958 3510 4015 dicti
3557 3949 3738 4026 Pyrrhi
3762 3943 3858 4000 cir-

2255 4052 2655 4121 cumstrepere,
2707 4053 2763 4104 et
2791 4047 3092 4104 senseritis
3118 4049 3345 4120 crebro,
3395 4047 3696 4104 insolenter
3741 4047 3859 4107 prii?

2258 4137 2403 4193 senti
2439 4139 2664 4210 negotio
2695 4139 2844 4209 quod
2875 4137 3281 4195 dit‘ﬁniendum
3326 4143 3414 4194 est
3442 4129 3858 4206 impedimentum

2259 4240 2358 4296 per
2376 4227 2711 4284 dilationem
2733 4227 2953 4299 afferre,
2977 4232 3042 4283 ut
3063 4228 3371 4298 proprium
3398 4225 3709 4296 compleant
3724 4223 3860 4286 quali-

509 4317 636 4387 ﬁde,
671 4314 868 4372 mundi
895 4312 1077 4369 eﬁ‘ecti
1109 4317 1276 4368 sunt:
1306 4312 1650 4381 Patrumque
1678 4308 1882 4381 dogma
1923 4309 2149 4380 signata
2172 4305 2226 4366 D
2255 4316 2441 4388 doque
2487 4317 2816 4388 consilium,
2854 4315 3017 4372 vobis
3059 4317 3547 4384 contradicentes,
3599 4309 3704 4366 nisi
3730 4303 3858 4376 juxta

509 4407 618 4464 ﬁde
664 4419 855 4462 verum
888 4409 944 4460 et
968 4403 1126 4474 pium
1159 4401 1399 4458 ﬁrmiter
1435 4404 1520 4455 est
1559 4400 1802 4469 posteris
1847 4400 2144 4455 traditum.

508 4497 702 4553 Restat
733 4495 933 4567 igitur,
969 4491 1116 4563 quod
1150 4495 1349 4546 contra
1396 4489 1560 4545 fidem
1594 4489 2015 4561 promulgatum
2061 4493 2148 4546 est

509 4586 741 4642 irritum
770 4583 885 4653 ﬁat,
908 4586 966 4638 et
983 4595 1112 4637 eum
1134 4584 1364 4636 auctore
1390 4579 1620 4650 proprio
1645 4581 1994 4636 destruatur.
2020 4581 2148 4636 Por-

510 4690 573 4731 ro
617 4673 810 4729 mirati
860 4685 1061 4728 sumus
1089 4670 1225 4741 quia
1276 4670 1553 4741 episcopi,
1587 4670 1687 4740 qui
1732 4669 2145 4726 fraternitatem

509 4770 665 4820 tuam
686 4765 1178 4833 consecraverunt,
1205 4759 1633 4816 sanctissimum
1658 4759 1821 4816 illum
1847 4760 1906 4815 in
1933 4760 2146 4816 litteris

511 4853 636 4911 suis
663 4853 952 4910 dixerunt.
986 4849 1088 4906 Sed
1116 4854 1171 4906 et
1191 4851 1329 4922 quia
1359 4854 1589 4920 propter
1613 4850 1899 4922 vulgarem
1941 4849 2146 4906 turba-

511 4943 722 4998 tionem
749 4946 805 4997 et
828 4940 1044 5011 odium,
1072 4937 1338 4995 Ecclesize
1366 4939 1516 4994 hunc
1552 4938 2148 5009 ConstantinOpolita-

513 5047 598 5090 ηαξ
660 5029 1094 5087 abrenuntiasse
1137 5028 1637 5101 signiﬁcaverunt:
1702 5032 1930 5098 propter
1992 5029 2141 5100 quod

511 5122 681 5180 etiam
711 5120 768 5177 in
799 5119 1174 5191 ambiguitate
1207 5117 1400 5189 positi,
1432 5133 1557 5190 qua:
1580 5132 1610 5173 a
1644 5116 2003 5175 fraternitate
2044 5133 2146 5175 ve-

509 5218 628 5270 stra
657 5211 870 5280 scripta
913 5213 1046 5265 sunt
1070 5208 1530 5278 judicaveramus
1577 5210 1645 5264 ad
1689 5208 1976 5266 modicum
2003 5210 2142 5281 quid

509 5300 758 5370 differre,
785 5300 962 5356 donec
979 5300 1094 5369 jam
1116 5297 1308 5353 dictus
1332 5297 1582 5364 Pyrrhus
1605 5297 1676 5352 ab
1701 5297 2031 5369 episcopatu
2055 5301 2150 5356 Ec-

510 5389 702 5449 clesia:
722 5386 1364 5457 Constantinopolitanae
1387 5387 1710 5457 pelleretur.
1735 5388 1871 5444 Nam
1893 5388 2148 5446 turbatio

511 5485 568 5542 et
587 5479 785 5540 odium
817 5477 1014 5551 populi
1045 5477 1407 5548 episcopatus
1429 5477 1668 5549 gradum
1695 5477 1877 5534 nescit
1900 5477 2143 5537 auferre.

2255 4411 2448 4462 votum
2475 4420 2643 4462 suum
2677 4405 2990 4476 quidquam
3022 4407 3363 4476 proveniat;
3391 4411 3450 4462 et
3491 4405 3540 4460 si
3568 4402 3636 4458 ob
3657 4393 3862 4454 hecfra-

2255 4495 2579 4550 ternitatem
2647 4500 2890 4550 vestram
2947 4494 3255 4552 obnoxiam
3311 4494 3521 4565 facere,
3591 4488 3670 4544 vel
3721 4483 3856 4539 etiam

2256 4583 2505 4639 schisma
2555 4584 2626 4640 de
2667 4585 2858 4640 eadem
2914 4599 3150 4654 persona
3193 4587 3584 4642 tentaverint:
3635 4567 3862 4650 possibile

2254 4678 2341 4728 est
2370 4678 2434 4731 ut
2461 4673 2793 4730 abscidatur
2820 4674 2992 4730 etiam
3030 4675 3088 4730 in
3122 4675 3465 4744 hujusmodi
3497 4658 3862 4742 capitulatalis

2253 4765 2636 4820 versutiarum
2666 4763 2918 4833 ipsorum
2964 4764 3232 4833 intentio,
3283 4770 3343 4820 et
3369 4749 3863 4824 obtineaturjussio

2253 4865 2286 4908 a
2315 4854 2549 4909 domino
2576 4858 2770 4909 nostro
2798 4857 2852 4909 et
2903 4852 3022 4908 tilio
3052 4852 3554 4909 Christianissimi
3606 4838 3860 4919 principis,

2256 4942 2526 5013 quoniam
2551 4941 2620 4997 de
2651 4941 2756 4998 hoc
2779 4941 3009 4997 enixius
3029 4955 3156 4998 eum
3181 4956 3284 5012 per
3311 4942 3543 4998 litteras
3565 4942 3771 4996 nostras
3799 4938 3867 4997 p0-

2256 5031 2564 5101 poscimus,
2599 5034 2662 5086 ut
2690 5030 2912 5086 scilicet
2934 5045 3080 5101 saepe
3107 5031 3334 5087 dictum
3360 5033 3641 5102 Pyrrhum
3668 5025 3728 5081 ad
3753 5022 3864 5076 hanc

2258 5121 2561 5175 Romanam
2608 5117 2803 5174 urbem
2829 5119 3026 5188 jubeat
3067 5120 3240 5188 mitti,
3297 5126 3592 5192 quatenus
3630 5111 3867 5173 conventu

2258 5210 2529 5283 synodico
2554 5224 2585 5266 a
2617 5209 2782 5265 nobis
2824 5209 3041 5278 effecto,
3076 5225 3176 5280 pro
3209 5224 3316 5266 sua
3349 5211 3668 5266 temeritate
3691 5199 3870 5274 judice‘

2259 5307 2371 5356 tur.
2401 5299 2494 5356 Sic
2519 5300 2670 5355 enim
2702 5304 2758 5355 et
2788 5298 3168 5356 fraternitatis
3191 5305 3399 5356 vestrm
3436 5291 3768 5370 episcopalis
3792 5283 3872 5340 di-

2259 5391 2448 5465 gnitas
2472 5390 2627 5447 omni
2659 5389 2854 5447 futuro
2884 5389 3308 5446 contrariorum
3345 5390 3659 5444 schismate
3689 5376 3870 5438 ﬁrmior

2257 5493 2529 5552 apparere
2558 5479 2788 5553 valebit,
2819 5485 2874 5537 et
2917 5479 3246 5536 scandalum
3277 5478 3562 5535 novitatis
3603 5474 3681 5547 ab.
3703 5465 3872 5527 ortho-
