4034 6158
142 258 232 316 581
819 260 1323 319 COLLECTANEA.
1363 291 1436 304 —
1471 261 1819 320 THEODORI
1855 262 1956 319 PP.
1998 263 2206 320 EPIST.
2249 265 2322 320 IN
2361 263 2582 322 CAUSA
2617 266 2888 322 PYRRHI.

3450 261 3560 323 582

143 385 282 441 doxa
334 385 445 440 ﬁde
500 384 728 456 pulsum
788 386 1110 458 necabitur,
1165 393 1338 459 atque
1383 388 1484 445 Dei
1542 387 1793 445 Ecclesia
1821 390 1880 450 A
1906 393 2021 444 tres
2044 389 2542 462 consignaverunt,
2573 403 2672 458 per
2703 403 2872 461 quam
2919 390 3103 446 renati
3135 394 3192 445 et
3221 392 3375 446 docti
3417 390 3558 447 facti

145 474 434 530 continuae
480 474 604 544 paci
653 475 984 533 donabitur.
1042 477 1229 534 Deleri
1281 491 1526 548 namque
1577 477 1648 533 ab
1687 479 1799 533 Ec—

146 563 314 620 clesia
348 564 618 620 scandala
669 563 897 638 debent,
948 571 1006 622 et
1053 567 1383 636 exstirpari.
1419 567 1597 624 Multa
1645 567 1797 623 enim

148 657 387 722 possunt
409 652 556 708 oriri
583 653 971 710 dissensionis
1000 655 1221 711 zizania
1247 661 1446 712 contra
1480 655 1800 726 promotio-

145 756 264 798 nem
299 741 690 799 fraternitatis
719 748 854 816 tute,
890 745 1003 801 nisi
1037 745 1314 801 canonica
1358 744 1522 816 falce,
1561 759 1630 801 ne
1662 760 1800 816 pro—

143 832 362 894 ﬁciant,
391 831 677 888 radicitus
704 834 1126 890 rescindantur.
1158 835 1457 906 Siquidem
1493 849 1620 892 cum
1662 833 1804 905 pati-

143 926 234 976 tur
265 935 452 976 unum
482 921 816 993 membrum,
841 923 1273 994 compatiuntur
1299 923 1520 995 reliqua
1541 923 1802 994 corporis

142 1009 398 1065 membra
437 1009 489 1080 (I
537 1010 655 1066 Cor.
719 1012 841 1083 xu).
897 1011 1063 1068 Absit
1114 1026 1247 1085 ergo
1291 1018 1355 1070 ut
1399 1013 1707 1069 schismata
1746 1016 1803 1068 et

139 1099 539 1156 dissensiones
562 1101 918 1172 proveniant,
942 1103 1259 1158 secundum
1283 1103 1434 1173 quod
1462 1109 1518 1158 et
1546 1115 1806 1158 mansue-

142 1188 442 1246 tissimum
472 1190 768 1247 dominum
792 1196 850 1247 et
874 1191 1059 1247 ﬁlium
1084 1198 1342 1249 nostrum
1363 1193 1681 1262 principem
1703 1204 1801 1262 per

141 1276 372 1334 litteras
405 1284 632 1335 nostras
659 1280 988 1353 petivimus,
1019 1282 1170 1352 quod
1202 1281 1272 1336 ab
1301 1282 1636 1352 episcOpatu
1675 1278 1802 1335 fra—

140 1366 439 1422 ternitatis
495 1374 694 1424 vestrae
753 1369 946 1425 omnia
997 1385 1122 1442 qua:
1176 1384 1360 1441 nuper
1414 1376 1610 1427 exorta
1663 1374 1801 1427 sunt

141 1457 414 1513 scandala
447 1458 797 1529 recidantur,
820 1465 875 1514 et
920 1473 1022 1515 nos
1053 1460 1284 1531 quidem
1323 1461 1502 1517 veluti
1549 1459 1799 1517 fraterna

142 1544 362 1602 viscera
395 1547 838 1604 condolentibus
880 1549 1251 1619 providentiae
1281 1554 1490 1607 nostra:
1523 1550 1795 1607 medelam

144 1631 444 1691 afferentes
513 1649 907 1706 appareamus.
997 1639 1392 1695 Verumtamen
1467 1639 1797 1710 praedictam

1908 493 2128 549 sumus,
2172 493 2459 551 quamque
2499 479 2790 548 docemus,
2827 479 3052 535 nullum
3096 485 3465 551 augmentum
3499 481 3560 536 in

1909 568 2164 640 symbolo
2207 569 2362 639 ﬁdei,
2403 569 2553 638 quod
2586 581 2618 623 a
2647 567 2885 638 synodis
2932 575 3017 624 est
3051 568 3360 637 ﬁrmatum,
3409 569 3565 624 reci—

1911 658 2152 728 pientes.
2184 658 2500 714 Anathema
2532 657 2626 714 his
2672 657 2772 729 qui
2821 657 3084 727 addunt;
3129 658 3431 713 anathema
3461 657 3563 727 qui

1910 747 2146 804 demunt
2181 753 2376 803 sancto
2410 747 2762 816 mathemati,
2802 747 2856 802 id
2885 751 2971 802 est
3005 745 3280 817 symbolo,
3321 746 3469 816 quod
3505 746 3566 802 in

1910 836 2160 892 concilio
2189 837 2418 892 Nicazno
2443 834 2792 906 difﬁnitum,
2815 834 3432 906 Constantinopolique
3460 834 3567 890 ﬁr—

1912 931 2146 996 matum,
2177 930 2233 982 et
2259 927 2317 982 in
2370 927 2656 997 Ephesino
2698 928 2884 998 primo
2928 931 3101 998 atque
3130 927 3501 996 Chalcedone,
3537 940 3570 982 a

1911 1015 2127 1072 sanctis
2156 1021 2216 1072 ot
2245 1016 2586 1073 orthodoxis
2607 1017 2895 1086 Patribus,
2925 1017 3026 1087 qui
3053 1016 3110 1071 in
3139 1016 3427 1072 catholica
3456 1015 3566 1071 ﬁde

1911 1105 2248 1176 ﬂoruerunt,
2300 1106 2486 1177 gratia
2529 1105 2713 1162 sancti
2767 1111 2854 1161 est
2899 1105 3157 1175 Spiritus
3210 1103 3560 1164 stabilitum.

1909 1194 2035 1250 Haec
2063 1199 2119 1250 et
2141 1195 2233 1250 his
2262 1195 2482 1250 similia
2505 1193 2774 1252 concordi
2811 1207 2983 1250 sensu
3010 1192 3343 1249 fraternitas
3367 1198 3554 1248 vestra

1911 1283 2272 1353 pradicando
2302 1283 2624 1351 nobiscum,
2654 1296 2751 1339 ore
2791 1287 2849 1338 et
2873 1295 3040 1353 Opere
3069 1281 3427 1339 conﬁteatur.
3455 1280 3558 1336 Si-

1910 1373 2128 1428 militer
2171 1377 2360 1429 autem
2407 1372 2954 1429 anathematizantes
3004 1384 3199 1427 omnes
3231 1371 3472 1426 haereses
3501 1372 3558 1425 et

1907 1467 2169 1518 auctores
2189 1475 2405 1532 earum,
2440 1468 2504 1518 ut
2549 1461 2606 1517 id
2639 1462 2825 1530 ipsum
2851 1460 3114 1516 dicamus
3143 1473 3359 1530 omnes,
3401 1460 3557 1516 sicut

1907 1549 2187 1619 scriptum
2217 1553 2322 1620 est,
2351 1554 2408 1604 et
2433 1547 2744 1604 schismata
2776 1547 2935 1604 nullo
2962 1547 3127 1604 modo
3152 1547 3474 1618 germinent
3495 1547 3555 1602 in

1907 1638 2182 1694 Ecclesiis
2199 1639 2320 1709 Dei,
2343 1652 2469 1708 qua:
2491 1636 2789 1708 spirituali
2810 1638 2925 1707 jam
2947 1642 3004 1692 et
3033 1635 3124 1691 bis
3143 1639 3312 1692 acuto
3336 1639 3559 1691 senten-

148 1723 426 1797 chartam,
456 1740 583 1798 quae
610 1732 808 1783 contra
837 1727 1211 1785 orthodoxam
1243 1728 1409 1785 ﬁdem
1452 1733 1508 1786 et
1558 1729 1802 1786 Chalce—
1830 1719 1882 1780 B
1909 1726 2004 1782 tiae
2033 1727 2226 1798 gladio
2254 1732 2390 1784 sunt
2412 1727 2642 1783 rescisa.
2671 1728 2842 1783 Porro
2864 1731 3195 1796 prmsentem
3231 1724 3556 1780 litterarum

148 1813 398 1872 douense
453 1815 769 1873 concilium
826 1817 1143 1887 sophistice
1199 1818 1475 1888 probatur
1516 1818 1796 1890 exposita,

150 1905 376 1960 cunctis
404 1905 633 1962 viribus
665 1906 888 1962 irritam
906 1919 1029 1963 esse
1051 1906 1458 1980 deliberamus,
1485 1912 1541 1964 et
1565 1909 1796 1966 vinculo

150 1993 534 2051 anathematis
556 1994 882 2067 refutatam,
922 2001 1094 2066 atque
1120 2001 1236 2052 uta
1268 1996 1434 2054 nobis
1458 2002 1514 2053 et
1555 1997 1626 2053 ab
1668 2012 1802 2053 om-

156 2080 323 2138 nibus
351 2084 694 2141 orthodoxis
721 2084 1010 2155 episcopis
1029 2085 1415 2142 abominatam
1448 2087 1794 2158 respuimus.

151 2168 379 2229 Sufﬁcit
405 2185 651 2244 namque
690 2173 859 2232 nobis
903 2174 1043 2231 ﬁdes
1099 2188 1268 2246 quam
1316 2176 1500 2232 sancti
1553 2175 1800 2246 apostoli

155 2259 626 2335 praedicaverunt,
671 2263 918 2321 concilia
949 2263 1336 2337 ﬁrmaverunt,
1389 2269 1446 2321 et
1473 2265 1658 2322 sancti
1689 2266 1803 2321 Pa-

1910 1814 2144 1872 latorem
2177 1814 2526 1872 fraternitati
2564 1819 2764 1870 vestrae
2810 1815 2868 1870 in
2909 1814 3179 1870 omnibus
3208 1812 3563 1870 commenda-

1910 1919 2058 1973 mus,
2089 1905 2357 1976 quoniam
2389 1909 2446 1961 et
2477 1919 2662 1962 mores
2699 1905 2827 1973 ejus
2855 1903 3096 1975 exigunt
3129 1907 3192 1958 ut
3233 1917 3363 1959 eum
3394 1901 3560 1958 vobis

1911 2008 2015 2050 nos
2038 1995 2434 2051 commendare
2459 1993 2800 2050 debeamus:
2829 1993 2968 2063 quia
2994 1990 3294 2048 manifeste
3313 1996 3558 2048 vestram

1911 2083 2079 2141 nobis
2109 2083 2468 2154 praesentiam
2509 2083 2779 2139 exhibere
2809 2080 3214 2137 venerabilitas
3238 2081 3365 2150 ejus
3385 2086 3560 2152 atque

1912 2171 2184 2244 perfectio
2215 2187 2436 2231 morum
2460 2171 2844 2245 dignoscitur.

1563 2605 2165 2680 EXEMPLAR

272 2780 930 2847 PROPOSITIONIS
995 2787 1360 2848 transmissa:
1423 2783 2010 2868 Constantinopolim
2059 2804 2098 2845 α
2149 2781 2455 2845 Theodoro
2511 2784 2888 2845 sanctissimo
2921 2801 3092 2864 papa
3142 2783 3432 2845 Romano.

1623 2953 2071 2968 #—

217 3060 508 3116 Dominus
535 3073 603 3116 ac
624 3059 878 3117 Salvator
902 3064 1096 3127 noster
1125 3058 1186 3116 in
1205 3057 1531 3131 Evangeliis
1568 3060 1808 3128 aposto—
1836 3054 1884 3117 C
1917 3054 2017 3126 qui
2039 3052 2371 3110 addiderint
2397 3051 2484 3108 vel
2505 3052 2856 3123 dempserint
2880 3051 3019 3123 quid
3045 3051 3104 3106 in
3128 3049 3256 3121 ﬁde,
3282 3063 3408 3120 qua:
3427 3061 3460 3103 a
3482 3050 3568 3102 tot

153 3149 226 3206 lis
249 3151 382 3207 suis
417 3151 500 3206 ita
533 3150 686 3207 dixit
712 3170 725 3206 :
755 3151 1071 3220 Quicunque
1098 3151 1318 3205 solverit
1347 3165 1518 3204 unum
1542 3149 1608 3203 de
1641 3163 1812 3202 man-

152 3239 300 3293 datis
325 3242 449 3294 istis
490 3242 751 3303 minimis,
788 3245 838 3294 et
861 3241 1103 3295 docuerit
1143 3242 1220 3294 sic
1247 3240 1506 3302 homines,
1551 3239 1808 3293 minimus

152 3329 438 3383 vocabitur
477 3331 538 3383 in
581 3346 744 3397 regno
785 3330 1035 3384 eceteram
1070 3327 1282 3400 (Matth.
1337 3343 1393 3391 v,
1454 3325 1558 3401 49).
1605 3327 1709 3383 Sed
1754 3329 1812 3380 et

152 3415 268 3470 alia
297 3417 600 3486 Scriptura
624 3417 770 3474 dicit
794 3437 806 3473 :
840 3420 918 3474 Ne
944 3420 1250 3486 transferas
1277 3419 1532 3473 terminos
1559 3422 1806 3474 mter-nos.

153 3523 287 3576 quos
312 3512 620 3577 posuerunt
649 3512 838 3577 patres
878 3509 960 3562 tui
997 3506 1168 3577 (Prov.
1204 3522 1353 3578 nu,
1391 3505 1498 3581 28).
1546 3506 1649 3563 His
1676 3518 1810 3577 ergo

153 3595 238 3650 sic.
277 3609 340 3651 se
385 3595 753 3666 habentibus,
785 3596 855 3652 ad
888 3595 1153 3653 notitiam
1197 3595 1582 3653 fraternitatis
1611 3598 1809 3651 vestra:

151 3684 502 3741 deducimus
554 3685 689 3755 quia
737 3686 1009 3758 Pyrrhus,
1051 3687 1156 3758 qui
1207 3687 1492 3757 quondam
1541 3683 1809 3740 Ecclesiae

148 3772 731 3844 Constantinopoleos
772 3776 1163 3845 episcopatum
1194 3774 1510 3846 subripuit,
1537 3777 1595 3829 et
1625 3773 1809 3829 instar

155 3861 279 3932 lupi
309 3862 420 3918 sub
452 3867 726 3933 praetextu
759 3865 1007 3935 pastoris
1047 3864 1330 3936 latitabat,
1372 3871 1571 3920 contra
1603 3861 1811 3918 ortho-

149 3951 358 4008 doxam
406 3951 574 4008 ﬁdem
603 3966 783 4010 cornu
813 3953 1020 4010 bellico
1045 3960 1254 4025 erecto,
1297 3955 1555 4025 quaedam
1597 3951 1813 4008 novita-

153 4041 234 4095 tis
254 4041 528 4112 ﬁgmenta
547 4043 890 4113 composuit,
911 4048 967 4100 et
990 4043 1211 4100 chartis
1233 4057 1266 4099 a
1287 4057 1346 4099 se
1366 4043 1622 4111 dictatis,
1647 4054 1816 4113 quos-

149 4129 285 4185 dam
319 4129 560 4188 furtivis
589 4145 652 4188 ac
673 4132 1040 4203 subreptitiis
1072 4132 1257 4189 modis
1282 4132 1646 4189 subscribere
1666 4144 1814 4188 com-

150 4220 310 4289 pulit
334 4221 690 4278 sacerdotes:
715 4227 941 4280 versute
967 4236 1186 4294 gerens,
1221 4226 1287 4279 ut
1317 4221 1647 4278 hmreticum
1676 4235 1814 4291 prae-

148 4311 512 4381 sumptionis
545 4326 662 4368 suze
685 4313 889 4383 dogma
922 4312 1214 4382 subreptis
1241 4312 1489 4368 aliorum
1522 4311 1811 4382 subscrip-

1917 3143 2185 3199 Patribus
2213 3145 2309 3199 est
2331 3141 2629 3198 roborata:
2669 3142 2843 3212 hujus
2875 3141 2957 3196 rei
2987 3139 3171 3211 gratia
3199 3138 3567 3194 dilectionem

1917 3239 2160 3290 vestram
2193 3231 2538 3304 praemunire
2580 3231 3093 3300 consideravimus,
3146 3232 3210 3284 ut
3260 3228 3351 3282 his
3380 3241 3506 3298 qua:
3535 3239 3568 3280 a

1921 3322 2194 3393 pradicto
2235 3321 2450 3392 Pyrrho
2487 3319 2761 3375 adversus
2806 3319 3180 3388 apostolicam
3222 3317 3388 3372 ﬁdem
3434 3328 3572 3385 pra:-

1921 3417 2147 3481 sumpta
2173 3415 2309 3467 sunt
2339 3409 2678 3480 reprobatis,
2712 3407 2965 3462 eamdem
2997 3405 3164 3462 ﬁdem
3195 3405 3350 3460 sicut
3397 3409 3453 3459 et
3478 3402 3569 3458 ﬁsi

1919 3515 2122 3559 sumus
2163 3498 2481 3570 retineatis,
2519 3511 2685 3568 quam
2715 3510 2782 3552 ex
2829 3495 2953 3565 ipso
3002 3493 3146 3549 lacte
3177 3492 3415 3548 uberum
3447 3503 3573 3546 san-

1919 3596 2024 3648 cta:
2081 3589 2348 3646 Ecclesiae
2396 3587 2570 3644 simul
2616 3585 2878 3654 suxistis,
2934 3583 3199 3640 universa
3247 3579 3572 3637 temeraria:

1919 3678 2194 3736 novitatis
2239 3677 2616 3733 deliramenta
2662 3675 3040 3730 destruentes.
3086 3673 3200 3727 Nos
3243 3669 3396 3726 enim
3453 3674 3566 3723 tam

1920 3783 2020 3842 per
2042 3767 2188 3823 alias
2213 3767 2456 3836 litteras,
2482 3778 2651 3835 quam
2684 3777 2783 3834 per
2805 3763 3093 3818 decretum
3121 3758 3422 3831 praesentis
3450 3771 3579 3828 pro-

1921 3858 2249 3929 positionis,
2278 3856 2472 3912 omnia
2498 3867 2622 3926 quae
2646 3857 2845 3909 contra
2873 3851 3247 3907 orthodoxam
3274 3853 3331 3904 et
3349 3851 3576 3918 aposto-

1924 3949 2091 4005 licam
2139 3948 2303 4003 ﬁdem
2354 3949 2603 4002 nostram
2653 3943 2724 3999 ab
2767 3943 3021 4013 ejusdem
3072 3939 3274 4012 Pyrrhi
3331 3952 3472 3994 nova
3519 3943 3575 3994 et

1924 4037 2225 4095 temeraria
2262 4036 2513 4092 vanitate
2545 4034 2874 4089 introducta
2901 4035 3038 4088 sunt
3059 4029 3476 4098 abominantes,
3501 4028 3575 4083 si-

1925 4127 2158 4198 mulque
2182 4139 2313 4182 cum
2343 4124 2561 4194 charta,
2609 4136 2737 4192 qua:
2763 4121 3076 4191 proposita,
3118 4124 3174 4175 et
3212 4119 3270 4174 in
3320 4117 3577 4190 publicis

1923 4217 2069 4274 locis
2087 4215 2158 4272 ab
2183 4229 2248 4272 eo
2273 4226 2550 4284 suspensa
2571 4216 2676 4280 est,
2709 4208 3274 4273 anathematizantes,
3304 4209 3574 4264 volumus

1921 4319 2120 4363 omnes
2154 4305 2256 4361 illa
2285 4315 2502 4374 sapere,
2528 4300 2583 4357 id
2607 4304 2695 4356 est
2726 4303 2935 4370 tenere,
2961 4311 3087 4369 quae
3112 4297 3295 4353 sancti
3325 4296 3570 4367 apostoli

145 4399 421 4458 tionibus
449 4399 760 4470 stabiliret,
787 4405 843 4455 et
866 4399 1042 4457 veluti
1068 4413 1275 4457 novum
1303 4400 1587 4456 mathema
1608 4404 1807 4456 contra
1836 4391 1891 4452 D
1923 4394 2308 4464 tradiderunt,
2367 4396 2425 4447 et
2464 4393 2656 4446 Patres
2701 4387 2801 4459 qui
2854 4387 2914 4444 in
2952 4386 3269 4443 orthodoxa
3328 4385 3438 4442 ﬁde
3481 4386 3578 4442 ﬁo-

142 4490 483 4560 colendum,
537 4488 818 4560 nobisque
869 4489 1147 4546 traditum
1196 4503 1229 4544 a
1281 4489 1497 4545 sanctis
1541 4488 1810 4544 Patribus

140 4579 481 4648 symbolum
529 4591 866 4648 componere
917 4582 1238 4635 conaretur.
1312 4580 1382 4634 Et
1426 4578 1697 4649 quoniam
1749 4578 1810 4634 in

136 4667 605 4725 Chalcedonensi
659 4667 908 4724 concilio
945 4667 1243 4725 anathema
1287 4667 1537 4739 positum
1587 4671 1676 4724 est
1719 4665 1814 4723 his

1921 4488 2182 4554 ruerunt,
2209 4480 2455 4552 posteris
2476 4479 2690 4536 tradita
2709 4491 2806 4547 per
2824 4480 3020 4534 sancta
3043 4475 3304 4545 quinque
3323 4473 3576 4531 concilia

1922 4575 2310 4630 ﬁrmaverunt.

1045 4993 1596 5068 THEODORI
1649 4988 2322 5064 SANCTISSIMI
2389 4986 2694 5060 PAP/E

360 5139 466 5210 Ad
519 5147 822 5231 episcopos
865 5145 977 5230 qui
1010 5155 1512 5231 consecraverunt
1575 5141 1846 5231 Paulum
1893 5139 2318 5231 patrz'qrchum
2372 5128 3098 5217 Constantz'nopolz‘tanum
3128 5147 3383 5219 propter

1460 5225 1775 5308 Pyrrhum
1819 5220 1913 5284 eac—
1923 5220 2287 5303 patriarcha

1639 5359 2095 5382 W-

211 5501 478 5559 Litteras
521 5497 904 5558 fraternitatis
947 5503 1166 5572 vestrae,
1214 5512 1315 5571 per
1345 5508 1487 5570 quas
1537 5494 1706 5554 nobis
1739 5495 1813 5554 de

133 5588 522 5662 promotione
547 5590 712 5648 Pauli
739 5589 936 5648 fratris
963 5594 1022 5647 et
1057 5589 1381 5661 coepiscopi
1417 5585 1600 5645 nostri
1635 5585 1817 5658 signi~

1929 5486 2166 5561 ﬁcastis,
2200 5488 2600 5562 suscepimus:
2631 5490 2689 5544 et
2712 5484 2894 5560 gavisi
2927 5482 3159 5556 quidem
3190 5497 3368 5555 super
3398 5481 3573 5551 hujus

1927 5595 2131 5640 sumus
2155 5579 2537 5638 ordinatione.
2563 5576 2668 5635 Sed
2708 5574 2905 5633 futura
2936 5571 3208 5630 maestitia
3243 5572 3380 5629 huic
3423 5570 3578 5627 vide-
