4034 6158
472 249 582 308 583

1700 247 2060 306 ANASTASII
2106 247 2644 307 BIBLIOTHECARII
3711 265 3794 325 584

475 375 611 431 licet
628 386 982 444 successura,
1005 376 1238 444 pr0pter
1256 373 1497 444 zizania,
1527 387 1652 444 qua
1679 373 1974 429 nascitura
2001 371 2122 429 fore
2147 374 2203 434 A
2228 374 2631 444 amplectentes
2679 389 2805 446 qua:
2835 376 3018 433 sancti
3068 377 3238 434 nobis
3283 379 3466 439 Patres
3512 384 3565 441 in
3611 392 3799 459 synodis

478 470 798 535 sperantur,
841 462 1094 519 animum
1147 467 1403 519 nostrum
1449 462 1610 518 valde
1651 463 1960 532 concussit,
2005 461 2120 517 nisi

477 552 925 625 diligentissima
956 564 1126 607 manu
1156 556 1211 606 et
1234 551 1569 607 cautissima
1594 565 1731 607 cura
1780 551 2117 621 priusquam

478 647 735 698 crescant
756 647 811 697 et
831 641 1184 697 Dominicam
1217 654 1450 698 messem
1485 639 1763 696 suﬁ‘ocent
1790 640 2122 709 exstirpen—

479 737 591 789 tur.
624 731 904 787 Debuerat
929 731 1112 802 igitur
1141 731 1410 802 Pyrrhus,
1441 731 1540 801 qui
1565 730 1784 785 sanctis
1811 728 1910 784 Dei
1938 728 2122 783 Eccle-

479 822 587 878 siis
615 821 944 877 scandalum
975 821 1298 889 seminavit,
1329 820 1617 876 canonica:
1649 819 1810 889 prius
1852 816 2122 872 animad—

477 910 726 968 versioni
771 909 1058 978 submitti,
1118 913 1174 964 et
1218 915 1342 966 tum
1395 909 1663 980 praelatus
1707 907 1883 963 frater
1931 909 2124 960 noster

479 1000 690 1056 Paulus
715 998 928 1054 sacrari
953 1016 965 1051 :
999 1012 1067 1054 ne
1096 997 1241 1053 forte
1262 1003 1512 1068 tempore
1536 997 1734 1066 aliquo
1761 996 1830 1052 de
1845 994 2124 1064 ejectione

481 1103 584 1145 sua
610 1088 933 1160 quampiam
979 1101 1038 1142 se
1088 1091 1246 1156 putet
1276 1085 1692 1156 querimoniam
1745 1084 2120 1153 objecturum,

483 1178 632 1250 quod
664 1177 860 1233 odium
890 1175 1235 1231 sustinuerit
1264 1174 1553 1244 populare,
1581 1178 1637 1230 et
1665 1173 1718 1228 vi
1745 1173 1946 1242 pulsus
1967 1169 2131 1228 llbel-

484 1267 603 1322 lum
634 1266 875 1335 dederit,
917 1270 971 1319 et
1013 1278 1174 1319 suam
1221 1263 1529 1318 Ecclesiam
1577 1262 1929 1330 refutaverit,
1977 1262 2131 1318 sicut

486 1354 654 1410 nobis
676 1353 1005 1408 fraternitas
1025 1357 1208 1408 vestra
1235 1366 1334 1422 per
1353 1352 1576 1408 litteras
1597 1365 1730 1407 suas
1758 1351 2124 1422 signiﬁcavit.

485 1443 672 1499 Facile
721 1443 933 1513 quippe
964 1446 1260 1497 mutantur
1311 1441 1590 1511 homines,
1623 1445 1679 1495 et
1726 1439 1956 1510 quidem
2011 1439 2132 1494 ali-

490 1533 715 1602 quando
735 1545 802 1586 ex
824 1530 956 1586 odio
978 1530 1044 1585 ad
1067 1529 1434 1585 dilectionem
1464 1533 1794 1600 assurgunt,
1818 1527 2131 1598 aliquando

487 1635 616 1676 vero
647 1634 679 1676 a
701 1620 1008 1676 dilectione
1032 1619 1090 1675 in
1113 1620 1308 1675 odium
1330 1618 1685 1674 dilabuntur.
1719 1619 1841 1687 Quo
1869 1631 2002 1688 ergo
2035 1631 2134 1686 pro

2230 462 2624 534 tradiderunt;
2661 464 2808 520 nihil
2839 465 2967 520 ﬁdei
2992 467 3282 536 addentes,
3309 482 3404 524 nec
3431 469 3728 533 auferentes.
3751 481 3801 536 Et

2232 551 2449 608 idcirco
2480 567 2605 624 quae
2647 553 2705 608 in
2734 567 3031 624 personam
3061 556 3319 625 praedicti
3349 558 3537 628 Pyrrhi
3563 563 3804 623 diﬁinieri-

2233 655 2378 712 mus,
2433 641 2491 696 in
2525 642 2738 698 litteris
2787 658 2933 714 quas
2979 644 3048 699 ad
3077 645 3194 713 jam
3229 655 3579 704 memoratum
3620 650 3804 711 fratrem

2230 737 2287 785 et
2327 731 2724 802 coepiscopum
2776 738 3034 790 nostrum
3086 734 3368 805 misimus,
3413 741 3714 808 agnoscetis.
3754 743 3812 800 Ut

2232 817 2414 889 igitur
2443 819 2774 876 scandalum
2801 821 3038 878 minime
3069 821 3266 878 futuro
3288 827 3528 894 tempore
3547 834 3808 900 generetur,

2233 908 2542 964 secundum
2578 911 2871 979 praeﬁxum
2904 911 3133 967 modum
3166 912 3470 984 diligenter
3499 928 3644 971 sacra
3671 921 3813 987 provi-

2232 995 2426 1052 dentia
2455 999 2820 1072 exstinguere
2851 1005 3030 1056 curet.
3089 1003 3158 1056 Et
3201 1015 3291 1056 res
3323 1002 3543 1071 quidem
3595 1005 3700 1074 ipsa
3737 1020 3816 1062 nos

2239 1087 2419 1157 magis
2437 1088 2505 1142 ad
2531 1088 2963 1144 tribulationem
2985 1091 3326 1160 provocavit,
3351 1095 3405 1146 et
3427 1092 3688 1148 nascitura
3709 1095 3819 1150 ziza-

2240 1174 2334 1230 nia
2356 1177 2703 1245 conjecturis
2725 1177 3082 1246 probabilius
3109 1177 3452 1248 informavit,
3478 1183 3720 1250 quoniam
3746 1197 3820 1252 per

2241 1262 2466 1319 litteras
2509 1270 2726 1320 vestras
2757 1267 3091 1336 praedictum
3141 1268 3418 1338 Pyrrhum
3453 1270 3820 1326 sanctissimum

2241 1353 2606 1410 nominastis.
2635 1355 2693 1410 Si
2725 1355 2876 1410 enim
2905 1355 3018 1411 alia
3050 1361 3358 1426 taceamus,
3387 1363 3442 1412 et
3467 1358 3606 1413 nihil
3634 1359 3825 1414 omnino

2244 1442 2495 1511 peccavit
2524 1449 2625 1498 aut
2657 1443 2714 1499 in
2758 1444 3117 1516 religionem,
3149 1451 3251 1501 aut
3283 1446 3343 1500 in
3380 1447 3676 1501 doctrinam
3703 1446 3824 1513 ﬁdei,

2242 1533 2299 1583 et
2346 1543 2446 1584 nec
2499 1543 2608 1586 una
2651 1531 2818 1600 culpa
2867 1545 2995 1588 eum
3028 1533 3361 1603 damnavit;
3409 1533 3739 1604 quamobrem
3778 1534 3832 1589 de

2246 1618 2477 1687 propria
2529 1625 2614 1675 est
2663 1621 2918 1690 dejectus
2968 1621 3270 1676 Ecclesia?
3315 1621 3420 1677 Sed
3471 1621 3689 1678 fortasse
3729 1621 3832 1692 quis

488 1724 679 1777 causa,
705 1725 831 1782 qua:
849 1709 1209 1766 dissimulari
1235 1708 1427 1765 futura
1446 1712 1579 1764 sunt
1603 1707 1836 1778 provido
1869 1721 1980 1763 non
2007 1721 2136 1761 con-
2168 1704 2218 1763 Β
2245 1706 2478 1777 dixerit,
2513 1708 2772 1779 generale
2803 1708 2909 1764 hoc
2935 1709 3130 1764 odium
3164 1709 3321 1765 fecit.
3361 1711 3464 1766 Sed
3503 1710 3734 1782 vulgaris
3757 1714 3836 1764 tu-

490 1800 837 1870 templantur
865 1799 1108 1869 obtutu;
1156 1812 1223 1854 ne
1252 1797 1397 1854 forte
1437 1797 1772 1867 proveniens
1802 1796 2133 1852 scandalum

489 1889 668 1944 variis
723 1888 1118 1944 simultatibus
1148 1887 1454 1942 Ecclesiam
1480 1886 1579 1940 Dei
1629 1885 1938 1941 discindat.
1993 1885 2137 1939 Sunt

491 1978 763 2047 capitula,
797 1977 1012 2048 quibus
1038 1976 1346 2047 praedictus
1371 1975 1621 2045 Pyrrhus
1646 1973 1918 2030 canonice
1951 1977 2133 2042 potest

492 2067 563 2122 ab
593 2067 746 2123 omni
792 2066 1131 2122 sacerdotali
1164 2066 1367 2122 ordine
1416 2064 1571 2135 pelli.
1617 2065 1869 2120 Primum
1903 2063 2133 2134 quidem

495 2157 632 2227 quia
682 2156 1027 2221 Heraclium,
1083 2155 1182 2226 qui
1241 2153 1744 2210 anathematizavit
1795 2151 2135 2208 catholicam

497 2245 662 2302 ﬁdem
713 2250 769 2302 et
819 2247 1012 2301 Patres
1070 2244 1382 2300 orthodoxe
1429 2244 1759 2312 sentientes,
1818 2243 1875 2297 in
1927 2241 2142 2296 litteris

495 2336 620 2394 suis
664 2335 934 2392 laudibus
989 2334 1217 2405 extulit,
1275 2339 1332 2388 et
1388 2347 1486 2402 per
1537 2331 1983 2402 subreptionem,
2043 2344 2142 2400 per

499 2425 770 2497 quosdam
794 2424 1113 2479 sacerdotes
1134 2423 1233 2492 qui
1261 2421 1742 2490 subscripserant,
1765 2420 2138 2490 sophisticam

499 2527 725 2585 quoque
749 2513 1002 2567 chartam
1041 2511 1315 2566 adversus
1344 2509 1713 2579 apostolicam
1747 2508 1910 2563 ﬁdem
1942 2507 2144 2563 conﬁr-

502 2614 654 2656 mare
687 2600 1070 2670 praesumpsit,
1102 2606 1158 2654 et
1203 2599 1261 2654 in
1313 2598 1564 2668 publicis
1611 2597 1756 2654 locis
1797 2597 2144 2663 suspendere

501 2687 816 2759 festinavit,
841 2689 1006 2760 quasi
1032 2701 1228 2744 novam
1253 2687 1418 2742 ﬁdem
1435 2693 1490 2742 et
1511 2686 1828 2758 symbolum
1857 2686 2146 2742 suscitans

499 2784 695 2835 contra
745 2783 996 2834 sanctam
1079 2775 1588 2833 Chalcedonensem
1655 2776 1972 2847 synodum;
2020 2789 2148 2846 pae—

506 2881 633 2924 nam
655 2867 891 2922 minime
915 2871 1108 2922 vertus
1123 2865 1319 2921 aeterni
1335 2865 1546 2935 judicii
1567 2883 1582 2934 ;
1601 2869 1656 2920 et
1674 2865 1973 2920 anathema
1991 2864 2142 2935 quod

503 2955 752 3027 positum
774 2960 861 3011 est
886 2955 944 3010 in
970 2954 1161 3011 eadem
1195 2953 1738 3010 Chalcedonensium
1763 2954 2004 3024 synodo;
2031 2968 2144 3024 quo

504 3055 667 3101 nemo
726 3043 958 3115 inquam
1001 3047 1198 3100 sancto
1251 3043 1602 3113 mathemati,
1662 3041 1716 3097 id
1772 3048 1859 3098 est
1906 3042 2144 3100 colendo

504 3132 780 3204 symbolo,
850 3132 1163 3204 quidquam
1221 3131 1428 3188 addere
1483 3131 1567 3187 vel
1632 3131 1888 3187 minuere
1934 3133 2144 3188 audere

494 3227 789 3292 pertentet.
834 3222 1150 3278 Praadictus
1198 3229 1386 3277 autem
1439 3220 1689 3291 Pyrrhus
1720 3235 1822 3276 nec
1854 3227 2145 3291 protesta—

492 3311 649 3368 tione
673 3316 984 3367 conventus
1013 3325 1045 3366 a
1074 3311 1349 3380 pravitate
1381 3322 1486 3365 sua
1513 3311 1774 3365 recedere
1802 3324 2004 3380 passus
2033 3315 2136 3365 est.

495 3401 624 3458 Ideo
653 3414 787 3473 ergo
805 3401 923 3472 jam
948 3406 1311 3457 memoratam
1336 3399 1591 3455 chartam
1627 3399 2044 3470 abominantes,
2088 3404 2145 3454 et

495 3491 687 3548 omnia
748 3505 874 3562 quae
912 3489 1110 3546 crebro
1165 3491 1359 3546 dictus
1415 3488 1666 3559 Pyrrhus
1722 3493 1918 3544 contra
1979 3488 2143 3544 ﬁdem

497 3581 734 3637 molitus
785 3585 872 3636 est
935 3579 1499 3648 anathematizantes,
1557 3577 1698 3647 quin
1755 3577 1926 3631 etiam
1991 3590 2144 3632 nunc

502 3671 708 3727 iterum
741 3675 912 3741 atque
943 3670 1149 3724 iterum
1180 3668 1758 3724 anathematizamus:
1793 3666 1894 3721 illa
1923 3671 2145 3724 tantum

2247 1796 2462 1852 multus
2486 1797 2584 1866 jus
2605 1798 2909 1854 sacerdotii
2933 1797 3158 1854 auferre
3184 1813 3296 1855 non
3331 1805 3530 1870 potest,
3559 1813 3649 1854 nec
3677 1797 3835 1854 odium

2244 1898 2406 1942 sacro
2427 1900 2766 1956 quemquam
2789 1887 2992 1943 ordine
3005 1887 3317 1944 denudarc.
3352 1887 3650 1943 Manifestae
3668 1886 3842 1957 quippe

2246 1979 2380 2029 sunt
2409 1975 2697 2030 canonica:
2727 1989 2932 2047 causae,
2970 1991 3094 2046 qum
3123 1977 3256 2046 jura
3296 1977 3600 2033 sacerdotii
3631 1974 3842 2030 recidere

2249 2069 2504 2132 possunt.
2539 2063 2661 2118 Nisi
2695 2065 2844 2120 enim
2880 2070 3100 2121 naturae
3129 2079 3301 2122 causa
3336 2065 3541 2136 praesul
3568 2063 3844 2134 exstingua-

2248 2159 2363 2222 tur,
2390 2152 2695 2208 Ecclesiam
2727 2155 2853 2223 ejus
2875 2153 3030 2210 alius
3063 2167 3174 2210 non
3208 2159 3398 2224 potest
3430 2149 3846 2223 irreprehensibi-

2249 2240 2383 2296 liter
2411 2242 2848 2310 apprehendere.
2880 2243 2948 2296 Et
2999 2243 3113 2298 haec
3157 2244 3395 2312 quidem
3441 2256 3548 2298 non
3595 2237 3847 2296 contradi-

2249 2334 2438 2384 centes
2467 2330 2820 2386 ordinationi
2850 2331 3108 2401 praedicti
3133 2330 3340 2388 fratris
3363 2331 3540 2388 nostri
3565 2328 3711 2384 Pauli
3739 2326 3851 2382 scri-

2251 2418 2462 2490 bimus,
2513 2419 2607 2475 sed
2658 2420 2868 2476 vulnus
2917 2421 3098 2476 latens
3149 2426 3205 2476 et
3259 2421 3600 2477 absconsum
3643 2417 3852 2471 medente

2253 2521 2424 2564 manu
2471 2508 2855 2578 adaperimus,
2916 2523 2984 2564 ne
3037 2509 3096 2564 in
3153 2509 3360 2564 vitalia
3421 2509 3632 2564 viscera
3671 2516 3854 2574 serpere

2252 2597 2456 2669 possit,
2486 2611 2706 2653 omnem
2736 2597 3164 2653 immunditiam
3217 2597 3417 2654 fetidae
3445 2595 3748 2668 putredinis
3774 2604 3854 2646 me-

2249 2686 2583 2742 dicinaliter
2611 2686 3034 2758 exhaurientes,
3075 2692 3132 2742 et
3163 2701 3290 2758 quae
3335 2691 3574 2758 possunt
3602 2684 3713 2742 ﬁeri
3741 2679 3860 2737 dili-

2254 2775 2443 2847 gentia
2475 2775 2723 2846 provida:
2771 2775 3077 2832 incisionis
3108 2782 3498 2848 penetrantes,
3537 2787 3642 2830 non
3674 2776 3729 2828 ut
3768 2768 3858 2823 haec

2255 2865 2394 2921 ﬁant
2421 2870 2697 2936 optantes.
2722 2867 2859 2922 Nam
2892 2865 3261 2936 saepedictum
3293 2866 3533 2922 fratrem
3565 2867 3795 2920 nostrum
3815 2857 3860 2912 in

2251 2955 2571 3011 visceribus
2598 2955 2805 3010 mentis
2837 2960 3042 3011 nostrae
3066 2955 3515 3025 complectimur
3533 2958 3587 3009 et
3615 2950 3859 3008 fovemus:

2253 3044 2348 3100 sed
2377 3058 2446 3100 ne
2474 3043 2784 3100 schismata
2815 3042 2972 3115 ﬁant,
3002 3042 3251 3100 fraterna
3287 3040 3653 3115 providentia
3678 3043 3728 3095 et
3751 3033 3867 3091 alle-

2251 3134 2441 3189 ctione
2487 3132 2823 3190 dilectionis
2852 3139 3168 3198 terremur;
3204 3139 3503 3204 quatenus
3549 3129 3867 3201 episcOpatus

2252 3223 2378 3292 ejus
2396 3235 2599 3278 manus
2618 3222 2912 3292 impositio
2930 3235 2963 3277 n
2977 3221 3266 3278 ullomodo
3289 3221 3637 3278 maculetur.
3655 3215 3870 3284 Denique

2255 3311 2614 3382 interemptis
2643 3316 2699 3367 et
2725 3310 3018 3368 suﬁ'ocatis
3049 3311 3501 3382 schismatibus,
3530 3317 3585 3366 et
3614 3307 3740 3364 ﬁdes
3766 3314 3873 3373 quo-

2254 3414 2364 3470 que
2381 3400 2715 3470 orthodoxa,
2741 3414 2867 3470 qua:
2885 3405 2966 3455 tot
2988 3399 3412 3470 spiritualibus
3437 3395 3686 3472 paradisi
3705 3395 3872 3450 ﬂorum

2254 3489 2549 3557 odoribus,
2594 3503 2692 3559 per
2719 3489 3001 3561 agricolas
3029 3487 3244 3544 Christi
3295 3490 3404 3545 Dei
3437 3487 3645 3553 nostri,
3689 3483 3876 3540 sanctos

2254 3578 2524 3633 videlicet
2539 3577 2849 3649 apostolos,
2873 3577 3078 3645 eluxit,
3101 3578 3448 3635 nullatenus
3468 3573 3755 3647 aliquibus
3766 3567 3877 3624 zizao

2258 3668 2486 3724 niorum
2519 3668 2707 3738 spinis
2738 3668 2948 3738 poterit
2988 3667 3259 3724 sauciari.

2314 3843 3881 3870 Μ

1756 4013 2670 4090 COMMEMORATIO

1273 4195 1437 4264 QUID
1478 4193 1728 4252 LEGATI
1762 4193 2032 4253 ROMANI
2073 4194 2709 4253 CONSTANTINOPOLI
2750 4194 3144 4251 GESSERINT.

1159 4349 1269 4410 Ea:
1314 4349 1565 4430 epistola
1607 4350 1811 4410 sancti
1846 4350 2112 4411 Maximi
2141 4351 2373 4432 scripta
2433 4349 2515 4412 ad
2555 4349 2830 4412 abbatem
2892 4347 3273 4410 Thalassium

585 4669 646 4722 In
674 4666 766 4722 his
790 4671 845 4722 et
874 4664 1204 4736 hujusmodi
1238 4677 1360 4720 esse
1389 4669 1462 4736 te,
1496 4665 1678 4735 Pater,
1714 4664 1922 4736 sciens,
1953 4668 2008 4720 et
2035 4662 2155 4719 sola
2187 4663 2241 4724 D
2270 4661 2420 4720 idem
2452 4667 2696 4735 tempus,
2731 4662 2958 4734 quando
2994 4661 3116 4718 illic
3148 4661 3366 4718 missos
3406 4661 3470 4717 in
3503 4671 3676 4716 causa
3706 4660 3900 4724 promo—

515 4771 640 4826 qua:
672 4757 836 4813 illius
867 4761 1002 4812 sunt
1033 4769 1145 4824 pne
1175 4754 1444 4811 omnibus
1485 4755 1542 4810 in
1571 4756 1935 4827 generatione
1962 4758 2156 4809 nostra

514 4846 668 4901 omni
697 4845 890 4900 studio
932 4858 1237 4914 procurare
1279 4859 1660 4917 cognoscens:
1697 4851 1958 4915 oportere
1998 4849 2158 4898 ratus

515 4949 639 4991 sum
672 4935 940 4990 virtutem
975 4934 1327 4990 innotescere
1349 4935 1455 4990 tibi
1489 4949 1712 5006 eorum,
1737 4950 1862 5004 quae
1890 4934 2054 4988 modo
2085 4931 2156 4987 ab

514 5024 661 5080 Urbe
692 5023 834 5079 mihi
862 5023 1199 5080 felicissima
1230 5025 1443 5095 scripta
1469 5030 1606 5081 sunt
1633 5039 1664 5080 a
1697 5025 2039 5096 quibusdam
2079 5037 2159 5078 re-

514 5113 776 5170 verendis
800 5114 964 5182 viris,
995 5119 1050 5170 et
1093 5117 1277 5170 tecum
1323 5129 1389 5170 ex
1416 5120 1534 5172 toto
1565 5115 1734 5170 corde
1775 5113 2158 5185 diligentibus

514 5207 710 5272 Deum,
738 5217 910 5259 causa
938 5205 1266 5276 dogmatum
1295 5205 1592 5261 catholica:-
1619 5209 1828 5260 sanctze
1856 5208 1911 5258 et
1937 5207 2160 5272 aposto-

517 5292 642 5348 licae
693 5293 879 5364 ipsius
925 5293 1208 5350 Ecclesiae.
1256 5294 1753 5366 Signiﬁcaverunt,
1808 5291 1961 5347 enim
2007 5291 2158 5362 quod

516 5382 694 5438 multa
720 5382 894 5453 hujus
920 5382 999 5438 rei
1029 5383 1211 5454 gratia
1233 5389 1288 5438 et
1311 5383 1532 5452 prolixa
1560 5381 1814 5453 quaedam
1844 5381 1902 5435 in
1927 5395 1990 5436 ea
2013 5379 2161 5436 facta

515 5471 595 5528 sit
624 5471 818 5542 motio,
854 5471 910 5528 id
933 5474 1019 5528 est
1040 5471 1098 5527 in
1117 5471 1272 5543 regia
1296 5471 1454 5538 urbe,
1478 5483 1509 5524 a
1532 5469 1778 5526 sacratis
1805 5469 1970 5525 illius
1989 5469 2162 5526 eccle-

515 5561 771 5618 siasticis
814 5561 988 5618 viris:
1024 5567 1079 5616 et
1132 5561 1293 5631 prius
1325 5559 1577 5633 quidem,
1609 5559 1701 5615 sed
1740 5560 2025 5630 praecipue
2064 5573 2164 5630 per

2269 4753 2448 4810 tionis
2474 4768 2628 4824 papae
2647 4767 2776 4810 cum
2805 4753 3014 4809 delatis
3036 4753 3282 4808 decretis
3306 4747 3737 4820 apocrisiarios
3753 4748 3904 4798 susce-

2269 4850 2492 4914 perunt.
2526 4845 2682 4899 Tunc
2723 4843 2898 4913 enim,
2935 4847 3070 4897 tunc
3105 4845 3231 4910 post
3277 4840 3586 4909 plurimos
3631 4840 3902 4890 sermones,

2269 4948 2412 5003 quos
2441 4933 2509 4988 ad
2544 4946 2639 4987 eos
2665 4946 2837 4986 causa
2867 4929 3325 4986 consecrationis
3377 4929 3712 4991 moverunt,
3742 4917 3910 4977 novis'

2268 5022 2411 5077 sime
2434 5021 2501 5076 ad
2527 5019 2785 5077 effectum
2809 5021 2954 5090 ejus,
2976 5024 3148 5089 atque
3163 5019 3232 5072 ad
3257 5016 3469 5085 ipsius
3490 5011 3768 5072 desiderii
3793 5015 3912 5061 com-

2269 5111 2596 5181 pletionem,
2658 5109 3022 5180 protulerunt
3079 5107 3164 5162 eis
3219 5106 3633 5178 degmaticam
3689 5101 3912 5157 chartam

2271 5214 2421 5256 nunc
2452 5198 2523 5254 ab
2548 5199 2633 5255 eis
2659 5198 2995 5269 expositam,
3024 5199 3352 5253 asserentes
3376 5214 3395 5252 :
3421 5198 3554 5251 Non
3589 5193 3757 5249 aliter
3780 5181 3916 5240 vobis

2273 5289 2332 5346 in
2364 5288 2636 5358 capitulo,
2673 5302 2776 5357 pro
2803 5301 2912 5358 quo
2945 5290 3168 5342 tantum
3200 5285 3616 5356 transigentes
3649 5274 3912 5348 navigium

2273 5379 2424 5436 hunc
2463 5377 2722 5447 venistis,
2746 5375 2988 5432 favorem
3023 5372 3466 5446 praestabimus,
3505 5375 3627 5430 nisi
3663 5370 3818 5442 prius
3842 5373 3921 5415 v05

2273 5481 2550 5526 suasuros
2590 5467 2642 5522 ei
2693 5467 2794 5538 qui
2843 5465 3158 5522 sacrandus
3195 5466 3281 5519 est
3331 5460 3762 5533 proﬁteamini,
3807 5451 3922 5510 huic

2273 5559 2482 5615 chartae
2511 5555 2874 5614 subscribere
2903 5559 2958 5612 et
2985 5551 3364 5626 dogmatibus
3399 5570 3541 5626 quae
3587 5556 3648 5610 in
3680 5565 3743 5608 ea
3769 5542 3923 5604 conti-
