4018 6160
196 282 300 341 585

869 281 1373 339 COLLECTANEA.
1412 313 1487 323 —
1520 283 1729 339 EPIST.
1772 282 2130 340 ANASTASII
2165 280 2257 337 AD
2295 281 2661 337 MARTINUM
2698 280 2920 337 EPISC.

3496 273 3604 336 586

198 410 404 461 nentur
418 404 673 475 exceptis
690 403 1078 461 dilationibus
1099 404 1847 462 consentire.Atillieorum
1877 416 1933 473 Α
1954 404 2031 457 ad
2070 404 2261 458 horum
2289 420 2493 459 summo
2526 406 2847 475 principatu
2885 408 3186 465 consecuta,
3233 409 3281 457 et
3310 405 3368 457 in
3410 407 3605 457 sortem

200 508 322 563 quae
353 494 851 565 praetendebantur
878 493 992 549 sibi
1020 494 1236 550 virtute
1272 500 1578 565 comperta,
1611 498 1666 549 et
1698 491 1847 563 quod

199 584 299 640 hac
321 598 425 654 pro
450 597 625 640 causa
651 589 810 640 tanto
840 588 1093 661 tempore
1130 598 1352 640 manere
1388 583 1617 639 viduam
1652 582 1851 639 Eccle-

196 674 413 729 siarum
436 673 756 745 principem
789 680 1022 729 matrem
1046 677 1101 728 et
1118 673 1311 729 urbem
1335 668 1674 744 coegissent,
1705 671 1849 726 hanc

196 762 451 834 profecto
498 776 599 833 per
668 761 1001 833 hujusmodi
1053 777 1222 819 suum
1280 762 1533 843 volentes
1592 761 1850 818 obtinere

193 856 600 909 commentum.
632 852 778 908 Dum
823 850 1050 908 scilicet
1102 865 1283 922 usque
1334 851 1403 906 ad
1450 864 1570 905 eam
1624 860 1852 920 quoque

196 940 680 997 irrationabiliter
729 940 1136 997 extendendum
1190 938 1309 995 fore
1353 939 1658 995 novitatem
1714 951 1856 1008 pro-

195 1030 381 1101 priam
416 1030 762 1100 putaverint,
795 1034 859 1088 ut
887 1029 942 1085 id
983 1043 1085 1101 pro
1107 1042 1220 1101 quo
1242 1029 1549 1085 studebant
1576 1041 1856 1099 asseque—

194 1124 419 1189 rentur,
449 1118 765 1190 tranquille
794 1118 1074 1175 rationem
1098 1116 1386 1189 prosecuti
1416 1122 1571 1188 sunt,
1604 1120 1661 1173 et
1687 1116 1853 1188 quasi

192 1209 714 1265 condescendentes
765 1208 1075 1264 dixerunt:
1124 1209 1235 1265 Nos
1292 1208 1510 1277 quidem
1556 1223 1719 1277 super
1760 1206 1857 1260 hoc

193 1300 578 1353 auctoritatem
640 1297 880 1368 praebere
944 1312 1054 1351 non
1128 1312 1449 1366 possumus;
1496 1296 1857 1350 ministerium

195 1389 401 1458 quippe
433 1387 588 1442 nobis
630 1390 710 1441 est
738 1386 1022 1455 creditum,
1048 1401 1158 1439 non
1177 1388 1570 1455 professionem
1616 1384 1859 1453 faciendi

188 1481 544 1547 praeceptum.
575 1475 727 1529 Illud
760 1479 941 1529 autem
966 1474 1117 1528 vobis
1146 1478 1348 1528 certum
1390 1474 1688 1535 reddimus,
1712 1473 1859 1542 quod

193 1567 503 1633 referamus
532 1566 714 1618 omnia
740 1579 859 1633 quae
896 1580 930 1617 a
968 1564 1116 1617 vobis
1140 1566 1405 1633 praetenta
1429 1566 1576 1633 siml,
1611 1567 1660 1616 et
1689 1562 1858 1616 char—

195 1658 311 1707 tam
342 1655 518 1723 ipsam
561 1652 907 1708 ostendamus
938 1653 987 1705 ei
1020 1653 1117 1720 qui
1157 1650 1554 1705 consecrandus
1579 1654 1677 1712 est,
1727 1654 1784 1705 et
1810 1652 1858 1704 si

1952 494 2172 563 adepta,
2205 494 2373 549 nullis
2403 496 2621 547 omnino
2661 498 2885 563 propter
2921 494 3272 562 pontiﬁcatus
3295 495 3607 562 provectio-

1957 598 2077 636 nem
2098 586 2334 653 scriptis,
2368 589 2467 638 aut
2499 584 2887 653 synodicarum
2926 583 3253 636 editionibus
3292 581 3606 635 chartarum

1951 673 2197 740 subjecta
2227 676 2367 728 sicut
2395 676 2558 728 etiam
2592 674 2650 727 in
2697 673 2781 727 his
2812 687 2991 727 omnes
3038 688 3105 726 ere
3150 686 3299 741 equo
3330 673 3379 725 ei
3407 685 3608 724 secun—

1950 762 2081 815 dum
2115 764 2213 832 jus
2256 764 2591 817 sacerdotale
2635 763 2867 831 subjecti
2915 762 3235 816 consistunt.
3267 760 3613 835 Ilurcitaque

1951 866 2080 907 cum
2108 851 2302 907 taliter
2331 852 2480 907 nihil
2524 852 2777 918 reveriti,
2810 852 2906 907 sed
2956 864 3085 907 cum
3127 849 3281 907 omni
3314 863 3474 906 sacra
3499 850 3612 907 de-

1952 940 2220 1011 centique
2261 940 2469 996 ﬁducia
2501 941 2737 998 stabiles
2770 941 2858 997 illi
2885 945 2940 996 et
2969 940 3143 996 tlrmze
3189 952 3381 996 revera
3406 944 3462 995 et
3493 939 3612 995 im-

1957 1027 2192 1086 mobilis
2218 1035 2391 1100 petrze
2422 1029 2699 1099 ministri,
2732 1030 2993 1085 maxima:
3017 1028 3285 1085 videlicet
3304 1033 3361 1085 et
3388 1034 3613 1099 aposto-

1959 1116 2083 1174 licae
2115 1133 2240 1189 quae
2272 1119 2395 1175 illic
2423 1124 2509 1175 est
2538 1120 2825 1190 Ecclesiae,
2858 1120 2925 1175 ad
2961 1119 3130 1191 regite
3170 1118 3333 1175 urbis
3369 1117 3611 1174 clericos

1956 1208 2369 1280 disputassent,
2403 1210 2505 1264 hos
2534 1210 2761 1265 sedasse
2791 1213 3203 1280 apparuerunt,
3236 1213 3291 1264 et
3322 1212 3385 1265 ut
3409 1206 3611 1263 humi-

1958 1298 2092 1353 liter
2120 1312 2185 1353 ac
2218 1298 2465 1354 modeste
2494 1298 2775 1353 sentirent
2810 1298 3117 1368 prudenter
3140 1300 3397 1369 egerunt,
3430 1297 3609 1353 since-

1959 1387 2183 1442 ritatem
2215 1392 2270 1443 et
2307 1387 2705 1444 orthodoxiam
2756 1388 3003 1458 prOpriae
3052 1387 3183 1442 fidei
3231 1387 3302 1443 ab
3348 1387 3472 1457 ipso
3525 1387 3611 1443 eis

1961 1476 2132 1532 initio
2161 1476 2446 1547 cognitam
2469 1474 2761 1532 facientes.
2788 1476 2881 1531 Illi
2904 1481 3091 1533 autem
3123 1476 3381 1546 ipsorum
3413 1475 3609 1532 admi-

1960 1571 2150 1621 rantes
2177 1565 2463 1635 pietatem,
2504 1565 2833 1634 hujusmodi
2860 1563 3073 1620 factum
3094 1565 3387 1621 duxerunt
3407 1563 3611 1620 merito

1958 1654 2520 1725 recompensandum,
2541 1660 2596 1709 et
2613 1667 2645 1711 a
2674 1655 3069 1724 praitendenda
3086 1654 3282 1709 charta
3304 1658 3609 1723 cessantes,

196 1743 529 1798 indicaverit
553 1743 695 1796 hanc
722 1742 848 1795 bene
868 1741 1083 1804 habere,
1106 1741 1416 1808 rogabimus
1446 1745 1710 1794 annotare
1731 1740 1856 1793 huic
1891 1747 1939 1807 Β
1953 1743 2273 1814 jussionem
2298 1744 2356 1798 in
2379 1743 2638 1799 effectum
2665 1743 2737 1799 ob
2752 1744 3143 1814 episcopatum
3174 1757 3235 1799 se
3263 1757 3369 1801 suo
3394 1743 3613 1813 perdu—

190 1834 487 1903 prOpriam
559 1831 1025 1900 subscriptionem.
1089 1831 1249 1884 Nunc
1312 1833 1491 1883 autem
1548 1845 1614 1883 ne
1677 1829 1854 1882 velitis

195 1925 482 1991 insperate
521 1925 813 1991 propterea
844 1920 998 1973 nobis
1049 1919 1431 1989 impedimento
1478 1921 1619 1988 ﬁeri,
1672 1923 1723 1973 et
1747 1921 1855 1973 vim

196 2013 411 2079 inferre
428 2009 774 2079 protelando,
805 2012 855 2061 et
896 2024 993 2062 nos
1022 2008 1109 2062 hic
1146 2007 1449 2062 retinendo.
1490 2009 1677 2077 Neque
1714 2010 1857 2061 enim

197 2105 277 2153 est
301 2100 403 2169 qui
442 2098 681 2161 cuilibet,
711 2099 1050 2167 maximeque
1082 2098 1141 2150 in
1170 2112 1339 2151 causa
1377 2097 1525 2167 ﬁdei,
1555 2098 1665 2150 vim
1682 2098 1858 2165 possit

174 2189 433 2269 Iinferre.
463 2188 529 2241 In
572 2186 673 2240 hac
718 2187 861 2239 enim
906 2190 956 2239 et
991 2186 1154 2240 nimis
1196 2187 1444 2255 inﬁrmus
1489 2187 1651 2252 fortis
1698 2184 1857 2239 valde

202 2277 473 2338 consistit,
510 2279 562 2330 et
597 2274 758 2329 valde
802 2276 950 2329 mitis
995 2274 1223 2328 bellator
1265 2289 1506 2328 summus
1542 2275 1854 2327 invenitur:

200 2366 472 2435 verboque
501 2367 684 2420 (livino
727 2368 1044 2433 confortans
1082 2366 1343 2426 animam,
1392 2366 1645 2419 maximis
1696 2365 1857 2417 etiam

199 2455 601 2509 invectionibus
628 2455 802 2522 magis
848 2454 1021 2508 durus
1048 2470 1214 2522 quam
1265 2454 1561 2507 dissolutus
1586 2453 1860 2522 quodam—

198 2545 360 2599 modo
390 2546 703 2613 reperitur:
742 2548 946 2612 quanto
992 2545 1166 2609 magis
1196 2543 1559 2598 Romanorum
1609 2541 1861 2595 Ecclesia

201 2638 248 2687 et
267 2634 436 2699 clero,
464 2648 585 2702 qua:
602 2632 672 2685 ab
692 2633 821 2686 olim
845 2632 948 2685 huc
983 2622 1174 2701 usque,
1216 2635 1397 2702 utpote
1424 2632 1604 2684 senior
1631 2634 1864 2684 cuncta-

199 2739 323 2777 rum
356 2738 484 2792 qua
506 2722 608 2775 sub
632 2722 743 2775 sole
775 2725 905 2775 sunt
930 2722 1316 2783 Ecclesiarum,
1347 2719 1593 2773 omnibus
1621 2723 1818 2789 praeest
1837 2722 1865 2773 ?

200 2813 314 2867 Hoc
353 2816 499 2867 certe
538 2812 794 2865 canonice
822 2816 934 2865 tam
961 2827 995 2864 a
1020 2810 1261 2865 conciliis
1286 2813 1335 2863 et
1376 2809 1653 2879 apostolis,
1702 2823 1866 2878 quam

1955 1847 2081 1889 cere
2110 1833 2306 1889 studio
2340 1833 2745 1903 promiserunt.
2797 1832 2976 1901 Quam
3027 1831 3232 1888 factum
3263 1833 3611 1903 accipientes

1954 1923 2068 1978 Deo
2089 1921 2365 1977 amabiles
2389 1921 2777 1991 apocrisiarii,
2803 1922 3157 1993 gratulantes
3192 1927 3516 1980 remearunt
3537 1922 3607 1979 ad

1959 2011 2207 2081 pr0pria.
2259 2011 2439 2080 Hujus
2482 2015 2670 2065 autem
2727 2010 2958 2081 chartae,
3008 2010 3296 2066 divinitus
3336 2010 3611 2067 honorate

1958 2101 2142 2170 Pater,
2174 2098 2462 2169 exemplar
2495 2103 2552 2153 et
2599 2098 2743 2153 mihi
2776 2112 3004 2170 quoque
3047 2098 3449 2155 transmissum
3498 2106 3604 2155 est.

1955 2188 2228 2259 Exposita
2266 2201 2397 2244 vero
2440 2187 2511 2243 ab
2566 2186 2653 2243 eis
2692 2185 2879 2243 fuerat
2905 2200 3077 2243 causa
3126 2187 3491 2243 tacendarum
3548 2187 3607 2242 in

1955 2276 2183 2333 Christo
2212 2278 2344 2347 Deo,
2400 2276 2457 2332 id
2490 2281 2576 2331 est
2607 2276 2667 2331 in
2716 2275 3063 2331 substantiis
3091 2276 3236 2346 ejus,
3285 2289 3354 2331 ex
3395 2275 3611 2346 quibus

1959 2366 2227 2421 videlicet
2250 2370 2305 2420 et
2332 2365 2389 2420 in
2434 2365 2651 2436 quibus
2690 2369 2778 2420 est
2825 2369 2883 2419 et
2924 2364 3202 2435 creditur,
3258 2364 3611 2421 naturalium

1960 2454 2357 2523 operationum
2382 2472 2398 2525 ;
2423 2459 2480 2509 et
2527 2467 2596 2509 ne
2630 2454 2700 2509 de
2728 2457 2931 2509 caetero
2972 2453 3033 2508 in
3081 2467 3147 2508 eo
3191 2453 3309 2509 sive
3341 2465 3453 2509 una
3493 2453 3616 2508 sive

1961 2543 2089 2598 dine
2114 2543 2345 2613 penitus
2370 2542 2836 2612 praedicarentur.
2860 2541 3170 2598 Fatebatur
3189 2546 3377 2598 autem
3404 2541 3616 2597 solum-

1966 2633 2131 2688 modo
2155 2632 2537 2689 contitendum
2568 2645 2711 2702 esse,
2731 2646 2801 2687 ex
2829 2645 2943 2687 uno
2968 2645 2998 2686 e
3034 2631 3278 2701 demque
3300 2630 3401 2686 Dei
3436 2630 3618 2687 Verbo

1967 2721 2261 2777 incarnato
2290 2723 2404 2777 Deo
2429 2721 2704 2777 decibilia
2728 2728 2783 2777 et
2804 2720 3054 2776 humana
3082 2720 3449 2792 processisse,
3477 2719 3617 2778 etin

1969 2823 2147 2864 unum
2173 2810 2547 2880 eumdemque
2578 2808 2887 2866 referenda.

880 3131 1510 3236 Beatissimo
1572 3164 1696 3233 ac
1753 3130 2423 3233 celeberrimo
2483 3133 2954 3235 Illartino

1295 3341 1349 3386 S.
1400 3340 1786 3384 NARNIENSIS
1827 3339 2143 3383 ECCLESI/E
2187 3339 2485 3384 PRESULI

511 3456 913 3521 Anastasius
969 3456 1261 3536 exiguus
1325 3454 1700 3536 apostolicae
1758 3453 1933 3517 sedis
1997 3452 2545 3517 bibliothecarius
2598 3452 2669 3516 in
2729 3452 3013 3518 Domino
3071 3454 3382 3518 salutem.

278 3727 454 3799 Quia,
485 3741 617 3784 cum
647 3728 1014 3799 episcopatus
1043 3726 1205 3799 apice
1232 3725 1611 3798 praepositum
1646 3724 1874 3781 sancti-
1900 3722 1950 3795 C
1982 3725 2188 3799 reperi,
2220 3729 2276 3782 et
2307 3725 2429 3797 ipsa
2461 3740 2708 3801 quoque,
2758 3728 2809 3785 si
2850 3727 2965 3784 vita
2991 3740 3179 3784 comes
3207 3724 3403 3795 fuerit,
3438 3728 3634 3780 trans—

213 3816 311 3873 tati
331 3823 473 3887 tum,
495 3816 569 3872 ob
588 3818 853 3874 meritum
874 3831 1109 3873 summie
1129 3816 1448 3888 religionis,
1470 3815 1620 3872 beati
1640 3812 1872 3871 Martini

211 3905 558 3961 monasterii
595 3919 763 3976 penes
800 3905 997 3963 urbem
1026 3905 1223 3977 positi,
1251 3911 1336 3961 est
1364 3918 1397 3961 a
1422 3905 1663 3961 summis
1695 3902 1876 3975 ponti-

213 3992 429 4049 ﬁcibus
454 3993 735 4066 delegata,
773 3994 989 4051 hortari
1025 4007 1110 4050 me
1131 3993 1253 4049 visa
1278 3998 1383 4064 est,
1419 3996 1719 4065 quatenus,
1749 4006 1875 4063 qua:

210 4083 364 4153 apud
422 4082 657 4139 Graecos
710 4083 1068 4154 reperissem,
1100 4096 1169 4138 ex
1196 4082 1289 4137 his
1340 4095 1467 4153 qua:
1510 4081 1672 4137 beato
1721 4095 1877 4151 papa;

214 4172 469 4228 Martino
504 4185 606 4241 pro
632 4171 739 4227 ﬂde
779 4185 845 4228 ac
889 4171 1060 4228 rectis
1105 4170 1471 4243 degmatibus
1520 4169 1875 4240 acciderunt,

215 4260 274 4315 in
309 4260 566 4316 latinum
608 4266 989 4316 converterem
1035 4260 1284 4331 stylum:
1338 4258 1599 4330 quamvis
1624 4257 1776 4313 alius
1798 4257 1878 4314 sit

211 4350 531 4419 Martinus,
564 4350 733 4419 cujus
773 4350 1026 4406 cerneris
1072 4348 1334 4413 cmnobio
1382 4349 1471 4419 pie
1512 4362 1771 4419 praeesse,
1821 4352 1877 4403 et

213 4437 394 4507 alius,
428 4438 601 4507 cujus
634 4438 863 4494 aﬂ'ectas
892 4438 962 4494 ad
996 4437 1287 4509 liquidum
1319 4437 1641 4493 accidentia
1688 4450 1870 4492 nosse.

213 4525 317 4582 Ille
350 4526 575 4597 quippe
602 4528 944 4596 Turonicus,
979 4527 1087 4583 iste
1115 4540 1247 4583 vero
1275 4526 1563 4582 Romanus
1594 4523 1706 4580 fuit
1731 4524 1877 4580 anti-

213 4618 352 4670 stes.
390 4614 566 4670 Parui
597 4628 731 4686 ergo
759 4614 1261 4672 exhortationibus
1294 4614 1431 4685 tuis,
1467 4620 1622 4684 pater
1653 4626 1878 4669 venera-

214 4702 383 4772 bilis,
418 4717 535 4759 non
566 4707 677 4759 tam
706 4703 969 4776 scientia,
998 4717 1165 4775 quam
1189 4703 1532 4760 obedientia.
1567 4702 1695 4759 Scio
1728 4716 1879 4757 nam-

213 4806 350 4863 que,
411 4793 641 4849 dicente
697 4793 986 4850 Samuele:
1037 4795 1312 4848 Meliorem
1358 4809 1470 4848 esse
1521 4792 1879 4847 obedientiam

212 4898 387 4950 quam
429 4884 777 4953 sacriﬁcium,
818 4887 873 4937 et
913 4883 1243 4944 auscultare,
1276 4884 1448 4950 magis
1479 4898 1642 4951 quam
1689 4880 1880 4950 offirre

212 4973 579 5026 holocausta:
612 4974 871 5040 quoniam
890 4974 1053 5041 quasi
1073 4976 1353 5042 peccatum
1377 4971 1656 5023 ariolanrli
1688 4975 1765 5024 est
1788 4986 1883 5023 re—

1981 3811 2147 3887 ferre,
2199 3818 2311 3874 Deo
2357 3818 2635 3887 przeduce,
2671 3818 2909 3874 minime
2940 3817 3231 3888 recusabo,
3265 3815 3629 3873 sanctissime

1983 3920 2047 3962 ac
2077 3907 2533 3963 reverentissime
2564 3913 2739 3978 pater.
2776 3909 2915 3963 Data
2948 3907 3266 3963 indictione
3302 3904 3358 3975 8,
3386 3910 3637 3974 tempore

1985 3996 2181 4052 domui
2210 3998 2447 4053 Joannis
2471 3997 2588 4053 VIII
2621 4011 2795 4068 papa}.

1985 4124 2167 4191 Hujus
2196 4137 2327 4177 sane
2347 4124 2565 4177 initium
2594 4125 2770 4192 operis
2790 4124 2962 4191 juxta
2990 4138 3181 4177 sensus
3220 4122 3494 4176 duntaxat
3517 4121 3641 4175 vir-

2523 4199 2689 4249 tutem
2712 4196 2792 4248 ita
2821 4210 2876 4249 se
2923 4195 3101 4248 habet.

1986 4336 2162 4393 Unice
2183 4339 2340 4407 Nate,
2375 4339 2545 4405 Dens,
2578 4336 2823 4392 Verbum
2859 4336 3041 4391 Patris
3063 4334 3493 4405 omnipotentis,

1985 4427 2094 4496 Qui
2128 4427 2249 4483 sola
2280 4427 2486 4497 pietate
2510 4425 2702 4482 volens
2733 4426 2900 4481 homo
2932 4423 3396 4494 factushaberis,

1987 4517 2054 4571 Et
2084 4530 2262 4587 genus
2285 4516 2594 4572 humanum
2622 4517 2843 4586 patiens
2867 4515 2924 4570 in
2952 4528 3122 4570 carne
3145 4511 3342 4583 piasti,

1983 4603 2281 4661 Auxiliare
2302 4609 2514 4677 tegens,
2538 4605 2723 4661 salvos
2751 4604 2855 4675 fac,
2879 4617 3014 4660 erue
3034 4615 3272 4672 semper.

1986 4695 2069 4750 Tu
2096 4693 2342 4750 famulos
2365 4694 2694 4764 ubicunque
2726 4700 2855 4750 tuos
2885 4706 2916 4747 a
2948 4691 3190 4748 crimine
3214 4694 3386 4760 peste.

1989 4783 2247 4856 Virginis
2275 4783 2516 4855 egregiae
2548 4783 2815 4852 precibus
2844 4781 3145 4854 genitricis
3186 4780 3459 4849 amandm,

1987 4877 2057 4931 Et
2083 4875 2475 4930 duodenarum
2509 4886 2803 4942 procerum
2840 4871 3012 4927 simul
3045 4874 3215 4941 atque
3248 4869 3493 4941 piorum,

1988 4964 2333 5020 Cunctorum
2367 4963 2491 5017 sine
2532 4961 2640 5016 line
2667 4961 2862 5031 decus,
2886 4960 3000 5025 via,
3028 4959 3143 5014 vita
3171 4965 3421 5015 tuorum.

206 5078 493 5132 pugnare,
523 5066 573 5114 et
593 5063 755 5130 quasi
798 5062 969 5115 scelus
996 5061 1321 5115 idololatriae
1368 5060 1508 5114 nolle
1546 5061 1880 5128 acquiescere
1917 5057 1968 5117 D
2062 5056 2142 5109 Ex
2184 5053 2276 5108 his
2308 5066 2431 5121 qua:
2461 5065 2492 5105 a
2552 5051 2846 5105 Theodoro
2898 5049 3121 5118 Spudeo
3160 5054 3371 5103 sancta:
3416 5049 3642 5119 Sophim

214 5152 282 5220 (I
310 5153 445 5218 Reg.
491 5163 589 5219 xv,
621 5146 710 5219 22,
762 5147 888 5221 23).
945 5150 1129 5221 Igitur
1161 5148 1337 5205 malui
1373 5147 1662 5218 imperitia
1711 5160 1879 5217 quam

215 5254 462 5310 peccare
478 5239 827 5295 idololatria.
852 5239 1056 5295 Verum
1072 5238 1245 5308 hujus
1261 5238 1452 5309 operis
1470 5238 1654 5293 media
1669 5237 1727 5291 in
1745 5236 1883 5291 aliis

216 5328 555 5399 implicitus
576 5329 697 5399 ipse
714 5342 826 5385 non
858 5326 1152 5399 transtuli,
1172 5328 1291 5397 sed,
1315 5326 1385 5382 ab
1409 5327 1526 5383 alio
1553 5327 1735 5397 petitu
1758 5338 1880 5383 meo

220 5416 626 5489 interpretata,
648 5417 1005 5488 postmodum
1025 5418 1085 5472 in
1108 5415 1448 5489 quibusdam
1473 5416 1715 5471 correxi.
1735 5414 1881 5483 Quia

218 5522 381 5581 vero,
414 5507 677 5578 quaedam
724 5520 794 5563 ex
822 5505 982 5563 Actis
1021 5506 1171 5561 beati
1228 5505 1462 5561 Maximi
1505 5503 1766 5560 monachi
1816 5517 1881 5558 ac

220 5597 656 5668 discipulorum
686 5597 813 5666 ejus
842 5595 978 5652 huic
1000 5596 1156 5665 operi
1192 5607 1445 5651 connexa
1465 5598 1521 5649 et
1548 5592 1881 5649 continuata

664 5697 896 5753 PATROL.
936 5694 1188 5752 CXXIX.

1991 5143 2205 5213 scripta
2237 5147 2371 5198 sunt
2392 5141 2609 5196 sanctis
2631 5139 2924 5194 Theodoro
2949 5142 3005 5192 et
3035 5138 3321 5207 Euprepio
3355 5138 3643 5210 germanis

1991 5231 2289 5302 fratribus,
2303 5236 2356 5287 et
2374 5231 2523 5302 regis
2546 5228 2825 5299 pistorum
2842 5226 3206 5297 principibus
3218 5225 3554 5283 constitutis
3582 5226 3641 5280 in

1990 5321 2201 5377 exsilio
2216 5320 2542 5387 Chersonis.
2564 5332 2737 5389 super
2755 5317 2847 5373 his
2874 5331 2999 5388 quae
3023 5316 3222 5387 inique
3249 5320 3404 5388 gesta
3421 5313 3643 5371 suntab

1991 5410 2337 5466 adversariis
2382 5411 2439 5465 in
2480 5414 2738 5464 sanctum
2783 5412 2837 5462 et
2888 5406 3288 5476 apostolicum,
3348 5416 3551 5459 novum
3584 5413 3643 5454 re

1991 5514 2121 5555 vera
2150 5498 2527 5555 confessorem
2576 5502 2632 5552 et
2666 5503 2963 5566 martyrem
3015 5492 3231 5549 Christi
3286 5492 3384 5547 Dei
3430 5486 3636 5557 nostri,

1992 5589 2300 5647 Martinum
2322 5601 2519 5660 papam
2538 5587 2871 5655 Romanum,
2900 5583 3234 5653 priusquam
3254 5571 3395 5636 illinc
3418 5577 3475 5631 in
3494 5574 3644 5631 exsi-
