4018 6160
426 273 532 333 587

1669 277 2025 335 ANASTASII

2157 274 2614 337 BLlOTHECARII

424 398 570 489 lium
601 399 942 489 mitteretur,
971 416 1099 458 cum
1149 402 1201 457 vi
1237 407 1529 473 raperetur
1560 406 1788 472 propter
1835 399 2068 456 verbum
2096 396 2153 455 A
2250 399 2601 473 Subscriptio.
2624 407 2773 463 Deus
2795 411 2850 463 te
2870 408 3210 467 incolumem
3229 416 3512 489 cnslodiat,
3535 423 3756 478 amantis-

422 487 685 545 veritatis
705 488 777 545 de
799 490 1114 560 apostolica
1141 492 1291 547 sede.

490 579 692 634 THEOD.
727 579 1029 650 Postquam
1070 594 1329 637 reversus
1365 588 1452 638 est
1510 581 1569 636 in
1621 579 1894 636 excubitu
1937 593 2067 636 cum

419 666 731 723 sudoribus
759 682 904 738 quos
930 669 1087 725 novit
1120 672 1288 740 Deus,
1325 670 1484 740 potui
1517 670 1568 725 ei
1598 669 1849 724 scribere
1878 682 1944 723 ac
1977 668 2064 722 in-

418 761 708 814 notescere
735 758 927 814 omnia
966 773 1091 828 qua:
1121 760 1191 814 de
1241 759 1366 829 ipso
1407 758 1874 815 diﬁ‘amabantur.
1924 756 2063 812 Cum

417 845 631 918 quibus
657 846 829 902 intuli
853 853 908 902 et
931 847 1045 902 alia
1068 849 1345 918 quaadam,
1368 863 1492 920 qua:
1518 847 1890 918 implorarent
1910 861 2059 918 eum,

417 941 482 992 ut
504 935 834 993 nullatenus
863 944 1230 1007 superaretur
1248 953 1280 993 a
1308 952 1547 1009 nequam
1575 943 1727 992 secta
1751 935 2062 1005 impiorum

415 1026 668 1085 virorum
701 1040 978 1095 reverens,
1016 1032 1072 1082 et
1102 1034 1348 1084 tremens
1378 1043 1442 1083 ac
1475 1043 1586 1097 prae
1631 1025 1819 1083 oculis
1850 1025 2062 1080 habens

413 1113 778 1187 naufragium
805 1116 988 1188 Sergii
1015 1116 1353 1188 Cypriorum
1374 1117 1579 1174 insulae
1608 1113 2059 1186 archiepiscopi.

940 1318 1203 1374 Rcscribit
1235 1334 1360 1388 ergo
1405 1319 1520 1372 illa.

476 1497 760 1555 Martinus
828 1497 1122 1555 Theodoro
1189 1498 1412 1554 sincera
1480 1496 1780 1554 affectione
1844 1499 2056 1555 dilecto

407 1585 593 1644 fratri.

475 1677 754 1747 Quoniam
784 1677 1011 1750 agnovi,
1048 1683 1109 1735 ut
1163 1679 1344 1750 potui,
1378 1691 1440 1733 ea
1469 1693 1594 1749 qua:
1644 1677 1703 1734 in
1753 1678 1990 1748 scriptis
2019 1692 2051 1734 a

2180 490 2323 547 sime
2346 492 2448 548 ﬁli.

2247 580 2451 636 THEOD.
2483 582 2776 656 Susceptis
2809 587 2921 660 his,
2947 589 3163 662 gratias
3187 591 3272 664 egi
3302 593 3428 660 Deo,
3453 598 3757 666 comperiens

2176 666 2574 728 fortitudinem
2594 677 2873 745 propositi
2893 680 3244 736 sanctissimi
3264 681 3388 737 viri.
3411 682 3668 741 Anxiabar
3682 701 3759 744 au-

2176 763 2285 813 tem
2303 760 2498 817 volens
2520 762 2738 820 discere
2756 767 3004 836 qualiter
3018 769 3282 827 sublatus
3298 769 3463 827 fuerit
3477 787 3506 827 a
3523 775 3637 830 sede
3658 792 3756 848 sua,

2173 853 2228 902 et
2288 863 2398 906 non
2432 857 2699 920 poteram.
2735 856 3024 928 Quotquot
3074 857 3226 914 enim
3279 874 3441 929 super
3471 861 3566 917 hoc
3592 877 3747 920 veram

2175 939 2599 1006 responsionem
2645 943 3085 1016 interrogabam,
3119 961 3280 1003 nemo
3320 949 3454 1003 mihi
3486 950 3654 1021 dabat,
3682 954 3759 1008 sed

2173 1026 2343 1082 aliter
2387 1033 2558 1100 atque
2597 1032 2785 1088 aliter.
2845 1035 3002 1091 Unde
3047 1049 3133 1091 me
3183 1037 3479 1093 necessitas
3526 1041 3760 1109 compulit

2173 1115 2525 1175 innotescere
2573 1136 2745 1192 super
2775 1123 2898 1195 hoc,
2927 1131 2984 1179 et
3028 1123 3322 1181 obsecrare
3369 1125 3546 1197 illum,
3576 1141 3673 1197 quo
3709 1127 3763 1183 ab

2175 1204 2298 1274 ipso
2327 1206 2603 1265 discerem
2630 1212 2943 1269 veritatem.

2455 1353 2658 1410 Scribit
2681 1372 2804 1425 ergo
2833 1357 2909 1412 ad
2931 1357 3040 1413 hare
3063 1361 3260 1413 iterum
3290 1364 3521 1415 sanctus.

2237 1480 2519 1539 Martinus
2539 1483 2848 1540 Theodoro.

2236 1571 2477 1628 Noscere
2522 1573 2706 1630 voluit
2744 1587 2874 1629 cara
2913 1581 3098 1631 vestra
3139 1574 3397 1645 dilectio,
3450 1574 3678 1646 qualiter
3712 1576 3768 1631 de

2165 1659 2296 1714 sede
2319 1663 2502 1718 sancti
2535 1663 2685 1720 Patri
2716 1664 2984 1734 apostoli,
3018 1664 3171 1721 sicut
3193 1679 3346 1720 unus
3381 1672 3568 1735 passer
3592 1664 3769 1720 solita-

482 1726 754 1747 »ιη-ηπ-
785 1726 1011 1750 «saw-1
1163 1726 1344 1750 ,ην-ν,
1383 1726 1440 1733 ν-
1472 1726 1593 1749 νι--ν
1753 1726 1989 1748 -ν--ικ--υ
2020 1726 2033 1733 -

403 1766 566 1825 vobis
605 1768 929 1839 signiﬁcata
974 1774 1128 1835 sunt,
1160 1767 1218 1824 in
1269 1768 1467 1838 paucis
1519 1768 1708 1825 verbis
1753 1783 2029 1839 exsequar

2164 1747 2289 1805 rius
2309 1750 2378 1806 ab
2407 1751 2670 1824 aedificio,
2705 1726 2904 1824 raptus
2921 1726 3149 1811 fuerim.
3183 1755 3254 1810 Et
3285 1726 3460 1810 miror
3482 1753 3607 1825 quia
3628 1767 3772 1822 super

402 1857 541 1914 Cum
567 1858 779 1914 exirem
808 1857 880 1912 ab
909 1858 1181 1929 Ecclesia,
1217 1872 1343 1928 quae
1371 1862 1608 1914 vocatur
1630 1858 2051 1914 Constantinia-

402 1960 495 2016 na,
528 1945 588 2002 in
615 1959 728 2018 qua
752 1946 1043 2003 exercitus
1073 1961 1160 2002 me
1195 1961 1324 2002 cum
1373 1946 1553 2002 armis
1606 1947 2045 2016 constrinxerat,

401 2035 462 2091 in
489 2035 792 2106 praesentia
829 2035 1082 2106 exarchi,
1123 2049 1188 2091 ac
1225 2035 1506 2091 Theodori
1551 2035 1919 2105 cubicularii,
1948 2049 2048 2091 seu

399 2124 562 2195 cleri,
594 2124 748 2182 clara
777 2138 910 2181 voce
950 2124 1258 2180 dixerunt:
1287 2125 1600 2181 Anathema
1637 2124 1838 2180 habeat
1877 2124 2049 2195 quis-

399 2215 533 2285 quis
559 2213 776 2271 dixerit
801 2214 885 2270 vel
923 2215 1256 2285 crediderit,
1290 2214 1427 2285 quia
1464 2215 1749 2270 Martinus
1774 2227 1957 2285 usque
1976 2215 2044 2269 ad

399 2318 576 2361 unum
607 2304 826 2373 apicem
860 2303 1024 2358 ﬁdem
1057 2303 1317 2372 mutavit,
1351 2309 1452 2360 aut
1495 2307 1821 2360 mutaturus
1845 2309 1964 2360 est:
1991 2309 2047 2359 et

395 2393 696 2448 anathema
723 2392 965 2448 habeant
982 2393 1080 2462 qui
1115 2392 1173 2446 in
1191 2392 1508 2448 orthodoxa
1527 2393 1634 2447 ﬁde
1652 2406 1753 2450 sua
1773 2407 1954 2463 usque
1973 2394 2041 2448 ad

397 2486 635 2535 mortem
688 2492 800 2537 non
854 2480 1286 2550 permanserint.
1320 2479 1422 2535 His
1467 2481 1706 2548 auditis,
1759 2480 2046 2550 Calliopas

395 2567 571 2636 caepit
613 2567 890 2623 rationem
932 2568 1182 2638 reddere,
1232 2567 1405 2623 aliam
1452 2568 1617 2624 fidem
1667 2575 2042 2640 praeterquam

396 2669 500 2712 nos
525 2656 783 2712 tenemus
813 2669 924 2712 non
949 2670 1092 2723 esse,
1128 2670 1308 2728 neque
1350 2657 1519 2712 aliter
1543 2671 1603 2713 se
1649 2658 1893 2714 credere.
1936 2659 2039 2715 Sed

395 2745 520 2816 hoc,
551 2751 780 2817 propter
813 2759 910 2801 eos
935 2746 1037 2817 qui
1083 2745 1413 2808 audiebant,
1446 2760 1558 2802 non
1593 2752 1821 2816 propter
1850 2748 2038 2816 fidem,

392 2835 637 2892 dicebat.
667 2837 736 2891 Et
765 2835 913 2891 scire
938 2840 993 2892 te
1020 2835 1169 2905 volo,
1195 2835 1573 2891 dilectissime
1597 2835 1790 2905 frater,
1823 2838 1892 2893 de
1931 2838 2040 2893 ﬁde

393 2938 562 2996 quam
611 2925 973 2996 signiﬁcasti,
1013 2938 1227 2980 necnon
1280 2930 1336 2980 et
1365 2923 1528 2979 falsis
1561 2925 1873 2981 calumniis
1897 2939 2039 2996 quas

391 3013 665 3070 adversus
693 3013 986 3070 veritatem
1038 3019 1392 3084 pr0ponunt:
1429 3013 1584 3085 quia,
1614 3014 2039 3084 opitulantibus

392 3102 561 3158 nobis
589 3102 950 3160 orationibus
987 3102 1193 3158 vestris
1221 3115 1287 3157 ac
1316 3101 1572 3158 omnium
1601 3103 1856 3159 ﬁdelium
1881 3104 2039 3159 Chri-

391 3192 708 3248 stianorum
735 3192 837 3262 qui
867 3191 1163 3248 vobiscum
1212 3196 1364 3261 sunt,
1393 3195 1449 3247 et
1485 3191 1682 3248 vivens
1705 3197 1761 3247 et
1789 3193 2036 3248 moriens

390 3281 598 3337 salutis
627 3285 834 3339 nostra:
878 3281 1042 3337 ﬁdem
1085 3277 1403 3352 defendam,
1455 3286 1510 3336 et
1557 3281 2034 3351 quemadmodum

389 3370 588 3426 beatus
608 3371 821 3427 Paulus
843 3369 1137 3441 apostolus
1165 3370 1349 3442 docet,
1385 3370 1528 3425 mihi
1556 3370 1741 3426 vivere
1768 3370 2034 3426 Christus

387 3465 493 3528 est,
520 3465 578 3517 et
607 3460 751 3517 mori
776 3459 1021 3516 lucrum.
1050 3460 1127 3514 De
1153 3459 1318 3515 falsis
1336 3464 1524 3514 autem
1541 3459 2029 3529 accusationibus,

387 3563 531 3620 quas
560 3550 783 3605 noviter
811 3548 1064 3605 hmretici
1099 3546 1317 3603 faciunt
1359 3547 1695 3616 abjicientes
1737 3548 2031 3604 veritatem

384 3639 600 3694 Christi
626 3638 746 3708 Dei,
781 3638 1005 3707 qualem
1059 3636 1294 3692 omnino
1335 3641 1642 3706 potuerunt
1700 3637 2033 3692 hominibus

381 3728 677 3784 veritatem
732 3725 914 3796 loqui,
957 3725 1058 3795 qui
1115 3725 1215 3780 Dei
1245 3725 1472 3780 veritati
1528 3724 1851 3781 resistunt?
1901 3725 2030 3780 Tibi

385 3817 567 3888 igitur
591 3816 764 3871 reddo
793 3815 1092 3885 rationem,
1123 3813 1498 3869 dilectissime
1549 3812 1740 3884 frater,
1776 3828 1874 3884 per
1897 3828 2026 3871 eum

383 3905 482 3974 qui
507 3905 876 3973 judicaturus
915 3908 1000 3957 est
1040 3903 1314 3958 mundum
1348 3903 1522 3957 istum
1558 3917 1654 3972 per
1688 3904 1894 3975 ignem,
1925 3905 2025 3974 qui

381 3999 437 4047 et
463 3992 657 4048 reddet
683 3991 1001 4062 unicuique
1025 3992 1336 4047 secundum
1371 4005 1515 4062 opus
1546 4007 1732 4049 suum.
1765 3994 1879 4064 Ego
1909 3993 2029 4048 ali-

381 4081 609 4151 quando
638 4079 707 4136 ad
760 4081 1070 4136 Saracenos
1111 4094 1210 4136 nec
1244 4079 1470 4137 litteras
1519 4083 1674 4154 misi,
1718 4096 1820 4138 nec
1859 4096 2026 4154 quem

376 4169 582 4226 dicunt
601 4176 814 4225 tornum
836 4168 1087 4241 qualiter
1108 4170 1336 4226 credere
1350 4170 1610 4241 debeant,
1631 4178 1731 4228 aut
1753 4173 2025 4242 pecunias

376 4271 628 4329 unquam
642 4258 960 4330 transmisi,
975 4259 1868 4330 exceptisduntaxatquibusdam
1885 4261 2026 4319 illuc

371 4347 738 4404 venientibus
781 4347 962 4428 servis
1008 4347 1108 4404 Dei
1151 4361 1318 4404 causa
1362 4348 1744 4420 eleemosynae,
1808 4350 2020 4420 quibus

367 4443 424 4492 et
482 4437 768 4494 modicum
825 4437 960 4509 quid
1032 4437 1383 4507 praebuimus
1437 4438 1674 4493 minime
1724 4440 1793 4495 ad
1842 4441 2017 4497 Sara—

2163 1839 2267 1895 hoc
2290 1855 2376 1896 me
2402 1841 2460 1896 in
2490 1843 2653 1914 quire
2666 1857 2724 1898 re
2742 1844 3000 1914 voluisti,
3020 1859 3150 1901 cum
3173 1843 3504 1914 praedixerit
3530 1842 3772 1899 Dominus

2161 1935 2352 1985 noster
2377 1930 2448 1986 de
2479 1945 2718 2004 nequam
2755 1933 3108 2004 temporibus
3139 1933 3275 1989 istis
3311 1932 3612 2002 discipulis
3635 1931 3768 1986 suis:

2160 2017 2298 2084 Quia
2338 2022 2397 2073 in
2423 2021 2611 2076 diebus
2651 2023 2764 2076 illis
2789 2025 2890 2077 erit
2921 2025 3226 2087 tribulatio,
3261 2024 3440 2093 qualis
3470 2038 3574 2076 non
3593 2024 3694 2089 fuit
3718 2022 3772 2075 ab

2157 2111 2366 2177 origine
2384 2111 2577 2165 mundi
2598 2127 2768 2182 usque
2785 2129 2946 2168 nunc.
2978 2115 3046 2168 Et
3070 2115 3180 2168 nisi
3201 2115 3336 2184 quia
3361 2113 3650 2166 abbreviati
3671 2115 3778 2164 sunt

2158 2199 2272 2252 dies
2304 2199 2409 2263 illi,
2451 2217 2559 2255 non
2588 2207 2771 2271 posset
2821 2205 3088 2257 sustine-rc
3139 2203 3318 2256 omnis
3367 2216 3508 2256 caro.
3558 2200 3656 2254 Sed
3697 2199 3778 2268 qui

2151 2291 2519 2356 perseveravit
2540 2306 2708 2361 usque
2739 2293 2795 2345 in
2819 2295 2998 2362 ﬁnem,
3047 2292 3133 2346 hic
3179 2293 3372 2346 salvus
3427 2292 3526 2344 erit
3573 2287 3777 2356 (Matth.

2157 2389 2318 2448 xxxv,
2345 2376 2434 2448 21,
2458 2377 2528 2435 22
2550 2379 2586 2453 ).
2619 2383 2733 2438 Hoc
2765 2381 2824 2436 in
2859 2381 3058 2451 paucis
3076 2381 3146 2438 de
3173 2379 3536 2438 Antichristo
3564 2377 3776 2433 dicitur.

2155 2468 2294 2522 Nam
2324 2475 2380 2523 et
2403 2475 2636 2526 sanctus
2669 2471 2877 2526 Paulus
2907 2471 3222 2527 secundum
3257 2471 3452 2526 datam
3503 2465 3612 2523 sibi
3659 2479 3778 2537 gra-

2155 2556 2291 2612 tiam
2307 2557 2559 2627 Spiritus
2576 2560 2982 2630 praanuntiavit
2995 2559 3120 2616 dies
3142 2559 3292 2616 istos
3310 2557 3602 2615 Timotheo
3633 2553 3782 2610 disci-

2155 2645 2290 2713 pulo
2319 2660 2443 2716 suo,
2477 2647 2706 2703 dicens:
2737 2650 2802 2703 In
2827 2652 3135 2704 novissimis
3167 2649 3367 2703 diebus
3407 2644 3672 2701 discedent
3695 2643 3784 2696 ho-

2152 2735 2320 2788 mines
2341 2751 2375 2788 a
2401 2736 2526 2805 ﬁde,
2557 2742 2607 2790 et
2643 2755 2677 2791 a
2705 2741 2931 2794 veritate
2979 2741 3236 2796 auditum
3286 2749 3553 2810 avertent,
3604 2749 3782 2814 seipsos

2150 2829 2412 2893 amantes,
2440 2827 2572 2879 vani
2595 2826 2622 2894 (
2631 2827 2689 2881 II
2728 2829 2954 2883 Timoth.
3019 2843 3103 2901 lli,
3154 2828 3206 2895 1,
3230 2830 3287 2904 '2,
3335 2840 3443 2890 etc.
3470 2836 3503 2907 ).
3527 2837 3610 2891 Et.
3640 2833 3783 2890 crede

2153 2911 2318 2982 mihi,
2340 2913 2830 2972 desideratissime
2859 2918 2942 2974 ﬁli
2972 2919 3070 2990 mi,
3097 2934 3210 2977 non
3241 2923 3557 2980 videndum
3583 2931 3783 2992 tempus

2149 2999 2330 3070 aliud,
2361 3003 2473 3058 nisi
2501 3004 2796 3062 manifeste
2824 3007 2928 3064 hoc
2959 3007 3018 3064 in
3043 3023 3156 3080 quo
3178 3011 3307 3067 sint
3325 3013 3498 3068 initia
3523 3013 3781 3079 dolorum,

2067 3063 2115 3125 Ο
2149 3091 2621 3158 quemadmodum
2654 3096 2933 3152 Dominus
2965 3063 3239 3168 praedixit
3283 3102 3591 3158 adventum
3633 3063 3790 3156 Anti-,-

2146 3177 2370 3234 christi.
2407 3181 2475 3236 Et
2509 3182 2651 3239 mihi
2682 3184 2928 3242 breviter
2955 3187 3146 3244 dicere
3177 3191 3575 3248 necessarium
3617 3190 3782 3245 visum

2145 3272 2249 3336 est,
2277 3273 2578 3340 antequam
2605 3273 2663 3328 in
2686 3279 2816 3354 toto
2852 3275 3063 3332 mundo
3091 3280 3406 3354 praevaleat
3425 3280 3789 3350 judicium,et

2146 3355 2312 3413 ﬁnem
2344 3374 2550 3418 cursus
2576 3353 2813 3434 tradam,
2844 3363 2948 3420 hoc
2977 3365 3120 3420 mihi
3153 3353 3438 3438 expedire
3467 3370 3779 3434 arbitratus,

2145 3460 2257 3515 quo
2286 3447 2424 3503 aliis
2450 3449 2594 3504 mala
2628 3451 2770 3506 mihi
2805 3455 3268 3523 praeparantibus
3295 3457 3586 3515 exsultem
3619 3457 3790 3528 potius

2144 3547 2312 3603 quam
2345 3536 2526 3592 fleam.
2552 3538 2754 3611 Igitur,
2777 3547 2838 3597 ut
2854 3541 3004 3598 scias
3023 3544 3279 3614 qualiter
3307 3548 3582 3605 sublatus
3603 3552 3656 3602 et
3673 3547 3792 3601 duc-

2143 3626 2238 3678 tus
2261 3623 2370 3679 sim
2401 3637 2433 3680 a
2463 3626 2711 3684 Romana
2740 3629 2898 3703 urbe,
2929 3632 3012 3687 nil
3047 3632 3261 3690 falsum
3296 3637 3512 3694 audies
3540 3637 3791 3693 acciden—

2143 3711 2306 3767 tium.
2341 3713 2544 3772 Omnia
2577 3719 2855 3790 przescivi,
2891 3735 2990 3791 per
3015 3726 3194 3778 totum
3227 3732 3488 3798 tempus,
3523 3741 3648 3798 qua:
3679 3737 3787 3779 me—

2139 3800 2493 3875 ditabantur,
2517 3812 2593 3876 et,
2626 3814 2854 3878 sumpto
2886 3809 3100 3881 meipso
3131 3827 3267 3870 cum
3297 3816 3466 3872 omni
3489 3816 3641 3871 clero
3663 3825 3790 3880 meo,

2139 3889 2404 3958 privatim
2434 3895 2616 3951 mansi
2674 3897 2731 3953 in
2777 3899 3014 3955 ecclesia
3060 3900 3392 3961 Salvatoris
3442 3905 3627 3961 nostri
3675 3903 3791 3956 Iesu

2137 3977 2376 4052 Christi,
2397 3997 2522 4052 qum
2539 3986 2978 4056 cognominatur
2995 3989 3518 4065 Constantiniana,
3541 4005 3664 4065 qua:
3679 3989 3794 4061 ι)τὶ-

2140 4080 2229 4122 ma
2257 4067 2315 4123 in
2348 4074 2465 4126 toto
2492 4075 2704 4131 mundo
2723 4082 3050 4134 constructa
3066 4084 3123 4134 et
3152 4081 3433 4139 stabilita
3459 4088 3550 4139 est
3577 4097 3608 4138 a
3633 4081 3794 4136 beata:

2138 4159 2422 4215 memoriae
2448 4162 2821 4222 Constantino
2848 4166 3208 4239 imperatore,
3259 4177 3321 4228 et
3352 4179 3443 4229 est
3467 4174 3637 4243 juxta
3675 4166 3794 4240 cpi-

2135 4247 2413 4314 scopium.
2442 4251 2568 4308 Illic
2587 4253 2740 4310 enim
2776 4269 2965 4313 omnes
2995 4271 3098 4315 nos
3122 4272 3400 4319 seorsum
3443 4260 3798 4318 morabamur

2133 4347 2164 4389 a
2184 4335 2278 4391 die
2293 4337 2536 4412 sabbati,
2563 4345 2789 4416 quando
2812 4345 3098 4417 Calliopas
3117 4361 3252 4406 eum
3278 4351 3611 4407 Ravennati
3640 4361 3795 4404 exer-

2045 4399 2100 4461 D
2130 4424 2251 4481 citu
2267 4434 2322 4484 et
2337 4399 2628 4489 Theodoro

2126 4531 2259 4590 ergo
2286 4519 2345 4574 in
2377 4519 2600 4578 obviam
2629 4523 2754 4593 ejus
2799 4524 3072 4595 quosdam
3103 4539 3170 4581 ex
3197 4527 3401 4584 clero:
3443 4528 3663 4599 quibus
3699 4539 3797 4580 su-

2124 4609 2336 4679 sceptis
2355 4609 2412 4666 in
2437 4610 2668 4682 palatio,
2697 4613 3074 4669 aestimavitet
3097 4629 3346 4672 mecum
3382 4617 3475 4673 eis
3501 4631 3646 4673 esse.
3669 4615 3795 4670 Cum

2122 4705 2308 4754 autem
2343 4701 2662 4770 quaesisset,
2697 4707 2755 4759 et
2806 4717 2918 4759 non
2973 4703 3318 4775 invenisset,
3374 4707 3541 4763 dixit
3601 4701 3794 4776 primis

2121 4787 2293 4844 cleri:
2348 4789 2488 4855 Quia
2534 4807 2630 4845 nos
2673 4808 2793 4846 eum
2834 4794 3102 4847 voluimus
3163 4794 3462 4852 adorare:
3523 4796 3622 4852 sed
3665 4807 3794 4853 cras,

2119 4879 2266 4948 quod
2288 4885 2366 4933 est
2386 4881 2667 4935 Dominica
2698 4882 2834 4946 dies,
2866 4882 3011 4936 obvii
3029 4884 3079 4936 ei
3097 4884 3310 4938 erimus
3343 4891 3402 4939 et
3429 4885 3796 4941 salutabimus

2119 4992 2258 5044 eum,
2289 4976 2420 5044 quia
2449 4973 2606 5028 hodie
2634 4989 2742 5026 non
2763 4973 3088 5042 su/fccimus.
3120 4973 3328 5046 Porro,
3363 4975 3686 5032 Dominico
3711 4970 3799 5026 die

2115 5067 2268 5122 datis
2290 5064 2484 5122 missis
2507 5064 2565 5119 in
2585 5062 2855 5134 prmdicta
2879 5067 3072 5119 sancta
3089 5062 3187 5117 Dei
3213 5063 3511 5137 ecclesia,
3545 5063 3793 5134 suspica-

2116 5161 2211 5212 tus
2228 5155 2326 5210 ille
2342 5153 2568 5211 turbam
2587 5151 2829 5208 multum
2843 5151 3039 5223 colligi
3057 5156 3296 5222 propter
3309 5154 3483 5211 diem
3505 5149 3803 5212 nuntiavit

2117 5248 2253 5303 hoc:
2286 5245 2423 5312 Quia
2442 5245 2671 5298 multum
2689 5245 2916 5313 fatigati
2939 5259 3124 5298 sumus
3145 5259 3210 5297 ea:
3235 5245 3459 5300 itinere
3482 5252 3539 5301 et
3555 5262 3666 5300 non
3684 5257 3800 5314 pos-

2115 5352 2298 5392 sumus
2315 5350 2588 5389 occurrcre
2604 5333 2779 5395 hodie,
2802 5332 2896 5386 sed
2915 5348 3034 5387 cras
3055 5333 3402 5389 omnimodis
3426 5346 3798 5392 occurremus,

2112 5431 2162 5480 et
2201 5427 2550 5481 adorabimus
2600 5425 2940 5479 sanctitatem
2980 5428 3230 5478 vestram.
3303 5424 3437 5497 Ego
3492 5440 3636 5482 vero
3687 5424 3801 5494 ipse

2115 5515 2361 5589 graviter
2391 5513 2656 5571 inﬁrmus
2679 5526 2835 5572 eram
2864 5511 2934 5568 ab
2959 5510 3230 5569 Octobrio
3263 5526 3485 5571 mense
3508 5526 3705 5587 usque
3734 5508 3798 5566 ad

2108 5605 2442 5679 praedictum
2476 5608 2717 5673 tempus,
2771 5602 2826 5658 id
2871 5605 2956 5658 est
3006 5616 3185 5674 usque
3233 5601 3314 5660 ad
3370 5608 3553 5662 sexto
3584 5603 3803 5660 dicimo

368 4540 540 4582 cenos
568 4527 992 4584 transmissum.
1051 4527 1246 4596 Porro,
1300 4527 1370 4581 de
1399 4526 1631 4583 domina
1663 4533 1858 4586 nostra
1885 4530 2016 4602 glo—

370 4615 522 4671 riosa
549 4629 770 4687 semper
798 4615 1022 4687 virgine
1060 4615 1237 4670 Maria
1269 4629 1393 4686 qua)
1414 4617 1590 4673 Deum
1619 4621 1674 4672 et
1706 4620 2011 4676 Dominum

366 4709 626 4760 nostrum
677 4707 868 4761 .lesum
932 4704 1225 4759 Christum
1291 4706 1526 4776 peperit,
1583 4722 1750 4777 quam
1816 4724 2012 4768 omnes

365 4794 549 4849 sancti
571 4799 627 4849 et
654 4793 926 4850 catholici
956 4794 1150 4848 Patres
1189 4793 1287 4849 Dei
1336 4795 1669 4865 genitricem
1699 4799 2008 4868 appellant,

364 4888 561 4955 utpote
601 4898 726 4954 quae
769 4883 946 4939 Deum
981 4883 1267 4939 hominem
1322 4886 1539 4954 genuit,
1575 4884 1781 4943 falsum
1812 4895 2008 4946 contra

362 4987 471 5044 me,
506 4973 620 5029 imo
669 4977 866 5028 contra
897 4986 1031 5028 suas
1064 4973 1320 5042 ipsorum
1370 4974 1612 5045 animas,
1649 4976 1839 5048 iniqui
1893 4979 2004 5034 viri
2044 5036 2049 5040 _

360 5062 649 5118 testificati
685 5067 838 5118 sunt.
866 5065 1004 5118 Nam
1037 5063 1306 5134 quisquis
1336 5063 1555 5119 beatam
1588 5079 1760 5136 super
1782 5081 2004 5124 omnem

359 5157 678 5209 creaturam
718 5157 774 5206 et
827 5156 1087 5208 naturam
1142 5152 1464 5224 humanam,
1523 5153 1738 5225 absque
1789 5169 1854 5212 eo
1903 5159 2002 5228 qui

359 5241 588 5314 genitus
643 5245 729 5297 est
785 5254 854 5296 ex
903 5255 988 5312 ea,
1056 5241 1431 5298 venerabilem
1492 5257 1823 5315 semperque
1878 5247 2006 5302 vir-

358 5331 569 5403 ginem,
594 5335 827 5386 matrem
859 5329 1127 5385 videlicet
1147 5331 1372 5386 Domini
1404 5333 1584 5388 nostri
1619 5348 1729 5389 non
1761 5334 2003 5393 honorat

353 5425 530 5493 atque
556 5419 776 5490 adorat,
826 5419 1125 5476 anathema
1155 5420 1252 5475 sit.
1280 5425 1336 5476 et
1363 5421 1419 5477 in
1455 5423 1719 5491 praesenti
1751 5426 1998 5500 Isaaculo,

355 5515 411 5566 et
440 5511 500 5568 in
554 5507 788 5566 futuro!
849 5509 952 5566 Sed
1000 5507 1261 5565 homines
1311 5510 1638 5567 occasiones
1686 5520 2004 5585 quaerentes

357 5599 627 5656 scandala
656 5599 943 5669 objiciunt
971 5599 1040 5656 ad
1070 5599 1538 5655 scandalizandos
1563 5602 1791 5658 multos.
