4034 6158
256 333 357 392 589

930 333 1435 391 COLLECTANEA.
1478 364 1552 374 —
1586 332 1793 390 EPIST.
1835 333 2192 391 ANASTASII
2237 337 2329 392 AD
2368 337 2735 394 MARTINUM
2771 341 2976 395 EPISC.

3552 345 3659 403 590

255 462 539 518 Kalendas
564 459 779 517 Julias.'
794 462 942 531 Ergo
979 459 1123 516 feria
1156 460 1404 517 secunda
1429 460 1690 517 diluculo
1721 460 1902 516 mittit
1928 460 1988 520 A
2013 461 2403 518 necessitatem
2458 476 2568 518 non
2619 462 2879 521 facimus.
2938 465 3224 536 Respondi
3272 481 3404 540 ego:
3461 470 3662 528 Clerus

254 552 674 608 chartularium
721 565 909 620 suum,
955 556 1011 606 et
1049 553 1323 621 quosdam
1359 565 1426 606 ex
1461 551 1736 621 obsequio
1775 565 1899 620 suo,

251 643 485 699 dicens:
540 641 679 706 Quia
725 657 879 695 arma
946 644 1294 711 praeparasti,
1347 646 1397 694 et
1461 648 1698 696 armatos
1745 642 1905 695 habes

250 735 420 792 intus,
463 737 512 785 et
557 732 966 785 multitudinem
1010 731 1257 800 lapidum
1304 732 1565 800 collegisti
1614 732 1689 786 ad
1737 747 1908 800 repu—

247 821 564 889 gnandum:
599 825 648 873 et
695 821 792 873 hoc
837 822 1200 874 necessarium
1245 836 1352 873 non
1401 826 1498 882 est,
1549 837 1644 874 nec
1695 820 1909 890 aliquid

247 911 354 964 tale
390 912 516 979 ﬁeri
531 911 837 980 permittas.
880 909 1133 979 Cumque
1165 923 1413 978 praesens
1437 909 1725 966 audissem
1769 911 1904 980 haec,

246 998 638 1054 necessarium
681 997 863 1070 magis
908 1011 1019 1054 non
1066 997 1262 1067 habui,
1298 999 1546 1068 qualiter
1592 999 1694 1055 hos
1724 1005 1908 1055 certos

245 1089 566 1157 redderem,
613 1101 781 1156 quam
824 1087 1050 1142 mittere
1092 1087 1226 1144 illos
1251 1095 1549 1159 gyraturos
1579 1102 1678 1159 per
1724 1094 1902 1144 totum

241 1177 627 1248 episcopium,
660 1182 734 1247 et,
782 1176 831 1231 si
858 1190 1015 1232 arma
1059 1177 1145 1233 vel
1184 1178 1429 1247 lapidem
1458 1178 1737 1234 vidissent
1791 1178 1901 1249 ipsi

243 1267 647 1324 testimonium
725 1267 1106 1337 perhiberent.
1175 1269 1313 1324 Cum
1363 1273 1550 1324 autem
1616 1269 1795 1324 issent
1852 1273 1907 1322 et

243 1358 395 1414 nihil
423 1356 798 1425 invenissent,
825 1355 1112 1412 subintuli
1143 1356 1228 1412 eis
1259 1370 1359 1426 per
1387 1356 1553 1412 verba
1585 1358 1734 1428 quod
1770 1370 1912 1412 nun-

243 1462 416 1519 quam
463 1446 778 1517 aliquando
807 1447 996 1514 aliter,
1035 1448 1130 1502 sed
1163 1461 1383 1517 semper
1425 1461 1522 1518 per
1551 1447 1907 1516 complexio—

240 1551 368 1594 nem
392 1548 423 1578 α
452 1543 510 1592 et
540 1535 796 1591 fallacem
823 1537 1242 1592 accusationem
1268 1537 1592 1592 incederent
1631 1536 1904 1591 adversus

241 1643 368 1699 nos,
397 1641 529 1684 cum
551 1630 607 1682 et
632 1627 692 1680 in
728 1625 972 1682 adventu
1000 1624 1235 1680 infamis
1263 1626 1512 1696 Olympii
1543 1626 1672 1681 vani
1700 1627 1906 1694 cujus-

239 1718 371 1774 dam
401 1715 660 1771 hominis
688 1729 817 1770 cum
840 1715 1017 1769 armis
1043 1729 1130 1770 me
1161 1715 1311 1771 hunc
1355 1716 1608 1784 potuisse
1635 1713 1902 1783 repellere

240 1807 584 1864 faterentur.
615 1807 730 1877 Ego
761 1805 954 1875 itaque
987 1810 1119 1860 ante
1142 1805 1320 1860 altare
1345 1805 1599 1860 ecclesiae
1629 1803 1899 1859 lectulum

240 1913 434 1954 meum
460 1895 734 1951 habebam
772 1895 831 1949 in
856 1907 968 1965 quo
999 1894 1288 1964 jacebam;
1329 1900 1384 1949 et
1415 1895 1665 1949 nondum
1707 1901 1902 1948 trans-

238 1994 365 2044 acta
401 1986 590 2041 media
622 1985 780 2055 hora,
821 1998 950 2039 ecce
977 1985 1264 2040 exercitus
1299 1997 1429 2039 cum
1468 1984 1554 2039 eis
1577 1983 1810 2038 veniens
1843 1983 1900 2037 in

238 2077 566 2144 ecclesiam,
635 2073 960 2129 obumbrati
1017 2087 1212 2128 omnes
1258 2078 1512 2128 tenentes
1571 2072 1794 2127 lanceas
1848 2077 1904 2126 et

242 2165 478 2236 spathas
504 2177 658 2233 suas,
697 2163 839 2233 quin
883 2167 938 2217 et
979 2175 1149 2218 arcus
1191 2176 1326 2217 suos
1359 2166 1586 2231 paratos
1629 2175 1742 2217 una
1771 2173 1900 2215 cum

245 2257 430 2312 scutis
457 2254 604 2323 suis,
637 2257 694 2308 et
720 2251 866 2308 facta
888 2257 1024 2308 sunt
1056 2251 1181 2307 illic
1203 2266 1330 2321 qua:
1352 2265 1452 2307 nec
1471 2251 1714 2307 dicenda
1746 2254 1898 2306 sunt.

303 2342 802 2413 Quemadmodum
825 2353 1091 2411 namque,
1126 2341 1186 2398 in
1219 2339 1452 2396 hiemali
1483 2345 1735 2409 tempore
1764 2351 1906 2393 ven-

236 2439 288 2489 to
317 2434 520 2489 valide
548 2434 718 2488 flante
741 2430 881 2487 folia
919 2445 987 2487 ex
1021 2429 1328 2486 arboribus
1365 2443 1642 2486 concussa
1671 2428 1902 2492 cadunt,

236 2525 310 2580 ita
365 2522 843 2594 percutiebantur
881 2521 1060 2577 armis
1103 2520 1352 2575 candelae
1382 2525 1590 2575 sancta:
1627 2517 1901 2573 ecclesiae:

231 2621 284 2669 et
332 2619 597 2668 retunsa
643 2610 1084 2667 excutiebantur
1143 2609 1200 2664 in
1249 2609 1653 2680 pavimentum,
1705 2612 1762 2662 et
1791 2620 1903 2661 au-

231 2703 513 2759 diebatur
542 2701 771 2757 sonitus
808 2700 906 2770 qui
951 2700 1006 2754 in
1057 2699 1248 2754 eadem
1295 2698 1462 2753 [iebat
1506 2697 1746 2752 ecclesia
1777 2696 1901 2751 vel-

235 2792 314 2846 uti
351 2791 621 2847 tonitrus
656 2789 886 2859 quidam
929 2788 1232 2843 horribilis
1271 2793 1383 2842 tam
1408 2801 1476 2841 ex
1508 2799 1772 2856 pressura
1797 2799 1901 2840 ar—

232 2895 465 2938 morum
519 2892 690 2950 quam
737 2892 804 2932 ex
855 2877 1228 2933 multitudine
1284 2876 1647 2931 candelarum
1700 2875 1770 2930 ab
1813 2875 1898 2929 eis

229 2969 578 3026 fractarum.
621 2968 844 3036 Quibus
884 2965 1182 3022 confestim
1223 2965 1672 3034 introeuntibus,
1710 2964 1897 3034 jussio

226 3074 256 3115 a
289 3059 564 3128 Calliopa
615 3061 870 3126 porrecta
909 3061 993 3111 est
1043 3055 1389 3126 presbyteris
1438 3059 1494 3109 et
1533 3053 1896 3120 diaconibus,

2012 549 2070 605 in
2131 556 2405 619 potestate
2450 567 2569 608 mea
2619 559 2724 610 est.
2757 555 3148 613 Exclamantes
3193 565 3383 614 autem
3428 560 3661 628 quidam

2007 652 2076 694 ex
2125 641 2536 712 sacerdotibus,
2582 643 2892 699 dicebant:
2926 645 3063 702 Cum
3118 647 3245 716 ipso
3291 648 3558 719 vivimus,
3609 656 3666 704 et

2008 742 2136 784 cum
2185 730 2310 800 ipso
2362 733 2657 789 morimur.
2703 735 2834 790 Post
2867 735 2983 790 haec
3011 737 3184 805 cmpit
3230 736 3422 793 dicere
3472 752 3569 807 per
3606 752 3665 793 se

2007 818 2314 890 Calliopas,
2365 826 2421 878 et
2451 823 2551 892 qui
2583 837 2712 878 cum
2769 824 2894 894 ipso
2935 832 3132 881 erant:
3183 827 3320 882 Veni
3367 826 3666 882 nobiscum

2009 908 2077 962 ad
2135 909 2428 978 palatium.
2483 913 2593 967 Nec
2643 913 2749 968 hoc
2801 911 2984 970 facere
3034 916 3311 985 recusavi,
3361 916 3456 972 sed
3513 916 3665 972 exivi

2013 1010 2142 1051 cum
2172 998 2258 1053 eis
2312 999 2370 1054 in
2405 1000 2679 1070 palatium
2721 1002 2914 1058 eadem
2946 1005 3194 1060 secunda
3243 1003 3406 1060 feria.
3447 1007 3518 1060 Et
3544 1010 3668 1061 ter—

2019 1086 2099 1141 tia
2143 1085 2285 1143 feria
2313 1089 2470 1144 venit
2519 1091 2587 1145 ad
2622 1104 2709 1147 me
2755 1093 2944 1148 omnis
2980 1093 3188 1165 clerus,
3222 1102 3277 1149 et
3309 1095 3474 1151 multi
3507 1101 3670 1150 erant

2019 1176 2119 1246 qui
2173 1190 2231 1232 se
2293 1185 2624 1246 paraverant
2693 1181 2761 1236 ad
2832 1183 3211 1254 navigandum
3266 1198 3517 1240 mecum:
3566 1185 3668 1255 qui

2016 1265 2187 1320 etiam
2216 1280 2304 1321 res
2329 1282 2464 1323 suas
2486 1270 2601 1338 jam
2638 1269 2994 1326 immiserant
3037 1272 3095 1326 in
3125 1286 3187 1327 ea
3220 1288 3345 1343 qua:
3383 1273 3675 1330 vocaban-

2019 1358 2113 1408 tur
2166 1354 2509 1412 ievamenta:
2543 1363 2599 1413 et
2645 1360 2747 1414 alii
2785 1375 3011 1432 quoque
3062 1363 3324 1418 nonnulli
3381 1377 3671 1432 prepara-

2018 1442 2228 1498 bantur
2281 1445 2478 1500 clerici
2532 1453 2588 1502 et
2643 1447 2776 1503 laici
2822 1449 2921 1518 qui
2982 1448 3326 1506 festinabant
3378 1453 3670 1521 pervinere

2014 1532 2084 1586 ad
2144 1545 2266 1588 nos.
2311 1535 2515 1590 Eadem
2567 1550 2700 1609 ergo
2749 1544 2929 1608 nocte,
2976 1554 3101 1610 qua:
3150 1541 3436 1596 illucescit
3481 1541 3540 1596 in
3580 1540 3672 1596 fe—

2017 1620 2102 1675 ria
2142 1627 2364 1693 quarta,
2397 1637 2522 1694 qu'e
2556 1631 2677 1681 erat
2702 1628 2872 1682 tertio
2906 1628 3128 1685 decimo
3159 1630 3438 1686 Kalendas
3463 1630 3668 1700 Julias,

2013 1709 2168 1766 circa
2216 1711 2412 1768 horam
2459 1714 2621 1784 quasi
2667 1720 2881 1770 sextam
2927 1717 3133 1787 noctis,
3186 1718 3443 1775 tulerunt
3486 1733 3574 1775 me
3599 1719 3671 1774 de

2015 1799 2247 1870 palatio,
2295 1803 2537 1858 retrusis
2593 1805 2862 1861 omnibus
2907 1807 3006 1876 qui
3068 1821 3286 1865 mecum
3342 1810 3402 1864 in
3457 1809 3670 1878 palatio

2010 1895 2191 1954 erant,
2250 1905 2432 1961 usque
2469 1893 2536 1948 ad
2589 1907 2678 1948 res
2719 1895 2994 1967 diversas,
3051 1910 3178 1967 quae
3208 1898 3352 1953 mihi
3404 1899 3463 1954 in
3494 1899 3586 1954 via
3613 1904 3671 1954 et

2014 1976 2107 2032 hic
2137 1984 2300 2034 erant
2339 1982 2710 2052 necessari:e;
2742 1988 2800 2038 et
2826 1998 2936 2040 non
2973 1985 3087 2041 nisi
3119 1999 3248 2042 cum
3279 2001 3376 2042 sex
3409 1988 3669 2057 puerulis

2012 2071 2068 2122 et
2093 2081 2208 2122 uno
2232 2069 2472 2124 cauculo
2517 2070 2840 2127 eduxerunt
2867 2086 2968 2128 nos
2997 2087 3065 2128 ex
3093 2074 3264 2139 urbe;
3295 2080 3352 2130 et
3381 2089 3509 2130 cum
3552 2076 3670 2130 im-

2015 2155 2309 2212 misissent
2335 2173 2437 2214 nos
2461 2159 2519 2214 in
2538 2174 2714 2216 unum
2745 2175 2941 2217 eorum
2983 2176 3108 2232 quae
3127 2163 3468 2220 dicebantur
3507 2165 3670 2219 leva-

2016 2250 2245 2300 mentac
2277 2247 2468 2317 ,circa
2502 2248 2696 2304 horam
2744 2250 2873 2319 plus
2905 2251 3097 2307 minus
3139 2258 3400 2322 quartam
3429 2253 3548 2309 diei
3593 2255 3664 2309 ad

2019 2340 2243 2404 portum
2290 2337 2667 2406 pervenimus.
2707 2340 2769 2393 In
2811 2354 2876 2395 ea
2930 2353 3064 2396 sane
3107 2341 3270 2411 hora,
3300 2355 3412 2412 qua
3449 2343 3663 2415 egressi

2016 2438 2218 2480 sumus
2245 2425 2316 2480 ab
2342 2425 2482 2481 urbe
2502 2429 2696 2498 Roma,
2719 2429 2911 2484 statim
2945 2435 3008 2486 ut
3031 2435 3194 2486 erant
3226 2431 3499 2487 obserata:
3527 2448 3669 2503 por-

2017 2518 2104 2584 ta,
2147 2514 2353 2571 iterum
2384 2529 2480 2572 eas
2517 2516 2924 2574 obseraverunt
2945 2524 3002 2574 et
3037 2520 3123 2575 sic
3154 2527 3568 2591 remanserunt,
3597 2536 3667 2578 ne

2013 2605 2235 2659 exirent
2266 2618 2298 2660 a
2327 2605 2559 2661 civitate
2583 2607 2778 2677 aliqua
2807 2613 2862 2663 et
2899 2609 3158 2665 venirent
3198 2610 3266 2664 ad
3296 2623 3398 2665 nos
3437 2610 3498 2665 in
3527 2625 3670 2680 por-

2011 2697 2094 2763 tu,
2131 2693 2308 2749 donec
2355 2694 2519 2750 illinc
2545 2696 2989 2767 navigassemus.
3026 2697 3182 2753 Unde
3222 2699 3530 2754 necessitas
3555 2713 3668 2756 no-

2008 2780 2098 2836 bis
2121 2781 2316 2838 eifecta
2352 2790 2456 2853 est,
2495 2788 2559 2840 ut
2591 2785 2846 2840 omnium
2895 2800 3090 2842 eorum
3139 2801 3247 2859 res,
3282 2787 3382 2859 qui
3417 2789 3475 2843 in
3508 2788 3671 2844 leva—

2010 2877 2194 2925 menta
2215 2872 2374 2928 missi
2396 2871 2642 2945 fuerant,
2661 2873 2717 2928 in
2743 2875 3014 2943 praedicto
3029 2881 3194 2946 portu
3215 2876 3660 2947 dimitteremus,

2009 2964 2064 3014 et
2095 2973 2221 3015 mox
2251 2961 2442 3016 eadem
2468 2961 2563 3016 die
2586 2977 2954 3019 moveremur.
2991 2967 3057 3020 Et
3083 2965 3445 3034 pervenimus
3467 2965 3667 3022 Kalen-

2007 3048 2110 3103 das
2137 3048 2321 3104 Julias
2351 3052 2629 3105 Mesenam
2663 3051 2721 3106 in
2749 3067 2858 3122 qua
2898 3058 3018 3108 erat
3053 3055 3233 3122 navis,
3271 3055 3325 3110 id
3358 3061 3444 3110 est
3471 3068 3664 3110 carcer

227 3149 284 3203 id
310 3162 436 3220 qua
457 3119 814 3202 humilitatis
833 3160 964 3201 meaa
980 3119 1227 3214 abjectio
1251 3144 1279 3185 ι)
1303 3144 1725 3212 continebatur,
1746 3119 1895 3212 quod
1928 3119 1977 3182 C
2011 3151 2187 3193 meus.
2211 3139 2332 3194 Non
2353 3144 2540 3193 autem
2566 3119 2803 3195 Mesena:
2823 3147 3066 3213 tantum,
3090 3144 3185 3198 sed
3208 3119 3263 3198 et
3291 3143 3349 3198 in
3374 3143 3655 3212 Calabria,

229 3237 646 3310 irregulariter
661 3241 717 3291 et
746 3236 870 3290 sine
897 3235 1015 3305 lege
1035 3234 1423 3304 episcopatum
1455 3233 1894 3302 subripuissem,

226 3333 280 3382 et
311 3342 437 3383 non
469 3339 653 3381 essem
678 3325 736 3379 in
769 3324 1079 3393 apostolica
1119 3323 1249 3377 sede
1277 3323 1490 3394 dignus
1522 3321 1775 3389 institui,
1800 3322 1894 3377 sed

227 3415 594 3471 omnimodis
618 3415 678 3468 in
716 3413 858 3468 hanc
904 3412 1114 3483 regiam
1147 3411 1342 3466 urbem
1384 3410 1721 3479 transmitti,
1753 3409 1901 3465 sub—

229 3512 439 3578 rogato
498 3505 555 3558 in
613 3504 735 3558 loco
786 3517 905 3557 meo
953 3502 1239 3572 episcopo.
1290 3501 1448 3569 Quod
1506 3501 1744 3556 necdum
1783 3499 1900 3554 ali-

228 3595 476 3665 quando
523 3592 734 3647 factum
786 3597 890 3662 est,
937 3596 993 3646 et
1030 3604 1194 3660 spero
1248 3590 1396 3659 quod
1443 3602 1542 3645 nec
1590 3589 1900 3658 aliquando

226 3685 350 3740 fieri
419 3682 628 3737 habet:
678 3681 813 3751 quia
846 3682 903 3735 in
935 3679 1192 3734 absentia
1250 3678 1560 3749 pontificis,
1601 3676 1901 3732 archidia-

225 3787 441 3842 conus,
470 3776 531 3826 et
558 3769 1033 3839 archipresbyter,
1074 3772 1130 3822 et
1156 3767 1522 3837 primicerius
1547 3767 1733 3822 locum
1764 3781 1900 3836 pra:-

223 3866 471 3918 sentant
520 3858 828 3928 pontificis.
871 3860 1045 3913 Deum
1084 3871 1217 3928 ergo
1260 3857 1375 3912 haec
1416 3862 1730 3920 moventur,
1774 3869 1898 3926 qua:

222 3953 292 4008 de
323 3951 452 4007 ﬁde
503 3954 657 4020 gesta
683 3947 908 4003 fuerant
940 3948 1057 4015 jam
1100 3945 1456 4002 manifestavi
1505 3945 1685 4001 vobis.
1739 3944 1892 4014 Quod

222 4047 431 4097 autem
483 4037 791 4108 praeparati,
836 4050 943 4091 non
997 4035 1280 4091 fuerimus
1319 4036 1387 4091 ad
1441 4034 1893 4106 repugnandum,

225 4131 452 4186 melius
467 4127 726 4197 iudicavi
754 4126 942 4180 decies
974 4125 1116 4180 mori
1157 4139 1326 4194 quam
1377 4124 1552 4179 unius
1597 4124 1900 4192 cujuscun-

222 4233 337 4289 que
373 4216 724 4287 sanguinem
771 4215 828 4270 in
878 4221 1084 4269 terram
1117 4211 1302 4270 fundi.
1357 4214 1516 4283 Quod
1559 4213 1790 4282 quidem
1843 4217 1900 4265 et

222 4309 356 4364 sine
395 4304 663 4376 periculo
690 4304 794 4360 hoc
834 4312 1052 4375 gestum
1092 4307 1196 4373 est,
1241 4316 1352 4357 non
1381 4301 1598 4370 paucis,
1629 4315 1756 4371 quae
1785 4313 1897 4354 non

222 4398 590 4468 placuerunt
634 4395 766 4464 Deo,
818 4393 986 4448 malis
1027 4392 1258 4448 effectis.
1301 4391 1505 4447 Eadem
1548 4391 1742 4461 itaque
1791 4390 1900 4446 h0-

222 4501 288 4542 ra
342 4485 491 4542 dedi
523 4497 610 4538 me
659 4483 846 4552 ipsum
891 4481 959 4536 ad
1004 4481 1387 4536 exhibendum
1443 4479 1796 4550 imperatori,
1846 4483 1902 4535 et

223 4591 345 4632 non
376 4573 791 4630 resistendum.
822 4572 995 4626 Porro
1019 4568 1470 4626 acclamantibus
1508 4568 1674 4641 mihi,
1704 4573 1768 4624 ut
1800 4581 1902 4623 ve—

223 4667 473 4721 ritatem
544 4661 752 4729 dicam,
809 4659 1152 4730 quibusdam
1204 4674 1272 4715 ex
1319 4659 1470 4714 clero
1537 4673 1605 4714 ne
1661 4657 1899 4714 facerem

224 4757 363 4825 hoc,
405 4753 560 4809 nulli
611 4764 805 4806 eorum
855 4749 1270 4804 accommodavi
1321 4762 1536 4820 aurem,
1589 4762 1657 4804 ne
1707 4747 1900 4803 subito

221 4846 442 4900 fierent
467 4839 802 4897 homicidia.
849 4838 952 4894 Sed
983 4838 1106 4893 dixi
1141 4837 1292 4893 illis:
1327 4837 1509 4892 Sinite
1543 4851 1759 4892 mecum
1799 4851 1900 4892 ve-

222 4935 363 4988 nire
411 4947 484 4987 ex
526 4930 698 4999 clero,
733 4929 831 4999 qui
880 4927 1184 4984 necessarii
1228 4927 1371 4982 mihi
1417 4933 1572 4996 sunt,
1604 4927 1901 4997 episcopos

218 5023 537 5091 videlicet,
581 5018 955 5090 presbyteros,
995 5023 1050 5073 et
1081 5017 1373 5086 diaconos,
1417 5022 1472 5071 et
1509 5017 1767 5072 absolute
1799 5017 1898 5087 qui
1954 5080 1958 5082 ,

222 5113 388 5168 mihi
434 5111 722 5166 videntur.
759 5108 1072 5179 Respondit
1120 5107 1438 5176 Calliopas:
1486 5109 1774 5179 Quotquot
1813 5121 1902 5163 vo-

218 5201 467 5259 luerint
511 5199 723 5269 venire,
775 5213 904 5254 cum
954 5197 1100 5253 bono
1165 5197 1412 5252 veniant.
1459 5197 1573 5252 Nos
1632 5197 1903 5268 cuiquam

311 5457 346 5488 8
402 5430 720 5517 συμπλοκὴν

314 5521 348 5561 b
379 5517 654 5593 ὰποϐολή,
681 5527 844 5594 ejccio

2009 3235 2064 3284 et
2090 3241 2200 3282 non
2231 3232 2450 3282 tantum
2494 3228 2553 3282 in
2600 3229 2862 3284 Calabria
2889 3245 3013 3301 qua:
3054 3232 3285 3288 subdita
3315 3238 3400 3288 est
3443 3246 3659 3303 magna:

2010 3317 2141 3373 urbi
2168 3317 2569 3385 Romanorum,
2599 3318 2691 3373 sed
2732 3322 2789 3373 et
2819 3319 2876 3374 in
2927 3320 3196 3388 plurimis
3246 3321 3566 3377 insularum
3599 3321 3661 3376 in

2009 3405 2224 3475 quibus
2244 3419 2346 3460 nos
2365 3406 2449 3460 vel
2474 3405 2661 3462 tribus
2688 3407 2980 3462 mensibus
3003 3415 3226 3477 peccata
3253 3410 3658 3480 impedierunt,

2010 3495 2225 3550 nullam
2248 3495 2697 3564 compassionem
2717 3497 2956 3566 adeptus
2985 3511 3148 3552 sum:
3183 3504 3414 3566 excepto
3443 3498 3662 3552 dunta—

2009 3589 2106 3638 xat
2140 3584 2197 3638 in
2240 3584 2429 3639 insula
2473 3584 2672 3654 Naxia,
2707 3585 2976 3654 quoniam
3025 3584 3106 3640 ibi
3150 3599 3359 3641 annum
3395 3584 3658 3656 fecimus,

2013 3673 2194 3728 merui
2211 3673 2387 3728 lavari
2402 3673 2627 3729 duobus
2638 3675 2723 3729 vel
2745 3673 2931 3730 tribus
2951 3673 3192 3746 balneis,
3212 3680 3266 3730 et
3294 3676 3443 3745 apud
3464 3675 3660 3731 urbem

2013 3761 2194 3817 mansi
2239 3762 2297 3816 in
2331 3762 2582 3833 hospitio
2623 3763 2884 3833 quodam.
2938 3765 3007 3818 Et
3034 3778 3161 3820 ecce
3199 3765 3578 3836 quadraginta
3605 3770 3662 3820 et

2009 3856 2220 3921 septem
2246 3851 2372 3906 dies
2402 3857 2536 3906 sunt
2565 3852 2751 3922 hodie,
2778 3867 2845 3907 ex
2872 3867 2985 3922 quo
3008 3867 3120 3908 non
3140 3854 3322 3910 merui
3348 3854 3536 3910 calida
3562 3868 3663 3910 nec

2010 3939 2220 4011 frigida
2258 3953 2407 4010 aqua
2447 3941 2632 4012 rigare
2664 3955 2768 4012 me,
2810 3947 2866 3996 et
2907 3943 3100 3998 eilluxi
3131 3947 3188 3998 et
3214 3942 3454 4015 refrigui
3483 3949 3663 4013 totus,

2011 4030 2279 4100 quoniam
2319 4031 2533 4085 ventris
2570 4031 2718 4086 ﬂuor
2746 4035 2802 4087 et
2841 4031 2898 4086 in
2932 4032 3058 4087 navi
3095 4036 3148 4087 et
3200 4033 3258 4088 in
3289 4038 3442 4089 terra
3481 4048 3665 4104 usque

2009 4120 2078 4174 ad
2114 4125 2441 4189 praisentem
2472 4120 2667 4174 horam
2695 4121 2952 4190 requiem
2981 4121 3125 4176 mihi
3153 4123 3388 4179 omnino
3420 4137 3533 4180 non
3558 4124 3666 4179 de—

2009 4207 2127 4262 dit:
2170 4213 2225 4262 et
2250 4208 2310 4262 in
2352 4207 2475 4277 ipsa
2513 4221 2740 4278 quoque
2782 4209 3140 4266 necessitatis
3185 4225 3318 4266 mea:
3351 4211 3488 4268 hora
3534 4226 3664 4268 cum

2010 4301 2346 4368 gustaturus
2375 4311 2523 4368 sum,
2555 4301 2708 4352 totus
2727 4306 3143 4368 conquassatus
3171 4314 3427 4370 corpore,
3455 4315 3518 4356 ea
3541 4316 3668 4372 qua:

2010 4387 2326 4443 necessaria
2355 4391 2491 4443 sunt
2520 4386 2808 4457 percipere
2831 4388 2901 4443 ad
2934 4387 3360 4446 confortandam
3401 4396 3665 4447 naturam

1933 4449 1984 4509 D
2014 4491 2124 4534 non
2160 4477 2354 4548 habeo,
2385 4477 2521 4548 quia
2562 4478 2710 4548 quod
2743 4476 2919 4534 habeo
2948 4478 3114 4534 taadet
3140 4493 3226 4534 me
3256 4493 3497 4550 sumere,
3535 4496 3663 4538 cum

2015 4567 2070 4622 id
2101 4566 2330 4621 habeam
2360 4567 2591 4637 penitus
2618 4568 2677 4622 in
2705 4565 3022 4623 fastidium.
3057 4567 3160 4623 Sed
3193 4568 3360 4624 credo
3382 4569 3442 4624 in
3472 4571 3668 4628 virtu—

2013 4663 2120 4712 tem
2145 4656 2244 4710 Dei
2277 4656 2376 4726 qui
2421 4656 2611 4711 omnia
2641 4657 2944 4726 conspicit,
2977 4657 3111 4728 quia
3151 4671 3279 4713 cum
3305 4659 3374 4714 de
3402 4661 3665 4729 praesenti

2012 4746 2128 4800 vita
2175 4745 2494 4801 subductus
2538 4744 2718 4816 fuero,
2760 4747 3136 4817 exquirentur
3168 4747 3236 4803 de
3268 4747 3359 4803 his
3397 4749 3668 4807 omnibus

2015 4835 2072 4891 hi
2102 4834 2201 4905 qui
2236 4848 2321 4889 me
2361 4840 2803 4905 persequuntur,
2833 4843 2898 4892 ut
2926 4837 3124 4892 saltem
3157 4837 3241 4893 sic
3271 4837 3340 4893 ad
3380 4839 3671 4908 pteniten-

2010 4925 2148 4981 tiam
2177 4923 2335 4980 ducti
2369 4923 2438 4979 ab
2479 4923 2787 4994 iniquitate
2813 4939 2916 4982 sua
2956 4932 3375 4983 convertantur.

2082 5015 2432 5084 Subscriptio.
2464 5013 2805 5069 Incolumem
2835 5021 2887 5069 te
2911 5016 3199 5072 custodiat
3226 5018 3394 5088 Deus,
3429 5017 3512 5073 fili
3542 5018 3672 5075 dul-

2013 5104 2275 5159 cissimel

2084 5427 2107 5457 ο
2139 5415 2374 5488 Navigia
2399 5417 2655 5488 quaedam
2695 5417 2916 5473 minora
2950 5422 3085 5474 sunt
3114 5418 3182 5473 ad
3227 5416 3455 5472 navium
3491 5430 3658 5472 onera

2013 5506 2263 5561 levanda.
