4034 6158
375 326 476 386 591

1616 323 1973 380 ANASTASII
2011 318 2554 377 BIBLIOTHECARII
2715 350 2721 355 -
3651 331 3740 390 592

375 566 427 628 (Ι
437 566 788 628 ΟΜΜΕΜ
791 562 1118 628 ORATIO
1142 579 1370 624 eorum
1395 577 1539 641 quae
1560 559 1828 622 saeviter
1853 560 1916 620 et
1941 555 2084 618 sine
2109 555 2567 641 Dei‘a'especta
2594 557 2747 641 acta
2766 558 2932 641 sant
2957 571 2998 617 a
3023 555 3340 641 υεφζίιξαιτξις
3363 556 3740 621 αάυθγείινὶἱε

450 646 531 708 in
566 647 882 706 sanctam
924 647 987 706 et
1026 633 1494 718 apostolicum,
1538 657 1783 702 novum
1824 651 2060 718 revera
2099 633 2540 718 confessorem
2576 638 2639 718 et
2663 639 3070 718 martyrem,
3114 637 3488 718 Martium»
3515 652 3738 717 papam

451 728 690 801 Romae,
709 741 837 803 per
855 714 1214 803 epistolam
1234 714 1595 803 cujusdam
1620 715 2227 803 Q/tristianissz’mi,
2255 715 2580 778 directam
2601 714 2710 778 Itis
2727 717 2847 796 qui
2862 733 2944 778 sa
2954 719 3027 777 nt
3045 716 3123 778 in
3148 714 3631 778 Occidenteicea
3646 720 3746 781 Ro-

450 822 591 883 mw,
637 798 817 868 etin
859 798 1128 884 Africa,
1176 798 1564 866 ortiiodoxis
1601 798 1956 862 Patribus.

1926 937 2242 949 *Ω-

440 1068 825 1125 Aﬂlictionum
871 1080 1140 1124 maerores
1180 1072 1236 1122 et
1284 1066 1580 1138 lacrymas,
1631 1077 2024 1122 communem-
2054 1065 2110 1124 A
2137 1063 2448 1121 dicatorem
2494 1065 2874 1121 orthodoxum
2918 1065 3199 1120 veritatis.
3237 1064 3338 1120 Sed
3372 1079 3494 1121 vere
3519 1065 3617 1122 iste
3661 1081 3752 1122 non

373 1171 482 1228 que
512 1159 636 1213 sine
660 1157 974 1212 cessatione
1011 1170 1077 1211 ac
1115 1155 1541 1212 mmstissimam
1573 1168 1763 1211 vocem
1813 1168 1938 1224 quae
1966 1154 2024 1208 in

371 1245 596 1303 dolores
624 1260 692 1301 ex
734 1245 848 1300 imo
885 1244 1075 1300 cordis
1112 1243 1328 1312 prolata
1370 1250 1475 1311 est,
1506 1249 1642 1314 puto
1678 1249 1868 1298 autem
1905 1257 2029 1313 qua:

372 1339 428 1390 et
455 1333 740 1404 profertur
754 1335 866 1389 Deo
895 1332 966 1388 ab
994 1332 1086 1388 his
1111 1333 1207 1403 qui
1232 1337 1369 1388 sunt
1393 1333 1599 1390 Romae.
1623 1333 1810 1387 adhuc
1839 1337 2027 1387 autem

372 1431 426 1478 et
455 1422 510 1477 in
534 1421 689 1478 omni
706 1421 827 1476 loco
858 1421 1272 1476 dominationis
1301 1422 1426 1490 ejus
1449 1419 1793 1490 degentibus
1813 1419 2031 1474 sanctis

372 1509 608 1566 famulis
629 1511 727 1566 Dei
750 1515 805 1565 et
835 1509 1101 1566 ﬁdelibus
1123 1509 1372 1579 populis,
1401 1522 1469 1564 ex
1492 1523 1603 1578 quo
1631 1507 1774 1563 facta
1801 1513 1887 1562 est
1911 1521 2036 1576 per-

370 1600 594 1656 secutio
617 1600 889 1655 adversus
909 1599 1337 1653 sanctissimum
1363 1599 1579 1652 Patrem
1607 1604 1886 1668 nostrum,
1919 1597 2032 1652 Deo

372 1688 788 1757 beatissimum,
844 1693 898 1742 et
946 1687 1166 1742 ﬁdelem
1217 1685 1573 1743 sacerdotum
1619 1686 1935 1756 principem
1975 1689 2030 1740 et

373 1777 753 1848 apostolicum
783 1775 1159 1832 universalem
1194 1789 1414 1846 papam,
1444 1787 1510 1830 ac
1561 1788 1661 1845 per
1696 1775 1799 1830 hoc
1827 1775 2035 1829 adver—

377 1879 477 1922 sus
497 1864 835 1921 catholicam
853 1863 1196 1933 Ecclesiam;
1223 1867 1360 1932 puto
1383 1869 1570 1918 autem
1589 1863 1863 1918 hactenus
1885 1863 2035 1918 hunc

376 1953 636 2008 eumdem
662 1965 952 2008 maerorem
974 1951 1208 2007 retineri
1240 1951 1299 2006 in
1325 1949 1507 2016 vobis,
1540 1954 1596 2005 et
1621 1950 1855 2005 multam
1883 1949 2038 2004 solli-

377 2041 693 2097 citudinem
725 2041 931 2097 habere
975 2053 1092 2106 vos,
1126 2039 1274 2095 scire
1306 2040 1588 2110 quomodo
1629 2045 1918 2108 peractum
1953 2043 2040 2093 est

381 2135 581 2186 contra
610 2142 760 2199 eum,
802 2129 1029 2200 quando
1070 2128 1390 2184 exsullatus
1425 2133 1513 2182 est
1550 2133 1606 2182 et
1646 2127 2039 2197 persecutione

378 2219 582 2289 pulsus
615 2231 646 2274 a
695 2218 869 2274 Roma
906 2217 1134 2288 navigio
1177 2231 1356 2287 usque
1412 2217 1762 2287 Byzantium.
1815 2218 1938 2270 l-laac
1978 2215 2038 2271 in

379 2311 565 2364 mente
595 2306 809 2362 habens
843 2320 946 2378 ego
977 2306 1221 2362 humilis
1261 2312 1317 2361 et
1347 2311 1606 2376 peccator
1632 2303 1884 2360 famulus
1907 2318 2039 2360 vcs—

2139 1151 2274 1209 fecit
2297 1154 2690 1223 pretiosiorem
2719 1154 2965 1208 animam
2997 1167 3158 1210 suam
3185 1168 3264 1224 se,
3297 1155 3392 1210 sed
3445 1156 3624 1224 posuit
3657 1168 3756 1210 eam

2141 1257 2321 1314 usque
2351 1245 2418 1299 ad
2450 1249 2705 1312 mortem,
2741 1243 2996 1314 imitans,
3029 1243 3182 1299 sicut
3210 1243 3427 1299 dictum
3457 1248 3561 1314 est,
3588 1245 3760 1300 Domi—

2141 1347 2276 1388 num
2333 1347 2501 1388 suum
2543 1332 2857 1387 dicentem:
2905 1334 3086 1387 Bonus
3130 1338 3326 1402 pastor
3352 1335 3584 1386 animam
3633 1349 3764 1387 suam

2132 1423 2291 1491 ponit
2313 1437 2416 1490 pro
2442 1422 2629 1474 ovibus
2667 1423 2817 1484 suis;
2859 1436 2972 1492 quo
3003 1420 3250 1476 salvaret
3280 1420 3493 1490 ubique
3511 1425 3761 1476 errantem

2141 1515 2196 1563 et
2219 1509 2494 1578 perditam
2530 1508 2745 1578 plebem
2777 1509 2847 1563 ab
2871 1509 3306 1580 insurgentibus
3339 1509 3548 1564 nostris
3572 1514 3768 1578 tempo-

2144 1596 2312 1652 ribus
2335 1597 2638 1652 haereticis.

2212 1686 2481 1741 Traditus
2522 1685 2702 1756 igitur
2727 1686 2913 1742 Romae
2943 1686 3012 1742 de
3037 1686 3322 1742 catholica
3346 1685 3592 1743 Ecclesia
3613 1684 3770 1741 sancti

2143 1775 2378 1830 Joannis
2399 1789 2430 1830 a
2459 1775 2788 1845 potentibus
2816 1776 2991 1845 hujus
3035 1775 3232 1831 saeculi
3269 1775 3364 1830 his
3394 1776 3492 1846 qui
3522 1775 3619 1831 hoc
3637 1778 3775 1829 erant

2148 1863 2471 1920 ministerio
2485 1864 2646 1935 digni
2665 1863 3779 1934 ministri,atquecustodibus,depositus

2145 1956 2233 2006 est
2260 1951 2328 2006 ad
2359 1957 2604 2023 portum,
2637 1958 2694 2007 et
2713 1953 3004 2021 conjectus
3022 1959 3108 2007 est
3136 1952 3192 2006 in
3227 1951 3440 2018 lembo,
3471 1957 3525 2006 et
3546 1951 3780 2021 navigan-

2147 2040 2322 2110 tibus,
2343 2041 2494 2095 sicut
2511 2041 2696 2110 scitis,
2715 2041 3278 2111 euntibusquejuxta
3309 2041 3589 2096 Avidumn
3615 2081 3628 2109 ,
3648 2040 3698 2093 in
3716 2039 3784 2093 in-

2147 2129 2329 2185 sulam
2358 2143 2484 2198 qua“:
2527 2135 2763 2184 vocatur
2803 2133 3007 2200 Naxos,
3054 2145 3162 2186 non
3209 2134 3616 2185 concesserunt
3646 2129 3782 2183 beato

2149 2216 2238 2272 illi
2281 2217 2596 2287 apostolico
2630 2218 2753 2274 viro
2782 2219 3049 2274 custodes
3075 2218 3315 2288 penitus
3344 2217 3662 2287 contingere
3682 2221 3785 2270 ter-

2148 2320 2291 2375 ram,
2325 2305 2654 2362 dolentibus
2694 2321 2928 2376 prorsus
2967 2307 3208 2376 pedibus
3232 2308 3284 2376 ej
3303 2322 3388 2375 us,
3418 2320 3544 2362 cum
3577 2305 3677 2374 ipsi
3703 2317 3786 2373 per

377 2401 485 2467 ter,
535 2395 792 2468 quaedam
836 2395 1068 2466 quidem
1112 2395 1368 2450 exterius
1405 2393 1804 2449 sollicitudine
1858 2393 2038 2448 multa
2068 2387 2118 2446 Β
2151 2396 2272 2452 loca
2292 2394 2614 2452 conferrent
2641 2401 2696 2450 et
2721 2396 2954 2451 omnino
2975 2395 3364 2466 quiescerent.
3400 2395 3465 2448 lli
3497 2399 3674 2450 autem
3698 2390 3789 2463 qui

378 2485 699 2553 addiscens,
736 2484 1118 2554 plurimorum
1156 2489 1345 2538 autem
1372 2483 1600 2552 proprie
1625 2481 2042 2551 contemplator

379 2572 566 2628 factus
588 2572 862 2644 indignus
897 2571 1208 2627 ministerii
1240 2570 1559 2626 beatissimi
1589 2575 1645 2626 et
1675 2568 1910 2639 pretiosi
1941 2582 2043 2624 sa-

379 2660 630 2717 cerdotis
667 2658 871 2731 nostri,
919 2658 1173 2729 judicavi
1215 2658 1426 2715 litteris
1463 2658 1779 2726 reminisci,
1812 2662 1868 2713 et
1906 2662 2040 2712 nota

380 2749 564 2806 facere
600 2748 867 2819 claraque
893 2747 1244 2802 constituere
1287 2745 1448 2802 vobis
1491 2745 1828 2812 benedictis,
1867 2750 2040 2816 atque

381 2851 481 2907 per
508 2851 608 2893 vos
632 2835 902 2893 omnibus
940 2834 1208 2890 ﬁdelibus
1232 2840 1288 2890 et
1316 2833 1497 2890 zelum
1535 2833 1881 2890 habentibus
1905 2833 2042 2888 cul—

381 2932 526 2982 turae
580 2925 828 2981 divina:
872 2927 1156 2994 quatenus
1209 2926 1616 2995 cognoscentes
1669 2935 1798 2978 cum
1847 2922 2042 2979 cordis

382 3014 777 3072 mmstitudine
817 3027 1035 3069 mecum
1069 3012 1235 3068 illum
1280 3012 1676 3082 propheticum
1723 3025 2036 3067 sermonem

382 3103 719 3177 proferatis:
781 3104 913 3169 Quis
969 3103 1124 3156 dabit
1171 3102 1341 3172 capiti
1375 3116 1488 3155 meo
1529 3117 1750 3170 aquam,
1782 3106 1830 3154 et
1872 3101 2040 3154 oculis

381 3196 514 3248 meis
563 3196 768 3262 fontem
817 3192 1203 3260 lacryma-rum,
1254 3195 1304 3244 et
1345 3190 1574 3260 pio-rabo
1640 3191 1727 3244 die
1779 3207 1842 3243 ac
1892 3193 2041 3243 nocte

382 3281 762 3338 contritiones
789 3279 1085 3336 catholicae
1115 3277 1379 3334 Ecclesia:
1407 3285 1463 3334 et
1487 3279 1744 3334 omnium
1769 3277 2044 3332 Christia-

386 3384 611 3441 norum,
655 3370 769 3425 imo
796 3368 1205 3438 perditionem,
1248 3372 1478 3438 propter
1505 3379 1569 3422 ea
1610 3381 1736 3437 qua:
1759 3373 1883 3422 acta
1910 3370 2044 3422 sunt

387 3460 448 3517 in
479 3459 704 3516 beatum
734 3463 789 3514 et
819 3460 930 3514 Deo
957 3457 1187 3528 plenum
1216 3458 1418 3513 ducem
1449 3456 1711 3512 veritatis
1747 3461 1803 3510 et
1829 3455 2047 3526 praedi-

384 3554 650 3605 catorem.
687 3547 1084 3604 Verumtamen
1119 3548 1232 3601 Deo
1263 3544 1468 3616 gloria,
1507 3544 1607 3614 qui
1639 3543 1800 3598 dedit
1825 3543 1876 3597 ei
1921 3543 2048 3597 vir—

385 3642 564 3693 tutem
589 3641 646 3692 et
666 3634 1054 3693 suﬁ'erentiam
1080 3631 1341 3688 stabilem
1378 3632 1438 3686 in
1471 3629 1885 3686 tentationibus
1921 3643 2048 3700 quae

386 3728 839 3795 supervenerunt
867 3723 918 3778 ei
945 3736 978 3778 a
1009 3720 1318 3777 contrariis
1351 3719 1670 3775 virtutibus
1704 3722 1759 3773 et
1789 3718 1951 3790 viris,
1987 3718 2044 3774 in
2079 3713 2124 3772 C

386 3813 765 3885 expugnando
807 3815 864 3866 et
901 3809 1154 3865 viriliter
1197 3807 1530 3863 dimicando
1565 3821 1666 3878 pro
1719 3807 1880 3862 cultu
1922 3807 2045 3879 Dei,

389 3899 870 3974 irrefragabiliter
889 3905 946 3955 et
965 3911 1064 3968 spe
1084 3897 1246 3953 ﬁrma
1272 3911 1453 3968 usque
1473 3897 1541 3952 ad
1576 3900 1809 3952 mortem
1836 3909 2049 3967 ponens

385 3989 636 4046 animam
677 4001 860 4059 suam,
907 3991 1102 4058 utpote
1147 3986 1406 4042 imitator
1434 3986 1560 4056 ejus
1589 3986 1690 4057 qui
1730 3999 1860 4042 eum
1904 3998 2050 4040 con-

386 4077 584 4136 stituit
629 4076 922 4148 athletam,
963 4076 1242 4132 Dominus
1291 4076 1437 4146 ejus,
1483 4075 1552 4132 ad
1587 4073 2045 4132 informationem

388 4180 490 4239 pro
514 4165 754 4222 veritate
777 4164 1071 4222 dimicare.
1113 4168 1190 4222 Ea
1213 4165 1498 4236 equidem,
1525 4178 1650 4236 quae
1691 4163 1838 4220 inibi
1865 4164 2050 4218 Romae

388 4260 544 4329 gesta
578 4258 716 4311 sunt
761 4254 820 4310 in
855 4254 1081 4310 beatum
1119 4259 1176 4311 et
1205 4253 1634 4311 adamantinum
1685 4251 2046 4322 spiritualem

388 4347 607 4401 Patrem
656 4344 1129 4416 sacerdotumque
1169 4343 1489 4414 principem
1542 4342 1815 4397 domnum
1861 4339 2050 4395 Marti-

389 4447 548 4506 num,
588 4438 643 4490 et
672 4448 770 4490 vos
799 4432 997 4490 scitis:
1038 4432 1310 4504 qualibus
1339 4429 1617 4501 periculis
1647 4429 1899 4484 luctatus
1942 4432 2046 4498 est,

392 4522 593 4580 videns
619 4522 842 4595 gladios
871 4521 1128 4578 vibratos
1167 4525 1224 4576 et
1242 4525 1440 4575 acutos
1479 4516 1766 4574 confertos
1785 4517 1853 4572 ad
1893 4516 2055 4572 invi-

389 4627 532 4684 cem,
562 4617 748 4669 tentos
764 4625 796 4668 a
822 4611 1094 4682 pluribus
1117 4608 1404 4664 militibus
1422 4611 1682 4677 paratum
1708 4604 2052 4662 habentibus

390 4702 623 4758 inﬁcere
643 4715 808 4757 enses
831 4704 889 4755 et
913 4701 1261 4755 commutare
1281 4709 1314 4750 a
1341 4696 1456 4751 vita
1477 4695 1726 4767 beatum,
1757 4694 1817 4750 in
1840 4693 2052 4750 circui-

391 4799 456 4848 tu
481 4791 682 4847 altaris
705 4787 1047 4852 astantibus,
1077 4792 1131 4843 et
1154 4785 1212 4840 in
1243 4789 1364 4842 toto
1396 4784 1604 4855 templo
1624 4784 1918 4840 catholicae
1941 4786 2054 4840 Ec—

393 4880 582 4936 clesia:
611 4879 798 4935 Romae
815 4889 942 4947 qua:
973 4874 1412 4948 wgnominatur
1447 4873 1939 4943 Constantiniana,
1970 4872 2053 4928 in-

395 4983 507 5040 qua
536 4965 856 5024 sacerdotio
896 4963 1138 5035 fungens
1166 4961 1471 5019 recubabat
1495 4962 1555 5017 in
1583 4961 1806 5018 foribus
1831 4966 1888 5017 et
1915 4973 2052 5032 gra-

2150 2499 2248 2556 per
2278 2485 2398 2540 loca
2435 2489 2596 2540 erant
2641 2485 2981 2553 sacerdotes,
3013 2491 3070 2540 et
3099 2485 3298 2540 caeteri
3348 2483 3542 2539 ﬁdeles
3568 2481 3793 2553 regionis

2151 2574 2357 2644 ipsius,
2390 2573 2718 2645 dirigebant
2743 2586 2977 2629 munera
3000 2573 3161 2629 beato
3190 2573 3282 2628 illi
3333 2586 3508 2628 causa
3547 2569 3793 2628 utilitatis

2147 2665 2292 2733 ejus,
2322 2676 2433 2718 non
2467 2676 2649 2732 parva:
2691 2663 2982 2718 multoties
3008 2662 3384 2734 quantitatis.
3419 2662 3570 2730 Quas
3589 2661 3793 2732 quidem

2146 2752 2393 2807 directas
2453 2751 2672 2821 species
2731 2756 2787 2806 et
2839 2751 3190 2821 quantitates
3231 2752 3514 2807 custodes
3556 2747 3796 2805 bestiales

2147 2840 2421 2896 continuo
2443 2853 2633 2895 coram
2657 2853 2723 2895 eo
2743 2839 3118 2911 diripiebant,
3141 2840 3573 2910 improperiosa
3599 2843 3652 2894 et
3673 2850 3800 2892 ama-

2150 2943 2211 2984 ra
2244 2929 2491 2998 plurima
2527 2934 2894 3000 congerentes
2931 2929 2989 2984 in
3016 2943 3164 2984 eum.
3205 2930 3324 2984 Eos
3354 2935 3544 2984 autem
3569 2927 3662 2998 qui
3686 2940 3800 2981 mu—

2151 3017 2392 3073 nuscula
2419 3017 2764 3073 detulissent
2791 3017 3030 3086 injuriis
3058 3023 3111 3072 et
3143 3017 3495 3074 verberibus
3521 3015 3801 3072 alﬁcientes

2148 3105 2534 3174 dimittebant,
2576 3107 2832 3162 dicentes
2874 3107 2943 3162 ad
2987 3120 3115 3162 eos:
3163 3106 3462 3175 Quoniam
3499 3107 3802 3176 quicunque

2150 3195 2404 3266 diligitis
2448 3195 2646 3264 istum,
2678 3195 2902 3250 inimici
2935 3196 3076 3251 estis
3107 3194 3474 3264 reipublicae.
3504 3197 3647 3251 Num
3665 3191 3805 3264 quid'

2154 3299 2280 3342 nam
2303 3285 2406 3340 hoc
2419 3283 2603 3341 solum
2617 3285 2667 3339 ei
2685 3298 2795 3340 non
2809 3283 3030 3339 valebat
3044 3283 3538 3340 inferredolorem
3554 3285 3808 3350 incompa-

2156 3373 2393 3430 rabilem
2424 3387 2596 3444 super
2623 3373 3012 3428 inﬁrmitatem
3040 3387 3164 3443 quae
3186 3385 3329 3428 eum
3361 3387 3512 3446 aagre
3541 3371 3809 3441 deprime-

2156 3463 2294 3518 bat?
2326 3463 2542 3518 Exinde
2569 3461 2750 3532 igitur
2780 3461 3187 3531 prmmittentes
3211 3461 3294 3516 ab
3321 3462 3510 3517 Avido
3536 3458 3811 3531 quemdam

2155 3551 2420 3607 custodes
2439 3550 2538 3621 qui
2568 3549 2891 3605 retinebant
2914 3564 3064 3621 eum,
3095 3551 3529 3606 nuntiaverunt
3556 3549 3612 3604 in
3636 3549 3812 3617 Byzan-

2157 3641 2239 3696 tio
2273 3641 2575 3696 adventum
2621 3644 2677 3695 et
2709 3640 3028 3709 captionem
3056 3640 3200 3710 ejus,
3227 3639 3601 3710 proferentes
3633 3637 3820 3692 adver—

2157 3744 2258 3786 sus
2313 3743 2442 3785 eum
2494 3729 2742 3799 plurima
2789 3728 2965 3784 mala:
3019 3729 3387 3799 haareticum,
3450 3735 3510 3784 et
3554 3725 3815 3790 rebellem,

2156 3819 2373 3889 Deique
2397 3817 2786 3874 adversarium
2837 3818 3276 3888 proclamantes,
3313 3823 3375 3874 et
3421 3817 3822 3874 subvertentem

2159 3907 2480 3964 universam
2509 3913 2715 3962 terram
2737 3908 3138 3963 Romanorum.
3156 3908 3306 3962 Cum
3333 3922 3451 3978 que
3475 3906 3697 3962 tandem
3721 3913 3824 3971 per-

2157 3997 2406 4053 venisset
2430 3997 2759 4067 Byzantium
2793 3995 2992 4051 beatus
3041 3995 3141 4051 ille
3170 3997 3436 4064 septimo
3486 3996 3709 4052 decimo
3746 3989 3830 4045 die

2156 4085 2495 4156 Septembrii
2518 4086 2730 4140 mensis
2752 4085 2809 4140 in
2843 4085 3246 4154 portumjuxta
3287 4085 3678 4156 Euphemiam
3707 4091 3831 4150 pro-

2160 4188 2226 4246 pe
2243 4173 2270 4215 b
2298 4175 2679 4243 Arcadianon,
2699 4174 3060 4244 reliquerunt
3075 4187 3204 4229 eum
3222 4187 3252 4228 a
3273 4189 3455 4230 mane
3482 4169 3738 4229 ministri
3757 4180 3834 4224 us-

2161 4276 2268 4334 que
2295 4263 2355 4318 in
2383 4263 2579 4319 horam
2603 4262 2881 4318 decimam
2902 4261 3262 4318 recubantem
3299 4264 3362 4318 in
3392 4263 3638 4334 grabato
3663 4255 3828 4320 navis,

2158 4356 2412 4424 eratque,
2455 4353 2607 4408 sicut
2649 4352 2928 4420 scriptum
2981 4355 3086 4421 est,
3124 4352 3539 4420 spectaculum
3581 4344 3835 4405 omnibus

2159 4442 2380 4513 angelis
2400 4447 2455 4496 et
2482 4441 2834 4497 hominibus.
2871 4440 3227 4496 Accedebant
3253 4443 3423 4497 enim
3465 4442 3617 4497 varii
3656 4435 3835 4494 homi-

2163 4545 2280 4600 nes,
2320 4545 2462 4603 quos
2495 4535 2723 4600 propter
2748 4527 2953 4585 ferales
2984 4543 3169 4585 mores
3205 4530 3457 4600 lupaces
3494 4529 3766 4594 dixerim,
3790 4527 3840 4579 et

2161 4619 2477 4692 subrogati,
2523 4624 2586 4676 ut
2609 4618 2878 4688 conjicio,
2913 4618 3050 4674 talia
3094 4624 3297 4674 contra
3338 4626 3618 4675 sanctum
3653 4625 3837 4687 papam

2160 4708 2418 4782 agebant,
2449 4707 2643 4778 qualia
2666 4707 3014 4762 Christianis
3034 4707 3151 4762 dici
3176 4721 3291 4762 non
3322 4714 3584 4780 oportet.
3625 4708 3842 4762 Moran—

2161 4799 2320 4855 tibus
2344 4797 2512 4853 nobis
2543 4797 2599 4851 in
2629 4797 2840 4861 littore,
2884 4801 2999 4851 tota
3029 4795 3124 4850 die
3149 4809 3305 4851 eram
3343 4799 3634 4855 incedens
3662 4793 3843 4849 dolore

2163 4889 2366 4960 plenus
2397 4893 2454 4943 et
2483 4885 2868 4942 amaritudine
2897 4899 2962 4940 eo
2995 4886 3146 4956 quod
3189 4885 3457 4942 viderem
3496 4885 3672 4941 talem
3716 4891 3845 4937 san-

2163 4983 2318 5033 ctum
2350 4977 2537 5032 virum
2575 4975 2654 5030 ita
2687 4975 3005 5044 dejectum;
3042 4988 3154 5030 non
3186 4973 3387 5030 solum
3417 4982 3643 5044 autem,
3681 4969 3772 5028 sed
3798 4970 3848 5022 et

395 5056 527 5112 bal0
551 5055 671 5124 ipse
692 5053 893 5109 bemus
922 5066 1098 5124 3353":
1129 5057 1185 5107 θῐ
1206 5051 1488 5123 (Ιιιοῐηοίίο
1517 5051 1803 5108 contritus
1818 5049 2048 5121 animis:
2083 5069 2138 5130 D
2168 5066 2306 5122 talia
2340 5064 2569 5134 eloquia
2603 5078 2636 5118 a
2679 5063 3022 5134 quibusdam
3071 5063 3331 5118 ethnicis
3389 5065 3625 5133 prolata
3661 5064 3846 5116 contra

396 5148 454 5200 et
478 5141 719 5200 artubus
748 5141 1114 5212 constrictus,
1152 5140 1437 5210 impulsus
1451 5144 1507 5195 et
1526 5140 1821 5210 expulsus,
1857 5143 2056 5209 raptus

397 5237 455 5289 et
469 5236 758 5288 extractus
798 5244 867 5287 ex
891 5229 1205 5301 apostolico
1236 5229 1461 5300 throno,
1487 5229 1546 5284 in
1580 5242 1694 5300 quo
1738 5229 1890 5284 Deus
1925 5239 2055 5283 eum

399 5320 706 5379 constituit
735 5320 879 5393 loco,
926 5320 1299 5390 inspectorem
1348 5317 1441 5375 sui
1472 5317 1813 5388 apostolum,
1841 5322 1898 5373 et
1923 5329 2038 5387 prae

481 5534 511 5567 ³
532 5519 788 5582 Λϐουδόν.

2165 5167 2316 5225 eum,
2345 5152 2670 5207 nihilaliud
2692 5151 3030 5222 quaerebam,
3056 5151 3171 5207 nisi
3206 5155 3267 5205 ut
3284 5151 3645 5208 auferretur
3669 5148 3848 5205 anima

2169 5257 2290 5299 mea
2314 5257 2347 5298 {1
2364 5255 2467 5297 me.

2237 5332 2453 5388 Dehinc
2493 5332 2646 5387 circa
2686 5331 2828 5388 solis
2865 5344 3127 5387 occasum
3157 5329 3321 5387 venit
3348 5331 3610 5402 quidam
3648 5327 3847 5395 scriba,

2229 5541 2257 5583 ἱ)
2288 5541 2646 5598 Arcadianon
2687 5531 3065 5614 »Ἄρκαδιαναῖ
3091 5540 3305 5597 domus
3345 5539 3606 5600 Arcadii
3633 5542 3697 5597 in
3723 5547 3857 5595 nova

2155 5625 2317 5683 urbis
2351 5622 2601 5694 regione.
2631 5622 2789 5677 Sum.
