4034 6158
242 251 344 309 593

811 258 1316 319 COLLECTANEA.
1356 293 1430 304 —
1463 265 1552 320 DE
1591 263 1865 321 FURORE
1904 266 2413 329 HERETICORUM
2452 273 2524 329 IN
2562 274 2934 335 MARTINUM
2978 278 3078 334 PP.

3546 281 3654 342 594

243 375 470 474 nomine
498 377 786 451 Sagoleva,
818 397 945 437 cum
973 384 1171 441 multis
1199 387 1659 444 excubitoribus:
1700 393 1758 443 et
1793 401 1888 442 au—
1910 384 1967 444 A
1996 389 2307 458 perditioni
2333 407 2656 450 animarum
2681 410 2898 469 eorum,
2922 401 3006 455 ait
3029 400 3096 456 ad
3125 415 3222 457 eos
3252 404 3350 474 qui
3375 406 3653 474 praeside-

240 461 385 519 feren
398 470 482 521 tes
501 467 572 522 de
598 467 780 525 lembo
801 481 1111 540 posuerunt
1136 475 1192 530 in
1225 478 1553 547 gestatorio,
1578 478 1889 533 duxerunt-

238 566 342 622 que
378 554 438 608 in
484 558 804 613 custodiam
850 561 1218 632 excubitorii,
1243 579 1368 635 quae
1392 565 1830 637 cegnominatur
1857 575 1887 606 α

236 642 612 699 Prandearia:
649 651 703 701 et
737 645 873 703 fecit
909 662 1037 705 eum
1082 653 1402 709 inclausum
1425 655 1532 710 sub
1569 654 1747 710 multa
1775 668 1888 709 cu—

231 732 437 800 stodia,
469 735 809 804 praecipiens
827 739 1077 796 excubiti
1102 743 1441 798 custodibus
1468 749 1531 800 ut
1563 743 1760 799 nullus
1783 757 1886 813 pe—-

231 819 389 876 nitus
422 821 598 879 sciret
644 824 919 892 civitatis,
959 830 1093 900 quia
1141 837 1226 886 est
1267 833 1325 887 in
1379 833 1571 888 eodem
1612 831 1884 888 excubitu

229 907 378 964 Fecit
407 923 546 982 ergo
571 919 802 970 sanctus
829 916 975 972 idem
1007 919 1357 988 apostolicus
1381 921 1632 988 clausus,
1666 925 1722 976 et
1758 920 1884 976 sine

229 999 674 1070 participatione
701 1009 930 1078 penitus
959 1009 1238 1065 sermonis
1266 1009 1535 1080 alicujus,
1571 1009 1879 1079 nonaginta

227 1095 340 1146 tres
369 1093 516 1150 dies.
563 1099 620 1152 In
665 1099 786 1168 ipsa
817 1113 948 1155 vero
982 1099 1341 1170 nonagesima
1378 1099 1546 1154 tertia
1587 1098 1701 1168 die,
1756 1111 1880 1168 qua

223 1186 304 1235 est
333 1183 467 1238 dies
510 1199 826 1258 parasceve,
862 1201 1022 1244 mane
1051 1187 1309 1244 tulerunt
1337 1202 1464 1244 cum
1495 1189 1565 1244 de
1594 1187 1876 1256 custodia,

225 1271 693 1329 constituendum
744 1276 802 1330 in
851 1276 992 1331 cella
1047 1275 1331 1331 sacellarii
1385 1275 1650 1345 jubentes
1693 1271 1880 1343 pridie

224 1360 532 1416 convenire
557 1377 777 1420 omnem
800 1369 1078 1436 senatum,
1104 1367 1252 1436 quod
1276 1371 1331 1420 et
1357 1363 1566 1420 factum
1605 1370 1710 1419 est.
1741 1364 1880 1418 Jus-

225 1454 427 1504 serunt
456 1456 647 1506 autem
673 1466 802 1508 eum
832 1454 1331 1523 introducendum,
1359 1461 1414 1510 et
1434 1455 1879 1510 introduxerunt

226 1537 278 1592 in
309 1541 633 1607 portatoria
665 1541 841 1597 sella:
875 1549 997 1598 erat
1025 1544 1176 1600 enim
1211 1545 1440 1614 penitus
1461 1556 1624 1615 (eger,
1670 1540 1878 1612 praeci-

225 1640 327 1696 pue
359 1633 558 1685 autem
586 1629 709 1684 illis
736 1630 942 1687 diebus
973 1647 1085 1702 prze
1109 1633 1468 1704 navigatione
1492 1639 1547 1688 et
1571 1633 1878 1690 afﬂictione

222 1717 505 1772 custodia:
547 1731 645 1787 per
683 1725 766 1775 tot
801 1720 926 1776 dies
970 1721 1196 1777 eﬁectaa.
1246 1723 1545 1779 lntendens
1583 1727 1769 1778 autem
1817 1723 1874 1778 in
1905 1705 1957 1765 Β

221 1819 344 1861 eum
377 1807 625 1878 primus,
646 1809 745 1878 qui
769 1810 1106 1878 praesidebat
1126 1811 1462 1868 sacellarius
1481 1826 1608 1868 cum
1634 1813 1877 1882 reliquis

222 1894 645 1965 principibusa
666 1897 850 1969 longe,
879 1899 1056 1967 jussit
1079 1913 1207 1955 eum
1240 1915 1473 1971 surgere
1493 1915 1524 1956 a
1554 1900 1790 1972 ferculo,
1821 1905 1877 1956 et

219 1989 392 2038 stare.
427 1984 735 2041 Aientibus
761 1987 1102 2056 quibusdam
1128 1990 1522 2046 ministrorum
1555 2003 1666 2046 non
1691 1989 1876 2046 valere

220 2087 341 2128 eum
373 2079 548 2145 stare,
577 2074 844 2133 turbatus
875 2091 988 2148 pra:
1019 2079 1195 2135 multa
1221 2080 1306 2135 ira
1343 2079 1677 2136 sacellarius
1699 2079 1878 2134 excla-

223 2165 418 2233 mavit,
443 2179 574 2220 cum
607 2180 673 2222 eo
693 2174 880 2224 autem
903 2174 958 2224 et
981 2169 1212 2239 quidam
1234 2170 1303 2225 de
1333 2169 1614 2240 custodia,
1644 2182 1876 2239 surgere

223 2265 346 2307 eum
375 2259 429 2308 et
451 2260 640 2311 astare
656 2270 909 2313 censura:
935 2258 1245 2314 subnixum
1269 2258 1404 2314 hinc
1436 2259 1602 2316 inde:
1650 2262 1796 2332 quod
1821 2266 1875 2316 et

219 2341 435 2400 factum
486 2349 592 2400 est.
636 2345 983 2403 Sacellarius
1015 2352 1202 2404 autem
1255 2349 1446 2418 inquit
1478 2349 1547 2404 ad
1579 2364 1744 2405 eum:
1781 2353 1877 2405 Die

217 2436 404 2494 miser,
454 2436 593 2503 quid
626 2437 727 2489 tibi
754 2437 887 2489 mali
923 2439 1109 2491 intulit
1131 2441 1464 2507 imperator?
1494 2440 1619 2493 tulit
1639 2456 1673 2493 α
1693 2445 1742 2493 te
1762 2441 1878 2493 ali-

216 2523 350 2591 quid
380 2526 411 2576 ?
440 2526 710 2592 oppressit
740 2530 788 2578 te
822 2527 930 2579 vi?
961 2526 1062 2581 Ille
1103 2532 1291 2582 autem
1332 2527 1568 2583 tacebat.
1605 2530 1761 2584 Tunc
1794 2529 1876 2584 ait

215 2613 278 2667 ad
305 2626 449 2668 eum
475 2613 814 2670 sacellarius
839 2615 1170 2684 imperativa
1193 2630 1360 2672 voce:
1386 2619 1506 2673 Non
1540 2620 1828 2687 respondes
1850 2622 1878 2673 ?

212 2702 344 2757 Ecce
395 2717 546 2756 nunc
581 2703 958 2770 ingredientur
995 2711 1331 2760 accusatores
1368 2709 1466 2760 tui.
1499 2708 1566 2762 Et
1601 2707 1877 2763 codtinuo

211 2805 335 2846 cum
378 2804 647 2846 sermone
692 2792 1004 2849 introducti
1037 2800 1173 2850 sunt
1215 2794 1449 2864 plurimi
1480 2802 1875 2852 accusatorum

209 2888 418 2936 contra
489 2895 640 2936 eum.
705 2881 912 2938 Omnes
962 2887 1150 2938 autem
1209 2889 1372 2939 erant
1432 2885 1712 2941 mendacii
1767 2885 1874 2941 ﬁlii

207 2975 261 3025 et
297 2970 604 3040 discipuli
650 2985 844 3028 eorum
892 2972 990 3042 qui
1039 2973 1342 3030 Dominum
1391 2979 1646 3030 nostrum
1687 2975 1874 3031 Jesum

1996 477 2132 532 bant
2164 481 2454 552 principes
2479 501 2490 536 :
2523 483 2748 538 Obsecro
2776 503 2868 541 vos
2890 495 2994 557 per
3011 491 3200 553 Deum,
3233 493 3397 546 nolite
3421 510 3653 564 prepa-

1993 584 2119 622 rare
2149 585 2234 623 eos
2263 575 2314 624 et
2323 571 2542 638 jurare,
2575 575 2670 627 sed
2693 575 2897 644 absque
2926 583 3260 632 sacramento
3290 580 3476 635 dicant
3495 597 3653 650 qum-

1994 673 2206 726 cunque
2226 661 2433 722 volunt,
2455 676 2651 730 vosque
2669 665 2836 730 facite
2857 681 3188 736 quaecunque
3210 667 3404 725 vultis.
3427 671 3496 724 Et
3515 671 3651 739 quid

1995 760 2129 813 opus
2167 752 2244 800 est
2275 750 2435 802 etiam
2466 751 2716 818 jurando
2751 753 2982 822 perdere
3027 755 3150 808 illos
3203 757 3416 810 animas
3470 761 3651 813 suas?

1996 834 2253 905 Ingresso
2296 837 2558 908 equidem
2591 854 2705 896 uno
2740 843 2993 908 testium,
3030 849 3086 899 et
3113 844 3346 900 decente
3377 847 3647 916 quoniam

1993 925 2419 992 conjurationes
2454 925 2590 984 fecit
2633 943 2760 984 cum
2783 929 3069 1002 Olympio,
3096 938 3152 988 et
3180 933 3397 990 milites
3425 947 3653 1005 prazpa-

1995 1014 2142 1068 ravit
2169 1021 2231 1070 ut
2254 1017 2547 1086 jurarent;
2585 1018 2970 1091 interrogatus
2990 1023 3102 1078 Deo
3133 1023 3422 1092 pretiosus
3453 1023 3560 1093 vir,
3595 1025 3646 1081 si

1993 1101 2110 1157 haec
2140 1103 2215 1158 ita
2238 1118 2298 1159 se
2347 1105 2636 1176 haberent,
2667 1110 2999 1178 respondit:
3035 1111 3096 1164 Si
3120 1111 3284 1166 vultis
3318 1113 3512 1168 audire
3548 1130 3651 1168 ve-

1987 1192 2222 1260 ritatem,
2256 1194 2374 1247 dico
2397 1195 2548 1249 vobis
2576 1199 2875 1264 sequentia.
2910 1199 2978 1253 Et
3005 1199 3180 1270 coepit
3207 1200 3435 1257 dicere:
3469 1202 3654 1268 Quan-

1988 1279 2058 1333 do
2085 1283 2266 1348 faetus
2297 1288 2374 1336 est
2409 1285 2609 1352 Tgpus,
2639 1292 2688 1338 et
2708 1285 2946 1340 directus
2965 1290 3186 1343 Romam
3210 1291 3278 1344 ab
3298 1293 3645 1361 imperatore-

1987 1370 2075 1429 Et.
2121 1369 2224 1425 hoc
2265 1376 2482 1427 tantum
2527 1373 2752 1428 dicente
2783 1374 2946 1431 beato
2979 1376 3102 1444 illo,
3143 1377 3302 1434 aliud
3345 1379 3485 1450 quid
3533 1394 3644 1437 non

1988 1471 2316 1514 concessum
2345 1467 2430 1515 est
2461 1461 2641 1531 loqui.
2670 1462 2773 1518 Sed
2798 1463 3072 1521 continuo
3103 1471 3233 1522 ante
3263 1481 3459 1524 omnes
3489 1469 3647 1526 inci—

1989 1547 2152 1617 piens
2195 1563 2323 1604 cum
2381 1549 2627 1606 clamore
2671 1552 2902 1609 Troilus
2964 1554 3188 1625 inquit:
3243 1558 3365 1612 Non
3431 1561 3645 1628 inferas

1986 1639 2140 1692 nobis
2184 1639 2270 1692 hic
2299 1639 2365 1692 de
2391 1640 2535 1708 fide;
2567 1640 2632 1693 de
2666 1641 2868 1696 duellio
2892 1659 3037 1697 nunc
3075 1649 3358 1712 scrutaris,
3383 1651 3644 1717 quoniam

1986 1731 2037 1780 et
2071 1728 2318 1790 Romani,
2367 1734 2416 1782 et
2451 1744 2546 1782 nos
2587 1729 2887 1784 Christiani
2925 1747 3111 1787 sumus
3147 1739 3196 1788 et
3243 1735 3544 1791 orthodoxi.
3578 1737 3647 1794 Et

1990 1816 2281 1886 respondit
2329 1818 2476 1873 idem
2538 1819 2628 1874 vir
2669 1820 2895 1888 justus:
2950 1807 3214 1878 Utinam!
3265 1825 3647 1882 Verumtamen

1985 1906 2268 1960 invenietis
2289 1922 2370 1960 me
2390 1909 2447 1960 in
2465 1907 2565 1961 illa
2591 1908 2679 1962 die
2707 1910 2970 1964 tremendi
2988 1914 3256 1967 examinis
3281 1918 3466 1971 testem
3482 1917 3645 1971 etiam

1984 1995 2043 2046 in
2073 1994 2186 2047 hoc.

2055 2085 2250 2139 Denuo
2278 2084 2428 2140 inter
2458 2091 2792 2156 accusantes
2831 2092 3022 2159 testes,
3059 2090 3142 2145 ait
3161 2091 3230 2146 ad
3271 2104 3400 2148 eum
3437 2092 3647 2163 praefe-

1984 2179 2114 2229 ctus
2155 2173 2420 2229 Troilus:
2475 2175 2664 2240 Qualis
2710 2177 2862 2231 homo
2900 2193 2954 2232 es
2998 2182 3077 2242 tu,
3115 2182 3372 2248 quoniam
3423 2198 3644 2238 cernens

1985 2267 2036 2316 et
2085 2263 2316 2316 audiens
2360 2263 2495 2317 talia
2533 2269 2722 2318 contra
2759 2267 3138 2334 imperatorem
3175 2269 3431 2323 nitentem
3498 2270 3640 2339 effo—

1987 2351 2246 2405 diendum
2289 2352 2594 2421 Olympium
2642 2369 2749 2408 non
2782 2355 3118 2422 prohibuisti
3142 2372 3281 2419 eum,
3324 2358 3420 2412 sed
3443 2374 3470 2412 e
3507 2375 3646 2414 eon—

1985 2448 2072 2496 tra
2098 2445 2417 2496 consensisti
2435 2445 2528 2497 ei?
2579 2442 2660 2498 Ad
2694 2457 2859 2514 quem
2887 2445 3164 2501 continuo
3195 2445 3348 2502 dixit
3370 2447 3492 2517 ipse
3522 2447 3645 2504 bea-

1991 2536 2083 2586 tus
2134 2529 2488 2599 apostolicus
2529 2543 2700 2601 papa:
2751 2533 2867 2594 Dic,
2897 2532 3108 2587 domine
3138 2535 3346 2588 Troile:
3396 2536 3646 2604 quando,

1987 2621 2128 2672 sicut
2172 2620 2319 2672 scitis
2350 2621 2511 2672 etiam
2557 2635 2668 2688 vos,
2702 2624 2752 2674 et
2781 2635 2878 2674 nos
2919 2621 3253 2684 audivimus,
3299 2621 3560 2691 Georgius
3613 2641 3650 2678 a

1986 2708 2417 2774 magistratibus,
2450 2710 2547 2778 qui
2575 2713 2691 2762 erat
2721 2725 2788 2762 ea:
2817 2710 3114 2781 monachis,
3141 2711 3415 2778 ingressus
3447 2717 3526 2767 est
3545 2713 3650 2768 huc

1986 2799 2044 2850 in
2064 2797 2248 2849 urbem
2287 2813 2318 2849 (ι
2360 2799 2574 2860 castris,
2607 2801 2657 2851 et
2691 2798 2828 2852 talia
2865 2799 3028 2852 verba
3069 2799 3278 2854 loeutus
3308 2805 3387 2854 est
3412 2803 3649 2870 fecitque

1985 2900 2071 2938 res
2103 2885 2277 2948 tales;
2309 2886 2404 2938 ubi
2433 2900 2553 2938 eras
2576 2889 2634 2939 tu
2669 2891 2718 2940 et
2748 2887 2846 2955 qui
2866 2891 2994 2940 sunt
3023 2891 3214 2949 tecum,
3248 2891 3508 2957 quoniam
3536 2905 3646 2944 non

1985 2975 2264 3026 restitistis
2311 2975 2379 3034 ei,
2434 2974 2530 3027 sed
2561 2990 2588 3027 e
2638 2978 2826 3028 contra
2873 2977 3221 3030 concionatus
3259 2980 3338 3031 est
3382 2977 3554 3040 vobis,
3597 2984 3648 3032 et

205 3059 514 3117 Christum
591 3041 924 3117 necaverut.
983 3062 1458 3119 Contradicebant
1532 3077 1663 3120 vero
1755 3077 1878 3133 san'
1907 3041 1956 3104 C
1987 3078 2119 3132 quos
2152 3063 2323 3116 voluit
2363 3063 2570 3116 Palatit
2598 3063 2869 3118 exsulavit
2897 3068 2947 3117 et
2973 3064 3304 3132 prohibuit?
3337 3069 3646 3136 Iterumque

206 3156 294 3206 cto
330 3149 494 3217 viro,
539 3150 1016 3220 quemadmodum
1064 3152 1386 3221 prtemoniti
1427 3151 1670 3209 fuerant.
1701 3153 1877 3208 Erant

207 3239 357 3295 enim
423 3252 592 3294 voces
657 3253 853 3294 eorum
940 3242 1342 3310 praemeditata:
1407 3247 1464 3297 et
1527 3247 1871 3311 praaparatae.

206 3331 262 3383 In
318 3327 556 3399 quibus
635 3328 868 3397 quidam
949 3342 1167 3395 eorum,
1240 3330 1412 3399 paulo
1487 3334 1617 3385 ante
1690 3330 1878 3385 inter-

207 3417 406 3489 rcgati
462 3421 530 3472 ut
588 3417 979 3473 testimonium
1021 3419 1400 3490 perhiberent,
1441 3419 1734 3475 tentabant
1776 3420 1879 3475 di—

205 3521 329 3562 cere
368 3506 705 3575 veritatem,
747 3505 900 3562 sicut
941 3520 1063 3563 mos
1095 3512 1209 3563 est:
1245 3513 1302 3563 et
1342 3509 1617 3566 continuo
1659 3508 1875 3564 turbati

207 3597 302 3666 qui
347 3594 791 3666 praetendebant
819 3601 1100 3652 certamen
1133 3597 1257 3667 hoc,
1288 3596 1641 3667 incipiebant
1669 3597 1880 3653 validis

206 3685 387 3741 minis
436 3685 741 3754 increpare
780 3698 894 3741 eos.
942 3685 1122 3741 donec
1165 3685 1469 3742 suaderent
1501 3685 1587 3741 eis
1628 3685 1880 3756 proferre

205 3789 331 3843 qua:
356 3779 539 3830 erant
562 3774 960 3829 convenientia
981 3774 1038 3830 in
1068 3781 1303 3831 mortem
1324 3775 1472 3831 beati
1500 3780 1556 3831 et
1571 3775 1716 3843 justi
1743 3775 1875 3829 viri.

200 3861 650 3932 Contemplatus
692 3869 925 3919 sanctus
968 3877 1107 3934 papa
1158 3865 1512 3920 introeuntes
1558 3864 1876 3920 testiﬁcari.

201 3951 530 4007 subridens
579 3950 764 4006 dixit:
812 3953 910 4008 Isti
939 3958 1075 4008 sunt
1103 3953 1320 4009 testes?
1368 3955 1452 4009 sic
1483 3953 1649 4009 habet
1695 3951 1881 4009 ordo?

201 4040 381 4097 Erant
413 4039 579 4096 enim
615 4041 786 4110 primi
821 4041 1226 4113 ingredientes,
1258 4043 1486 4098 nomine
1516 4042 1746 4113 quidem
1781 4039 1882 4095 mi-

205 4129 359 4199 lites,
409 4130 653 4199 lupaces
694 4136 881 4186 autem
913 4136 970 4186 et
1010 4131 1278 4188 bestiales
1303 4132 1624 4199 sententia;
1655 4135 1711 4186 et
1741 4130 1882 4200 qui—

202 4219 332 4275 dam
391 4232 605 4274 eorum
655 4219 752 4289 qui
800 4223 962 4275 erant
1000 4220 1272 4291 Olympii,
1322 4234 1449 4276 cum
1498 4219 1712 4291 quibus
1761 4223 1881 4274 erat

203 4315 257 4363 et
283 4309 562 4366 Andreas
593 4309 692 4379 qui
733 4307 920 4364 fuerat
947 4310 1072 4378 ejus
1099 4309 1378 4366 notarius.

1985 3153 2084 3206 sub
2114 3151 2420 3212 Valentino,
2449 3167 2568 3204 cum
2598 3156 2865 3220 praecepto
2901 3154 3244 3222 imperatoris
3286 3155 3514 3209 indutus
3563 3161 3647 3210 est

1981 3256 2234 3311 purpura
2291 3245 2340 3293 et
2383 3239 2625 3293 consedit
2661 3242 2730 3302 ei,
2776 3255 2882 3309 quo
2926 3243 3113 3295 ieratis
3151 3244 3288 3296 vos?
3322 3244 3444 3299 Non
3482 3246 3648 3298 eratis

1987 3330 2119 3383 hic?
2168 3330 2276 3383 Cur
2314 3344 2437 3396 ergo
2477 3343 2585 3382 non
2630 3328 2992 3398 prohibuistis
3035 3345 3155 3383 eum
3199 3330 3470 3386 dicentes:
3523 3332 3647 3388 Non

1986 3421 2226 3486 attingas
2282 3433 2367 3472 res
2415 3433 2522 3471 non
2571 3422 2904 3488 opportunas
2947 3419 3103 3471 tibi?
3146 3419 3336 3475 Nonne
3394 3436 3574 3474 omnes
3621 3437 3648 3475 e

1987 3511 2174 3562 contra
2249 3508 2572 3560 convenistis
2613 3507 2705 3559 ei?
2760 3505 3033 3571 Quomodo
3076 3506 3339 3560 habebam
3408 3524 3501 3576 ego
3547 3509 3649 3562 tali

1987 3599 2103 3650 viro
2149 3596 2409 3649 adversus
2435 3600 2599 3657 stare,
2636 3595 2858 3649 habenti
2897 3595 3173 3664 pracipue
3204 3595 3484 3650 brachium
3511 3600 3650 3651 uni—

1987 3699 2154 3738 versa:
2180 3685 2391 3738 militiw
2418 3684 2667 3738 Italicae?
2690 3683 2781 3737 An
2804 3684 2990 3751 potius
3025 3698 3117 3750 ego
3145 3683 3303 3737 illum
3328 3686 3437 3752 feci
3477 3701 3650 3740 emar—

1990 3774 2190 3827 chum?
2251 3775 2651 3833 Verumtamen,
2704 3772 2878 3825 denuo
2919 3772 3133 3826 obsecro
3178 3788 3272 3826 vos
3308 3789 3411 3843 per
3457 3776 3650 3829 Domi-

1989 3879 2140 3924 num,
2164 3863 2522 3931 quodcunque
2549 3861 2716 3916 vultis
2764 3865 2814 3914 et
2859 3861 3098 3930 deﬁnitis
3127 3863 3246 3931 fieri
3269 3863 3330 3917 in
3353 3878 3456 3926 me,
3483 3865 3647 3918 citius

1991 3952 2212 4020 explete.
2247 3952 2407 4006 Novit
2428 3952 2570 4003 enim
2591 3953 2752 4012 Deus,
2772 3951 3014 4004 maxima
3038 3950 3176 4003 mihi
3194 3950 3337 4004 dona
3358 3951 3646 4017 tribuistis,

1991 4054 2314 4110 quacunque
2341 4053 2422 4092 me
2465 4038 2617 4092 clade
2626 4038 3037 4107 jugulaveritis.
3061 4039 3432 4097 Percontatus
3459 4046 3649 4099 autem

1993 4129 2292 4200 quemdam
2313 4129 2382 4184 de
2403 4127 2888 4196 ministrantibus,
2905 4127 3236 4200 Sagolebam
3255 4129 3542 4202 videlicet,
3568 4144 3654 4187 sa-

1991 4217 2283 4286 cellarius,
2308 4217 2355 4272 si
2381 4222 2516 4273 sunt
2543 4215 2687 4273 foris
2707 4216 2812 4271 alii
2837 4217 3046 4287 aliqui,
3067 4217 3166 4287 qui
3191 4218 3434 4275 debeant
3457 4220 3652 4276 testiﬁ-

1991 4308 2157 4362 cari?
2182 4306 2478 4377 respondit
2507 4305 2730 4362 scriba:
2758 4306 2922 4375 Sunt,
2960 4305 3211 4371 domine,
3251 4308 3489 4377 plurimi
3519 4309 3644 4365 alii.

273 4399 466 4454 Erant
498 4401 689 4454 autem
720 4398 870 4453 inter
907 4403 1265 4454 accusatores
1306 4396 1564 4454 infelices
1590 4397 1878 4468 Imeritus,
1910 4395 1966 4456 D
1993 4396 2327 4452 Deﬁcientes
2347 4399 2535 4450 autem
2561 4393 2617 4448 hi
2643 4393 2742 4464 qui
2769 4392 3170 4463 praesidebant,
3198 4399 3394 4451 sancto
3414 4400 3472 4451 et
3494 4409 3653 4452 vene-

199 4488 596 4544 etTherimus
611 4493 665 4541 et
686 4486 896 4556 reliqui
915 4501 1148 4544 numero
1163 4488 1326 4559 quasi
1353 4487 1581 4558 viginti,
1600 4487 1686 4557 pri
1700 4500 1882 4542 mores

204 4577 440 4632 milites
497 4580 554 4631 et
613 4575 822 4646 reliqui
867 4580 1216 4632 accusantes.
1262 4576 1540 4632 Jurabant
1585 4580 1772 4632 autem
1811 4577 1880 4631 ad

199 4671 414 4720 sancta
445 4663 778 4735 Evangelia,
806 4664 890 4720 sic
915 4671 970 4719 et
1007 4665 1477 4720 testiﬁcabantur.
1510 4664 1884 4719 Primicerius

199 4765 341 4808 sane
371 4751 647 4808 omnium
685 4753 1077 4807 accusantium
1109 4759 1231 4807 erat
1267 4753 1585 4808 Dorotheus
1607 4752 1886 4822 patricius

195 4842 465 4910 Cilicum,
490 4840 593 4909 qui
617 4841 823 4908 jurans
852 4840 1026 4912 dixit,
1057 4842 1324 4912 quoniam
1355 4841 1775 4912 quinquaginta
1801 4855 1888 4897 ca-

199 4931 324 5000 pita
359 4930 418 4984 si
469 4927 724 4996 haberet,
759 4941 870 4983 non
901 4935 1187 4998 oporteret
1231 4944 1360 4984 eum
1396 4929 1583 4985 vivere
1625 4943 1690 4986 eo
1735 4929 1882 5000 quod

197 5021 368 5075 solus
401 5016 701 5073 subvertit
729 5022 786 5072 et
830 5018 1080 5088 perdidit
1135 5018 1463 5074 universum
1504 5018 1884 5080 Occidentem.

197 5113 252 5162 et
277 5106 536 5175 delevit,
561 5112 618 5160 et
636 5119 826 5161 revera
853 5107 1029 5162 unius
1052 5107 1284 5163 consilii
1314 5105 1426 5162 fuit
1447 5121 1574 5162 cum
1602 5106 1886 5178 Olympio,

195 5201 253 5252 et
281 5194 588 5252 inimicus
635 5195 922 5250 homicida
953 5195 1318 5265 imperatoris
1347 5201 1403 5251 et
1433 5197 1694 5252 Romana:
1723 5195 1752 5237 δ
1785 5211 1891 5251 ur-

197 5282 526 5340 banitatis.
570 5282 783 5339 Videns
803 5297 936 5356 ergo
961 5284 1156 5353 justus
1183 5285 1272 5339 vir
1309 5285 1664 5340 introeuntes
1701 5298 1798 5340 eos
1835 5289 1891 5340 et

195 5376 492 5443 jurantes
547 5371 674 5428 sine
739 5373 1015 5442 parcitate
1073 5374 1501 5444 testiﬁcatores,
1559 5387 1890 5444 compassus

273 5509 305 5571 tl
337 5497 731 5571 Ιξηιηίὶρίιπςὶᾳ1
787 5489 1124 5571 Ηρᾳνοδιὰρα
1165 5498 1326 5571 Υἰιιθ
1359 5498 1728 5571 iChronicon.
1801 5499 1892 5571 Pa-

216 5569 432 5628 schale
472 5582 596 5641 pag.
631 5566 756 5640 308,
785 5566 852 5624 et'
880 5566 1309 5643 Constantinop.
1343 5569 1553 5630 Christ.
1588 5568 1888 5639 Ducangii,

1993 4485 2163 4541 rabili
2197 4489 2416 4539 astante
2457 4483 2583 4539 viro
2637 4483 2694 4538 in
2722 4485 3027 4552 conspectu
3061 4495 3279 4553 eorum,
3311 4488 3368 4539 et
3407 4485 3656 4554 potissi-

1995 4588 2147 4631 mum
2185 4573 2406 4642 Spiritu
2455 4587 2583 4628 eum
2611 4577 2807 4627 sancto
2853 4571 3132 4642 ﬁrmante,
3163 4571 3439 4628 dixerunt
3484 4573 3654 4631 sulti-

1993 4677 2118 4718 cere
2162 4667 2354 4718 testes.
2399 4663 2534 4716 Erat
2584 4661 2795 4731 quippe
2848 4661 3131 4732 interpres
3179 4674 3400 4733 eorum,
3446 4675 3574 4734 qua
3618 4677 3652 4720 a

1993 4753 2198 4808 Sancto
2253 4750 2611 4819 dicebantur,
2667 4749 2991 4820 verborum,
3043 4749 3408 4808 Innocentius
3449 4753 3652 4810 consul

1998 4840 2156 4896 ﬁlius
2175 4839 2422 4905 Thomie,
2457 4837 2554 4908 qui
2587 4841 2710 4892 erat
2741 4837 2813 4892 ab
2842 4836 3033 4894 Africa
3064 4856 3078 4893 :
3113 4843 3188 4908 et,
3219 4852 3350 4896 cum
3379 4840 3654 4912 interpre-

2001 4932 2219 4984 taretur
2237 4940 2301 4982 ea
2333 4941 2457 4997 qua:
2479 4939 2510 4981 a
2538 4925 2700 4982 beato
2731 4926 2855 4981 viro
2883 4926 3246 4996 dicebantur,
3271 4941 3384 4985 non
3415 4928 3652 4996 ferebat,

2001 5016 2198 5072 videns
2225 5016 2405 5086 ignita
2427 5014 2619 5084 jacula
2646 5013 2828 5069 sancti
2851 5013 3106 5084 Spiritus
3126 5029 3158 5071 a
3188 5017 3302 5072 Deo
3325 5013 3652 5075 honorabili

1999 5105 2123 5161 viro
2158 5110 2352 5160 contra
2407 5118 2504 5160 eos
2548 5102 2785 5174 prolata.
2837 5101 2934 5158 Ait
2981 5103 3052 5159 ad
3085 5105 3478 5163 Innocentium
3521 5119 3652 5164 cum

2001 5191 2220 5249 furore:
2245 5193 2359 5249 Cur
2376 5191 2543 5248 nobis
2561 5190 2956 5262 interpretaris
2973 5191 3294 5264 quaedicit?
3313 5193 3441 5252 Noli
3463 5193 3655 5250 dicere

2001 5296 2125 5353 qua:
2153 5282 2317 5338 dicit.

2067 5373 2318 5442 Surgens
2348 5384 2482 5444 ergo
2525 5369 2802 5428 continuo
2845 5370 3184 5428 sacellarius
3207 5384 3337 5428 cum
3386 5369 3654 5440 plurimis

2002 5487 2083 5542 lib
2109 5501 2169 5555 ιι,
2199 5489 2318 5542 sect
2339 5485 2392 5557 6,
2430 5499 2584 5542 num.
2613 5483 2662 5557 l,
2698 5500 2820 5558 pag.
2855 5483 2976 5545 438.
3004 5485 3080 5544 Id.

2083 5557 2093 5592 '
2123 5560 2396 5640 πρλιτείας
2445 5567 2772 5644 reipublicw.
