4034 6158
441 249 550 312 595

1674 251 2027 309 ANASTASII
2077 249 2617 307 BIBLIOTHECARII
3698 254 3790 315 596

445 379 546 452 qui
567 379 942 436 consederant
963 379 1016 436 ei
1042 380 1338 452 ingressus
1357 385 1446 437 est
1474 379 1743 436 nuntiare
1765 376 2101 450 imperatori
2133 374 2193 435 A
2212 389 2342 433 cum
2393 389 2507 432 uno
2555 375 2912 432 solummodo
2943 374 3278 431 indumento
3304 387 3337 430 a
3359 388 3564 432 summo
3584 377 3792 437 discisso

444 481 684 540 quaeque
711 469 832 538 ipse
861 468 1062 525 voluit.
1099 469 1435 526 Eduxerant
1453 475 1642 526 autem
1673 472 1933 524 sanctum
1955 479 2104 537 apo-

440 557 710 613 stolicum
732 557 918 612 virum
939 558 1010 614 de
1029 557 1172 614 cella
1197 558 1434 628 judicii,
1460 557 1644 628 magis
1662 562 1851 612 autem
1881 570 1949 612 ex
1969 555 2102 612 aula

439 645 686 716 Caiphae,
748 646 807 702 in
858 647 1168 718 gestatorio
1221 647 1392 703 sedili
1439 647 1745 712 sedentem,
1785 650 1842 702 et
1879 648 2104 701 statue-

441 740 579 792 runt
607 748 736 791 eum
763 735 823 790 in
865 735 1050 791 medio
1087 735 1224 792 atrii
1270 735 1420 806 quod
1452 739 1576 791 erat
1603 739 1737 790 ante
1769 733 1971 790 cellam
2002 745 2105 788 sa-

439 823 683 895 cellarii,
707 827 762 879 et
801 823 1123 894 imperialis
1157 824 1395 896 stabuli,
1430 839 1544 896 quo
1573 827 1943 880 consueverat
1967 836 2099 878 om-

440 913 536 970 nis
576 912 824 984 populus
869 913 1173 969 convenire
1215 917 1272 969 et
1309 918 1634 984 exspectare
1677 911 1966 969 sacellarii
2000 912 2103 967 in-

439 1017 716 1076 gressum.
741 1002 1253 1059 Circumdederunt
1294 1016 1423 1058 eum
1449 1002 1830 1070 excubitores,
1866 1005 2103 1071 eratque

437 1091 708 1148 omnibus
735 1090 1123 1161 spectaculum
1150 1089 1514 1147 formidabile
1542 1090 1751 1147 turbis.
1793 1092 1926 1146 Post
1953 1102 2104 1160 pau-

441 1181 626 1240 lulum
649 1193 801 1252 ergo,
821 1180 1122 1250 jusserunt
1146 1178 1348 1236 inferri
1380 1193 1508 1236 eum
1543 1181 1602 1236 in
1627 1179 1916 1237 solarium-
1935 1192 2102 1250 expo-

439 1269 698 1340 sitionis,
725 1273 790 1326 ut
813 1274 962 1325 esset
984 1268 1065 1324 ibi
1093 1275 1378 1339 quatenus
1408 1269 1760 1340 prospiceret
1789 1269 2102 1340 imperator

438 1371 540 1428 per
561 1357 845 1414 cancellos
885 1357 1134 1414 triclinii
1165 1359 1258 1415 sui
1289 1372 1357 1414 ea
1401 1373 1528 1429 qua:
1557 1357 1754 1415 futura
1783 1363 1945 1414 erant
1973 1357 2098 1416 ﬁeri

436 1448 572 1504 Erat
601 1447 796 1518 itaque
825 1446 1138 1503 multitudo
1174 1447 1517 1517 populorum
1566 1461 1749 1518 usque
1783 1447 1852 1503 ad
1886 1448 2102 1518 hippo—

436 1538 699 1594 dromum
759 1534 1015 1591 conferta
1058 1535 1525 1591 convenientium
1570 1535 1714 1592 illic.
1761 1536 2101 1593 Statuerunt

436 1639 570 1696 ergo
594 1624 1118 1680 reverentissimum
1141 1625 1331 1680 virum
1364 1625 1425 1680 in
1450 1625 1637 1682 medio
1667 1625 1868 1682 solarii
1893 1625 2104 1696 dispo-

2215 466 2275 522 in
2299 465 2446 522 duas
2489 469 2698 538 partes,
2749 469 2806 522 et
2833 465 2960 521 sine
2997 463 3279 520 cinctorio
3321 464 3655 537 sequebatur,
3677 468 3791 526 adeo

2213 559 2280 611 ut
2317 555 2595 612 interiora
2635 555 2762 625 ejus
2809 553 3228 626 quodammodo
3258 553 3404 609 nuda
3441 554 3793 628 pandereutur,

2211 649 2268 700 et
2297 643 2617 701 multifaria
2649 644 2879 716 quidem
2915 643 3193 700 continuo
3221 642 3564 714 populorum,
3587 658 3796 715 conspe-

2212 733 2324 790 ctis
2371 747 2499 806 qua:
2555 733 2785 803 fiebant,
2831 733 3147 806 gemebant,
3205 736 3270 788 ut
3310 731 3587 787 veritatem
3621 733 3795 803 dicam,

2211 826 2268 878 et
2297 822 2774 894 lacrymabantur.
2808 823 2980 878 Pauci
3006 827 3196 879 autem
3220 820 3601 877 ministrorum
3624 827 3799 879 satana

2213 912 2534 984 gaudebant
2566 916 2624 968 et
2659 911 3106 984 subsannabant,
3140 916 3197 966 et
3233 909 3417 981 capita
3467 914 3796 984 transeuntes,

2211 1001 2365 1058 sicut
2392 1001 2671 1072 scriptum
2705 1006 2796 1057 est
2820 1001 3136 1073 movebant,
3165 1000 3447 1056 dicentes:
3481 999 3577 1054 Ubi
3603 1004 3672 1054 est
3688 1002 3800 1056 Deus

2211 1090 2349 1158 ejus,
2382 1095 2432 1145 et
2455 1091 2551 1145 ubi
2566 1091 2701 1161 ﬁdes
2721 1092 2860 1160 ejus,
2889 1096 2941 1146 et
2966 1090 3062 1144 ubi
3078 1089 3329 1144 doctrina
3351 1090 3516 1159 ipsius
3535 1090 3562 1142 ἵ)
3579 1087 3678 1158 Qui
3695 1101 3800 1144 cum

2210 1179 2459 1236 venisset
2481 1180 2538 1236 in
2563 1181 2893 1250 praetorium
2916 1179 3325 1237 dehon'estatus
3345 1182 3402 1233 et
3423 1191 3456 1234 a
3483 1175 3805 1233 carnificibus

2209 1269 2540 1326 vinculatus
2580 1283 2710 1325 cum
2757 1269 2987 1342 gladiis,
3033 1268 3400 1338 conjecerunt
3421 1279 3546 1323 eum
3575 1265 3630 1320 in
3659 1279 3802 1322 unum

2209 1372 2497 1416 carcerum
2521 1373 2651 1416 cum
2675 1359 3004 1426 homicidis,
3030 1366 3088 1414 et
3117 1363 3244 1428 post
3264 1369 3433 1413 unam
3459 1355 3615 1427 quasi
3642 1354 3806 1412 horam

2209 1449 2468 1505 tulerunt
2496 1462 2624 1504 eum
2667 1448 2820 1520 inde,
2859 1455 2914 1504 et
2955 1449 3434 1518 transposuerunt
3461 1445 3519 1500 in
3554 1457 3682 1516 eam,
3706 1457 3808 1514 qua

2209 1539 2430 1595 dicitur
2493 1538 2787 1595 Diomedis
2845 1537 3127 1608 custodia,
3166 1537 3228 1592 in
3275 1534 3538 1606 praetorio
3571 1531 3806 1590 Praefecti.

2209 1629 2386 1684 Tanta
2427 1632 2616 1684 autem
2657 1627 2936 1684 instantia
2959 1631 3016 1683 et
3047 1627 3104 1682 vi
3130 1623 3435 1682 trahebant
3454 1637 3577 1680 eum
3602 1621 3812 1680 vinculis

436 1693 693 1784 sitionis,
727 1713 1027 1782 praesentia
1051 1713 1234 1770 totius
1279 1718 1514 1770 senatus
1533 1713 1846 1770 subnixum
1887 1693 2022 1771 hinc
2045 1722 2102 1774 et
2131 1693 2184 1753 Β
2215 1731 2420 1774 nexum
2453 1717 2518 1775 ut
2552 1717 2977 1773 dilaniarentur
3011 1729 3182 1772 crura
3219 1720 3276 1771 et
3328 1713 3568 1786 poplites
3612 1712 3738 1782 ejus,
3769 1716 3816 1767 et

438 1801 589 1857 inde.
624 1801 791 1858 Facta
815 1806 903 1857 est
925 1815 1062 1874 ergo
1086 1803 1436 1873 constipatio
1455 1803 1650 1858 subito
1691 1817 1804 1861 non
1836 1803 2098 1860 minima:

435 1896 493 1946 et
528 1890 726 1946 exiens
763 1889 834 1946 ab
879 1891 1221 1961 imperatore
1269 1891 1606 1948 sacellarius
1655 1893 1871 1962 apertis
1905 1894 2104 1963 januis

442 1978 690 2034 triclinii
733 1979 792 2034 in
833 1977 1108 2034 solarium
1148 1979 1405 2036 dividere
1445 1980 1776 2037 universum
1825 1981 2098 2052 populum

435 2067 632 2138 jussit.
659 2066 1016 2138 Veniensque
1034 2067 1102 2123 ad
1127 2073 1384 2125 sanctum
1413 2082 1478 2124 ac
1506 2069 1886 2126 venerabilem
1913 2072 2098 2128 virum

439 2155 750 2210 Martinum
775 2155 1176 2225 apostolicum,
1199 2155 1355 2212 dixit
1387 2157 1457 2213 ad
1483 2171 1648 2214 eum:
1681 2159 1819 2214 Vide
1838 2161 2100 2230 quomodo

441 2245 586 2298 Deus
615 2247 666 2297 te
705 2243 888 2309 duxit,
914 2249 965 2298 et
993 2244 1230 2299 tradidit
1252 2247 1312 2299 in
1353 2261 1550 2301 manus
1570 2252 1802 2303 nostras.
1842 2251 1922 2304 Tu
1952 2253 2102 2305 nite—

439 2331 592 2386 baris
627 2335 817 2386 contra
858 2335 1272 2406 imperatorem:
1307 2335 1444 2403 quid
1489 2335 1591 2390 tibi
1618 2339 1736 2406 spei
1779 2342 1942 2393 erat?
1967 2341 2101 2395 Ecce

441 2419 787 2489 dereliquisti
806 2421 998 2484 Deum,
1042 2425 1093 2475 et
1121 2404 1414 2491 dereliquit
1457 2427 1506 2478 te
1532 2404 1694 2480 Deus.
1725 2427 1794 2480 Et.
1821 2428 2099 2484 continuo

438 2507 762 2565 exclamans
787 2509 1126 2566 sacellarius
1150 2511 1448 2580 quemdam
1474 2514 1788 2570 astantium
1810 2516 2101 2574 excubito-

435 2609 564 2652 rum
603 2601 908 2666 tonsorem,
963 2599 1232 2668 praecepit
1259 2600 1385 2656 sine
1429 2615 1583 2658 mora
1621 2602 1846 2660 auferre
1886 2606 2100 2675 psach-

433 2683 574 2740 nion
600 2695 630 2726 α
655 2685 864 2741 summi
900 2690 957 2741 et
988 2686 1291 2756 apostolici
1325 2695 1496 2759 atque
1539 2693 1815 2764 praecipui
1848 2697 2097 2764 pastoris

436 2774 694 2830 omnium
723 2774 1209 2850 Christianorum,
1243 2779 1342 2849 qui
1365 2780 1740 2838 orthodoxam
1767 2789 2092 2842 sanctorum

434 2863 665 2918 Patrum
708 2867 764 2918 et
797 2865 1141 2934 synodorum
1186 2865 1623 2941 confessionem,
1669 2871 1775 2928 hoc
1802 2878 1889 2930 est
1927 2874 2093 2931 fidem

2213 1807 2450 1878 sanguis
2473 1806 2724 1863 efﬂueret
2749 1820 2847 1877 per
2866 1819 3162 1862 ascensum
3190 1805 3360 1861 scalae
3383 1803 3622 1874 ejusdem
3649 1804 3818 1858 custo-

2211 1897 2341 1953 ἀίω.
2369 1897 2514 1954 Sunt
2532 1897 2686 1952 enim
2713 1895 3024 1966 scopulosi,
3051 1900 3109 1951 et
3136 1895 3331 1965 asperi
3356 1893 3517 1950 valde
3539 1906 3601 1948 ac
3623 1891 3818 1961 penitus

2214 1986 2275 2042 in
2320 1985 2499 2042 altum
2545 1985 2788 2056 porrecti
2829 1986 3059 2058 gradus.
3105 1986 3240 2040 Erat
3266 1988 3460 2040 autem
3501 1982 3616 2053 ipse
3653 1979 3820 2036 beatus

2214 2075 2512 2145 praesentis
2527 2074 2656 2130 vitae
2671 2074 2966 2145 proximus
2980 2075 3098 2144 jam
3112 2086 3312 2130 carere
3325 2071 3642 2143 suppliciis,
3661 2067 3821 2124 anima

2210 2164 2511 2220 deficiente
2554 2162 2724 2219 etiam
2757 2168 2889 2218 ante
2932 2162 3209 2234 gladium,
3259 2175 3399 2218 cum
3421 2162 3536 2232 jam
3561 2172 3665 2216 non
3691 2156 3823 2212 vale-

2211 2257 2299 2310 ret
2337 2253 2714 2310 conscendere
2757 2265 2886 2308 cum
2915 2265 2973 2308 se
3015 2250 3406 2308 trahentibus.
3441 2248 3822 2306 Introducentes

2209 2357 2343 2416 ergo
2367 2355 2516 2413 eum,
2546 2341 3060 2413 quomodocunque
3083 2341 3140 2396 in
3162 2340 3490 2398 custodiam
3512 2337 3824 2395 decidentem

2209 2432 2422 2502 saepius
2449 2437 2506 2486 et
2530 2436 2855 2502 surgentem
2877 2436 3214 2502 posuerunt,
3234 2429 3300 2485 in
3335 2441 3564 2486 scamno
3591 2427 3822 2482 indutum

2207 2521 2414 2578 calibis
2441 2527 2498 2577 et
2534 2521 2770 2577 catenis.
2818 2521 2976 2575 Tunc
2999 2518 3172 2589 enim,
3221 2520 3460 2590 quando
3497 2516 3731 2573 traditus
3757 2517 3827 2569 est

2205 2625 2238 2666 a
2267 2611 2479 2681 Caipha
2506 2611 2687 2666 Pilato
2713 2615 2777 2666 ut
2791 2609 3242 2682 crucifigeretur,
3268 2609 3386 2664 hoc
3413 2611 3500 2664 est
3517 2620 3548 2662 a
3579 2603 3824 2676 praefecto,

2205 2699 2481 2756 continuo
2495 2713 2625 2755 cum
2651 2702 2922 2754 exuerent
2940 2711 3070 2754 eum
3096 2697 3426 2768 carnifices,
3446 2696 3683 2770 graviter
3705 2691 3832 2763 algo-

2206 2789 2370 2846 ribus
2389 2788 2736 2844 vexabatur:
2765 2793 2888 2843 erat
2911 2787 3064 2843 enim
3091 2787 3492 2844 intolerabilis
3521 2786 3708 2840 hiems.
3739 2783 3823 2836 Im-

2204 2884 2518 2950 posuerunt
2575 2878 2973 2950 eigravissima
3030 2875 3166 2933 ferri
3227 2878 3510 2948 pondera,
3553 2880 3607 2931 et
3663 2869 3833 2928 nullus

434 2951 815 3023 confirmaxit,
839 2960 896 3010 et
923 2955 1052 3010 novi
1087 2957 1303 3012 erroris
1331 2965 1578 3031 cxortos,
1603 2966 1886 3036 auctores,
1919 2978 2094 3023 novos
2139 3035 2168 3038 ,ν
2201 2969 2397 3025 aderat
2423 2969 2476 3024 ei
2511 2967 2808 3024 hominum
2851 2967 2976 3037 ejus
3003 2967 3300 3038 proprius,
3350 2969 3584 3037 excepto
3613 2975 3716 3020 uno
3741 2971 3828 3015 so-

437 3039 706 3098 videlicet
745 3042 1062 3129 haereticos,
1099 3059 1229 3101 cum
1267 3045 1466 3117 impiis
1489 3035 2092 3122 dogmatibuseorum
2123 3035 2172 3098 C
2204 3057 2493 3113 lummodo
2536 3055 2745 3112 clerico
2796 3035 3186 3111 adolescente:
3237 3035 3471 3128 quique
3492 3035 3833 3111 'commanens

432 3129 707 3185 canonice
726 3134 783 3186 et
801 3133 1070 3202 synodice
1107 3135 1624 3194 anathematizavit.
1667 3140 1806 3196 Cum
1831 3155 1967 3214 ergo
1994 3143 2096 3199 in-

432 3217 673 3275 cidisset
697 3220 1011 3290 psachnion
1034 3222 1184 3280 beati
1218 3225 1328 3280 viri
1349 3227 1669 3302 excubitor,
1701 3235 1760 3286 et
1782 3232 2090 3306 corrigiam

431 3307 862 3381 campagiorum
894 3309 1038 3383 ejus,
1076 3313 1272 3368 statim
1319 3315 1566 3373 tradidit
1601 3332 1731 3375 eum
1757 3321 2096 3379 sacellarius

431 3393 696 3492 praefecto
747 3396 930 3468 urbis,
962 3398 1191 3456 dicens:
1232 3403 1377 3458 Tolle
1405 3420 1545 3469 eum,
1587 3406 1802 3463 domine
1821 3414 2092 3492 prmfecte,

432 3487 484 3537 et
505 3485 760 3538 continuo
800 3487 1144 3544 membratim
1179 3491 1360 3545 incide
1397 3493 1569 3548 illum.
1616 3495 1755 3552 Cum
1783 3497 1876 3553 his
1904 3485 2092 3556 autem

431 3571 702 3629 omnibus
715 3574 897 3642 jussit
923 3577 1251 3634 astantibus
1269 3581 1750 3639 anathematizare
1768 3598 1917 3656 eum,
1943 3589 2091 3658 quod

430 3665 488 3716 et
533 3659 807 3717 fecerunt.
854 3663 977 3718 Non
1009 3665 1424 3734 responderunt
1460 3675 1650 3727 autem
1697 3673 2087 3743 hujuscemodi

429 3750 555 3806 voci
581 3749 787 3821 viginti
827 3750 1083 3807 virorum
1121 3753 1346 3810 animae.
1379 3756 1484 3814 Sed
1514 3773 1712 3817 omnes
1741 3763 1958 3836 quique
1985 3767 2090 3825 hoc

432 3837 622 3908 ipsum
651 3835 938 3903 videbant,
979 3843 1037 3894 et
1073 3839 1333 3898 sciebant
1377 3845 1514 3916 quia
1557 3854 1644 3903 est
1671 3849 1822 3907 Deus
1848 3835 1907 3908 in
1947 3855 2090 3913 cmio

430 3930 765 3995 conspector
807 3938 1004 3980 eorum
1045 3941 1172 3998 quae
1219 3929 1446 4002 fiebant,
1478 3935 1722 3995 dimisso
1755 3940 1921 3998 vultu
1959 3958 2090 4002 cum

432 4012 613 4068 multa
635 4012 1027 4070 mmstitudine
1045 4017 1376 4076 recedebant
1395 4023 1680 4082 tribulati.
1704 4027 2092 4102 Suscipientes

433 4113 568 4173 ergo
595 4103 1068 4192 eumucarnifices
1103 4115 1388 4167 exuerunt
1405 4114 1662 4172 exterius
1698 4119 1823 4189 ejus
1848 4121 2088 4192 pallium

431 4189 803 4282 sacerdotalis
861 4192 1042 4264 stola,
1081 4200 1140 4252 et
1179 4197 1503 4258 scindentes
1552 4204 1674 4262 alas
1719 4189 1929 4266 tunicae
1963 4228 2089 4282 quae

430 4281 554 4333 erat
578 4277 888 4370 interiusa
916 4295 1139 4341 summo
1166 4299 1346 4358 usque
1369 4291 1635 4350 deorsum
1665 4277 2086 4370 circumposue-

430 4370 569 4423 runt
593 4365 772 4424 ferrea
795 4369 1026 4428 vincula
1053 4373 1112 4428 in
1143 4382 1394 4433 sanctam
1415 4381 1540 4448 ejus
1569 4385 1866 4459 cervicem,
1889 4365 1955 4445 “et
1986 4406 2084 4461 per
2113 4371 2168 4432 D

430 4469 595 4512 omne
631 4470 840 4528 corpus
890 4461 1017 4530 ejus
1055 4463 1344 4522 trahentes
1369 4479 1500 4524 eum
1529 4471 1608 4540 vi,
1644 4487 1755 4530 non
1797 4490 2086 4539 concesse-

430 4550 566 4600 runt
594 4547 824 4616 penitus
864 4549 918 4605 ei
957 4549 1174 4607 alicubi
1207 4554 1456 4612 residere
1474 4561 1530 4614 et
1570 4561 1820 4621 animam
1847 4568 2087 4628 refocil—

429 4632 567 4724 lare,
614 4635 708 4692 sed
757 4651 790 4692 a
835 4637 1048 4708 palatio
1095 4639 1388 4699 duxerunt
1450 4659 1579 4705 eum
1633 4653 1992 4721 publicantes
2029 4671 2086 4724 et

427 4722 867 4824 dehonestaan
887 4741 988 4798 per
1009 4727 1261 4785 medium
1285 4731 1542 4793 civitatis
1557 4740 1625 4795 ad
1651 4747 2002 4824 praetorium,
2027 4722 2086 4809 et.

428 4811 657 4884 gladius
683 4828 872 4872 coram
911 4829 996 4872 eo.

495 4901 632 4990 Erat
667 4911 854 4960 autem
883 4905 1050 4962 dolor
1085 4920 1325 4981 magnus
1363 4911 1524 4973 beato
1555 4917 1669 4990 illi,
1694 4926 1752 4978 et
1781 4925 2084 4986 inenarra—

425 4989 599 5087 bilis:
660 4992 870 5087 oppido
923 4993 1074 5087 enim
1106 5005 1236 5087 erat
1283 4998 1469 5059 fessus
1527 5011 1584 5062 et
1622 5008 1906 5077 infirmus,
1968 5032 2082 5087 pra:

423 5077 607 5135 tantis
657 5079 1036 5140 incommodis
1095 5083 1329 5147 futurus
1384 5093 1708 5166 relinquere
1762 5077 2010 5161 animam
2048 5121 2082 5164 a

428 5179 694 5238 pressura
734 5169 1068 5238 passionum
1118 5181 1174 5232 et
1201 5180 1486 5238 tenuitate
1525 5187 1770 5256 coporis.
1819 5191 2080 5253 Attamen

427 5256 680 5358 gaudens
728 5271 828 5328 spe
882 5260 1312 5358 confortabatur
1369 5270 1427 5326 in
1495 5273 1772 5335 Domino:
1821 5287 1898 5351 et,
1968 5300 2080 5358 quo

426 5343 609 5434 magis
653 5358 781 5434 cum
841 5347 1148 5409 afﬂictione
1188 5359 1243 5410 et
1283 5357 1339 5412 vi
1376 5360 1728 5429 trahebatur,
1771 5383 1838 5426 eo
1881 5343 2080 5434 sereno

425 5431 632 5541 obtutu
654 5433 1040 5541 ductus-cum
1088 5441 1266 5541 multa
1290 5451 1609 5508 constantia
1637 5457 1844 5518 animae
1861 5431 2074 5541 justus,

2199 3148 2252 3204 ei
2267 3147 2325 3202 in
2344 3146 2628 3217 custodia,
2647 3149 2703 3202 et
2715 3150 3048 3218 superstans
3061 3145 3495 3204 lamentabatur
3508 3143 3829 3218 magistrum,

2200 3236 2372 3294 sicuti
2420 3236 2638 3292 Petrus.

2274 3423 2408 3478 Erat
2445 3420 2616 3476 etiam
2660 3419 2997 3476 convinctus
3043 3417 3326 3490 magister
3373 3417 3652 3476 custodite
3679 3412 3838 3471 eidem

2204 3510 2389 3579 beato,
2423 3508 2691 3581 quoniam
2735 3508 2820 3564 sic
2867 3513 2988 3564 erat
3028 3522 3167 3578 mos,
3213 3513 3283 3564 ut
3331 3508 3574 3566 futurus
3617 3503 3724 3576 pati
3757 3513 3839 3571 per

2204 3597 2456 3670 gladium
2482 3597 2910 3654 convinciretur
2925 3598 3198 3670 magistro
3213 3597 3529 3654 custodiae.
3548 3597 3718 3652 Erant
3727 3598 3838 3662 ergo

2202 3689 2331 3744 duae
2354 3687 2644 3753 mulieres,
2671 3687 2923 3760 genitrix
2951 3692 3007 3742 et
3036 3691 3188 3756 nata,
3219 3688 3662 3757 praenominata:
3681 3685 3843 3739 custo-

2201 3777 2314 3834 diae
2343 3776 2528 3834 claves
2557 3781 2832 3844 tenentes,
2865 3789 3104 3848 quisque
3149 3776 3514 3846 aspicientes
3541 3767 3843 3846 importabi-

2204 3867 2313 3924 lem
2334 3866 2586 3924 dolorem
2613 3867 2796 3922 sancti
2821 3865 2985 3922 illius
3010 3864 3110 3936 qui
3145 3865 3303 3922 inter
3328 3870 3420 3924 tot
3439 3877 3730 3938 poenarum
3758 3873 3846 3933 ge-

2203 3969 2338 4012 nera
2379 3969 2505 4027 quae
2551 3955 2806 4024 aderant,
2857 3953 3049 4026 algore
3096 3954 3457 4025 quatebatur
3503 3950 3838 4011 durissimo:

2201 4050 2365 4102 mota:
2393 4043 2890 4116 compassionibus
2931 4043 3260 4115 quaerebant
3307 4045 3577 4116 aliquam
3604 4039 3846 4098 exhibere

2201 4133 2654 4190 misericordiam
2695 4147 2824 4189 cum
2872 4146 2958 4204 eo,
2990 4139 3047 4190 et
3075 4139 3385 4207 contegere
3415 4147 3572 4204 eum,
3619 4131 3709 4187 sed
3747 4135 3841 4182 non

2197 4222 2482 4278 audebant
2523 4226 2756 4294 propter
2783 4222 3148 4278 convinctum
3187 4228 3245 4278 et
3275 4224 3709 4281 custodientem
3731 4229 3848 4273 car-

2197 4310 2442 4368 nificem.
2465 4311 2749 4368 Putabant
2772 4311 2924 4368 enim
2945 4316 3203 4368 actutum
3224 4319 3542 4382 venturam
3571 4317 3843 4368 censuram

2199 4404 2262 4456 ut
2288 4400 2696 4457 trucidaretur.
2727 4401 2860 4456 Post
2885 4401 3158 4471 quasdam
3189 4414 3328 4457 vero
3363 4402 3569 4471 horas,
3600 4411 3727 4456 cum
3758 4408 3851 4450 vo—

2193 4495 2418 4546 cassent
2439 4490 2671 4562 quidam
2697 4489 2768 4545 ab
2795 4491 2910 4546 imo
2925 4504 2994 4546 ex
3018 4490 3221 4546 ordine
3241 4491 3506 4548 militari
3528 4489 3844 4561 magistrum

2193 4579 2410 4650 vigiliae
2437 4579 2782 4651 carnificem,
2835 4580 3209 4636 descendente
3237 4593 3331 4650 eo,
3388 4593 3513 4638 una
3559 4577 3848 4636 mulierum

2193 4667 2612 4741 ergastulorum
2643 4669 2875 4726 illorum
2928 4669 3159 4740 pietatis
3197 4669 3431 4727 viscere
3456 4673 3657 4739 ducta,
3701 4675 3848 4721 acce-

2192 4757 2333 4814 dens
2361 4757 2818 4828 amplectensque
2841 4757 3172 4815 bellatorem
3208 4759 3470 4830 Christi,
3495 4765 3558 4816 et
3585 4750 3851 4830 apostoli-

2191 4861 2322 4904 cum
2354 4851 2589 4918 patrem,
2636 4851 2980 4918 portansque
3017 4846 3328 4904 reclinavit
3357 4863 3501 4906 eum
3537 4850 3598 4906 in
3635 4842 3849 4919 proprio

2193 4940 2317 4993 toro
2341 4950 2466 5009 suo,
2489 4940 2794 5008 contegens
2821 4936 3048 4993 utiliter
3061 4941 3118 4994 et
3148 4937 3485 4996 involvens.
3515 4935 3731 4995 Mansit
3754 4945 3852 4990 au—

2191 5030 2302 5081 tem
2351 5039 2532 5096 usque
2559 5025 2626 5082 ad
2665 5039 2960 5096 vesperum
3010 5027 3136 5083 sine
3181 5040 3342 5084 voce.
3388 5030 3649 5100 Vespere
3679 5028 3850 5082 autem

2191 5111 2362 5185 facto,
2390 5114 2550 5170 misit
2570 5113 2639 5170 ad
2677 5127 2805 5170 eum
2839 5115 3153 5188 Gregorius
3189 5115 3522 5174 Praefectus
3553 5112 3855 5174 Eunuchus

2189 5217 2256 5258 ex
2300 5201 2679 5260 cubiculariis
2728 5205 2994 5274 majorem
3039 5205 3246 5262 domus
3305 5221 3440 5263 sua:
3495 5221 3632 5264 cum
3680 5202 3856 5276 parvis

2189 5290 2449 5362 cibariis,
2520 5292 2618 5362 qui
2683 5291 2883 5349 refecit
2945 5308 3095 5366 eum,
3159 5295 3418 5352 dicens:
3475 5299 3563 5354 Ne
3633 5291 3854 5353 deﬁcias

2191 5381 2249 5435 in
2291 5379 2790 5453 tribulationibus,
2837 5383 3183 5441 confidimus
3214 5384 3270 5439 in
3318 5385 3546 5458 Deum,
3583 5400 3698 5442 non
3741 5393 3858 5438 mo-

2188 5467 2376 5525 rieris.
2419 5471 2480 5525 In
2521 5484 2636 5542 quo
2693 5472 2876 5545 magis
2924 5480 3262 5546 aggravatus
3327 5473 3442 5530 ille
3498 5474 3712 5532 beatus
3767 5471 3858 5527 in-

493 5540 526 5572 a
547 5531 660 5588 Hoc
683 5536 770 5588 est
793 5533 1032 5604 pallium
1057 5539 1142 5596 vel
1171 5555 1380 5612 peram.
1416 5549 1555 5606 Vide
1583 5553 1784 5614 Baron.
1816 5531 1885 5620 ad
1933 5531 2072 5623 ann.
2106 5566 2231 5638 654,
2265 5582 2428 5632 num.
2452 5531 2667 5644 40,.qui
2697 5531 2828 5630 cum
2859 5531 3537 5646 aliisvlegitpsachmon.
