  <div class='ocr_page' id='page_1' title='image "/cluster/home/n/w/nwhite01/storage/ocr_20150623/129/hvd.32044054759907/304.png"; bbox 0 0 4034 6158; ppageno 0'>
   <div class='ocr_carea' id='block_1_1' title="bbox 231 257 336 317">
    <p class='ocr_par' dir='ltr' id='par_1_1' title="bbox 231 257 336 317">
     <span class='ocr_line' id='line_1_1' title="bbox 231 257 336 317; baseline -0.038 0"><span class='ocrx_word' id='word_1_1' title='bbox 231 257 336 317; x_wconf 80' lang='grc'><strong>597</strong></span> 
     </span>
    </p>
   </div>
   <div class='ocr_carea' id='block_1_2' title="bbox 801 257 3063 323">
    <p class='ocr_par' dir='ltr' id='par_1_2' title="bbox 801 257 3063 323">
     <span class='ocr_line' id='line_1_2' title="bbox 801 257 3063 323; baseline 0.003 -9"><span class='ocrx_word' id='word_1_2' title='bbox 801 257 1308 318; x_wconf 82' lang='lat' dir='ltr'><strong>COLLECTANEA.</strong></span> <span class='ocrx_word' id='word_1_3' title='bbox 1348 292 1423 305; x_wconf 90' lang='lat'><strong>-—</strong></span> <span class='ocrx_word' id='word_1_4' title='bbox 1456 264 1548 322; x_wconf 86' lang='lat' dir='ltr'><strong>DE</strong></span> <span class='ocrx_word' id='word_1_5' title='bbox 1585 262 1862 322; x_wconf 78' lang='lat' dir='ltr'><strong>FURORE</strong></span> <span class='ocrx_word' id='word_1_6' title='bbox 1895 260 2405 323; x_wconf 70' lang='lat' dir='ltr'><strong>HERETICORUM</strong></span> <span class='ocrx_word' id='word_1_7' title='bbox 2443 263 2514 318; x_wconf 86' lang='lat' dir='ltr'><strong>IN</strong></span> <span class='ocrx_word' id='word_1_8' title='bbox 2552 262 2920 321; x_wconf 81' lang='lat' dir='ltr'><strong>MARTINUM</strong></span> <span class='ocrx_word' id='word_1_9' title='bbox 2961 264 3063 321; x_wconf 88' lang='lat' dir='ltr'><strong>PP.</strong></span> 
     </span>
    </p>
   </div>
   <div class='ocr_carea' id='block_1_3' title="bbox 3527 257 3642 324">
    <p class='ocr_par' dir='ltr' id='par_1_3' title="bbox 3527 257 3642 324">
     <span class='ocr_line' id='line_1_3' title="bbox 3527 257 3642 324; baseline 0 -52"><span class='ocrx_word' id='word_1_10' title='bbox 3527 257 3642 324; x_wconf 46' lang='grc' dir='ltr'><strong>ωδ</strong></span> 
     </span>
    </p>
   </div>
   <div class='ocr_carea' id='block_1_4' title="bbox 232 381 3638 459">
    <p class='ocr_par' dir='ltr' id='par_1_4' title="bbox 232 381 3638 459">
     <span class='ocr_line' id='line_1_4' title="bbox 232 381 3638 459; baseline 0.001 -19"><span class='ocrx_word' id='word_1_11' title='bbox 232 384 468 458; x_wconf 82' lang='lat' dir='ltr'><strong>gemuit.</strong></span> <span class='ocrx_word' id='word_1_12' title='bbox 499 383 880 442; x_wconf 84' lang='lat' dir='ltr'><strong>Abstulerunt</strong></span> <span class='ocrx_word' id='word_1_13' title='bbox 902 390 1091 443; x_wconf 89' lang='lat' dir='ltr'><strong>autem</strong></span> <span class='ocrx_word' id='word_1_14' title='bbox 1119 385 1300 445; x_wconf 88' lang='lat' dir='ltr'><strong>ferrea</strong></span> <span class='ocrx_word' id='word_1_15' title='bbox 1341 388 1579 446; x_wconf 86' lang='lat' dir='ltr'><strong>vincula</strong></span> <span class='ocrx_word' id='word_1_16' title='bbox 1608 381 2133 447; x_wconf 66' lang='lat' dir='ltr'><strong>continuo‘Ailluc</strong></span> <span class='ocrx_word' id='word_1_17' title='bbox 2174 385 2528 445; x_wconf 86' lang='lat' dir='ltr'><strong>miserabilis</strong></span> <span class='ocrx_word' id='word_1_18' title='bbox 2568 386 2733 444; x_wconf 90' lang='lat' dir='ltr'><strong>homo</strong></span> <span class='ocrx_word' id='word_1_19' title='bbox 2773 388 3081 459; x_wconf 76' lang='lat' dir='ltr'><strong>hospitari,</strong></span> <span class='ocrx_word' id='word_1_20' title='bbox 3120 386 3316 446; x_wconf 76' lang='lat' dir='ltr'><strong>omnia</strong></span> <span class='ocrx_word' id='word_1_21' title='bbox 3350 385 3427 446; x_wconf 84' lang='lat' dir='ltr'><strong>ad</strong></span> <span class='ocrx_word' id='word_1_22' title='bbox 3467 400 3638 447; x_wconf 75' lang='lat' dir='ltr'><strong>usum</strong></span> 
     </span>
    </p>
   </div>
   <div class='ocr_carea' id='block_1_5' title="bbox 231 473 420 530">
    <p class='ocr_par' dir='ltr' id='par_1_5' title="bbox 231 473 420 530">
     <span class='ocr_line' id='line_1_5' title="bbox 231 473 420 530; baseline -0.011 -1"><span class='ocrx_word' id='word_1_23' title='bbox 231 473 298 529; x_wconf 89' lang='lat' dir='ltr'><strong>ab</strong></span> <span class='ocrx_word' id='word_1_24' title='bbox 334 488 420 530; x_wconf 94' lang='lat' dir='ltr'><strong>eo.</strong></span> 
     </span>
    </p>
   </div>
   <div class='ocr_carea' id='block_1_6' title="bbox 295 563 1887 637">
    <p class='ocr_par' dir='ltr' id='par_1_6' title="bbox 295 563 1887 637">
     <span class='ocr_line' id='line_1_6' title="bbox 295 563 1887 637; baseline 0.004 -20"><span class='ocrx_word' id='word_1_25' title='bbox 295 563 571 633; x_wconf 82' lang='lat' dir='ltr'><strong>Sequenti</strong></span> <span class='ocrx_word' id='word_1_26' title='bbox 619 577 749 620; x_wconf 89' lang='lat' dir='ltr'><strong>vero</strong></span> <span class='ocrx_word' id='word_1_27' title='bbox 793 564 887 620; x_wconf 93' lang='lat' dir='ltr'><strong>die</strong></span> <span class='ocrx_word' id='word_1_28' title='bbox 931 564 1132 622; x_wconf 91' lang='lat' dir='ltr'><strong>abiens</strong></span> <span class='ocrx_word' id='word_1_29' title='bbox 1177 567 1488 637; x_wconf 84' lang='lat' dir='ltr'><strong>imperator</strong></span> <span class='ocrx_word' id='word_1_30' title='bbox 1537 568 1595 624; x_wconf 88' lang='lat' dir='ltr'><strong>in</strong></span> <span class='ocrx_word' id='word_1_31' title='bbox 1640 568 1887 624; x_wconf 87' lang='lat' dir='ltr'><strong>Patriar-</strong></span> 
     </span>
    </p>
   </div>
   <div class='ocr_carea' id='block_1_7' title="bbox 228 651 1886 728">
    <p class='ocr_par' dir='ltr' id='par_1_7' title="bbox 228 651 1886 728">
     <span class='ocr_line' id='line_1_7' title="bbox 228 651 1886 728; baseline 0.004 -22"><span class='ocrx_word' id='word_1_32' title='bbox 228 651 423 707; x_wconf 90' lang='lat' dir='ltr'><strong>chium</strong></span> <span class='ocrx_word' id='word_1_33' title='bbox 458 652 683 708; x_wconf 89' lang='lat' dir='ltr'><strong>visendi</strong></span> <span class='ocrx_word' id='word_1_34' title='bbox 729 653 915 726; x_wconf 89' lang='lat' dir='ltr'><strong>gratia</strong></span> <span class='ocrx_word' id='word_1_35' title='bbox 945 654 1208 711; x_wconf 85' lang='lat' dir='ltr'><strong>Paullum</strong></span> <span class='ocrx_word' id='word_1_36' title='bbox 1252 657 1634 726; x_wconf 87' lang='lat' dir='ltr'><strong>patriarcham</strong></span> <span class='ocrx_word' id='word_1_37' title='bbox 1677 655 1886 728; x_wconf 85' lang='lat' dir='ltr'><strong>(proxi&#39;</strong></span> 
     </span>
    </p>
   </div>
   <div class='ocr_carea' id='block_1_8' title="bbox 227 741 1880 817">
    <p class='ocr_par' dir='ltr' id='par_1_8' title="bbox 227 741 1880 817">
     <span class='ocr_line' id='line_1_8' title="bbox 227 741 1880 817; baseline 0.004 -22"><span class='ocrx_word' id='word_1_38' title='bbox 227 754 354 796; x_wconf 87' lang='lat' dir='ltr'><strong>mus</strong></span> <span class='ocrx_word' id='word_1_39' title='bbox 377 741 535 796; x_wconf 90' lang='lat' dir='ltr'><strong>enim</strong></span> <span class='ocrx_word' id='word_1_40' title='bbox 567 747 690 797; x_wconf 91' lang='lat' dir='ltr'><strong>erat</strong></span> <span class='ocrx_word' id='word_1_41' title='bbox 721 743 914 815; x_wconf 80' lang='lat' dir='ltr'><strong>morti)</strong></span> <span class='ocrx_word' id='word_1_42' title='bbox 953 744 1208 800; x_wconf 90' lang='lat' dir='ltr'><strong>narravit</strong></span> <span class='ocrx_word' id='word_1_43' title='bbox 1238 746 1291 800; x_wconf 93' lang='lat' dir='ltr'><strong>ei</strong></span> <span class='ocrx_word' id='word_1_44' title='bbox 1335 760 1461 817; x_wconf 69' lang='lat' dir='ltr'><strong>qua:</strong></span> <span class='ocrx_word' id='word_1_45' title='bbox 1490 751 1880 802; x_wconf 89' lang='lat' dir='ltr'><strong>consummata</strong></span> 
     </span>
    </p>
   </div>
   <div class='ocr_carea' id='block_1_9' title="bbox 225 831 1880 906">
    <p class='ocr_par' dir='ltr' id='par_1_9' title="bbox 225 831 1880 906">
     <span class='ocr_line' id='line_1_9' title="bbox 225 831 1880 906; baseline 0.004 -22"><span class='ocrx_word' id='word_1_46' title='bbox 225 833 360 885; x_wconf 92' lang='lat' dir='ltr'><strong>sunt</strong></span> <span class='ocrx_word' id='word_1_47' title='bbox 422 831 482 886; x_wconf 92' lang='lat' dir='ltr'><strong>in</strong></span> <span class='ocrx_word' id='word_1_48' title='bbox 551 831 982 888; x_wconf 90' lang='lat' dir='ltr'><strong>sanctissimum</strong></span> <span class='ocrx_word' id='word_1_49' title='bbox 1044 833 1251 889; x_wconf 90' lang='lat' dir='ltr'><strong>virum.</strong></span> <span class='ocrx_word' id='word_1_50' title='bbox 1313 835 1694 906; x_wconf 87' lang='lat' dir='ltr'><strong>Ingemiscens</strong></span> <span class='ocrx_word' id='word_1_51' title='bbox 1750 850 1880 892; x_wconf 91' lang='lat' dir='ltr'><strong>vero</strong></span> 
     </span>
    </p>
   </div>
   <div class='ocr_carea' id='block_1_10' title="bbox 222 919 1874 993">
    <p class='ocr_par' dir='ltr' id='par_1_10' title="bbox 222 919 1874 993">
     <span class='ocr_line' id='line_1_10' title="bbox 222 919 1874 993; baseline 0.004 -19"><span class='ocrx_word' id='word_1_52' title='bbox 222 919 479 991; x_wconf 81' lang='lat' dir='ltr'><strong>Paullus,</strong></span> <span class='ocrx_word' id='word_1_53' title='bbox 512 925 569 975; x_wconf 91' lang='lat' dir='ltr'><strong>et</strong></span> <span class='ocrx_word' id='word_1_54' title='bbox 593 935 900 977; x_wconf 90' lang='lat' dir='ltr'><strong>conversus</strong></span> <span class='ocrx_word' id='word_1_55' title='bbox 921 922 989 979; x_wconf 89' lang='lat' dir='ltr'><strong>ad</strong></span> <span class='ocrx_word' id='word_1_56' title='bbox 1021 923 1295 993; x_wconf 83' lang='lat' dir='ltr'><strong>parietem</strong></span> <span class='ocrx_word' id='word_1_57' title='bbox 1338 923 1526 979; x_wconf 81' lang='lat' dir='ltr'><strong>dixit:</strong></span> <span class='ocrx_word' id='word_1_58' title='bbox 1562 925 1663 980; x_wconf 90' lang='lat' dir='ltr'><strong>Hei</strong></span> <span class='ocrx_word' id='word_1_59' title='bbox 1692 925 1836 980; x_wconf 91' lang='lat' dir='ltr'><strong>mihi</strong></span> <span class='ocrx_word' id='word_1_60' title='bbox 1863 925 1874 980; x_wconf 85' lang='lat' dir='ltr'><strong>l</strong></span> 
     </span>
    </p>
   </div>
   <div class='ocr_carea' id='block_1_11' title="bbox 220 1009 1877 1082">
    <p class='ocr_par' dir='ltr' id='par_1_11' title="bbox 220 1009 1877 1082">
     <span class='ocr_line' id='line_1_11' title="bbox 220 1009 1877 1082; baseline 0.002 -16"><span class='ocrx_word' id='word_1_61' title='bbox 220 1016 270 1066; x_wconf 91' lang='lat' dir='ltr'><strong>et</strong></span> <span class='ocrx_word' id='word_1_62' title='bbox 303 1010 414 1066; x_wconf 92' lang='lat' dir='ltr'><strong>hoc</strong></span> <span class='ocrx_word' id='word_1_63' title='bbox 445 1009 514 1064; x_wconf 89' lang='lat' dir='ltr'><strong>ad</strong></span> <span class='ocrx_word' id='word_1_64' title='bbox 559 1009 974 1067; x_wconf 83' lang='lat' dir='ltr'><strong>abundantiam</strong></span> <span class='ocrx_word' id='word_1_65' title='bbox 1001 1012 1359 1082; x_wconf 88' lang='lat' dir='ltr'><strong>judiciorum</strong></span> <span class='ocrx_word' id='word_1_66' title='bbox 1393 1026 1646 1069; x_wconf 84' lang='lat' dir='ltr'><strong>meorum</strong></span> <span class='ocrx_word' id='word_1_67' title='bbox 1688 1019 1877 1070; x_wconf 91' lang='lat' dir='ltr'><strong>actum</strong></span> 
     </span>
    </p>
   </div>
   <div class='ocr_carea' id='block_1_12' title="bbox 221 1099 1877 1173">
    <p class='ocr_par' dir='ltr' id='par_1_12' title="bbox 221 1099 1877 1173">
     <span class='ocr_line' id='line_1_12' title="bbox 221 1099 1877 1173; baseline 0.003 -20"><span class='ocrx_word' id='word_1_68' title='bbox 221 1103 325 1154; x_wconf 89' lang='lat' dir='ltr'><strong>est.</strong></span> <span class='ocrx_word' id='word_1_69' title='bbox 379 1099 754 1155; x_wconf 86' lang='lat' dir='ltr'><strong>Percontatus</strong></span> <span class='ocrx_word' id='word_1_70' title='bbox 791 1105 978 1156; x_wconf 89' lang='lat' dir='ltr'><strong>autem</strong></span> <span class='ocrx_word' id='word_1_71' title='bbox 1019 1100 1088 1156; x_wconf 91' lang='lat' dir='ltr'><strong>ab</strong></span> <span class='ocrx_word' id='word_1_72' title='bbox 1124 1101 1467 1172; x_wconf 88' lang='lat' dir='ltr'><strong>imperatore</strong></span> <span class='ocrx_word' id='word_1_73' title='bbox 1514 1102 1877 1173; x_wconf 88' lang='lat' dir='ltr'><strong>quamobrem</strong></span> 
     </span>
    </p>
   </div>
   <div class='ocr_carea' id='block_1_13' title="bbox 217 1188 1874 1262">
    <p class='ocr_par' dir='ltr' id='par_1_13' title="bbox 217 1188 1874 1262">
     <span class='ocr_line' id='line_1_13' title="bbox 217 1188 1874 1262; baseline 0.002 -19"><span class='ocrx_word' id='word_1_74' title='bbox 217 1188 357 1244; x_wconf 92' lang='lat' dir='ltr'><strong>hoc&#39;</strong></span> <span class='ocrx_word' id='word_1_75' title='bbox 400 1188 640 1259; x_wconf 76' lang='lat' dir='ltr'><strong>dixerit,</strong></span> <span class='ocrx_word' id='word_1_76' title='bbox 711 1189 1036 1259; x_wconf 85' lang='lat' dir='ltr'><strong>respondit:</strong></span> <span class='ocrx_word' id='word_1_77' title='bbox 1104 1191 1554 1262; x_wconf 86' lang='lat' dir='ltr'><strong>Numquidnam,</strong></span> <span class='ocrx_word' id='word_1_78' title='bbox 1626 1192 1874 1260; x_wconf 88' lang='lat' dir='ltr'><strong>domine,</strong></span> 
     </span>
    </p>
   </div>
   <div class='ocr_carea' id='block_1_14' title="bbox 217 1276 1878 1349">
    <p class='ocr_par' dir='ltr' id='par_1_14' title="bbox 217 1276 1878 1349">
     <span class='ocr_line' id='line_1_14' title="bbox 217 1276 1878 1349; baseline 0.002 -17"><span class='ocrx_word' id='word_1_79' title='bbox 217 1291 328 1333; x_wconf 89' lang='lat' dir='ltr'><strong>non</strong></span> <span class='ocrx_word' id='word_1_80' title='bbox 380 1282 470 1332; x_wconf 89' lang='lat' dir='ltr'><strong>est</strong></span> <span class='ocrx_word' id='word_1_81' title='bbox 511 1276 842 1333; x_wconf 88' lang='lat' dir='ltr'><strong>miserabile</strong></span> <span class='ocrx_word' id='word_1_82' title='bbox 883 1278 1022 1333; x_wconf 91' lang='lat' dir='ltr'><strong>talia</strong></span> <span class='ocrx_word' id='word_1_83' title='bbox 1063 1279 1181 1349; x_wconf 89' lang='lat' dir='ltr'><strong>pati</strong></span> <span class='ocrx_word' id='word_1_84' title='bbox 1218 1279 1564 1349; x_wconf 89' lang='lat' dir='ltr'><strong>pontiﬁces?</strong></span> <span class='ocrx_word' id='word_1_85' title='bbox 1599 1280 1756 1336; x_wconf 90' lang='lat' dir='ltr'><strong>Tunc</strong></span> <span class='ocrx_word' id='word_1_86' title='bbox 1798 1285 1878 1335; x_wconf 91' lang='lat' dir='ltr'><strong>at-</strong></span> 
     </span>
    </p>
   </div>
   <div class='ocr_carea' id='block_1_15' title="bbox 215 1365 1875 1437">
    <p class='ocr_par' dir='ltr' id='par_1_15' title="bbox 215 1365 1875 1437">
     <span class='ocr_line' id='line_1_15' title="bbox 215 1365 1875 1437; baseline 0.002 -15"><span class='ocrx_word' id='word_1_87' title='bbox 215 1365 440 1422; x_wconf 90' lang='lat' dir='ltr'><strong>tentius</strong></span> <span class='ocrx_word' id='word_1_88' title='bbox 484 1365 778 1436; x_wconf 89' lang='lat' dir='ltr'><strong>adjuravit</strong></span> <span class='ocrx_word' id='word_1_89' title='bbox 821 1367 1241 1437; x_wconf 87' lang='lat' dir='ltr'><strong>Imperatorem,</strong></span> <span class='ocrx_word' id='word_1_90' title='bbox 1290 1366 1546 1424; x_wconf 86' lang='lat' dir='ltr'><strong>sufﬁcere</strong></span> <span class='ocrx_word' id='word_1_91' title='bbox 1583 1369 1634 1424; x_wconf 92' lang='lat' dir='ltr'><strong>ei</strong></span> <span class='ocrx_word' id='word_1_92' title='bbox 1680 1369 1740 1423; x_wconf 92' lang='lat' dir='ltr'><strong>in</strong></span> <span class='ocrx_word' id='word_1_93' title='bbox 1784 1368 1875 1425; x_wconf 90' lang='lat' dir='ltr'><strong>his</strong></span> 
     </span>
    </p>
   </div>
   <div class='ocr_carea' id='block_1_16' title="bbox 216 1455 1876 1528">
    <p class='ocr_par' dir='ltr' id='par_1_16' title="bbox 216 1455 1876 1528">
     <span class='ocr_line' id='line_1_16' title="bbox 216 1455 1876 1528; baseline 0.001 -16"><span class='ocrx_word' id='word_1_94' title='bbox 216 1471 341 1526; x_wconf 70' lang='lat' dir='ltr'><strong>quae</strong></span> <span class='ocrx_word' id='word_1_95' title='bbox 384 1470 592 1526; x_wconf 88' lang='lat' dir='ltr'><strong>passus</strong></span> <span class='ocrx_word' id='word_1_96' title='bbox 633 1461 736 1526; x_wconf 89' lang='lat' dir='ltr'><strong>est,</strong></span> <span class='ocrx_word' id='word_1_97' title='bbox 782 1455 1047 1528; x_wconf 87' lang='lat' dir='ltr'><strong>nihilque</strong></span> <span class='ocrx_word' id='word_1_98' title='bbox 1085 1457 1336 1527; x_wconf 88' lang='lat' dir='ltr'><strong>amplius</strong></span> <span class='ocrx_word' id='word_1_99' title='bbox 1371 1458 1676 1513; x_wconf 89' lang='lat' dir='ltr'><strong>sustinere.</strong></span> <span class='ocrx_word' id='word_1_100' title='bbox 1717 1458 1876 1514; x_wconf 90' lang='lat' dir='ltr'><strong>Unde</strong></span> 
     </span>
    </p>
   </div>
   <div class='ocr_carea' id='block_1_17' title="bbox 217 1545 1872 1618">
    <p class='ocr_par' dir='ltr' id='par_1_17' title="bbox 217 1545 1872 1618">
     <span class='ocr_line' id='line_1_17' title="bbox 217 1545 1872 1618; baseline 0.002 -18"><span class='ocrx_word' id='word_1_101' title='bbox 217 1546 469 1602; x_wconf 89' lang='lat' dir='ltr'><strong>audiens</strong></span> <span class='ocrx_word' id='word_1_102' title='bbox 512 1545 714 1602; x_wconf 87' lang='lat' dir='ltr'><strong>beatus</strong></span> <span class='ocrx_word' id='word_1_103' title='bbox 761 1545 860 1601; x_wconf 90' lang='lat' dir='ltr'><strong>ille</strong></span> <span class='ocrx_word' id='word_1_104' title='bbox 902 1559 968 1601; x_wconf 89' lang='lat' dir='ltr'><strong>ac</strong></span> <span class='ocrx_word' id='word_1_105' title='bbox 1011 1546 1364 1616; x_wconf 87' lang='lat' dir='ltr'><strong>apostolicus</strong></span> <span class='ocrx_word' id='word_1_106' title='bbox 1407 1547 1514 1617; x_wconf 91' lang='lat' dir='ltr'><strong>vir,</strong></span> <span class='ocrx_word' id='word_1_107' title='bbox 1563 1548 1712 1618; x_wconf 92' lang='lat' dir='ltr'><strong>quod</strong></span> <span class='ocrx_word' id='word_1_108' title='bbox 1762 1562 1872 1604; x_wconf 92' lang='lat' dir='ltr'><strong>non</strong></span> 
     </span>
    </p>
   </div>
   <div class='ocr_carea' id='block_1_18' title="bbox 1987 476 3642 549">
    <p class='ocr_par' dir='ltr' id='par_1_18' title="bbox 1987 476 3642 549">
     <span class='ocr_line' id='line_1_18' title="bbox 1987 476 3642 549; baseline 0.004 -17"><span class='ocrx_word' id='word_1_109' title='bbox 1987 476 2314 546; x_wconf 77' lang='lat' dir='ltr'><strong>praebentur</strong></span> <span class='ocrx_word' id='word_1_110' title='bbox 2347 477 2423 549; x_wconf 90' lang='lat' dir='ltr'><strong>ei,</strong></span> <span class='ocrx_word' id='word_1_111' title='bbox 2465 481 2522 533; x_wconf 91' lang='lat' dir='ltr'><strong>et</strong></span> <span class='ocrx_word' id='word_1_112' title='bbox 2550 476 2776 533; x_wconf 90' lang='lat' dir='ltr'><strong>nullum</strong></span> <span class='ocrx_word' id='word_1_113' title='bbox 2809 479 3120 534; x_wconf 90' lang='lat' dir='ltr'><strong>immunem</strong></span> <span class='ocrx_word' id='word_1_114' title='bbox 3147 476 3276 534; x_wconf 84' lang='lat' dir='ltr'><strong>suis</strong></span> <span class='ocrx_word' id='word_1_115' title='bbox 3315 477 3486 534; x_wconf 90' lang='lat' dir='ltr'><strong>donis</strong></span> <span class='ocrx_word' id='word_1_116' title='bbox 3513 491 3642 538; x_wconf 78' lang='lat' dir='ltr'><strong>san-</strong></span> 
     </span>
    </p>
   </div>
   <div class='ocr_carea' id='block_1_19' title="bbox 1986 565 3640 638">
    <p class='ocr_par' dir='ltr' id='par_1_19' title="bbox 1986 565 3640 638">
     <span class='ocr_line' id='line_1_19' title="bbox 1986 565 3640 638; baseline 0.001 -17"><span class='ocrx_word' id='word_1_117' title='bbox 1986 569 2114 622; x_wconf 90' lang='lat' dir='ltr'><strong>ctus</strong></span> <span class='ocrx_word' id='word_1_118' title='bbox 2161 567 2363 621; x_wconf 88' lang='lat' dir='ltr'><strong>Petrus</strong></span> <span class='ocrx_word' id='word_1_119' title='bbox 2411 566 2642 638; x_wconf 88' lang='lat' dir='ltr'><strong>repellit</strong></span> <span class='ocrx_word' id='word_1_120' title='bbox 2686 565 3036 622; x_wconf 85' lang='lat' dir='ltr'><strong>venientium</strong></span> <span class='ocrx_word' id='word_1_121' title='bbox 3087 565 3270 622; x_wconf 90' lang='lat' dir='ltr'><strong>illuc:</strong></span> <span class='ocrx_word' id='word_1_122' title='bbox 3326 566 3424 622; x_wconf 87' lang='lat' dir='ltr'><strong>sed</strong></span> <span class='ocrx_word' id='word_1_123' title='bbox 3474 567 3640 636; x_wconf 89' lang='lat' dir='ltr'><strong>panis</strong></span> 
     </span>
    </p>
   </div>
   <div class='ocr_carea' id='block_1_20' title="bbox 1988 655 3636 729">
    <p class='ocr_par' dir='ltr' id='par_1_20' title="bbox 1988 655 3636 729">
     <span class='ocr_line' id='line_1_20' title="bbox 1988 655 3636 729; baseline 0.002 -21"><span class='ocrx_word' id='word_1_124' title='bbox 1988 655 2408 712; x_wconf 90' lang='lat' dir='ltr'><strong>mundissimus</strong></span> <span class='ocrx_word' id='word_1_125' title='bbox 2437 661 2494 711; x_wconf 93' lang='lat' dir='ltr'><strong>et</strong></span> <span class='ocrx_word' id='word_1_126' title='bbox 2532 656 2664 711; x_wconf 90' lang='lat' dir='ltr'><strong>vina</strong></span> <span class='ocrx_word' id='word_1_127' title='bbox 2693 655 2920 712; x_wconf 88' lang='lat' dir='ltr'><strong>diversa</strong></span> <span class='ocrx_word' id='word_1_128' title='bbox 2949 655 3164 711; x_wconf 90' lang='lat' dir='ltr'><strong>dantur</strong></span> <span class='ocrx_word' id='word_1_129' title='bbox 3201 668 3317 712; x_wconf 92' lang='lat' dir='ltr'><strong>non</strong></span> <span class='ocrx_word' id='word_1_130' title='bbox 3345 655 3532 712; x_wconf 74' lang='lat' dir='ltr'><strong>salum</strong></span> <span class='ocrx_word' id='word_1_131' title='bbox 3560 657 3636 729; x_wconf 91' lang='lat' dir='ltr'><strong>ei,</strong></span> 
     </span>
    </p>
   </div>
   <div class='ocr_carea' id='block_1_21' title="bbox 1983 743 3643 816">
    <p class='ocr_par' dir='ltr' id='par_1_21' title="bbox 1983 743 3643 816">
     <span class='ocr_line' id='line_1_21' title="bbox 1983 743 3643 816; baseline 0.002 -18"><span class='ocrx_word' id='word_1_132' title='bbox 1983 743 2078 798; x_wconf 90' lang='lat' dir='ltr'><strong>sed</strong></span> <span class='ocrx_word' id='word_1_133' title='bbox 2113 744 2450 801; x_wconf 91' lang='lat' dir='ltr'><strong>hominibus</strong></span> <span class='ocrx_word' id='word_1_134' title='bbox 2481 745 2532 800; x_wconf 92' lang='lat' dir='ltr'><strong>ei</strong></span> <span class='ocrx_word' id='word_1_135' title='bbox 2568 743 3009 815; x_wconf 87' lang='lat' dir='ltr'><strong>pertinentibus.</strong></span> <span class='ocrx_word' id='word_1_136' title='bbox 3051 744 3109 800; x_wconf 92' lang='lat' dir='ltr'><strong>Si</strong></span> <span class='ocrx_word' id='word_1_137' title='bbox 3141 758 3276 816; x_wconf 82' lang='lat' dir='ltr'><strong>ergo</strong></span> <span class='ocrx_word' id='word_1_138' title='bbox 3318 744 3376 800; x_wconf 92' lang='lat' dir='ltr'><strong>in</strong></span> <span class='ocrx_word' id='word_1_139' title='bbox 3410 745 3643 802; x_wconf 87' lang='lat' dir='ltr'><strong>misera-</strong></span> 
     </span>
    </p>
   </div>
   <div class='ocr_carea' id='block_1_22' title="bbox 1984 831 3640 904">
    <p class='ocr_par' dir='ltr' id='par_1_22' title="bbox 1984 831 3640 904">
     <span class='ocr_line' id='line_1_22' title="bbox 1984 831 3640 904; baseline 0.004 -18"><span class='ocrx_word' id='word_1_140' title='bbox 1984 831 2205 888; x_wconf 91' lang='lat' dir='ltr'><strong>bilibus</strong></span> <span class='ocrx_word' id='word_1_141' title='bbox 2236 833 2572 890; x_wconf 90' lang='lat' dir='ltr'><strong>hominibus</strong></span> <span class='ocrx_word' id='word_1_142' title='bbox 2602 834 2721 889; x_wconf 76' lang='lat' dir='ltr'><strong>haec</strong></span> <span class='ocrx_word' id='word_1_143' title='bbox 2748 833 2913 903; x_wconf 90' lang='lat' dir='ltr'><strong>ﬁunt,</strong></span> <span class='ocrx_word' id='word_1_144' title='bbox 2945 834 3047 904; x_wconf 92' lang='lat' dir='ltr'><strong>qui</strong></span> <span class='ocrx_word' id='word_1_145' title='bbox 3075 833 3231 889; x_wconf 84' lang='lat' dir='ltr'><strong>venit</strong></span> <span class='ocrx_word' id='word_1_146' title='bbox 3260 833 3432 889; x_wconf 90' lang='lat' dir='ltr'><strong>etiam</strong></span> <span class='ocrx_word' id='word_1_147' title='bbox 3465 832 3640 892; x_wconf 89' lang='lat' dir='ltr'><strong>hono-</strong></span> 
     </span>
    </p>
   </div>
   <div class='ocr_carea' id='block_1_23' title="bbox 1984 921 3642 993">
    <p class='ocr_par' dir='ltr' id='par_1_23' title="bbox 1984 921 3642 993">
     <span class='ocr_line' id='line_1_23' title="bbox 1984 921 3642 993; baseline 0.002 -17"><span class='ocrx_word' id='word_1_148' title='bbox 1984 921 2191 976; x_wconf 81' lang='lat' dir='ltr'><strong>rabilis</strong></span> <span class='ocrx_word' id='word_1_149' title='bbox 2207 922 2362 977; x_wconf 86' lang='lat' dir='ltr'><strong>sicut</strong></span> <span class='ocrx_word' id='word_1_150' title='bbox 2377 922 2702 992; x_wconf 89' lang='lat' dir='ltr'><strong>episcopus,</strong></span> <span class='ocrx_word' id='word_1_151' title='bbox 2723 922 2947 993; x_wconf 90' lang='lat' dir='ltr'><strong>qualem</strong></span> <span class='ocrx_word' id='word_1_152' title='bbox 2963 926 3255 992; x_wconf 91' lang='lat' dir='ltr'><strong>sumptum</strong></span> <span class='ocrx_word' id='word_1_153' title='bbox 3274 921 3443 978; x_wconf 89' lang='lat' dir='ltr'><strong>habet</strong></span> <span class='ocrx_word' id='word_1_154' title='bbox 3458 923 3642 980; x_wconf 91' lang='lat' dir='ltr'><strong>susci-</strong></span> 
     </span>
    </p>
   </div>
   <div class='ocr_carea' id='block_1_24' title="bbox 1983 1010 3632 1085">
    <p class='ocr_par' dir='ltr' id='par_1_24' title="bbox 1983 1010 3632 1085">
     <span class='ocr_line' id='line_1_24' title="bbox 1983 1010 3632 1085; baseline 0.002 -20"><span class='ocrx_word' id='word_1_155' title='bbox 1983 1010 2162 1080; x_wconf 88' lang='lat' dir='ltr'><strong>pere?</strong></span> <span class='ocrx_word' id='word_1_156' title='bbox 2196 1011 2352 1066; x_wconf 92' lang='lat' dir='ltr'><strong>Dicit</strong></span> <span class='ocrx_word' id='word_1_157' title='bbox 2381 1011 2451 1067; x_wconf 91' lang='lat' dir='ltr'><strong>ad</strong></span> <span class='ocrx_word' id='word_1_158' title='bbox 2496 1025 2624 1068; x_wconf 88' lang='lat' dir='ltr'><strong>eum</strong></span> <span class='ocrx_word' id='word_1_159' title='bbox 2665 1012 3106 1068; x_wconf 90' lang='lat' dir='ltr'><strong>Demosthenes:</strong></span> <span class='ocrx_word' id='word_1_160' title='bbox 3139 1013 3256 1069; x_wconf 86' lang='lat' dir='ltr'><strong>Nos</strong></span> <span class='ocrx_word' id='word_1_161' title='bbox 3295 1012 3632 1085; x_wconf 88' lang='lat' dir='ltr'><strong>didicimus,</strong></span> 
     </span>
    </p>
   </div>
   <div class='ocr_carea' id='block_1_25' title="bbox 1981 1099 3634 1174">
    <p class='ocr_par' dir='ltr' id='par_1_25' title="bbox 1981 1099 3634 1174">
     <span class='ocr_line' id='line_1_25' title="bbox 1981 1099 3634 1174; baseline 0.002 -19"><span class='ocrx_word' id='word_1_162' title='bbox 1981 1100 2117 1171; x_wconf 89' lang='lat' dir='ltr'><strong>quia</strong></span> <span class='ocrx_word' id='word_1_163' title='bbox 2176 1101 2231 1154; x_wconf 89' lang='lat' dir='ltr'><strong>vi</strong></span> <span class='ocrx_word' id='word_1_164' title='bbox 2293 1099 2426 1156; x_wconf 88' lang='lat' dir='ltr'><strong>fecit</strong></span> <span class='ocrx_word' id='word_1_165' title='bbox 2487 1100 2748 1156; x_wconf 90' lang='lat' dir='ltr'><strong>libellum</strong></span> <span class='ocrx_word' id='word_1_166' title='bbox 2807 1101 3060 1172; x_wconf 79' lang='lat' dir='ltr'><strong>Pyrrhus</strong></span> <span class='ocrx_word' id='word_1_167' title='bbox 3115 1101 3325 1172; x_wconf 64' lang='lat' dir='ltr'><strong>Roma),</strong></span> <span class='ocrx_word' id='word_1_168' title='bbox 3383 1106 3443 1157; x_wconf 91' lang='lat' dir='ltr'><strong>et</strong></span> <span class='ocrx_word' id='word_1_169' title='bbox 3497 1103 3634 1174; x_wconf 90' lang='lat' dir='ltr'><strong>quia</strong></span> 
     </span>
    </p>
   </div>
   <div class='ocr_carea' id='block_1_26' title="bbox 1979 1188 3635 1262">
    <p class='ocr_par' dir='ltr' id='par_1_26' title="bbox 1979 1188 3635 1262">
     <span class='ocr_line' id='line_1_26' title="bbox 1979 1188 3635 1262; baseline 0.003 -19"><span class='ocrx_word' id='word_1_170' title='bbox 1979 1188 2170 1260; x_wconf 88' lang='lat' dir='ltr'><strong>lignea</strong></span> <span class='ocrx_word' id='word_1_171' title='bbox 2208 1188 2436 1245; x_wconf 83' lang='lat' dir='ltr'><strong>vincula</strong></span> <span class='ocrx_word' id='word_1_172' title='bbox 2477 1189 2781 1260; x_wconf 89' lang='lat' dir='ltr'><strong>sustinuit,</strong></span> <span class='ocrx_word' id='word_1_173' title='bbox 2822 1195 2879 1245; x_wconf 91' lang='lat' dir='ltr'><strong>et</strong></span> <span class='ocrx_word' id='word_1_174' title='bbox 2923 1190 3103 1246; x_wconf 90' lang='lat' dir='ltr'><strong>multa</strong></span> <span class='ocrx_word' id='word_1_175' title='bbox 3141 1190 3384 1248; x_wconf 89' lang='lat' dir='ltr'><strong>dolenda</strong></span> <span class='ocrx_word' id='word_1_176' title='bbox 3429 1205 3635 1262; x_wconf 88' lang='lat' dir='ltr'><strong>passus</strong></span> 
     </span>
    </p>
   </div>
   <div class='ocr_carea' id='block_1_27' title="bbox 1977 1278 3633 1350">
    <p class='ocr_par' dir='ltr' id='par_1_27' title="bbox 1977 1278 3633 1350">
     <span class='ocr_line' id='line_1_27' title="bbox 1977 1278 3633 1350; baseline 0.003 -17"><span class='ocrx_word' id='word_1_177' title='bbox 1977 1285 2078 1334; x_wconf 91' lang='lat' dir='ltr'><strong>est.</strong></span> <span class='ocrx_word' id='word_1_178' title='bbox 2123 1279 2440 1349; x_wconf 84' lang='lat' dir='ltr'><strong>Respondit</strong></span> <span class='ocrx_word' id='word_1_179' title='bbox 2478 1280 2567 1334; x_wconf 92' lang='lat' dir='ltr'><strong>vir</strong></span> <span class='ocrx_word' id='word_1_180' title='bbox 2608 1278 2707 1334; x_wconf 89' lang='lat' dir='ltr'><strong>ille</strong></span> <span class='ocrx_word' id='word_1_181' title='bbox 2746 1279 2967 1350; x_wconf 90' lang='lat' dir='ltr'><strong>beatus,</strong></span> <span class='ocrx_word' id='word_1_182' title='bbox 3009 1286 3065 1336; x_wconf 92' lang='lat' dir='ltr'><strong>et</strong></span> <span class='ocrx_word' id='word_1_183' title='bbox 3093 1281 3282 1336; x_wconf 87' lang='lat' dir='ltr'><strong>dixit:</strong></span> <span class='ocrx_word' id='word_1_184' title='bbox 3316 1282 3478 1338; x_wconf 89' lang='lat' dir='ltr'><strong>Nihil</strong></span> <span class='ocrx_word' id='word_1_185' title='bbox 3519 1281 3633 1338; x_wconf 86' lang='lat' dir='ltr'><strong>tale</strong></span> 
     </span>
    </p>
   </div>
   <div class='ocr_carea' id='block_1_28' title="bbox 1977 1364 3633 1442">
    <p class='ocr_par' dir='ltr' id='par_1_28' title="bbox 1977 1364 3633 1442">
     <span class='ocr_line' id='line_1_28' title="bbox 1977 1364 3633 1442; baseline 0.004 -21"><span class='ocrx_word' id='word_1_186' title='bbox 1977 1364 2188 1422; x_wconf 89' lang='lat' dir='ltr'><strong>factum</strong></span> <span class='ocrx_word' id='word_1_187' title='bbox 2241 1373 2346 1424; x_wconf 90' lang='lat' dir='ltr'><strong>est.</strong></span> <span class='ocrx_word' id='word_1_188' title='bbox 2399 1370 2536 1424; x_wconf 90' lang='lat' dir='ltr'><strong>Nam</strong></span> <span class='ocrx_word' id='word_1_189' title='bbox 2594 1368 2708 1424; x_wconf 90' lang='lat' dir='ltr'><strong>nisi</strong></span> <span class='ocrx_word' id='word_1_190' title='bbox 2763 1369 2900 1440; x_wconf 91' lang='lat' dir='ltr'><strong>quia</strong></span> <span class='ocrx_word' id='word_1_191' title='bbox 2952 1367 3265 1426; x_wconf 87' lang='lat' dir='ltr'><strong>formidine</strong></span> <span class='ocrx_word' id='word_1_192' title='bbox 3314 1370 3501 1442; x_wconf 90' lang='lat' dir='ltr'><strong>aliqui</strong></span> <span class='ocrx_word' id='word_1_193' title='bbox 3556 1377 3633 1428; x_wconf 90' lang='lat' dir='ltr'><strong>te-</strong></span> 
     </span>
    </p>
   </div>
   <div class='ocr_carea' id='block_1_29' title="bbox 1977 1457 3630 1528">
    <p class='ocr_par' dir='ltr' id='par_1_29' title="bbox 1977 1457 3630 1528">
     <span class='ocr_line' id='line_1_29' title="bbox 1977 1457 3630 1528; baseline 0.004 -18"><span class='ocrx_word' id='word_1_194' title='bbox 1977 1461 2206 1526; x_wconf 90' lang='lat' dir='ltr'><strong>nentur,</strong></span> <span class='ocrx_word' id='word_1_195' title='bbox 2272 1471 2383 1513; x_wconf 91' lang='lat' dir='ltr'><strong>non</strong></span> <span class='ocrx_word' id='word_1_196' title='bbox 2439 1462 2678 1527; x_wconf 87' lang='lat' dir='ltr'><strong>possunt</strong></span> <span class='ocrx_word' id='word_1_197' title='bbox 2726 1457 2871 1514; x_wconf 92' lang='lat' dir='ltr'><strong>forte</strong></span> <span class='ocrx_word' id='word_1_198' title='bbox 2936 1457 3095 1528; x_wconf 92' lang='lat' dir='ltr'><strong>loqui</strong></span> <span class='ocrx_word' id='word_1_199' title='bbox 3151 1459 3466 1516; x_wconf 87' lang='lat' dir='ltr'><strong>veritatem.</strong></span> <span class='ocrx_word' id='word_1_200' title='bbox 3526 1462 3630 1517; x_wconf 88' lang='lat' dir='ltr'><strong>Hic</strong></span> 
     </span>
    </p>
   </div>
   <div class='ocr_carea' id='block_1_30' title="bbox 1976 1545 3628 1622">
    <p class='ocr_par' dir='ltr' id='par_1_30' title="bbox 1976 1545 3628 1622">
     <span class='ocr_line' id='line_1_30' title="bbox 1976 1545 3628 1622; baseline 0.004 -22"><span class='ocrx_word' id='word_1_201' title='bbox 1976 1549 2113 1600; x_wconf 89' lang='lat' dir='ltr'><strong>sunt</strong></span> <span class='ocrx_word' id='word_1_202' title='bbox 2130 1545 2626 1616; x_wconf 89' lang='lat' dir='ltr'><strong>Constantinopoli</strong></span> <span class='ocrx_word' id='word_1_203' title='bbox 2656 1545 2916 1617; x_wconf 90' lang='lat' dir='ltr'><strong>plurimi,</strong></span> <span class='ocrx_word' id='word_1_204' title='bbox 2945 1547 3046 1618; x_wconf 88' lang='lat' dir='ltr'><strong>qui</strong></span> <span class='ocrx_word' id='word_1_205' title='bbox 3075 1550 3214 1604; x_wconf 87' lang='lat' dir='ltr'><strong>tune</strong></span> <span class='ocrx_word' id='word_1_206' title='bbox 3236 1556 3398 1605; x_wconf 89' lang='lat' dir='ltr'><strong>erant</strong></span> <span class='ocrx_word' id='word_1_207' title='bbox 3417 1549 3628 1622; x_wconf 64' lang='lat' dir='ltr'><strong>Romae,</strong></span> 
     </span>
    </p>
   </div>
   <div class='ocr_carea' id='block_1_31' title="bbox 214 1633 3632 1708">
    <p class='ocr_par' dir='ltr' id='par_1_31' title="bbox 214 1633 3632 1708">
     <span class='ocr_line' id='line_1_31' title="bbox 214 1633 3632 1708; baseline 0.001 -17"><span class='ocrx_word' id='word_1_208' title='bbox 214 1635 474 1705; x_wconf 89' lang='lat' dir='ltr'><strong>suscepit</strong></span> <span class='ocrx_word' id='word_1_209' title='bbox 509 1636 658 1705; x_wconf 92' lang='lat' dir='ltr'><strong>quod</strong></span> <span class='ocrx_word' id='word_1_210' title='bbox 693 1635 1072 1705; x_wconf 82' lang='lat' dir='ltr'><strong>exspectabat,</strong></span> <span class='ocrx_word' id='word_1_211' title='bbox 1109 1649 1219 1691; x_wconf 92' lang='lat' dir='ltr'><strong>non</strong></span> <span class='ocrx_word' id='word_1_212' title='bbox 1257 1641 1478 1707; x_wconf 86' lang='lat' dir='ltr'><strong>gratum</strong></span> <span class='ocrx_word' id='word_1_213' title='bbox 1523 1636 1728 1692; x_wconf 86' lang='lat' dir='ltr'><strong>habuit</strong></span> <span class='ocrx_word' id='word_1_214' title='bbox 1759 1636 1871 1692; x_wconf 88' lang='lat' dir='ltr'><strong>tale</strong></span> <span class='ocrx_word' id='word_1_215' title='bbox 1903 1637 2031 1708; x_wconf 87' lang='lat' dir='ltr'><strong>_et</strong></span> <span class='ocrx_word' id='word_1_216' title='bbox 2090 1633 2282 1690; x_wconf 88' lang='lat' dir='ltr'><strong>sciunt</strong></span> <span class='ocrx_word' id='word_1_217' title='bbox 2345 1649 2470 1704; x_wconf 70' lang='lat' dir='ltr'><strong>quae</strong></span> <span class='ocrx_word' id='word_1_218' title='bbox 2532 1634 2615 1690; x_wconf 90' lang='lat' dir='ltr'><strong>ibi</strong></span> <span class='ocrx_word' id='word_1_219' title='bbox 2685 1639 2841 1707; x_wconf 87' lang='lat' dir='ltr'><strong>gesta</strong></span> <span class='ocrx_word' id='word_1_220' title='bbox 2906 1639 3059 1692; x_wconf 90' lang='lat' dir='ltr'><strong>sunt.</strong></span> <span class='ocrx_word' id='word_1_221' title='bbox 3129 1637 3211 1691; x_wconf 88' lang='lat' dir='ltr'><strong>Ex</strong></span> <span class='ocrx_word' id='word_1_222' title='bbox 3271 1637 3490 1708; x_wconf 88' lang='lat' dir='ltr'><strong>quibus</strong></span> <span class='ocrx_word' id='word_1_223' title='bbox 3546 1638 3632 1695; x_wconf 84' lang='lat' dir='ltr'><strong>in-</strong></span> 
     </span>
    </p>
   </div>
   <div class='ocr_carea' id='block_1_32' title="bbox 213 1701 3629 1796">
    <p class='ocr_par' dir='ltr' id='par_1_32' title="bbox 213 1701 3629 1796">
     <span class='ocr_line' id='line_1_32' title="bbox 213 1701 3629 1796; baseline 0.001 -17"><span class='ocrx_word' id='word_1_224' title='bbox 213 1701 567 1794; x_wconf 79' lang='lat' dir='ltr'><strong>promissum</strong></span> <span class='ocrx_word' id='word_1_225' title='bbox 598 1724 693 1779; x_wconf 91' lang='lat' dir='ltr'><strong>sed</strong></span> <span class='ocrx_word' id='word_1_226' title='bbox 740 1701 971 1794; x_wconf 76' lang='lat' dir='ltr'><strong>penitus</strong></span> <span class='ocrx_word' id='word_1_227' title='bbox 1010 1701 1520 1780; x_wconf 44' lang='lat' dir='ltr'><strong>mmstus&#39;eﬁ‘ectus</strong></span> <span class='ocrx_word' id='word_1_228' title='bbox 1549 1729 1652 1781; x_wconf 87' lang='lat' dir='ltr'><strong>est.</strong></span> <span class='ocrx_word' id='word_1_229' title='bbox 1699 1725 1873 1780; x_wconf 91' lang='lat' dir='ltr'><strong>Festi-</strong></span> <span class='ocrx_word' id='word_1_230' title='bbox 1903 1701 1954 1761; x_wconf 72' lang='grc' dir='ltr'>Β</span> <span class='ocrx_word' id='word_1_231' title='bbox 1976 1720 2144 1777; x_wconf 88' lang='lat' dir='ltr'><strong>terim</strong></span> <span class='ocrx_word' id='word_1_232' title='bbox 2177 1701 2436 1792; x_wconf 80' lang='lat' dir='ltr'><strong>superest</strong></span> <span class='ocrx_word' id='word_1_233' title='bbox 2464 1724 2622 1780; x_wconf 89' lang='lat' dir='ltr'><strong>Plato</strong></span> <span class='ocrx_word' id='word_1_234' title='bbox 2662 1701 2970 1796; x_wconf 71' lang='lat' dir='ltr'><strong>Patricius,</strong></span> <span class='ocrx_word' id='word_1_235' title='bbox 3017 1725 3114 1796; x_wconf 91' lang='lat' dir='ltr'><strong>qui</strong></span> <span class='ocrx_word' id='word_1_236' title='bbox 3158 1701 3305 1782; x_wconf 73' lang='lat' dir='ltr'><strong>tunc</strong></span> <span class='ocrx_word' id='word_1_237' title='bbox 3334 1727 3629 1784; x_wconf 87' lang='lat' dir='ltr'><strong>Exarchus</strong></span> 
     </span>
    </p>
   </div>
   <div class='ocr_carea' id='block_1_33' title="bbox 213 1811 1868 1883">
    <p class='ocr_par' dir='ltr' id='par_1_33' title="bbox 213 1811 1868 1883">
     <span class='ocr_line' id='line_1_33' title="bbox 213 1811 1868 1883; baseline 0 -15"><span class='ocrx_word' id='word_1_238' title='bbox 213 1812 388 1868; x_wconf 89' lang='lat' dir='ltr'><strong>nabat</strong></span> <span class='ocrx_word' id='word_1_239' title='bbox 431 1813 584 1868; x_wconf 90' lang='lat' dir='ltr'><strong>enim</strong></span> <span class='ocrx_word' id='word_1_240' title='bbox 629 1811 855 1882; x_wconf 90' lang='lat' dir='ltr'><strong>explere</strong></span> <span class='ocrx_word' id='word_1_241' title='bbox 895 1812 1104 1868; x_wconf 89' lang='lat' dir='ltr'><strong>bonum</strong></span> <span class='ocrx_word' id='word_1_242' title='bbox 1145 1817 1449 1883; x_wconf 88' lang='lat' dir='ltr'><strong>certamen,</strong></span> <span class='ocrx_word' id='word_1_243' title='bbox 1495 1818 1551 1868; x_wconf 92' lang='lat' dir='ltr'><strong>et</strong></span> <span class='ocrx_word' id='word_1_244' title='bbox 1592 1813 1754 1869; x_wconf 90' lang='lat' dir='ltr'><strong>abire</strong></span> <span class='ocrx_word' id='word_1_245' title='bbox 1799 1813 1868 1868; x_wconf 89' lang='lat' dir='ltr'><strong>ad</strong></span> 
     </span>
    </p>
   </div>
   <div class='ocr_carea' id='block_1_34' title="bbox 212 1900 1870 1972">
    <p class='ocr_par' dir='ltr' id='par_1_34' title="bbox 212 1900 1870 1972">
     <span class='ocr_line' id='line_1_34' title="bbox 212 1900 1870 1972; baseline 0 -15"><span class='ocrx_word' id='word_1_246' title='bbox 212 1916 342 1958; x_wconf 90' lang='lat' dir='ltr'><strong>eum</strong></span> <span class='ocrx_word' id='word_1_247' title='bbox 393 1915 561 1972; x_wconf 86' lang='lat' dir='ltr'><strong>quem</strong></span> <span class='ocrx_word' id='word_1_248' title='bbox 602 1900 984 1957; x_wconf 87' lang='lat' dir='ltr'><strong>desiderabat.</strong></span> <span class='ocrx_word' id='word_1_249' title='bbox 1027 1903 1244 1956; x_wconf 88' lang='lat' dir='ltr'><strong>Interea</strong></span> <span class='ocrx_word' id='word_1_250' title='bbox 1267 1900 1539 1957; x_wconf 91' lang='lat' dir='ltr'><strong>defuncto</strong></span> <span class='ocrx_word' id='word_1_251' title='bbox 1570 1901 1790 1971; x_wconf 86' lang='lat' dir='ltr'><strong>Paullo,</strong></span> <span class='ocrx_word' id='word_1_252' title='bbox 1815 1906 1870 1957; x_wconf 94' lang='lat' dir='ltr'><strong>et</strong></span> 
     </span>
    </p>
   </div>
   <div class='ocr_carea' id='block_1_35' title="bbox 209 1989 1870 2061">
    <p class='ocr_par' dir='ltr' id='par_1_35' title="bbox 209 1989 1870 2061">
     <span class='ocr_line' id='line_1_35' title="bbox 209 1989 1870 2061; baseline 0 -15"><span class='ocrx_word' id='word_1_253' title='bbox 209 1990 429 2061; x_wconf 85' lang='lat' dir='ltr'><strong>Pyrrho</strong></span> <span class='ocrx_word' id='word_1_254' title='bbox 462 1989 711 2046; x_wconf 89' lang='lat' dir='ltr'><strong>residere</strong></span> <span class='ocrx_word' id='word_1_255' title='bbox 737 1990 972 2061; x_wconf 89' lang='lat' dir='ltr'><strong>nitente,</strong></span> <span class='ocrx_word' id='word_1_256' title='bbox 1005 1994 1176 2061; x_wconf 90' lang='lat' dir='ltr'><strong>atque</strong></span> <span class='ocrx_word' id='word_1_257' title='bbox 1216 1989 1561 2060; x_wconf 89' lang='lat' dir='ltr'><strong>quibusdam</strong></span> <span class='ocrx_word' id='word_1_258' title='bbox 1605 1991 1870 2047; x_wconf 73' lang='lat' dir='ltr'><strong>Ecclesia:</strong></span> 
     </span>
    </p>
   </div>
   <div class='ocr_carea' id='block_1_36' title="bbox 213 2078 1869 2150">
    <p class='ocr_par' dir='ltr' id='par_1_36' title="bbox 213 2078 1869 2150">
     <span class='ocr_line' id='line_1_36' title="bbox 213 2078 1869 2150; baseline 0.001 -16"><span class='ocrx_word' id='word_1_259' title='bbox 213 2079 753 2135; x_wconf 87' lang='lat' dir='ltr'><strong>contradicentibus</strong></span> <span class='ocrx_word' id='word_1_260' title='bbox 776 2084 833 2134; x_wconf 88' lang='lat' dir='ltr'><strong>et</strong></span> <span class='ocrx_word' id='word_1_261' title='bbox 857 2078 1318 2149; x_wconf 89' lang='lat' dir='ltr'><strong>prohibentibus,</strong></span> <span class='ocrx_word' id='word_1_262' title='bbox 1343 2079 1720 2150; x_wconf 89' lang='lat' dir='ltr'><strong>libellumque</strong></span> <span class='ocrx_word' id='word_1_263' title='bbox 1745 2082 1869 2150; x_wconf 88' lang='lat' dir='ltr'><strong>ejus</strong></span> 
     </span>
    </p>
   </div>
   <div class='ocr_carea' id='block_1_37' title="bbox 218 2167 1865 2240">
    <p class='ocr_par' dir='ltr' id='par_1_37' title="bbox 218 2167 1865 2240">
     <span class='ocr_line' id='line_1_37' title="bbox 218 2167 1865 2240; baseline 0.001 -17"><span class='ocrx_word' id='word_1_264' title='bbox 218 2167 657 2238; x_wconf 86' lang='lat' dir='ltr'><strong>publicantibus</strong></span> <span class='ocrx_word' id='word_1_265' title='bbox 687 2169 747 2224; x_wconf 91' lang='lat' dir='ltr'><strong>in</strong></span> <span class='ocrx_word' id='word_1_266' title='bbox 788 2168 1022 2240; x_wconf 89' lang='lat' dir='ltr'><strong>palatio,</strong></span> <span class='ocrx_word' id='word_1_267' title='bbox 1054 2167 1558 2239; x_wconf 88' lang='lat' dir='ltr'><strong>asserentibusque</strong></span> <span class='ocrx_word' id='word_1_268' title='bbox 1597 2170 1865 2239; x_wconf 89' lang='lat' dir='ltr'><strong>quoniam</strong></span> 
     </span>
    </p>
   </div>
   <div class='ocr_carea' id='block_1_38' title="bbox 212 2255 1868 2328">
    <p class='ocr_par' dir='ltr' id='par_1_38' title="bbox 212 2255 1868 2328">
     <span class='ocr_line' id='line_1_38' title="bbox 212 2255 1868 2328; baseline 0.002 -17"><span class='ocrx_word' id='word_1_269' title='bbox 212 2260 266 2312; x_wconf 88' lang='lat' dir='ltr'><strong>et</strong></span> <span class='ocrx_word' id='word_1_270' title='bbox 292 2270 328 2311; x_wconf 90' lang='lat' dir='ltr'><strong>a</strong></span> <span class='ocrx_word' id='word_1_271' title='bbox 363 2255 692 2312; x_wconf 89' lang='lat' dir='ltr'><strong>beatissimo</strong></span> <span class='ocrx_word' id='word_1_272' title='bbox 722 2257 896 2313; x_wconf 90' lang='lat' dir='ltr'><strong>Paulo</strong></span> <span class='ocrx_word' id='word_1_273' title='bbox 925 2256 1438 2312; x_wconf 86' lang='lat' dir='ltr'><strong>anathematizatus</strong></span> <span class='ocrx_word' id='word_1_274' title='bbox 1467 2261 1582 2312; x_wconf 89' lang='lat' dir='ltr'><strong>est:</strong></span> <span class='ocrx_word' id='word_1_275' title='bbox 1618 2258 1868 2328; x_wconf 81' lang='lat' dir='ltr'><strong>Pyrrhus</strong></span> 
     </span>
    </p>
   </div>
   <div class='ocr_carea' id='block_1_39' title="bbox 207 2345 1866 2417">
    <p class='ocr_par' dir='ltr' id='par_1_39' title="bbox 207 2345 1866 2417">
     <span class='ocr_line' id='line_1_39' title="bbox 207 2345 1866 2417; baseline 0.001 -17"><span class='ocrx_word' id='word_1_276' title='bbox 207 2345 552 2415; x_wconf 87' lang='lat' dir='ltr'><strong>reprobatus</strong></span> <span class='ocrx_word' id='word_1_277' title='bbox 587 2349 675 2402; x_wconf 91' lang='lat' dir='ltr'><strong>est</strong></span> <span class='ocrx_word' id='word_1_278' title='bbox 708 2345 1026 2401; x_wconf 87' lang='lat' dir='ltr'><strong>sacerdotio</strong></span> <span class='ocrx_word' id='word_1_279' title='bbox 1047 2350 1277 2416; x_wconf 87' lang='lat' dir='ltr'><strong>pr0pter</strong></span> <span class='ocrx_word' id='word_1_280' title='bbox 1306 2345 1568 2401; x_wconf 90' lang='lat' dir='ltr'><strong>libellum</strong></span> <span class='ocrx_word' id='word_1_281' title='bbox 1598 2359 1763 2417; x_wconf 91' lang='lat' dir='ltr'><strong>quem</strong></span> <span class='ocrx_word' id='word_1_282' title='bbox 1791 2345 1866 2402; x_wconf 90' lang='lat' dir='ltr'><strong>fe-</strong></span> 
     </span>
    </p>
   </div>
   <div class='ocr_carea' id='block_1_40' title="bbox 203 2435 609 2490">
    <p class='ocr_par' dir='ltr' id='par_1_40' title="bbox 203 2435 609 2490">
     <span class='ocr_line' id='line_1_40' title="bbox 203 2435 609 2490; baseline 0 -1"><span class='ocrx_word' id='word_1_283' title='bbox 203 2438 362 2490; x_wconf 86' lang='lat' dir='ltr'><strong>cerat</strong></span> <span class='ocrx_word' id='word_1_284' title='bbox 399 2435 609 2490; x_wconf 67' lang='lat' dir='ltr'><strong>Romaa.</strong></span> 
     </span>
    </p>
   </div>
   <div class='ocr_carea' id='block_1_41' title="bbox 272 2521 1866 2594">
    <p class='ocr_par' dir='ltr' id='par_1_41' title="bbox 272 2521 1866 2594">
     <span class='ocr_line' id='line_1_41' title="bbox 272 2521 1866 2594; baseline 0 -15"><span class='ocrx_word' id='word_1_285' title='bbox 272 2525 348 2579; x_wconf 86' lang='lat' dir='ltr'><strong>Et</strong></span> <span class='ocrx_word' id='word_1_286' title='bbox 385 2523 567 2579; x_wconf 86' lang='lat' dir='ltr'><strong>multa</strong></span> <span class='ocrx_word' id='word_1_287' title='bbox 599 2524 978 2579; x_wconf 91' lang='lat' dir='ltr'><strong>commotione</strong></span> <span class='ocrx_word' id='word_1_288' title='bbox 1006 2521 1174 2592; x_wconf 89' lang='lat' dir='ltr'><strong>facta,</strong></span> <span class='ocrx_word' id='word_1_289' title='bbox 1203 2526 1329 2594; x_wconf 89' lang='lat' dir='ltr'><strong>post</strong></span> <span class='ocrx_word' id='word_1_290' title='bbox 1359 2523 1484 2580; x_wconf 90' lang='lat' dir='ltr'><strong>dies</strong></span> <span class='ocrx_word' id='word_1_291' title='bbox 1514 2529 1639 2580; x_wconf 90' lang='lat' dir='ltr'><strong>octo</strong></span> <span class='ocrx_word' id='word_1_292' title='bbox 1668 2523 1866 2580; x_wconf 88' lang='lat' dir='ltr'><strong>defun-</strong></span> 
     </span>
    </p>
   </div>
   <div class='ocr_carea' id='block_1_42' title="bbox 208 2613 1866 2685">
    <p class='ocr_par' dir='ltr' id='par_1_42' title="bbox 208 2613 1866 2685">
     <span class='ocr_line' id='line_1_42' title="bbox 208 2613 1866 2685; baseline 0 -16"><span class='ocrx_word' id='word_1_293' title='bbox 208 2620 294 2669; x_wconf 89' lang='lat' dir='ltr'><strong>cto</strong></span> <span class='ocrx_word' id='word_1_294' title='bbox 325 2613 558 2684; x_wconf 85' lang='lat' dir='ltr'><strong>Paullo,</strong></span> <span class='ocrx_word' id='word_1_295' title='bbox 588 2613 869 2685; x_wconf 83' lang='lat' dir='ltr'><strong>dirigitur</strong></span> <span class='ocrx_word' id='word_1_296' title='bbox 888 2613 959 2668; x_wconf 91' lang='lat' dir='ltr'><strong>ab</strong></span> <span class='ocrx_word' id='word_1_297' title='bbox 990 2614 1332 2684; x_wconf 88' lang='lat' dir='ltr'><strong>imperatore</strong></span> <span class='ocrx_word' id='word_1_298' title='bbox 1358 2613 1426 2668; x_wconf 90' lang='lat' dir='ltr'><strong>ad</strong></span> <span class='ocrx_word' id='word_1_299' title='bbox 1453 2613 1747 2670; x_wconf 91' lang='lat' dir='ltr'><strong>Diomedis</strong></span> <span class='ocrx_word' id='word_1_300' title='bbox 1771 2627 1866 2669; x_wconf 85' lang='lat' dir='ltr'><strong>cu-</strong></span> 
     </span>
    </p>
   </div>
   <div class='ocr_carea' id='block_1_43' title="bbox 203 2702 1864 2774">
    <p class='ocr_par' dir='ltr' id='par_1_43' title="bbox 203 2702 1864 2774">
     <span class='ocr_line' id='line_1_43' title="bbox 203 2702 1864 2774; baseline -0.001 -16"><span class='ocrx_word' id='word_1_301' title='bbox 203 2703 458 2758; x_wconf 89' lang='lat' dir='ltr'><strong>stodiam</strong></span> <span class='ocrx_word' id='word_1_302' title='bbox 512 2703 578 2757; x_wconf 93' lang='lat' dir='ltr'><strong>ad</strong></span> <span class='ocrx_word' id='word_1_303' title='bbox 628 2702 1052 2774; x_wconf 90' lang='lat' dir='ltr'><strong>magnanimum</strong></span> <span class='ocrx_word' id='word_1_304' title='bbox 1095 2715 1293 2773; x_wconf 87' lang='lat' dir='ltr'><strong>papam</strong></span> <span class='ocrx_word' id='word_1_305' title='bbox 1336 2703 1741 2758; x_wconf 89' lang='lat' dir='ltr'><strong>Demosthenes</strong></span> <span class='ocrx_word' id='word_1_306' title='bbox 1783 2715 1864 2756; x_wconf 86' lang='lat' dir='ltr'><strong>re-</strong></span> 
     </span>
    </p>
   </div>
   <div class='ocr_carea' id='block_1_44' title="bbox 200 2790 1860 2864">
    <p class='ocr_par' dir='ltr' id='par_1_44' title="bbox 200 2790 1860 2864">
     <span class='ocr_line' id='line_1_44' title="bbox 200 2790 1860 2864; baseline -0.002 -16"><span class='ocrx_word' id='word_1_307' title='bbox 200 2795 462 2864; x_wconf 86' lang='lat' dir='ltr'><strong>scriptor</strong></span> <span class='ocrx_word' id='word_1_308' title='bbox 487 2796 543 2846; x_wconf 91' lang='lat' dir='ltr'><strong>et</strong></span> <span class='ocrx_word' id='word_1_309' title='bbox 568 2791 949 2847; x_wconf 90' lang='lat' dir='ltr'><strong>collaborator</strong></span> <span class='ocrx_word' id='word_1_310' title='bbox 969 2791 1279 2862; x_wconf 90' lang='lat' dir='ltr'><strong>sacellarii,</strong></span> <span class='ocrx_word' id='word_1_311' title='bbox 1307 2795 1364 2846; x_wconf 92' lang='lat' dir='ltr'><strong>et</strong></span> <span class='ocrx_word' id='word_1_312' title='bbox 1388 2790 1709 2847; x_wconf 88' lang='lat' dir='ltr'><strong>Libelliﬁus</strong></span> <span class='ocrx_word' id='word_1_313' title='bbox 1731 2803 1860 2847; x_wconf 93' lang='lat' dir='ltr'><strong>cum</strong></span> 
     </span>
    </p>
   </div>
   <div class='ocr_carea' id='block_1_45' title="bbox 197 2881 1861 2952">
    <p class='ocr_par' dir='ltr' id='par_1_45' title="bbox 197 2881 1861 2952">
     <span class='ocr_line' id='line_1_45' title="bbox 197 2881 1861 2952; baseline -0.001 -13"><span class='ocrx_word' id='word_1_314' title='bbox 197 2897 278 2940; x_wconf 90' lang='lat' dir='ltr'><strong>eo.</strong></span> <span class='ocrx_word' id='word_1_315' title='bbox 327 2885 629 2939; x_wconf 80' lang='lat' dir='ltr'><strong>latrantes</strong></span> <span class='ocrx_word' id='word_1_316' title='bbox 673 2895 822 2952; x_wconf 88' lang='lat' dir='ltr'><strong>vero,</strong></span> <span class='ocrx_word' id='word_1_317' title='bbox 869 2881 1142 2937; x_wconf 86' lang='lat' dir='ltr'><strong>dixerunt</strong></span> <span class='ocrx_word' id='word_1_318' title='bbox 1187 2882 1255 2937; x_wconf 93' lang='lat' dir='ltr'><strong>ad</strong></span> <span class='ocrx_word' id='word_1_319' title='bbox 1305 2894 1474 2937; x_wconf 89' lang='lat' dir='ltr'><strong>eum:</strong></span> <span class='ocrx_word' id='word_1_320' title='bbox 1527 2881 1861 2937; x_wconf 90' lang='lat' dir='ltr'><strong>Dominator</strong></span> 
     </span>
    </p>
   </div>
   <div class='ocr_carea' id='block_1_46' title="bbox 195 2970 1855 3042">
    <p class='ocr_par' dir='ltr' id='par_1_46' title="bbox 195 2970 1855 3042">
     <span class='ocr_line' id='line_1_46' title="bbox 195 2970 1855 3042; baseline -0.002 -14"><span class='ocrx_word' id='word_1_321' title='bbox 195 2979 405 3029; x_wconf 83' lang='lat' dir='ltr'><strong>noster</strong></span> <span class='ocrx_word' id='word_1_322' title='bbox 442 2972 698 3028; x_wconf 90' lang='lat' dir='ltr'><strong>eximius</strong></span> <span class='ocrx_word' id='word_1_323' title='bbox 741 2972 1050 3042; x_wconf 87' lang='lat' dir='ltr'><strong>imperator</strong></span> <span class='ocrx_word' id='word_1_324' title='bbox 1089 2970 1252 3026; x_wconf 89' lang='lat' dir='ltr'><strong>misit</strong></span> <span class='ocrx_word' id='word_1_325' title='bbox 1282 2983 1384 3026; x_wconf 91' lang='lat' dir='ltr'><strong>nos</strong></span> <span class='ocrx_word' id='word_1_326' title='bbox 1412 2971 1482 3026; x_wconf 88' lang='lat' dir='ltr'><strong>ad</strong></span> <span class='ocrx_word' id='word_1_327' title='bbox 1515 2974 1588 3035; x_wconf 87' lang='lat' dir='ltr'><strong>te,</strong></span> <span class='ocrx_word' id='word_1_328' title='bbox 1620 2970 1855 3026; x_wconf 92' lang='lat' dir='ltr'><strong>dicens:</strong></span> 
     </span>
    </p>
   </div>
   <div class='ocr_carea' id='block_1_47' title="bbox 1973 1812 3626 1887">
    <p class='ocr_par' dir='ltr' id='par_1_47' title="bbox 1973 1812 3626 1887">
     <span class='ocr_line' id='line_1_47' title="bbox 1973 1812 3626 1887; baseline 0.004 -21"><span class='ocrx_word' id='word_1_329' title='bbox 1973 1817 2113 1882; x_wconf 90' lang='lat' dir='ltr'><strong>erat,</strong></span> <span class='ocrx_word' id='word_1_330' title='bbox 2134 1812 2346 1882; x_wconf 90' lang='lat' dir='ltr'><strong>quippe</strong></span> <span class='ocrx_word' id='word_1_331' title='bbox 2371 1813 2587 1868; x_wconf 83' lang='lat' dir='ltr'><strong>direxit</strong></span> <span class='ocrx_word' id='word_1_332' title='bbox 2607 1813 2868 1870; x_wconf 91' lang='lat' dir='ltr'><strong>homines</strong></span> <span class='ocrx_word' id='word_1_333' title='bbox 2898 1828 3035 1870; x_wconf 91' lang='lat' dir='ltr'><strong>suos</strong></span> <span class='ocrx_word' id='word_1_334' title='bbox 3072 1819 3210 1871; x_wconf 91' lang='lat' dir='ltr'><strong>tunc</strong></span> <span class='ocrx_word' id='word_1_335' title='bbox 3239 1815 3308 1871; x_wconf 91' lang='lat' dir='ltr'><strong>ad</strong></span> <span class='ocrx_word' id='word_1_336' title='bbox 3345 1817 3626 1887; x_wconf 89' lang='lat' dir='ltr'><strong>Pyrrhum</strong></span> 
     </span>
    </p>
   </div>
   <div class='ocr_carea' id='block_1_48' title="bbox 1972 1899 3628 1970">
    <p class='ocr_par' dir='ltr' id='par_1_48' title="bbox 1972 1899 3628 1970">
     <span class='ocr_line' id='line_1_48' title="bbox 1972 1899 3628 1970; baseline 0.004 -16"><span class='ocrx_word' id='word_1_337' title='bbox 1972 1899 2246 1955; x_wconf 85' lang='lat' dir='ltr'><strong>Romam:</strong></span> <span class='ocrx_word' id='word_1_338' title='bbox 2283 1902 2696 1970; x_wconf 88' lang='lat' dir='ltr'><strong>percontamini</strong></span> <span class='ocrx_word' id='word_1_339' title='bbox 2741 1916 2870 1957; x_wconf 91' lang='lat' dir='ltr'><strong>eum</strong></span> <span class='ocrx_word' id='word_1_340' title='bbox 2901 1903 2971 1958; x_wconf 87' lang='lat' dir='ltr'><strong>de</strong></span> <span class='ocrx_word' id='word_1_341' title='bbox 3013 1903 3106 1958; x_wconf 91' lang='lat' dir='ltr'><strong>his</strong></span> <span class='ocrx_word' id='word_1_342' title='bbox 3135 1904 3184 1959; x_wconf 91' lang='lat' dir='ltr'><strong>si</strong></span> <span class='ocrx_word' id='word_1_343' title='bbox 3224 1904 3487 1961; x_wconf 89' lang='lat' dir='ltr'><strong>mentior.</strong></span> <span class='ocrx_word' id='word_1_344' title='bbox 3529 1905 3628 1961; x_wconf 78' lang='lat' dir='ltr'><strong>Ve-</strong></span> 
     </span>
    </p>
   </div>
   <div class='ocr_carea' id='block_1_49' title="bbox 1973 1990 3627 2062">
    <p class='ocr_par' dir='ltr' id='par_1_49' title="bbox 1973 1990 3627 2062">
     <span class='ocr_line' id='line_1_49' title="bbox 1973 1990 3627 2062; baseline 0.004 -19"><span class='ocrx_word' id='word_1_345' title='bbox 1973 1994 2314 2059; x_wconf 89' lang='lat' dir='ltr'><strong>rumtamen,</strong></span> <span class='ocrx_word' id='word_1_346' title='bbox 2359 1990 2497 2059; x_wconf 92' lang='lat' dir='ltr'><strong>quid</strong></span> <span class='ocrx_word' id='word_1_347' title='bbox 2545 1990 2810 2046; x_wconf 91' lang='lat' dir='ltr'><strong>volumus</strong></span> <span class='ocrx_word' id='word_1_348' title='bbox 2855 1991 3104 2060; x_wconf 90' lang='lat' dir='ltr'><strong>plurima</strong></span> <span class='ocrx_word' id='word_1_349' title='bbox 3149 1993 3446 2062; x_wconf 70' lang='lat' dir='ltr'><strong>quaerere?</strong></span> <span class='ocrx_word' id='word_1_350' title='bbox 3487 1995 3627 2050; x_wconf 91' lang='lat' dir='ltr'><strong>Ecce</strong></span> 
     </span>
    </p>
   </div>
   <div class='ocr_carea' id='block_1_50' title="bbox 1973 2077 3626 2154">
    <p class='ocr_par' dir='ltr' id='par_1_50' title="bbox 1973 2077 3626 2154">
     <span class='ocr_line' id='line_1_50' title="bbox 1973 2077 3626 2154; baseline 0.004 -22"><span class='ocrx_word' id='word_1_351' title='bbox 1973 2077 2035 2132; x_wconf 93' lang='lat' dir='ltr'><strong>in</strong></span> <span class='ocrx_word' id='word_1_352' title='bbox 2084 2078 2351 2134; x_wconf 89' lang='lat' dir='ltr'><strong>manibus</strong></span> <span class='ocrx_word' id='word_1_353' title='bbox 2394 2079 2601 2134; x_wconf 86' lang='lat' dir='ltr'><strong>vestris</strong></span> <span class='ocrx_word' id='word_1_354' title='bbox 2649 2079 2912 2135; x_wconf 89' lang='lat' dir='ltr'><strong>retinetis</strong></span> <span class='ocrx_word' id='word_1_355' title='bbox 2965 2094 3070 2152; x_wconf 91' lang='lat' dir='ltr'><strong>me,</strong></span> <span class='ocrx_word' id='word_1_356' title='bbox 3139 2085 3196 2136; x_wconf 91' lang='lat' dir='ltr'><strong>et</strong></span> <span class='ocrx_word' id='word_1_357' title='bbox 3243 2083 3626 2154; x_wconf 87' lang='lat' dir='ltr'><strong>quodcunque</strong></span> 
     </span>
    </p>
   </div>
   <div class='ocr_carea' id='block_1_51' title="bbox 1972 2165 3622 2240">
    <p class='ocr_par' dir='ltr' id='par_1_51' title="bbox 1972 2165 3622 2240">
     <span class='ocr_line' id='line_1_51' title="bbox 1972 2165 3622 2240; baseline 0.004 -19"><span class='ocrx_word' id='word_1_358' title='bbox 1972 2165 2150 2222; x_wconf 85' lang='lat' dir='ltr'><strong>vultis</strong></span> <span class='ocrx_word' id='word_1_359' title='bbox 2174 2171 2564 2224; x_wconf 89' lang='lat' dir='ltr'><strong>consummate</strong></span> <span class='ocrx_word' id='word_1_360' title='bbox 2597 2169 2656 2222; x_wconf 90' lang='lat' dir='ltr'><strong>in</strong></span> <span class='ocrx_word' id='word_1_361' title='bbox 2685 2182 2804 2223; x_wconf 91' lang='lat' dir='ltr'><strong>me:</strong></span> <span class='ocrx_word' id='word_1_362' title='bbox 2840 2170 2954 2224; x_wconf 93' lang='lat' dir='ltr'><strong>Deo</strong></span> <span class='ocrx_word' id='word_1_363' title='bbox 2983 2169 3316 2240; x_wconf 83' lang='lat' dir='ltr'><strong>indulgente</strong></span> <span class='ocrx_word' id='word_1_364' title='bbox 3337 2170 3408 2225; x_wconf 93' lang='lat' dir='ltr'><strong>.in</strong></span> <span class='ocrx_word' id='word_1_365' title='bbox 3434 2175 3622 2228; x_wconf 88' lang='lat' dir='ltr'><strong>vestra</strong></span> 
     </span>
    </p>
   </div>
   <div class='ocr_carea' id='block_1_52' title="bbox 1970 2256 3622 2327">
    <p class='ocr_par' dir='ltr' id='par_1_52' title="bbox 1970 2256 3622 2327">
     <span class='ocr_line' id='line_1_52' title="bbox 1970 2256 3622 2327; baseline 0.003 -16"><span class='ocrx_word' id='word_1_366' title='bbox 1970 2259 2057 2311; x_wconf 91' lang='lat' dir='ltr'><strong>est</strong></span> <span class='ocrx_word' id='word_1_367' title='bbox 2087 2260 2382 2326; x_wconf 88' lang='lat' dir='ltr'><strong>potestate.</strong></span> <span class='ocrx_word' id='word_1_368' title='bbox 2417 2256 2626 2327; x_wconf 89' lang='lat' dir='ltr'><strong>Utique</strong></span> <span class='ocrx_word' id='word_1_369' title='bbox 2655 2257 2704 2313; x_wconf 89' lang='lat' dir='ltr'><strong>si</strong></span> <span class='ocrx_word' id='word_1_370' title='bbox 2739 2257 3096 2312; x_wconf 88' lang='lat' dir='ltr'><strong>membratim</strong></span> <span class='ocrx_word' id='word_1_371' title='bbox 3127 2257 3394 2314; x_wconf 89' lang='lat' dir='ltr'><strong>inciditis</strong></span> <span class='ocrx_word' id='word_1_372' title='bbox 3421 2272 3622 2316; x_wconf 86' lang='lat' dir='ltr'><strong>carnes</strong></span> 
     </span>
    </p>
   </div>
   <div class='ocr_carea' id='block_1_53' title="bbox 1971 2344 3617 2418">
    <p class='ocr_par' dir='ltr' id='par_1_53' title="bbox 1971 2344 3617 2418">
     <span class='ocr_line' id='line_1_53' title="bbox 1971 2344 3617 2418; baseline 0.002 -18"><span class='ocrx_word' id='word_1_373' title='bbox 1971 2359 2142 2416; x_wconf 90' lang='lat' dir='ltr'><strong>meas,</strong></span> <span class='ocrx_word' id='word_1_374' title='bbox 2177 2345 2350 2400; x_wconf 90' lang='lat' dir='ltr'><strong>sicuti</strong></span> <span class='ocrx_word' id='word_1_375' title='bbox 2398 2344 2661 2415; x_wconf 56' lang='lat' dir='ltr'><strong>praefecto</strong></span> <span class='ocrx_word' id='word_1_376' title='bbox 2696 2346 2961 2415; x_wconf 90' lang='lat' dir='ltr'><strong>jussistis</strong></span> <span class='ocrx_word' id='word_1_377' title='bbox 2999 2360 3129 2402; x_wconf 90' lang='lat' dir='ltr'><strong>cum</strong></span> <span class='ocrx_word' id='word_1_378' title='bbox 3169 2359 3256 2402; x_wconf 90' lang='lat' dir='ltr'><strong>me</strong></span> <span class='ocrx_word' id='word_1_379' title='bbox 3293 2348 3617 2418; x_wconf 87' lang='lat' dir='ltr'><strong>traderetis,</strong></span> 
     </span>
    </p>
   </div>
   <div class='ocr_carea' id='block_1_54' title="bbox 1969 2433 3620 2505">
    <p class='ocr_par' dir='ltr' id='par_1_54' title="bbox 1969 2433 3620 2505">
     <span class='ocr_line' id='line_1_54' title="bbox 1969 2433 3620 2505; baseline 0.003 -17"><span class='ocrx_word' id='word_1_380' title='bbox 1969 2447 2082 2489; x_wconf 89' lang='lat' dir='ltr'><strong>non</strong></span> <span class='ocrx_word' id='word_1_381' title='bbox 2107 2434 2466 2490; x_wconf 91' lang='lat' dir='ltr'><strong>communico</strong></span> <span class='ocrx_word' id='word_1_382' title='bbox 2491 2433 2758 2489; x_wconf 73' lang='lat' dir='ltr'><strong>Ecclesia:</strong></span> <span class='ocrx_word' id='word_1_383' title='bbox 2782 2433 3448 2505; x_wconf 66' lang='lat' dir='ltr'><strong>Constantinopolitanae.</strong></span> <span class='ocrx_word' id='word_1_384' title='bbox 3477 2437 3620 2493; x_wconf 90' lang='lat' dir='ltr'><strong>Ecce</strong></span> 
     </span>
    </p>
   </div>
   <div class='ocr_carea' id='block_1_55' title="bbox 1968 2522 3619 2605">
    <p class='ocr_par' dir='ltr' id='par_1_55' title="bbox 1968 2522 3619 2605">
     <span class='ocr_line' id='line_1_55' title="bbox 1968 2522 3619 2605; baseline 0.002 -29"><span class='ocrx_word' id='word_1_385' title='bbox 1968 2522 2064 2605; x_wconf 68' lang='lat' dir='ltr'><strong>hic</strong></span> <span class='ocrx_word' id='word_1_386' title='bbox 2108 2536 2254 2590; x_wconf 91' lang='lat' dir='ltr'><strong>sum,</strong></span> <span class='ocrx_word' id='word_1_387' title='bbox 2305 2522 2626 2578; x_wconf 80' lang='lat' dir='ltr'><strong>examinate</strong></span> <span class='ocrx_word' id='word_1_388' title='bbox 2675 2536 2780 2594; x_wconf 89' lang='lat' dir='ltr'><strong>me,</strong></span> <span class='ocrx_word' id='word_1_389' title='bbox 2827 2527 2884 2578; x_wconf 89' lang='lat' dir='ltr'><strong>et</strong></span> <span class='ocrx_word' id='word_1_390' title='bbox 2929 2526 3160 2587; x_wconf 84' lang='lat' dir='ltr'><strong>tentate,</strong></span> <span class='ocrx_word' id='word_1_391' title='bbox 3205 2527 3262 2578; x_wconf 89' lang='lat' dir='ltr'><strong>et</strong></span> <span class='ocrx_word' id='word_1_392' title='bbox 3312 2523 3619 2580; x_wconf 88' lang='lat' dir='ltr'><strong>invenietis</strong></span> 
     </span>
    </p>
   </div>
   <div class='ocr_carea' id='block_1_56' title="bbox 1964 2611 3611 2682">
    <p class='ocr_par' dir='ltr' id='par_1_56' title="bbox 1964 2611 3611 2682">
     <span class='ocr_line' id='line_1_56' title="bbox 1964 2611 3611 2682; baseline 0.001 -16"><span class='ocrx_word' id='word_1_393' title='bbox 1964 2612 2351 2681; x_wconf 89' lang='lat' dir='ltr'><strong>experimento</strong></span> <span class='ocrx_word' id='word_1_394' title='bbox 2378 2611 2618 2681; x_wconf 78' lang='lat' dir='ltr'><strong>gratiam</strong></span> <span class='ocrx_word' id='word_1_395' title='bbox 2646 2612 2767 2682; x_wconf 89' lang='lat' dir='ltr'><strong>Dei,</strong></span> <span class='ocrx_word' id='word_1_396' title='bbox 2795 2616 2852 2666; x_wconf 93' lang='lat' dir='ltr'><strong>et</strong></span> <span class='ocrx_word' id='word_1_397' title='bbox 2876 2611 3131 2668; x_wconf 88' lang='lat' dir='ltr'><strong>ﬁdelium</strong></span> <span class='ocrx_word' id='word_1_398' title='bbox 3153 2625 3442 2668; x_wconf 89' lang='lat' dir='ltr'><strong>servorum</strong></span> <span class='ocrx_word' id='word_1_399' title='bbox 3468 2614 3611 2682; x_wconf 90' lang='lat' dir='ltr'><strong>ejus.</strong></span> 
     </span>
    </p>
   </div>
   <div class='ocr_carea' id='block_1_57' title="bbox 1964 2701 3618 2771">
    <p class='ocr_par' dir='ltr' id='par_1_57' title="bbox 1964 2701 3618 2771">
     <span class='ocr_line' id='line_1_57' title="bbox 1964 2701 3618 2771; baseline 0.001 -15"><span class='ocrx_word' id='word_1_400' title='bbox 1964 2703 2175 2756; x_wconf 90' lang='lat' dir='ltr'><strong>Iterum</strong></span> <span class='ocrx_word' id='word_1_401' title='bbox 2206 2701 2458 2770; x_wconf 82' lang='lat' dir='ltr'><strong>Pyrrhus</strong></span> <span class='ocrx_word' id='word_1_402' title='bbox 2490 2701 2549 2755; x_wconf 90' lang='lat' dir='ltr'><strong>in</strong></span> <span class='ocrx_word' id='word_1_403' title='bbox 2582 2701 2836 2756; x_wconf 90' lang='lat' dir='ltr'><strong>medium</strong></span> <span class='ocrx_word' id='word_1_404' title='bbox 2867 2701 3024 2756; x_wconf 87' lang='lat' dir='ltr'><strong>venit</strong></span> <span class='ocrx_word' id='word_1_405' title='bbox 3054 2701 3154 2771; x_wconf 92' lang='lat' dir='ltr'><strong>qui</strong></span> <span class='ocrx_word' id='word_1_406' title='bbox 3187 2701 3359 2757; x_wconf 88' lang='lat' dir='ltr'><strong>toties</strong></span> <span class='ocrx_word' id='word_1_407' title='bbox 3388 2701 3618 2758; x_wconf 86' lang='lat' dir='ltr'><strong>anathe-</strong></span> 
     </span>
    </p>
   </div>
   <div class='ocr_carea' id='block_1_58' title="bbox 1965 2788 3616 2860">
    <p class='ocr_par' dir='ltr' id='par_1_58' title="bbox 1965 2788 3616 2860">
     <span class='ocr_line' id='line_1_58' title="bbox 1965 2788 3616 2860; baseline 0.002 -16"><span class='ocrx_word' id='word_1_408' title='bbox 1965 2789 2267 2845; x_wconf 87' lang='lat' dir='ltr'><strong>matizatus</strong></span> <span class='ocrx_word' id='word_1_409' title='bbox 2292 2793 2348 2844; x_wconf 89' lang='lat' dir='ltr'><strong>et</strong></span> <span class='ocrx_word' id='word_1_410' title='bbox 2372 2789 2624 2845; x_wconf 89' lang='lat' dir='ltr'><strong>nudatus</strong></span> <span class='ocrx_word' id='word_1_411' title='bbox 2655 2795 2740 2845; x_wconf 92' lang='lat' dir='ltr'><strong>est</strong></span> <span class='ocrx_word' id='word_1_412' title='bbox 2763 2789 2962 2845; x_wconf 87' lang='lat' dir='ltr'><strong>divino</strong></span> <span class='ocrx_word' id='word_1_413' title='bbox 2989 2788 3222 2845; x_wconf 88' lang='lat' dir='ltr'><strong>honore.</strong></span> <span class='ocrx_word' id='word_1_414' title='bbox 3251 2789 3616 2860; x_wconf 90' lang='lat' dir='ltr'><strong>Stupefactus</strong></span> 
     </span>
    </p>
   </div>
   <div class='ocr_carea' id='block_1_59' title="bbox 1962 2877 3616 2950">
    <p class='ocr_par' dir='ltr' id='par_1_59' title="bbox 1962 2877 3616 2950">
     <span class='ocr_line' id='line_1_59' title="bbox 1962 2877 3616 2950; baseline 0.002 -17"><span class='ocrx_word' id='word_1_415' title='bbox 1962 2882 2150 2934; x_wconf 89' lang='lat' dir='ltr'><strong>autem</strong></span> <span class='ocrx_word' id='word_1_416' title='bbox 2198 2877 2602 2934; x_wconf 90' lang='lat' dir='ltr'><strong>Demosthenes</strong></span> <span class='ocrx_word' id='word_1_417' title='bbox 2641 2879 2970 2950; x_wconf 88' lang='lat' dir='ltr'><strong>rescriptor,</strong></span> <span class='ocrx_word' id='word_1_418' title='bbox 3017 2884 3073 2933; x_wconf 90' lang='lat' dir='ltr'><strong>et</strong></span> <span class='ocrx_word' id='word_1_419' title='bbox 3109 2879 3404 2934; x_wconf 88' lang='lat' dir='ltr'><strong>admirans</strong></span> <span class='ocrx_word' id='word_1_420' title='bbox 3442 2893 3616 2950; x_wconf 90' lang='lat' dir='ltr'><strong>super</strong></span> 
     </span>
    </p>
   </div>
   <div class='ocr_carea' id='block_1_60' title="bbox 1963 2967 3616 3039">
    <p class='ocr_par' dir='ltr' id='par_1_60' title="bbox 1963 2967 3616 3039">
     <span class='ocr_line' id='line_1_60' title="bbox 1963 2967 3616 3039; baseline 0.001 -17"><span class='ocrx_word' id='word_1_421' title='bbox 1963 2967 2068 3022; x_wconf 90' lang='lat' dir='ltr'><strong>hac</strong></span> <span class='ocrx_word' id='word_1_422' title='bbox 2098 2980 2230 3022; x_wconf 90' lang='lat' dir='ltr'><strong>voce</strong></span> <span class='ocrx_word' id='word_1_423' title='bbox 2257 2968 2603 3036; x_wconf 69' lang='lat' dir='ltr'><strong>{equanimis</strong></span> <span class='ocrx_word' id='word_1_424' title='bbox 2634 2982 2790 3037; x_wconf 63' lang='lat' dir='ltr'><strong>papa}</strong></span> <span class='ocrx_word' id='word_1_425' title='bbox 2819 2968 3118 3024; x_wconf 88' lang='lat' dir='ltr'><strong>audaciam</strong></span> <span class='ocrx_word' id='word_1_426' title='bbox 3148 2973 3320 3039; x_wconf 88' lang='lat' dir='ltr'><strong>atque</strong></span> <span class='ocrx_word' id='word_1_427' title='bbox 3355 2974 3616 3024; x_wconf 86' lang='lat' dir='ltr'><strong>constan-</strong></span> 
     </span>
    </p>
   </div>
   <div class='ocr_carea' id='block_1_61' title="bbox 192 3039 3613 3134">
    <p class='ocr_par' dir='ltr' id='par_1_61' title="bbox 192 3039 3613 3134">
     <span class='ocr_line' id='line_1_61' title="bbox 192 3039 3613 3134; baseline -0.002 -15"><span class='ocrx_word' id='word_1_428' title='bbox 192 3065 336 3119; x_wconf 85' lang='lat' dir='ltr'><strong>Ecce</strong></span> <span class='ocrx_word' id='word_1_429' title='bbox 387 3063 449 3118; x_wconf 90' lang='lat' dir='ltr'><strong>in</strong></span> <span class='ocrx_word' id='word_1_430' title='bbox 482 3066 697 3132; x_wconf 89' lang='lat' dir='ltr'><strong>quanta</strong></span> <span class='ocrx_word' id='word_1_431' title='bbox 737 3039 919 3134; x_wconf 78' lang='lat' dir='ltr'><strong>gloria</strong></span> <span class='ocrx_word' id='word_1_432' title='bbox 961 3061 1124 3131; x_wconf 90' lang='lat' dir='ltr'><strong>prius</strong></span> <span class='ocrx_word' id='word_1_433' title='bbox 1165 3060 1505 3128; x_wconf 86' lang='lat' dir='ltr'><strong>consistens,</strong></span> <span class='ocrx_word' id='word_1_434' title='bbox 1541 3060 1600 3115; x_wconf 90' lang='lat' dir='ltr'><strong>in</strong></span> <span class='ocrx_word' id='word_1_435' title='bbox 1633 3060 1856 3130; x_wconf 90' lang='lat' dir='ltr'><strong>qualem</strong></span> <span class='ocrx_word' id='word_1_436' title='bbox 1893 3039 2102 3111; x_wconf 79' lang='lat' dir='ltr'><strong>Ctiam</strong></span> <span class='ocrx_word' id='word_1_437' title='bbox 2153 3069 2253 3124; x_wconf 92' lang='lat' dir='ltr'><strong>pro</strong></span> <span class='ocrx_word' id='word_1_438' title='bbox 2299 3055 2530 3111; x_wconf 87' lang='lat' dir='ltr'><strong>Christo</strong></span> <span class='ocrx_word' id='word_1_439' title='bbox 2580 3057 2638 3111; x_wconf 91' lang='lat' dir='ltr'><strong>in</strong></span> <span class='ocrx_word' id='word_1_440' title='bbox 2686 3061 2865 3111; x_wconf 90' lang='lat' dir='ltr'><strong>morte</strong></span> <span class='ocrx_word' id='word_1_441' title='bbox 2909 3070 3032 3127; x_wconf 90' lang='lat' dir='ltr'><strong>sua,</strong></span> <span class='ocrx_word' id='word_1_442' title='bbox 3078 3057 3342 3127; x_wconf 85' lang='lat' dir='ltr'><strong>equidem</strong></span> <span class='ocrx_word' id='word_1_443' title='bbox 3389 3058 3458 3114; x_wconf 90' lang='lat' dir='ltr'><strong>ad</strong></span> <span class='ocrx_word' id='word_1_444' title='bbox 3506 3057 3613 3114; x_wconf 90' lang='lat' dir='ltr'><strong>hoc</strong></span> 
     </span>
    </p>
   </div>
   <div class='ocr_carea' id='block_1_62' title="bbox 194 3149 1856 3222">
    <p class='ocr_par' dir='ltr' id='par_1_62' title="bbox 194 3149 1856 3222">
     <span class='ocr_line' id='line_1_62' title="bbox 194 3149 1856 3222; baseline -0.002 -13"><span class='ocrx_word' id='word_1_445' title='bbox 194 3155 467 3209; x_wconf 90' lang='lat' dir='ltr'><strong>ordinem</strong></span> <span class='ocrx_word' id='word_1_446' title='bbox 504 3156 556 3207; x_wconf 91' lang='lat' dir='ltr'><strong>te</strong></span> <span class='ocrx_word' id='word_1_447' title='bbox 589 3152 776 3222; x_wconf 89' lang='lat' dir='ltr'><strong>ipsum</strong></span> <span class='ocrx_word' id='word_1_448' title='bbox 807 3151 1067 3207; x_wconf 85' lang='lat' dir='ltr'><strong>duxisti!</strong></span> <span class='ocrx_word' id='word_1_449' title='bbox 1105 3164 1269 3206; x_wconf 91' lang='lat' dir='ltr'><strong>nemo</strong></span> <span class='ocrx_word' id='word_1_450' title='bbox 1297 3150 1406 3205; x_wconf 88' lang='lat' dir='ltr'><strong>tibi</strong></span> <span class='ocrx_word' id='word_1_451' title='bbox 1439 3149 1576 3206; x_wconf 90' lang='lat' dir='ltr'><strong>fecit</strong></span> <span class='ocrx_word' id='word_1_452' title='bbox 1606 3150 1732 3219; x_wconf 90' lang='lat' dir='ltr'><strong>hoc,</strong></span> <span class='ocrx_word' id='word_1_453' title='bbox 1762 3151 1856 3206; x_wconf 91' lang='lat' dir='ltr'><strong>sed</strong></span> 
     </span>
    </p>
   </div>
   <div class='ocr_carea' id='block_1_63' title="bbox 197 3239 1853 3312">
    <p class='ocr_par' dir='ltr' id='par_1_63' title="bbox 197 3239 1853 3312">
     <span class='ocr_line' id='line_1_63' title="bbox 197 3239 1853 3312; baseline -0.003 -13"><span class='ocrx_word' id='word_1_454' title='bbox 197 3248 259 3299; x_wconf 90' lang='lat' dir='ltr'><strong>tu</strong></span> <span class='ocrx_word' id='word_1_455' title='bbox 285 3243 421 3312; x_wconf 90' lang='lat' dir='ltr'><strong>ipse</strong></span> <span class='ocrx_word' id='word_1_456' title='bbox 445 3241 810 3311; x_wconf 86' lang='lat' dir='ltr'><strong>tibimetipsi.</strong></span> <span class='ocrx_word' id='word_1_457' title='bbox 839 3243 960 3310; x_wconf 90' lang='lat' dir='ltr'><strong>Ipse</strong></span> <span class='ocrx_word' id='word_1_458' title='bbox 976 3246 1161 3297; x_wconf 89' lang='lat' dir='ltr'><strong>autem</strong></span> <span class='ocrx_word' id='word_1_459' title='bbox 1189 3239 1516 3296; x_wconf 87' lang='lat' dir='ltr'><strong>nihilaliud</strong></span> <span class='ocrx_word' id='word_1_460' title='bbox 1540 3240 1853 3310; x_wconf 90' lang='lat' dir='ltr'><strong>respondit,</strong></span> 
     </span>
    </p>
   </div>
   <div class='ocr_carea' id='block_1_64' title="bbox 195 3329 1857 3400">
    <p class='ocr_par' dir='ltr' id='par_1_64' title="bbox 195 3329 1857 3400">
     <span class='ocr_line' id='line_1_64' title="bbox 195 3329 1857 3400; baseline -0.001 -14"><span class='ocrx_word' id='word_1_461' title='bbox 195 3332 307 3387; x_wconf 91' lang='lat' dir='ltr'><strong>nisi</strong></span> <span class='ocrx_word' id='word_1_462' title='bbox 334 3330 536 3387; x_wconf 90' lang='lat' dir='ltr'><strong>solum</strong></span> <span class='ocrx_word' id='word_1_463' title='bbox 566 3330 704 3386; x_wconf 93' lang='lat' dir='ltr'><strong>hoc:</strong></span> <span class='ocrx_word' id='word_1_464' title='bbox 729 3329 925 3386; x_wconf 91' lang='lat' dir='ltr'><strong>Gloria</strong></span> <span class='ocrx_word' id='word_1_465' title='bbox 952 3334 1007 3385; x_wconf 91' lang='lat' dir='ltr'><strong>et</strong></span> <span class='ocrx_word' id='word_1_466' title='bbox 1027 3331 1341 3400; x_wconf 83' lang='lat' dir='ltr'><strong>gratiarum</strong></span> <span class='ocrx_word' id='word_1_467' title='bbox 1369 3329 1519 3384; x_wconf 90' lang='lat' dir='ltr'><strong>actio</strong></span> <span class='ocrx_word' id='word_1_468' title='bbox 1547 3342 1644 3399; x_wconf 89' lang='lat' dir='ltr'><strong>per</strong></span> <span class='ocrx_word' id='word_1_469' title='bbox 1664 3329 1857 3385; x_wconf 90' lang='lat' dir='ltr'><strong>omnia</strong></span> 
     </span>
    </p>
   </div>
   <div class='ocr_carea' id='block_1_65' title="bbox 185 3417 1857 3490">
    <p class='ocr_par' dir='ltr' id='par_1_65' title="bbox 185 3417 1857 3490">
     <span class='ocr_line' id='line_1_65' title="bbox 185 3417 1857 3490; baseline -0.002 -14"><span class='ocrx_word' id='word_1_470' title='bbox 185 3420 291 3476; x_wconf 87' lang='lat' dir='ltr'><strong>soli</strong></span> <span class='ocrx_word' id='word_1_471' title='bbox 327 3419 655 3476; x_wconf 88' lang='lat' dir='ltr'><strong>immortali</strong></span> <span class='ocrx_word' id='word_1_472' title='bbox 687 3419 844 3490; x_wconf 82' lang='lat' dir='ltr'><strong>Regi.</strong></span> <span class='ocrx_word' id='word_1_473' title='bbox 878 3419 1034 3474; x_wconf 91' lang='lat' dir='ltr'><strong>Dicit</strong></span> <span class='ocrx_word' id='word_1_474' title='bbox 1067 3419 1134 3474; x_wconf 89' lang='lat' dir='ltr'><strong>ad</strong></span> <span class='ocrx_word' id='word_1_475' title='bbox 1167 3432 1292 3474; x_wconf 90' lang='lat' dir='ltr'><strong>eum</strong></span> <span class='ocrx_word' id='word_1_476' title='bbox 1325 3417 1730 3473; x_wconf 88' lang='lat' dir='ltr'><strong>Demosthenes</strong></span> <span class='ocrx_word' id='word_1_477' title='bbox 1776 3431 1857 3472; x_wconf 89' lang='lat' dir='ltr'><strong>re-</strong></span> 
     </span>
    </p>
   </div>
   <div class='ocr_carea' id='block_1_66' title="bbox 184 3506 1855 3580">
    <p class='ocr_par' dir='ltr' id='par_1_66' title="bbox 184 3506 1855 3580">
     <span class='ocr_line' id='line_1_66' title="bbox 184 3506 1855 3580; baseline 0 -16"><span class='ocrx_word' id='word_1_478' title='bbox 184 3510 481 3580; x_wconf 87' lang='lat' dir='ltr'><strong>scriptor:</strong></span> <span class='ocrx_word' id='word_1_479' title='bbox 515 3507 875 3580; x_wconf 85' lang='lat' dir='ltr'><strong>Signiﬁcavit</strong></span> <span class='ocrx_word' id='word_1_480' title='bbox 914 3507 1023 3563; x_wconf 84' lang='lat' dir='ltr'><strong>tibi</strong></span> <span class='ocrx_word' id='word_1_481' title='bbox 1063 3507 1410 3574; x_wconf 89' lang='lat' dir='ltr'><strong>dominator,</strong></span> <span class='ocrx_word' id='word_1_482' title='bbox 1451 3507 1546 3562; x_wconf 89' lang='lat' dir='ltr'><strong>dic</strong></span> <span class='ocrx_word' id='word_1_483' title='bbox 1586 3506 1754 3562; x_wconf 89' lang='lat' dir='ltr'><strong>nobis</strong></span> <span class='ocrx_word' id='word_1_484' title='bbox 1791 3520 1855 3564; x_wconf 88' lang='lat' dir='ltr'><strong>ea</strong></span> 
     </span>
    </p>
   </div>
   <div class='ocr_carea' id='block_1_67' title="bbox 184 3596 1855 3669">
    <p class='ocr_par' dir='ltr' id='par_1_67' title="bbox 184 3596 1855 3669">
     <span class='ocr_line' id='line_1_67' title="bbox 184 3596 1855 3669; baseline -0.001 -15"><span class='ocrx_word' id='word_1_485' title='bbox 184 3614 309 3669; x_wconf 73' lang='lat' dir='ltr'><strong>quae</strong></span> <span class='ocrx_word' id='word_1_486' title='bbox 359 3597 438 3653; x_wconf 88' lang='lat' dir='ltr'><strong>de</strong></span> <span class='ocrx_word' id='word_1_487' title='bbox 483 3597 701 3668; x_wconf 85' lang='lat' dir='ltr'><strong>Pyrrho</strong></span> <span class='ocrx_word' id='word_1_488' title='bbox 749 3597 1147 3667; x_wconf 85' lang='lat' dir='ltr'><strong>expatriarcha</strong></span> <span class='ocrx_word' id='word_1_489' title='bbox 1192 3596 1287 3652; x_wconf 90' lang='lat' dir='ltr'><strong>hic</strong></span> <span class='ocrx_word' id='word_1_490' title='bbox 1332 3602 1389 3652; x_wconf 91' lang='lat' dir='ltr'><strong>et</strong></span> <span class='ocrx_word' id='word_1_491' title='bbox 1432 3597 1620 3651; x_wconf 71' lang='lat' dir='ltr'><strong>Roma:</strong></span> <span class='ocrx_word' id='word_1_492' title='bbox 1665 3597 1855 3652; x_wconf 87' lang='lat' dir='ltr'><strong>subse-</strong></span> 
     </span>
    </p>
   </div>
   <div class='ocr_carea' id='block_1_68' title="bbox 182 3685 1845 3758">
    <p class='ocr_par' dir='ltr' id='par_1_68' title="bbox 182 3685 1845 3758">
     <span class='ocr_line' id='line_1_68' title="bbox 182 3685 1845 3758; baseline -0.002 -15"><span class='ocrx_word' id='word_1_493' title='bbox 182 3692 441 3758; x_wconf 88' lang='lat' dir='ltr'><strong>quenter</strong></span> <span class='ocrx_word' id='word_1_494' title='bbox 485 3691 645 3758; x_wconf 89' lang='lat' dir='ltr'><strong>gesta</strong></span> <span class='ocrx_word' id='word_1_495' title='bbox 682 3693 835 3743; x_wconf 89' lang='lat' dir='ltr'><strong>sunt.</strong></span> <span class='ocrx_word' id='word_1_496' title='bbox 885 3687 990 3742; x_wconf 92' lang='lat' dir='ltr'><strong>Pro</strong></span> <span class='ocrx_word' id='word_1_497' title='bbox 1031 3700 1142 3758; x_wconf 89' lang='lat' dir='ltr'><strong>qua</strong></span> <span class='ocrx_word' id='word_1_498' title='bbox 1180 3699 1352 3742; x_wconf 90' lang='lat' dir='ltr'><strong>causa</strong></span> <span class='ocrx_word' id='word_1_499' title='bbox 1394 3685 1544 3741; x_wconf 91' lang='lat' dir='ltr'><strong>abiit</strong></span> <span class='ocrx_word' id='word_1_500' title='bbox 1581 3686 1845 3741; x_wconf 87' lang='lat' dir='ltr'><strong>Romam:</strong></span> 
     </span>
    </p>
   </div>
   <div class='ocr_carea' id='block_1_69' title="bbox 177 3774 1852 3847">
    <p class='ocr_par' dir='ltr' id='par_1_69' title="bbox 177 3774 1852 3847">
     <span class='ocr_line' id='line_1_69' title="bbox 177 3774 1852 3847; baseline -0.002 -13"><span class='ocrx_word' id='word_1_501' title='bbox 177 3779 416 3845; x_wconf 90' lang='lat' dir='ltr'><strong>jussus,</strong></span> <span class='ocrx_word' id='word_1_502' title='bbox 446 3789 522 3832; x_wconf 89' lang='lat' dir='ltr'><strong>an</strong></span> <span class='ocrx_word' id='word_1_503' title='bbox 563 3776 798 3845; x_wconf 86' lang='lat' dir='ltr'><strong>pr0prio</strong></span> <span class='ocrx_word' id='word_1_504' title='bbox 830 3775 1173 3847; x_wconf 87' lang='lat' dir='ltr'><strong>proposito?</strong></span> <span class='ocrx_word' id='word_1_505' title='bbox 1213 3774 1579 3844; x_wconf 89' lang='lat' dir='ltr'><strong>Respondens</strong></span> <span class='ocrx_word' id='word_1_506' title='bbox 1617 3778 1852 3831; x_wconf 92' lang='lat' dir='ltr'><strong>sanctus</strong></span> 
     </span>
    </p>
   </div>
   <div class='ocr_carea' id='block_1_70' title="bbox 176 3863 1844 3938">
    <p class='ocr_par' dir='ltr' id='par_1_70' title="bbox 176 3863 1844 3938">
     <span class='ocr_line' id='line_1_70' title="bbox 176 3863 1844 3938; baseline -0.002 -16"><span class='ocrx_word' id='word_1_507' title='bbox 176 3880 322 3938; x_wconf 88' lang='lat' dir='ltr'><strong>papa</strong></span> <span class='ocrx_word' id='word_1_508' title='bbox 375 3865 573 3922; x_wconf 81' lang='lat' dir='ltr'><strong>dixit:</strong></span> <span class='ocrx_word' id='word_1_509' title='bbox 621 3865 860 3936; x_wconf 90' lang='lat' dir='ltr'><strong>Proprio</strong></span> <span class='ocrx_word' id='word_1_510' title='bbox 904 3864 1220 3935; x_wconf 91' lang='lat' dir='ltr'><strong>proposito.</strong></span> <span class='ocrx_word' id='word_1_511' title='bbox 1261 3863 1361 3919; x_wconf 92' lang='lat' dir='ltr'><strong>Ait</strong></span> <span class='ocrx_word' id='word_1_512' title='bbox 1400 3863 1844 3919; x_wconf 89' lang='lat' dir='ltr'><strong>Demosthenes:</strong></span> 
     </span>
    </p>
   </div>
   <div class='ocr_carea' id='block_1_71' title="bbox 177 3952 1851 4026">
    <p class='ocr_par' dir='ltr' id='par_1_71' title="bbox 177 3952 1851 4026">
     <span class='ocr_line' id='line_1_71' title="bbox 177 3952 1851 4026; baseline -0.001 -16"><span class='ocrx_word' id='word_1_513' title='bbox 177 3955 477 4012; x_wconf 89' lang='lat' dir='ltr'><strong>Libellum</strong></span> <span class='ocrx_word' id='word_1_514' title='bbox 505 3955 670 4010; x_wconf 91' lang='lat' dir='ltr'><strong>illum</strong></span> <span class='ocrx_word' id='word_1_515' title='bbox 696 3955 983 4026; x_wconf 90' lang='lat' dir='ltr'><strong>quomodo</strong></span> <span class='ocrx_word' id='word_1_516' title='bbox 1014 3952 1151 4009; x_wconf 89' lang='lat' dir='ltr'><strong>fecit</strong></span> <span class='ocrx_word' id='word_1_517' title='bbox 1171 3953 1200 4007; x_wconf 87' lang='lat'><strong>?</strong></span> <span class='ocrx_word' id='word_1_518' title='bbox 1217 3953 1588 4023; x_wconf 87' lang='lat' dir='ltr'><strong>compellente</strong></span> <span class='ocrx_word' id='word_1_519' title='bbox 1609 3953 1806 4024; x_wconf 91' lang='lat' dir='ltr'><strong>aliquo</strong></span> <span class='ocrx_word' id='word_1_520' title='bbox 1822 3953 1851 4008; x_wconf 85' lang='lat'><strong>?</strong></span> 
     </span>
    </p>
   </div>
   <div class='ocr_carea' id='block_1_72' title="bbox 171 4043 1852 4117">
    <p class='ocr_par' dir='ltr' id='par_1_72' title="bbox 171 4043 1852 4117">
     <span class='ocr_line' id='line_1_72' title="bbox 171 4043 1852 4117; baseline -0.002 -17"><span class='ocrx_word' id='word_1_521' title='bbox 171 4045 510 4117; x_wconf 87' lang='lat' dir='ltr'><strong>Respondit</strong></span> <span class='ocrx_word' id='word_1_522' title='bbox 539 4049 771 4100; x_wconf 89' lang='lat' dir='ltr'><strong>sanctus</strong></span> <span class='ocrx_word' id='word_1_523' title='bbox 800 4044 925 4099; x_wconf 90' lang='lat' dir='ltr'><strong>vir:</strong></span> <span class='ocrx_word' id='word_1_524' title='bbox 959 4043 1218 4108; x_wconf 84' lang='lat' dir='ltr'><strong>Nemine,</strong></span> <span class='ocrx_word' id='word_1_525' title='bbox 1249 4043 1344 4098; x_wconf 90' lang='lat' dir='ltr'><strong>sed</strong></span> <span class='ocrx_word' id='word_1_526' title='bbox 1390 4043 1620 4112; x_wconf 88' lang='lat' dir='ltr'><strong>pr0pria</strong></span> <span class='ocrx_word' id='word_1_527' title='bbox 1653 4057 1852 4113; x_wconf 87' lang='lat' dir='ltr'><strong>propo-</strong></span> 
     </span>
    </p>
   </div>
   <div class='ocr_carea' id='block_1_73' title="bbox 171 4131 1854 4204">
    <p class='ocr_par' dir='ltr' id='par_1_73' title="bbox 171 4131 1854 4204">
     <span class='ocr_line' id='line_1_73' title="bbox 171 4131 1854 4204; baseline 0 -14"><span class='ocrx_word' id='word_1_528' title='bbox 171 4135 420 4192; x_wconf 86' lang='lat' dir='ltr'><strong>sitione.</strong></span> <span class='ocrx_word' id='word_1_529' title='bbox 459 4134 864 4189; x_wconf 88' lang='lat' dir='ltr'><strong>Demosthenes</strong></span> <span class='ocrx_word' id='word_1_530' title='bbox 904 4133 1140 4204; x_wconf 91' lang='lat' dir='ltr'><strong>inquit:</strong></span> <span class='ocrx_word' id='word_1_531' title='bbox 1186 4131 1457 4187; x_wconf 74' lang='lat' dir='ltr'><strong>Veniente</strong></span> <span class='ocrx_word' id='word_1_532' title='bbox 1497 4132 1712 4200; x_wconf 89' lang='lat' dir='ltr'><strong>Pyrrho</strong></span> <span class='ocrx_word' id='word_1_533' title='bbox 1748 4131 1854 4190; x_wconf 88' lang='lat' dir='ltr'><strong>Ro.</strong></span> 
     </span>
    </p>
   </div>
   <div class='ocr_carea' id='block_1_74' title="bbox 170 4219 1850 4294">
    <p class='ocr_par' dir='ltr' id='par_1_74' title="bbox 170 4219 1850 4294">
     <span class='ocr_line' id='line_1_74' title="bbox 170 4219 1850 4294; baseline -0.003 -14"><span class='ocrx_word' id='word_1_534' title='bbox 170 4238 346 4294; x_wconf 87' lang='lat' dir='ltr'><strong>mam,</strong></span> <span class='ocrx_word' id='word_1_535' title='bbox 384 4223 678 4294; x_wconf 84' lang='lat' dir='ltr'><strong>quomodo</strong></span> <span class='ocrx_word' id='word_1_536' title='bbox 702 4221 957 4292; x_wconf 88' lang='lat' dir='ltr'><strong>suscepit</strong></span> <span class='ocrx_word' id='word_1_537' title='bbox 982 4235 1113 4278; x_wconf 90' lang='lat' dir='ltr'><strong>eum</strong></span> <span class='ocrx_word' id='word_1_538' title='bbox 1146 4224 1383 4276; x_wconf 88' lang='lat' dir='ltr'><strong>sanctus</strong></span> <span class='ocrx_word' id='word_1_539' title='bbox 1407 4220 1497 4275; x_wconf 91' lang='lat' dir='ltr'><strong>vir</strong></span> <span class='ocrx_word' id='word_1_540' title='bbox 1520 4219 1850 4276; x_wconf 91' lang='lat' dir='ltr'><strong>Theodorus</strong></span> 
     </span>
    </p>
   </div>
   <div class='ocr_carea' id='block_1_75' title="bbox 166 4308 1850 4382">
    <p class='ocr_par' dir='ltr' id='par_1_75' title="bbox 166 4308 1850 4382">
     <span class='ocr_line' id='line_1_75' title="bbox 166 4308 1850 4382; baseline -0.003 -13"><span class='ocrx_word' id='word_1_541' title='bbox 166 4315 454 4371; x_wconf 88' lang='lat' dir='ltr'><strong>decessor</strong></span> <span class='ocrx_word' id='word_1_542' title='bbox 513 4317 650 4369; x_wconf 90' lang='lat' dir='ltr'><strong>tuus</strong></span> <span class='ocrx_word' id='word_1_543' title='bbox 709 4311 904 4382; x_wconf 89' lang='lat' dir='ltr'><strong>papa?</strong></span> <span class='ocrx_word' id='word_1_544' title='bbox 956 4310 1042 4367; x_wconf 91' lang='lat' dir='ltr'><strong>uti</strong></span> <span class='ocrx_word' id='word_1_545' title='bbox 1097 4308 1485 4380; x_wconf 84' lang='lat' dir='ltr'><strong>episcopum?</strong></span> <span class='ocrx_word' id='word_1_546' title='bbox 1537 4309 1850 4378; x_wconf 86' lang='lat' dir='ltr'><strong>Respondit</strong></span> 
     </span>
    </p>
   </div>
   <div class='ocr_carea' id='block_1_76' title="bbox 1964 3144 3608 3217">
    <p class='ocr_par' dir='ltr' id='par_1_76' title="bbox 1964 3144 3608 3217">
     <span class='ocr_line' id='line_1_76' title="bbox 1964 3144 3608 3217; baseline 0.001 -17"><span class='ocrx_word' id='word_1_547' title='bbox 1964 3145 2186 3215; x_wconf 87' lang='lat' dir='ltr'><strong>positus</strong></span> <span class='ocrx_word' id='word_1_548' title='bbox 2227 3149 2349 3200; x_wconf 90' lang='lat' dir='ltr'><strong>erat</strong></span> <span class='ocrx_word' id='word_1_549' title='bbox 2394 3144 2546 3199; x_wconf 86' lang='lat' dir='ltr'><strong>calix</strong></span> <span class='ocrx_word' id='word_1_550' title='bbox 2595 3145 2901 3214; x_wconf 90' lang='lat' dir='ltr'><strong>passionis.</strong></span> <span class='ocrx_word' id='word_1_551' title='bbox 2959 3144 3244 3200; x_wconf 89' lang='lat' dir='ltr'><strong>Similiter</strong></span> <span class='ocrx_word' id='word_1_552' title='bbox 3288 3151 3343 3200; x_wconf 89' lang='lat' dir='ltr'><strong>et</strong></span> <span class='ocrx_word' id='word_1_553' title='bbox 3394 3145 3455 3201; x_wconf 90' lang='lat' dir='ltr'><strong>hi</strong></span> <span class='ocrx_word' id='word_1_554' title='bbox 3507 3147 3608 3217; x_wconf 90' lang='lat' dir='ltr'><strong>qui</strong></span> 
     </span>
    </p>
   </div>
   <div class='ocr_carea' id='block_1_77' title="bbox 1959 3232 3608 3303">
    <p class='ocr_par' dir='ltr' id='par_1_77' title="bbox 1959 3232 3608 3303">
     <span class='ocr_line' id='line_1_77' title="bbox 1959 3232 3608 3303; baseline 0.001 -15"><span class='ocrx_word' id='word_1_555' title='bbox 1959 3238 2369 3302; x_wconf 88' lang='lat' dir='ltr'><strong>consequentes</strong></span> <span class='ocrx_word' id='word_1_556' title='bbox 2409 3237 2570 3287; x_wconf 88' lang='lat' dir='ltr'><strong>erant</strong></span> <span class='ocrx_word' id='word_1_557' title='bbox 2603 3232 2654 3287; x_wconf 92' lang='lat' dir='ltr'><strong>ei</strong></span> <span class='ocrx_word' id='word_1_558' title='bbox 2699 3235 3012 3302; x_wconf 88' lang='lat' dir='ltr'><strong>stupentes,</strong></span> <span class='ocrx_word' id='word_1_559' title='bbox 3047 3236 3278 3303; x_wconf 91' lang='lat' dir='ltr'><strong>accepto</strong></span> <span class='ocrx_word' id='word_1_560' title='bbox 3318 3232 3608 3290; x_wconf 91' lang='lat' dir='ltr'><strong>libellario</strong></span> 
     </span>
    </p>
   </div>
   <div class='ocr_carea' id='block_1_78' title="bbox 1959 3320 3608 3392">
    <p class='ocr_par' dir='ltr' id='par_1_78' title="bbox 1959 3320 3608 3392">
     <span class='ocr_line' id='line_1_78' title="bbox 1959 3320 3608 3392; baseline 0.001 -16"><span class='ocrx_word' id='word_1_561' title='bbox 1959 3321 2216 3376; x_wconf 88' lang='lat' dir='ltr'><strong>seriatim</strong></span> <span class='ocrx_word' id='word_1_562' title='bbox 2260 3326 2466 3377; x_wconf 88' lang='lat' dir='ltr'><strong>cuncta</strong></span> <span class='ocrx_word' id='word_1_563' title='bbox 2511 3320 2667 3375; x_wconf 88' lang='lat' dir='ltr'><strong>dicta</strong></span> <span class='ocrx_word' id='word_1_564' title='bbox 2704 3334 2736 3376; x_wconf 68' lang='grc' dir='ltr'><strong>τι</strong></span> <span class='ocrx_word' id='word_1_565' title='bbox 2781 3320 2944 3377; x_wconf 89' lang='lat' dir='ltr'><strong>beato</strong></span> <span class='ocrx_word' id='word_1_566' title='bbox 2987 3321 3131 3392; x_wconf 91' lang='lat' dir='ltr'><strong>viro,</strong></span> <span class='ocrx_word' id='word_1_567' title='bbox 3181 3321 3608 3379; x_wconf 86' lang='lat' dir='ltr'><strong>conscribentes</strong></span> 
     </span>
    </p>
   </div>
   <div class='ocr_carea' id='block_1_79' title="bbox 1959 3415 2330 3466">
    <p class='ocr_par' dir='ltr' id='par_1_79' title="bbox 1959 3415 2330 3466">
     <span class='ocr_line' id='line_1_79' title="bbox 1959 3415 2330 3466; baseline -0.005 0"><span class='ocrx_word' id='word_1_568' title='bbox 1959 3415 2330 3466; x_wconf 88' lang='lat' dir='ltr'><strong>recesserunt.</strong></span> 
     </span>
    </p>
   </div>
   <div class='ocr_carea' id='block_1_80' title="bbox 2024 3499 3606 3570">
    <p class='ocr_par' dir='ltr' id='par_1_80' title="bbox 2024 3499 3606 3570">
     <span class='ocr_line' id='line_1_80' title="bbox 2024 3499 3606 3570; baseline 0.001 -15"><span class='ocrx_word' id='word_1_569' title='bbox 2024 3500 2180 3556; x_wconf 90' lang='lat' dir='ltr'><strong>Fecit</strong></span> <span class='ocrx_word' id='word_1_570' title='bbox 2224 3513 2358 3570; x_wconf 83' lang='lat' dir='ltr'><strong>ergo</strong></span> <span class='ocrx_word' id='word_1_571' title='bbox 2402 3499 2901 3554; x_wconf 90' lang='lat' dir='ltr'><strong>reverentissimus</strong></span> <span class='ocrx_word' id='word_1_572' title='bbox 2951 3512 3093 3569; x_wconf 87' lang='lat' dir='ltr'><strong>papa</strong></span> <span class='ocrx_word' id='word_1_573' title='bbox 3133 3499 3194 3554; x_wconf 91' lang='lat' dir='ltr'><strong>in</strong></span> <span class='ocrx_word' id='word_1_574' title='bbox 3238 3499 3433 3554; x_wconf 91' lang='lat' dir='ltr'><strong>eodem</strong></span> <span class='ocrx_word' id='word_1_575' title='bbox 3475 3499 3606 3557; x_wconf 87' lang='lat' dir='ltr'><strong>Dio-</strong></span> 
     </span>
    </p>
   </div>
   <div class='ocr_carea' id='block_1_81' title="bbox 1956 3587 3605 3661">
    <p class='ocr_par' dir='ltr' id='par_1_81' title="bbox 1956 3587 3605 3661">
     <span class='ocr_line' id='line_1_81' title="bbox 1956 3587 3605 3661; baseline -0.001 -16"><span class='ocrx_word' id='word_1_576' title='bbox 1956 3589 2138 3645; x_wconf 83' lang='lat' dir='ltr'><strong>raedis</strong></span> <span class='ocrx_word' id='word_1_577' title='bbox 2166 3589 2455 3661; x_wconf 86' lang='lat' dir='ltr'><strong>ergastulo</strong></span> <span class='ocrx_word' id='word_1_578' title='bbox 2481 3588 2771 3659; x_wconf 84' lang='lat' dir='ltr'><strong>octoginta</strong></span> <span class='ocrx_word' id='word_1_579' title='bbox 2802 3588 3060 3659; x_wconf 90' lang='lat' dir='ltr'><strong>quinque</strong></span> <span class='ocrx_word' id='word_1_580' title='bbox 3084 3587 3210 3644; x_wconf 78' lang='lat' dir='ltr'><strong>dies</strong></span> <span class='ocrx_word' id='word_1_581' title='bbox 3235 3591 3363 3658; x_wconf 93' lang='lat' dir='ltr'><strong>post</strong></span> <span class='ocrx_word' id='word_1_582' title='bbox 3388 3587 3605 3658; x_wconf 88' lang='lat' dir='ltr'><strong>primas</strong></span> 
     </span>
    </p>
   </div>
   <div class='ocr_carea' id='block_1_82' title="bbox 1954 3676 3605 3750">
    <p class='ocr_par' dir='ltr' id='par_1_82' title="bbox 1954 3676 3605 3750">
     <span class='ocr_line' id='line_1_82' title="bbox 1954 3676 3605 3750; baseline -0.001 -15"><span class='ocrx_word' id='word_1_583' title='bbox 1954 3679 2265 3750; x_wconf 88' lang='lat' dir='ltr'><strong>nonaginta</strong></span> <span class='ocrx_word' id='word_1_584' title='bbox 2293 3683 2442 3750; x_wconf 80' lang='lat' dir='ltr'><strong>tres;</strong></span> <span class='ocrx_word' id='word_1_585' title='bbox 2473 3679 2580 3733; x_wconf 91' lang='lat' dir='ltr'><strong>hoc</strong></span> <span class='ocrx_word' id='word_1_586' title='bbox 2605 3681 2692 3733; x_wconf 89' lang='lat' dir='ltr'><strong>est</strong></span> <span class='ocrx_word' id='word_1_587' title='bbox 2715 3691 2910 3733; x_wconf 91' lang='lat' dir='ltr'><strong>omnes</strong></span> <span class='ocrx_word' id='word_1_588' title='bbox 2936 3676 3109 3733; x_wconf 89' lang='lat' dir='ltr'><strong>simul</strong></span> <span class='ocrx_word' id='word_1_589' title='bbox 3135 3689 3406 3733; x_wconf 82' lang='lat' dir='ltr'><strong>CLxxvm.</strong></span> <span class='ocrx_word' id='word_1_590' title='bbox 3433 3677 3605 3733; x_wconf 84' lang='lat' dir='ltr'><strong>Venit</strong></span> 
     </span>
    </p>
   </div>
   <div class='ocr_carea' id='block_1_83' title="bbox 1952 3766 3607 3840">
    <p class='ocr_par' dir='ltr' id='par_1_83' title="bbox 1952 3766 3607 3840">
     <span class='ocr_line' id='line_1_83' title="bbox 1952 3766 3607 3840; baseline -0.001 -17"><span class='ocrx_word' id='word_1_591' title='bbox 1952 3769 2135 3840; x_wconf 91' lang='lat' dir='ltr'><strong>igitur</strong></span> <span class='ocrx_word' id='word_1_592' title='bbox 2163 3767 2434 3839; x_wconf 89' lang='lat' dir='ltr'><strong>Sagoleba</strong></span> <span class='ocrx_word' id='word_1_593' title='bbox 2472 3766 2682 3836; x_wconf 89' lang='lat' dir='ltr'><strong>scriba,</strong></span> <span class='ocrx_word' id='word_1_594' title='bbox 2713 3766 2930 3835; x_wconf 89' lang='lat' dir='ltr'><strong>dicens,</strong></span> <span class='ocrx_word' id='word_1_595' title='bbox 2966 3766 3101 3837; x_wconf 91' lang='lat' dir='ltr'><strong>quia</strong></span> <span class='ocrx_word' id='word_1_596' title='bbox 3117 3767 3317 3835; x_wconf 88' lang='lat' dir='ltr'><strong>jussus</strong></span> <span class='ocrx_word' id='word_1_597' title='bbox 3351 3780 3476 3822; x_wconf 90' lang='lat' dir='ltr'><strong>sum</strong></span> <span class='ocrx_word' id='word_1_598' title='bbox 3506 3780 3607 3823; x_wconf 89' lang='lat' dir='ltr'><strong>au-</strong></span> 
     </span>
    </p>
   </div>
   <div class='ocr_carea' id='block_1_84' title="bbox 1951 3853 3603 3926">
    <p class='ocr_par' dir='ltr' id='par_1_84' title="bbox 1951 3853 3603 3926">
     <span class='ocr_line' id='line_1_84' title="bbox 1951 3853 3603 3926; baseline 0 -14"><span class='ocrx_word' id='word_1_599' title='bbox 1951 3857 2099 3912; x_wconf 89' lang='lat' dir='ltr'><strong>ferre</strong></span> <span class='ocrx_word' id='word_1_600' title='bbox 2124 3861 2178 3912; x_wconf 92' lang='lat' dir='ltr'><strong>te</strong></span> <span class='ocrx_word' id='word_1_601' title='bbox 2208 3856 2364 3926; x_wconf 90' lang='lat' dir='ltr'><strong>hinc,</strong></span> <span class='ocrx_word' id='word_1_602' title='bbox 2393 3861 2450 3911; x_wconf 92' lang='lat' dir='ltr'><strong>et</strong></span> <span class='ocrx_word' id='word_1_603' title='bbox 2480 3853 2791 3911; x_wconf 85' lang='lat' dir='ltr'><strong>transferre</strong></span> <span class='ocrx_word' id='word_1_604' title='bbox 2817 3856 2876 3909; x_wconf 90' lang='lat' dir='ltr'><strong>in</strong></span> <span class='ocrx_word' id='word_1_605' title='bbox 2906 3855 3137 3910; x_wconf 91' lang='lat' dir='ltr'><strong>domum</strong></span> <span class='ocrx_word' id='word_1_606' title='bbox 3165 3868 3365 3926; x_wconf 70' lang='lat' dir='ltr'><strong>meam,</strong></span> <span class='ocrx_word' id='word_1_607' title='bbox 3393 3859 3450 3911; x_wconf 89' lang='lat' dir='ltr'><strong>et</strong></span> <span class='ocrx_word' id='word_1_608' title='bbox 3476 3859 3603 3926; x_wconf 90' lang='lat' dir='ltr'><strong>post</strong></span> 
     </span>
    </p>
   </div>
   <div class='ocr_carea' id='block_1_85' title="bbox 1949 3943 3596 4016">
    <p class='ocr_par' dir='ltr' id='par_1_85' title="bbox 1949 3943 3596 4016">
     <span class='ocr_line' id='line_1_85' title="bbox 1949 3943 3596 4016; baseline -0.002 -15"><span class='ocrx_word' id='word_1_609' title='bbox 1949 3946 2074 4001; x_wconf 91' lang='lat' dir='ltr'><strong>dies</strong></span> <span class='ocrx_word' id='word_1_610' title='bbox 2102 3947 2248 4001; x_wconf 92' lang='lat' dir='ltr'><strong>duos</strong></span> <span class='ocrx_word' id='word_1_611' title='bbox 2275 3945 2529 4016; x_wconf 89' lang='lat' dir='ltr'><strong>dirigere</strong></span> <span class='ocrx_word' id='word_1_612' title='bbox 2570 3949 2624 3999; x_wconf 92' lang='lat' dir='ltr'><strong>te</strong></span> <span class='ocrx_word' id='word_1_613' title='bbox 2654 3958 2767 4015; x_wconf 91' lang='lat' dir='ltr'><strong>quo</strong></span> <span class='ocrx_word' id='word_1_614' title='bbox 2792 3943 3035 4013; x_wconf 90' lang='lat' dir='ltr'><strong>jusserit</strong></span> <span class='ocrx_word' id='word_1_615' title='bbox 3065 3943 3207 3999; x_wconf 90' lang='lat' dir='ltr'><strong>mihi</strong></span> <span class='ocrx_word' id='word_1_616' title='bbox 3242 3943 3596 4002; x_wconf 89' lang='lat' dir='ltr'><strong>sacellarius.</strong></span> 
     </span>
    </p>
   </div>
   <div class='ocr_carea' id='block_1_86' title="bbox 1952 4032 3599 4105">
    <p class='ocr_par' dir='ltr' id='par_1_86' title="bbox 1952 4032 3599 4105">
     <span class='ocr_line' id='line_1_86' title="bbox 1952 4032 3599 4105; baseline -0.001 -15"><span class='ocrx_word' id='word_1_617' title='bbox 1952 4035 2342 4105; x_wconf 83' lang='lat' dir='ltr'><strong>InterrOgante</strong></span> <span class='ocrx_word' id='word_1_618' title='bbox 2371 4037 2560 4089; x_wconf 90' lang='lat' dir='ltr'><strong>autem</strong></span> <span class='ocrx_word' id='word_1_619' title='bbox 2594 4047 2736 4102; x_wconf 89' lang='lat' dir='ltr'><strong>papa</strong></span> <span class='ocrx_word' id='word_1_620' title='bbox 2766 4046 2880 4103; x_wconf 93' lang='lat' dir='ltr'><strong>quo</strong></span> <span class='ocrx_word' id='word_1_621' title='bbox 2905 4032 3202 4088; x_wconf 91' lang='lat' dir='ltr'><strong>ducendus</strong></span> <span class='ocrx_word' id='word_1_622' title='bbox 3225 4037 3393 4105; x_wconf 91' lang='lat' dir='ltr'><strong>esset,</strong></span> <span class='ocrx_word' id='word_1_623' title='bbox 3425 4033 3510 4089; x_wconf 90' lang='lat' dir='ltr'><strong>vel</strong></span> <span class='ocrx_word' id='word_1_624' title='bbox 3538 4034 3599 4089; x_wconf 90' lang='lat' dir='ltr'><strong>in</strong></span> 
     </span>
    </p>
   </div>
   <div class='ocr_carea' id='block_1_87' title="bbox 1953 4121 3601 4194">
    <p class='ocr_par' dir='ltr' id='par_1_87' title="bbox 1953 4121 3601 4194">
     <span class='ocr_line' id='line_1_87' title="bbox 1953 4121 3601 4194; baseline 0 -16"><span class='ocrx_word' id='word_1_625' title='bbox 1953 4136 2120 4194; x_wconf 91' lang='lat' dir='ltr'><strong>quem</strong></span> <span class='ocrx_word' id='word_1_626' title='bbox 2151 4121 2362 4191; x_wconf 85' lang='lat' dir='ltr'><strong>locum,</strong></span> <span class='ocrx_word' id='word_1_627' title='bbox 2392 4121 2583 4177; x_wconf 90' lang='lat' dir='ltr'><strong>noluit</strong></span> <span class='ocrx_word' id='word_1_628' title='bbox 2606 4121 2658 4176; x_wconf 90' lang='lat' dir='ltr'><strong>ei</strong></span> <span class='ocrx_word' id='word_1_629' title='bbox 2685 4121 2894 4177; x_wconf 91' lang='lat' dir='ltr'><strong>dicere.</strong></span> <span class='ocrx_word' id='word_1_630' title='bbox 2928 4121 3181 4193; x_wconf 88' lang='lat' dir='ltr'><strong>Rogabat</strong></span> <span class='ocrx_word' id='word_1_631' title='bbox 3208 4135 3342 4194; x_wconf 88' lang='lat' dir='ltr'><strong>ergo</strong></span> <span class='ocrx_word' id='word_1_632' title='bbox 3367 4127 3601 4179; x_wconf 91' lang='lat' dir='ltr'><strong>sanctus</strong></span> 
     </span>
    </p>
   </div>
   <div class='ocr_carea' id='block_1_88' title="bbox 1955 4209 3602 4282">
    <p class='ocr_par' dir='ltr' id='par_1_88' title="bbox 1955 4209 3602 4282">
     <span class='ocr_line' id='line_1_88' title="bbox 1955 4209 3602 4282; baseline 0.001 -15"><span class='ocrx_word' id='word_1_633' title='bbox 1955 4212 2073 4281; x_wconf 90' lang='lat' dir='ltr'><strong>ille,</strong></span> <span class='ocrx_word' id='word_1_634' title='bbox 2103 4215 2168 4267; x_wconf 93' lang='lat' dir='ltr'><strong>ut</strong></span> <span class='ocrx_word' id='word_1_635' title='bbox 2192 4211 2480 4266; x_wconf 88' lang='lat' dir='ltr'><strong>sineretur</strong></span> <span class='ocrx_word' id='word_1_636' title='bbox 2505 4210 2564 4265; x_wconf 92' lang='lat' dir='ltr'><strong>in</strong></span> <span class='ocrx_word' id='word_1_637' title='bbox 2589 4209 2782 4265; x_wconf 88' lang='lat' dir='ltr'><strong>eadem</strong></span> <span class='ocrx_word' id='word_1_638' title='bbox 2808 4211 3090 4282; x_wconf 89' lang='lat' dir='ltr'><strong>custodia,</strong></span> <span class='ocrx_word' id='word_1_639' title='bbox 3120 4225 3419 4282; x_wconf 87' lang='lat' dir='ltr'><strong>quousque</strong></span> <span class='ocrx_word' id='word_1_640' title='bbox 3438 4225 3602 4269; x_wconf 89' lang='lat' dir='ltr'><strong>exsu-</strong></span> 
     </span>
    </p>
   </div>
   <div class='ocr_carea' id='block_1_89' title="bbox 1954 4297 3599 4371">
    <p class='ocr_par' dir='ltr' id='par_1_89' title="bbox 1954 4297 3599 4371">
     <span class='ocr_line' id='line_1_89' title="bbox 1954 4297 3599 4371; baseline -0.001 -14"><span class='ocrx_word' id='word_1_641' title='bbox 1954 4301 2189 4371; x_wconf 90' lang='lat' dir='ltr'><strong>laretur,</strong></span> <span class='ocrx_word' id='word_1_642' title='bbox 2222 4305 2278 4356; x_wconf 91' lang='lat' dir='ltr'><strong>et</strong></span> <span class='ocrx_word' id='word_1_643' title='bbox 2305 4299 2375 4355; x_wconf 89' lang='lat' dir='ltr'><strong>ad</strong></span> <span class='ocrx_word' id='word_1_644' title='bbox 2411 4299 2606 4355; x_wconf 92' lang='lat' dir='ltr'><strong>horam</strong></span> <span class='ocrx_word' id='word_1_645' title='bbox 2638 4297 2962 4355; x_wconf 84' lang='lat' dir='ltr'><strong>auferretur</strong></span> <span class='ocrx_word' id='word_1_646' title='bbox 2989 4299 3059 4355; x_wconf 90' lang='lat' dir='ltr'><strong>de</strong></span> <span class='ocrx_word' id='word_1_647' title='bbox 3088 4301 3385 4369; x_wconf 86' lang='lat' dir='ltr'><strong>custodia;</strong></span> <span class='ocrx_word' id='word_1_648' title='bbox 3413 4304 3469 4356; x_wconf 91' lang='lat' dir='ltr'><strong>et</strong></span> <span class='ocrx_word' id='word_1_649' title='bbox 3496 4314 3599 4356; x_wconf 90' lang='lat' dir='ltr'><strong>nec</strong></span> 
     </span>
    </p>
   </div>
   <div class='ocr_carea' id='block_1_90' title="bbox 163 4386 3599 4474">
    <p class='ocr_par' dir='ltr' id='par_1_90' title="bbox 163 4386 3599 4474">
     <span class='ocr_line' id='line_1_90' title="bbox 163 4386 3599 4474; baseline -0.003 -20"><span class='ocrx_word' id='word_1_650' title='bbox 163 4402 538 4474; x_wconf 71' lang='lat' dir='ltr'><strong>aequanimis</strong></span> <span class='ocrx_word' id='word_1_651' title='bbox 571 4413 730 4470; x_wconf 87' lang='lat' dir='ltr'><strong>papa,</strong></span> <span class='ocrx_word' id='word_1_652' title='bbox 765 4404 823 4454; x_wconf 90' lang='lat' dir='ltr'><strong>et</strong></span> <span class='ocrx_word' id='word_1_653' title='bbox 848 4397 1134 4469; x_wconf 88' lang='lat' dir='ltr'><strong>quomodo</strong></span> <span class='ocrx_word' id='word_1_654' title='bbox 1163 4410 1271 4452; x_wconf 88' lang='lat' dir='ltr'><strong>non</strong></span> <span class='ocrx_word' id='word_1_655' title='bbox 1290 4397 1319 4450; x_wconf 86' lang='lat'><strong>?</strong></span> <span class='ocrx_word' id='word_1_656' title='bbox 1348 4397 1448 4468; x_wconf 92' lang='lat' dir='ltr'><strong>qui</strong></span> <span class='ocrx_word' id='word_1_657' title='bbox 1482 4397 1646 4467; x_wconf 90' lang='lat' dir='ltr'><strong>prius</strong></span> <span class='ocrx_word' id='word_1_658' title='bbox 1675 4411 1844 4468; x_wconf 89' lang='lat' dir='ltr'><strong>quam</strong></span> <span class='ocrx_word' id='word_1_659' title='bbox 1874 4386 1928 4446; x_wconf 96' lang='lat' dir='ltr'><strong>D</strong></span> <span class='ocrx_word' id='word_1_660' title='bbox 1951 4390 2056 4446; x_wconf 90' lang='lat' dir='ltr'><strong>hoc</strong></span> <span class='ocrx_word' id='word_1_661' title='bbox 2085 4402 2415 4446; x_wconf 89' lang='lat' dir='ltr'><strong>concessum</strong></span> <span class='ocrx_word' id='word_1_662' title='bbox 2449 4392 2536 4443; x_wconf 91' lang='lat' dir='ltr'><strong>est</strong></span> <span class='ocrx_word' id='word_1_663' title='bbox 2562 4388 2636 4443; x_wconf 92' lang='lat' dir='ltr'><strong>ei.</strong></span> <span class='ocrx_word' id='word_1_664' title='bbox 2670 4387 2773 4443; x_wconf 89' lang='lat' dir='ltr'><strong>Sed</strong></span> <span class='ocrx_word' id='word_1_665' title='bbox 2801 4387 2954 4442; x_wconf 88' lang='lat' dir='ltr'><strong>circa</strong></span> <span class='ocrx_word' id='word_1_666' title='bbox 2988 4401 3250 4444; x_wconf 89' lang='lat' dir='ltr'><strong>occasum</strong></span> <span class='ocrx_word' id='word_1_667' title='bbox 3282 4387 3426 4444; x_wconf 90' lang='lat' dir='ltr'><strong>solis</strong></span> <span class='ocrx_word' id='word_1_668' title='bbox 3451 4389 3599 4445; x_wconf 88' lang='lat' dir='ltr'><strong>dicit</strong></span> 
     </span>
    </p>
   </div>
   <div class='ocr_carea' id='block_1_91' title="bbox 162 4485 1845 4560">
    <p class='ocr_par' dir='ltr' id='par_1_91' title="bbox 162 4485 1845 4560">
     <span class='ocr_line' id='line_1_91' title="bbox 162 4485 1845 4560; baseline -0.001 -16"><span class='ocrx_word' id='word_1_669' title='bbox 162 4493 407 4548; x_wconf 86' lang='lat' dir='ltr'><strong>veniret</strong></span> <span class='ocrx_word' id='word_1_670' title='bbox 432 4489 688 4560; x_wconf 81' lang='lat' dir='ltr'><strong>Pyrrhus</strong></span> <span class='ocrx_word' id='word_1_671' title='bbox 707 4489 961 4560; x_wconf 87' lang='lat' dir='ltr'><strong>Romam,</strong></span> <span class='ocrx_word' id='word_1_672' title='bbox 993 4485 1295 4542; x_wconf 87' lang='lat' dir='ltr'><strong>manifeste</strong></span> <span class='ocrx_word' id='word_1_673' title='bbox 1321 4486 1558 4555; x_wconf 90' lang='lat' dir='ltr'><strong>scripsit</strong></span> <span class='ocrx_word' id='word_1_674' title='bbox 1583 4487 1714 4558; x_wconf 91' lang='lat' dir='ltr'><strong>huc,</strong></span> <span class='ocrx_word' id='word_1_675' title='bbox 1741 4487 1845 4543; x_wconf 90' lang='lat' dir='ltr'><strong>hoc</strong></span> 
     </span>
    </p>
   </div>
   <div class='ocr_carea' id='block_1_92' title="bbox 159 4575 1843 4646">
    <p class='ocr_par' dir='ltr' id='par_1_92' title="bbox 159 4575 1843 4646">
     <span class='ocr_line' id='line_1_92' title="bbox 159 4575 1843 4646; baseline -0.002 -10"><span class='ocrx_word' id='word_1_676' title='bbox 159 4587 249 4636; x_wconf 88' lang='lat' dir='ltr'><strong>est</strong></span> <span class='ocrx_word' id='word_1_677' title='bbox 297 4581 520 4635; x_wconf 85' lang='lat' dir='ltr'><strong>beatus</strong></span> <span class='ocrx_word' id='word_1_678' title='bbox 560 4578 909 4641; x_wconf 90' lang='lat' dir='ltr'><strong>Theodorus,</strong></span> <span class='ocrx_word' id='word_1_679' title='bbox 951 4577 1019 4632; x_wconf 89' lang='lat' dir='ltr'><strong>ad</strong></span> <span class='ocrx_word' id='word_1_680' title='bbox 1061 4575 1347 4643; x_wconf 87' lang='lat' dir='ltr'><strong>Paullum,</strong></span> <span class='ocrx_word' id='word_1_681' title='bbox 1388 4580 1583 4646; x_wconf 90' lang='lat' dir='ltr'><strong>utpote</strong></span> <span class='ocrx_word' id='word_1_682' title='bbox 1615 4577 1683 4631; x_wconf 93' lang='lat' dir='ltr'><strong>ad</strong></span> <span class='ocrx_word' id='word_1_683' title='bbox 1715 4589 1843 4632; x_wconf 90' lang='lat' dir='ltr'><strong>eum</strong></span> 
     </span>
    </p>
   </div>
   <div class='ocr_carea' id='block_1_93' title="bbox 159 4663 1839 4740">
    <p class='ocr_par' dir='ltr' id='par_1_93' title="bbox 159 4663 1839 4740">
     <span class='ocr_line' id='line_1_93' title="bbox 159 4663 1839 4740; baseline -0.004 -14"><span class='ocrx_word' id='word_1_684' title='bbox 159 4671 265 4740; x_wconf 89' lang='lat' dir='ltr'><strong>qui</strong></span> <span class='ocrx_word' id='word_1_685' title='bbox 306 4669 598 4725; x_wconf 90' lang='lat' dir='ltr'><strong>indecens</strong></span> <span class='ocrx_word' id='word_1_686' title='bbox 626 4665 846 4736; x_wconf 86' lang='lat' dir='ltr'><strong>fecerit,</strong></span> <span class='ocrx_word' id='word_1_687' title='bbox 879 4670 935 4721; x_wconf 92' lang='lat' dir='ltr'><strong>et</strong></span> <span class='ocrx_word' id='word_1_688' title='bbox 964 4664 1208 4721; x_wconf 89' lang='lat' dir='ltr'><strong>alterius</strong></span> <span class='ocrx_word' id='word_1_689' title='bbox 1238 4663 1511 4720; x_wconf 90' lang='lat' dir='ltr'><strong>thronum</strong></span> <span class='ocrx_word' id='word_1_690' title='bbox 1544 4664 1839 4720; x_wconf 88' lang='lat' dir='ltr'><strong>invaserit.</strong></span> 
     </span>
    </p>
   </div>
   <div class='ocr_carea' id='block_1_94' title="bbox 157 4754 1842 4825">
    <p class='ocr_par' dir='ltr' id='par_1_94' title="bbox 157 4754 1842 4825">
     <span class='ocr_line' id='line_1_94' title="bbox 157 4754 1842 4825; baseline -0.001 -13"><span class='ocrx_word' id='word_1_691' title='bbox 157 4759 399 4814; x_wconf 89' lang='lat' dir='ltr'><strong>Deinde</strong></span> <span class='ocrx_word' id='word_1_692' title='bbox 445 4761 636 4812; x_wconf 88' lang='lat' dir='ltr'><strong>autem</strong></span> <span class='ocrx_word' id='word_1_693' title='bbox 686 4759 886 4825; x_wconf 91' lang='lat' dir='ltr'><strong>sponte</strong></span> <span class='ocrx_word' id='word_1_694' title='bbox 933 4767 1036 4811; x_wconf 89' lang='lat' dir='ltr'><strong>sua</strong></span> <span class='ocrx_word' id='word_1_695' title='bbox 1079 4755 1274 4810; x_wconf 90' lang='lat' dir='ltr'><strong>eodem</strong></span> <span class='ocrx_word' id='word_1_696' title='bbox 1323 4754 1539 4824; x_wconf 83' lang='lat' dir='ltr'><strong>Pyrrho</strong></span> <span class='ocrx_word' id='word_1_697' title='bbox 1582 4754 1842 4810; x_wconf 90' lang='lat' dir='ltr'><strong>veniente</strong></span> 
     </span>
    </p>
   </div>
   <div class='ocr_carea' id='block_1_95' title="bbox 153 4840 1844 4916">
    <p class='ocr_par' dir='ltr' id='par_1_95' title="bbox 153 4840 1844 4916">
     <span class='ocr_line' id='line_1_95' title="bbox 153 4840 1844 4916; baseline -0.004 -14"><span class='ocrx_word' id='word_1_698' title='bbox 153 4848 417 4902; x_wconf 87' lang='lat' dir='ltr'><strong>Romam</strong></span> <span class='ocrx_word' id='word_1_699' title='bbox 451 4845 523 4900; x_wconf 90' lang='lat' dir='ltr'><strong>ad</strong></span> <span class='ocrx_word' id='word_1_700' title='bbox 557 4843 801 4916; x_wconf 85' lang='lat' dir='ltr'><strong>vestigia</strong></span> <span class='ocrx_word' id='word_1_701' title='bbox 831 4842 980 4898; x_wconf 89' lang='lat' dir='ltr'><strong>beati</strong></span> <span class='ocrx_word' id='word_1_702' title='bbox 1013 4840 1188 4911; x_wconf 84' lang='lat' dir='ltr'><strong>Petri,</strong></span> <span class='ocrx_word' id='word_1_703' title='bbox 1223 4841 1507 4912; x_wconf 91' lang='lat' dir='ltr'><strong>quomodo</strong></span> <span class='ocrx_word' id='word_1_704' title='bbox 1537 4855 1647 4897; x_wconf 89' lang='lat' dir='ltr'><strong>non</strong></span> <span class='ocrx_word' id='word_1_705' title='bbox 1681 4842 1844 4897; x_wconf 92' lang='lat' dir='ltr'><strong>habe-</strong></span> 
     </span>
    </p>
   </div>
   <div class='ocr_carea' id='block_1_96' title="bbox 156 4931 1838 5003">
    <p class='ocr_par' dir='ltr' id='par_1_96' title="bbox 156 4931 1838 5003">
     <span class='ocr_line' id='line_1_96' title="bbox 156 4931 1838 5003; baseline -0.005 -10"><span class='ocrx_word' id='word_1_706' title='bbox 156 4943 244 4993; x_wconf 88' lang='lat' dir='ltr'><strong>ret</strong></span> <span class='ocrx_word' id='word_1_707' title='bbox 303 4950 451 4993; x_wconf 86' lang='lat' dir='ltr'><strong>eum</strong></span> <span class='ocrx_word' id='word_1_708' title='bbox 508 4934 800 5003; x_wconf 90' lang='lat' dir='ltr'><strong>suscipere</strong></span> <span class='ocrx_word' id='word_1_709' title='bbox 853 4946 1157 5002; x_wconf 66' lang='lat' dir='ltr'><strong>praecessor</strong></span> <span class='ocrx_word' id='word_1_710' title='bbox 1211 4945 1388 4999; x_wconf 88' lang='lat' dir='ltr'><strong>meus,</strong></span> <span class='ocrx_word' id='word_1_711' title='bbox 1440 4936 1496 4986; x_wconf 90' lang='lat' dir='ltr'><strong>et</strong></span> <span class='ocrx_word' id='word_1_712' title='bbox 1541 4931 1838 5002; x_wconf 88' lang='lat' dir='ltr'><strong>honorare,</strong></span> 
     </span>
    </p>
   </div>
   <div class='ocr_carea' id='block_1_97' title="bbox 154 5020 1836 5098">
    <p class='ocr_par' dir='ltr' id='par_1_97' title="bbox 154 5020 1836 5098">
     <span class='ocr_line' id='line_1_97' title="bbox 154 5020 1836 5098; baseline -0.005 -14"><span class='ocrx_word' id='word_1_713' title='bbox 154 5033 376 5098; x_wconf 80' lang='lat' dir='ltr'><strong>utpote</strong></span> <span class='ocrx_word' id='word_1_714' title='bbox 408 5023 744 5094; x_wconf 91' lang='lat' dir='ltr'><strong>episcopum</strong></span> <span class='ocrx_word' id='word_1_715' title='bbox 764 5021 792 5076; x_wconf 84' lang='lat'><strong>?</strong></span> <span class='ocrx_word' id='word_1_716' title='bbox 819 5021 1186 5091; x_wconf 90' lang='lat' dir='ltr'><strong>Respondens</strong></span> <span class='ocrx_word' id='word_1_717' title='bbox 1213 5021 1621 5077; x_wconf 91' lang='lat' dir='ltr'><strong>Demosthenes</strong></span> <span class='ocrx_word' id='word_1_718' title='bbox 1649 5020 1836 5075; x_wconf 86' lang='lat' dir='ltr'><strong>dixit:</strong></span> 
     </span>
    </p>
   </div>
   <div class='ocr_carea' id='block_1_98' title="bbox 153 5110 1842 5173">
    <p class='ocr_par' dir='ltr' id='par_1_98' title="bbox 153 5110 1842 5173">
     <span class='ocr_line' id='line_1_98' title="bbox 153 5110 1842 5173; baseline -0.003 -2"><span class='ocrx_word' id='word_1_719' title='bbox 153 5118 304 5173; x_wconf 70' lang='lat' dir='ltr'><strong>Vere</strong></span> <span class='ocrx_word' id='word_1_720' title='bbox 356 5115 582 5170; x_wconf 86' lang='lat' dir='ltr'><strong>veritas</strong></span> <span class='ocrx_word' id='word_1_721' title='bbox 623 5112 708 5168; x_wconf 88' lang='lat' dir='ltr'><strong>sic</strong></span> <span class='ocrx_word' id='word_1_722' title='bbox 739 5126 799 5168; x_wconf 89' lang='lat' dir='ltr'><strong>se</strong></span> <span class='ocrx_word' id='word_1_723' title='bbox 840 5111 1027 5167; x_wconf 89' lang='lat' dir='ltr'><strong>habet.</strong></span> <span class='ocrx_word' id='word_1_724' title='bbox 1060 5110 1220 5165; x_wconf 89' lang='lat' dir='ltr'><strong>Unde</strong></span> <span class='ocrx_word' id='word_1_725' title='bbox 1258 5115 1446 5166; x_wconf 89' lang='lat' dir='ltr'><strong>autem</strong></span> <span class='ocrx_word' id='word_1_726' title='bbox 1489 5111 1747 5167; x_wconf 88' lang='lat' dir='ltr'><strong>sumebat</strong></span> <span class='ocrx_word' id='word_1_727' title='bbox 1779 5125 1842 5166; x_wconf 88' lang='lat' dir='ltr'><strong>ea</strong></span> 
     </span>
    </p>
   </div>
   <div class='ocr_carea' id='block_1_99' title="bbox 150 5200 1842 5277">
    <p class='ocr_par' dir='ltr' id='par_1_99' title="bbox 150 5200 1842 5277">
     <span class='ocr_line' id='line_1_99' title="bbox 150 5200 1842 5277; baseline -0.005 -14"><span class='ocrx_word' id='word_1_728' title='bbox 150 5221 286 5277; x_wconf 77' lang='lat' dir='ltr'><strong>quae</strong></span> <span class='ocrx_word' id='word_1_729' title='bbox 322 5204 410 5260; x_wconf 86' lang='lat' dir='ltr'><strong>ad</strong></span> <span class='ocrx_word' id='word_1_730' title='bbox 455 5217 624 5260; x_wconf 91' lang='lat' dir='ltr'><strong>usum</strong></span> <span class='ocrx_word' id='word_1_731' title='bbox 665 5203 757 5258; x_wconf 91' lang='lat' dir='ltr'><strong>sui</strong></span> <span class='ocrx_word' id='word_1_732' title='bbox 798 5201 1060 5271; x_wconf 89' lang='lat' dir='ltr'><strong>corporis</strong></span> <span class='ocrx_word' id='word_1_733' title='bbox 1090 5204 1253 5256; x_wconf 91' lang='lat' dir='ltr'><strong>erant</strong></span> <span class='ocrx_word' id='word_1_734' title='bbox 1284 5200 1652 5256; x_wconf 88' lang='lat' dir='ltr'><strong>necessaria?</strong></span> <span class='ocrx_word' id='word_1_735' title='bbox 1686 5200 1842 5255; x_wconf 92' lang='lat' dir='ltr'><strong>Dicit</strong></span> 
     </span>
    </p>
   </div>
   <div class='ocr_carea' id='block_1_100' title="bbox 150 5288 1841 5352">
    <p class='ocr_par' dir='ltr' id='par_1_100' title="bbox 150 5288 1841 5352">
     <span class='ocr_line' id='line_1_100' title="bbox 150 5288 1841 5352; baseline -0.004 0"><span class='ocrx_word' id='word_1_736' title='bbox 150 5295 418 5352; x_wconf 85' lang='lat' dir='ltr'><strong>beatus:</strong></span> <span class='ocrx_word' id='word_1_737' title='bbox 483 5291 782 5348; x_wconf 86' lang='lat' dir='ltr'><strong>Manifeste</strong></span> <span class='ocrx_word' id='word_1_738' title='bbox 835 5292 906 5347; x_wconf 92' lang='lat' dir='ltr'><strong>de</strong></span> <span class='ocrx_word' id='word_1_739' title='bbox 982 5288 1338 5346; x_wconf 90' lang='lat' dir='ltr'><strong>Patriarchio</strong></span> <span class='ocrx_word' id='word_1_740' title='bbox 1403 5290 1673 5346; x_wconf 89' lang='lat' dir='ltr'><strong>Romano.</strong></span> <span class='ocrx_word' id='word_1_741' title='bbox 1743 5290 1841 5346; x_wconf 91' lang='lat' dir='ltr'><strong>Ait</strong></span> 
     </span>
    </p>
   </div>
   <div class='ocr_carea' id='block_1_101' title="bbox 146 5379 1842 5451">
    <p class='ocr_par' dir='ltr' id='par_1_101' title="bbox 146 5379 1842 5451">
     <span class='ocr_line' id='line_1_101' title="bbox 146 5379 1842 5451; baseline -0.004 -10"><span class='ocrx_word' id='word_1_742' title='bbox 146 5387 577 5441; x_wconf 81' lang='lat' dir='ltr'><strong>concertator:</strong></span> <span class='ocrx_word' id='word_1_743' title='bbox 628 5380 830 5451; x_wconf 89' lang='lat' dir='ltr'><strong>Qualis</strong></span> <span class='ocrx_word' id='word_1_744' title='bbox 878 5381 1044 5451; x_wconf 89' lang='lat' dir='ltr'><strong>panis</strong></span> <span class='ocrx_word' id='word_1_745' title='bbox 1086 5379 1332 5436; x_wconf 89' lang='lat' dir='ltr'><strong>dabatur</strong></span> <span class='ocrx_word' id='word_1_746' title='bbox 1375 5379 1480 5434; x_wconf 85' lang='lat' dir='ltr'><strong>ei?</strong></span> <span class='ocrx_word' id='word_1_747' title='bbox 1527 5380 1842 5450; x_wconf 89' lang='lat' dir='ltr'><strong>Respondit</strong></span> 
     </span>
    </p>
   </div>
   <div class='ocr_carea' id='block_1_102' title="bbox 149 5467 1837 5540">
    <p class='ocr_par' dir='ltr' id='par_1_102' title="bbox 149 5467 1837 5540">
     <span class='ocr_line' id='line_1_102' title="bbox 149 5467 1837 5540; baseline -0.004 -11"><span class='ocrx_word' id='word_1_748' title='bbox 149 5471 549 5529; x_wconf 84' lang='lat' dir='ltr'><strong>honorabilis</strong></span> <span class='ocrx_word' id='word_1_749' title='bbox 573 5470 698 5526; x_wconf 88' lang='lat' dir='ltr'><strong>vir:</strong></span> <span class='ocrx_word' id='word_1_750' title='bbox 730 5471 840 5526; x_wconf 80' lang='lat' dir='ltr'><strong>Vos</strong></span> <span class='ocrx_word' id='word_1_751' title='bbox 863 5468 1083 5525; x_wconf 89' lang='lat' dir='ltr'><strong>domini</strong></span> <span class='ocrx_word' id='word_1_752' title='bbox 1111 5469 1243 5540; x_wconf 90' lang='lat' dir='ltr'><strong>mei,</strong></span> <span class='ocrx_word' id='word_1_753' title='bbox 1268 5467 1506 5523; x_wconf 90' lang='lat' dir='ltr'><strong>nescitis</strong></span> <span class='ocrx_word' id='word_1_754' title='bbox 1528 5468 1837 5523; x_wconf 90' lang='lat' dir='ltr'><strong>Ecclesiam</strong></span> 
     </span>
    </p>
   </div>
   <div class='ocr_carea' id='block_1_103' title="bbox 147 5557 1841 5629">
    <p class='ocr_par' dir='ltr' id='par_1_103' title="bbox 147 5557 1841 5629">
     <span class='ocr_line' id='line_1_103' title="bbox 147 5557 1841 5629; baseline -0.005 -9"><span class='ocrx_word' id='word_1_755' title='bbox 147 5564 493 5622; x_wconf 84' lang='lat' dir='ltr'><strong>Romanam</strong></span> <span class='ocrx_word' id='word_1_756' title='bbox 517 5560 545 5614; x_wconf 88' lang='lat'><strong>?</strong></span> <span class='ocrx_word' id='word_1_757' title='bbox 582 5559 723 5616; x_wconf 91' lang='lat' dir='ltr'><strong>Dico</strong></span> <span class='ocrx_word' id='word_1_758' title='bbox 763 5558 916 5614; x_wconf 88' lang='lat' dir='ltr'><strong>enim</strong></span> <span class='ocrx_word' id='word_1_759' title='bbox 955 5557 1139 5629; x_wconf 88' lang='lat' dir='ltr'><strong>vobis,</strong></span> <span class='ocrx_word' id='word_1_760' title='bbox 1183 5557 1320 5628; x_wconf 89' lang='lat' dir='ltr'><strong>quia</strong></span> <span class='ocrx_word' id='word_1_761' title='bbox 1370 5557 1639 5627; x_wconf 91' lang='lat' dir='ltr'><strong>quisquis</strong></span> <span class='ocrx_word' id='word_1_762' title='bbox 1685 5557 1841 5612; x_wconf 90' lang='lat' dir='ltr'><strong>venit</strong></span> 
     </span>
    </p>
   </div>
   <div class='ocr_carea' id='block_1_104' title="bbox 1943 4475 3592 4548">
    <p class='ocr_par' dir='ltr' id='par_1_104' title="bbox 1943 4475 3592 4548">
     <span class='ocr_line' id='line_1_104' title="bbox 1943 4475 3592 4548; baseline -0.001 -14"><span class='ocrx_word' id='word_1_763' title='bbox 1943 4478 2290 4535; x_wconf 89' lang='lat' dir='ltr'><strong>venerabilis</strong></span> <span class='ocrx_word' id='word_1_764' title='bbox 2308 4491 2452 4548; x_wconf 87' lang='lat' dir='ltr'><strong>papa</strong></span> <span class='ocrx_word' id='word_1_765' title='bbox 2475 4477 2570 4532; x_wconf 91' lang='lat' dir='ltr'><strong>his</strong></span> <span class='ocrx_word' id='word_1_766' title='bbox 2587 4477 2687 4548; x_wconf 91' lang='lat' dir='ltr'><strong>qui</strong></span> <span class='ocrx_word' id='word_1_767' title='bbox 2706 4482 2867 4532; x_wconf 89' lang='lat' dir='ltr'><strong>erant</strong></span> <span class='ocrx_word' id='word_1_768' title='bbox 2885 4475 2944 4530; x_wconf 91' lang='lat' dir='ltr'><strong>in</strong></span> <span class='ocrx_word' id='word_1_769' title='bbox 2961 4475 3283 4548; x_wconf 87' lang='lat' dir='ltr'><strong>ergastulo:</strong></span> <span class='ocrx_word' id='word_1_770' title='bbox 3307 4476 3592 4547; x_wconf 85' lang='lat' dir='ltr'><strong>Accedite,</strong></span> 
     </span>
    </p>
   </div>
   <div class='ocr_carea' id='block_1_105' title="bbox 1945 4563 3593 4638">
    <p class='ocr_par' dir='ltr' id='par_1_105' title="bbox 1945 4563 3593 4638">
     <span class='ocr_line' id='line_1_105' title="bbox 1945 4563 3593 4638; baseline -0.003 -13"><span class='ocrx_word' id='word_1_771' title='bbox 1945 4570 2172 4634; x_wconf 86' lang='lat' dir='ltr'><strong>fratres,</strong></span> <span class='ocrx_word' id='word_1_772' title='bbox 2219 4568 2342 4623; x_wconf 88' lang='lat' dir='ltr'><strong>vale</strong></span> <span class='ocrx_word' id='word_1_773' title='bbox 2372 4566 2859 4638; x_wconf 86' lang='lat' dir='ltr'><strong>faciamus;quia</strong></span> <span class='ocrx_word' id='word_1_774' title='bbox 2902 4578 3030 4621; x_wconf 91' lang='lat' dir='ltr'><strong>ecce</strong></span> <span class='ocrx_word' id='word_1_775' title='bbox 3074 4578 3227 4620; x_wconf 92' lang='lat' dir='ltr'><strong>nunc</strong></span> <span class='ocrx_word' id='word_1_776' title='bbox 3275 4563 3462 4620; x_wconf 92' lang='lat' dir='ltr'><strong>aderit</strong></span> <span class='ocrx_word' id='word_1_777' title='bbox 3491 4565 3593 4634; x_wconf 92' lang='lat' dir='ltr'><strong>qui</strong></span> 
     </span>
    </p>
   </div>
   <div class='ocr_carea' id='block_1_106' title="bbox 1945 4653 3596 4724">
    <p class='ocr_par' dir='ltr' id='par_1_106' title="bbox 1945 4653 3596 4724">
     <span class='ocr_line' id='line_1_106' title="bbox 1945 4653 3596 4724; baseline -0.002 -10"><span class='ocrx_word' id='word_1_778' title='bbox 1945 4658 2168 4714; x_wconf 88' lang='lat' dir='ltr'><strong>auferat</strong></span> <span class='ocrx_word' id='word_1_779' title='bbox 2197 4671 2286 4712; x_wconf 90' lang='lat' dir='ltr'><strong>me</strong></span> <span class='ocrx_word' id='word_1_780' title='bbox 2316 4657 2470 4711; x_wconf 88' lang='lat' dir='ltr'><strong>hinc.</strong></span> <span class='ocrx_word' id='word_1_781' title='bbox 2505 4657 2574 4710; x_wconf 87' lang='lat' dir='ltr'><strong>Et</strong></span> <span class='ocrx_word' id='word_1_782' title='bbox 2607 4655 2742 4724; x_wconf 57' lang='lat' dir='ltr'><strong>hac,</strong></span> <span class='ocrx_word' id='word_1_783' title='bbox 2776 4655 3002 4711; x_wconf 89' lang='lat' dir='ltr'><strong>dicente</strong></span> <span class='ocrx_word' id='word_1_784' title='bbox 3031 4668 3116 4721; x_wconf 89' lang='lat' dir='ltr'><strong>eo,</strong></span> <span class='ocrx_word' id='word_1_785' title='bbox 3152 4653 3453 4710; x_wconf 88' lang='lat' dir='ltr'><strong>hauserint</strong></span> <span class='ocrx_word' id='word_1_786' title='bbox 3481 4654 3596 4710; x_wconf 88' lang='lat' dir='ltr'><strong>sin-</strong></span> 
     </span>
    </p>
   </div>
   <div class='ocr_carea' id='block_1_107' title="bbox 1945 4742 3595 4819">
    <p class='ocr_par' dir='ltr' id='par_1_107' title="bbox 1945 4742 3595 4819">
     <span class='ocr_line' id='line_1_107' title="bbox 1945 4742 3595 4819; baseline -0.002 -16"><span class='ocrx_word' id='word_1_787' title='bbox 1945 4747 2065 4819; x_wconf 91' lang='lat' dir='ltr'><strong>guli</strong></span> <span class='ocrx_word' id='word_1_788' title='bbox 2109 4747 2363 4802; x_wconf 87' lang='lat' dir='ltr'><strong>calicem.</strong></span> <span class='ocrx_word' id='word_1_789' title='bbox 2409 4747 2478 4800; x_wconf 90' lang='lat' dir='ltr'><strong>Et</strong></span> <span class='ocrx_word' id='word_1_790' title='bbox 2518 4758 2761 4815; x_wconf 86' lang='lat' dir='ltr'><strong>surgens</strong></span> <span class='ocrx_word' id='word_1_791' title='bbox 2800 4757 2998 4800; x_wconf 84' lang='lat' dir='ltr'><strong>sereno</strong></span> <span class='ocrx_word' id='word_1_792' title='bbox 3040 4742 3204 4799; x_wconf 89' lang='lat' dir='ltr'><strong>vultu</strong></span> <span class='ocrx_word' id='word_1_793' title='bbox 3243 4757 3372 4799; x_wconf 90' lang='lat' dir='ltr'><strong>cum</strong></span> <span class='ocrx_word' id='word_1_794' title='bbox 3414 4743 3595 4800; x_wconf 84' lang='lat' dir='ltr'><strong>multa</strong></span> 
     </span>
    </p>
   </div>
   <div class='ocr_carea' id='block_1_108' title="bbox 1944 4831 3593 4904">
    <p class='ocr_par' dir='ltr' id='par_1_108' title="bbox 1944 4831 3593 4904">
     <span class='ocr_line' id='line_1_108' title="bbox 1944 4831 3593 4904; baseline -0.003 -11"><span class='ocrx_word' id='word_1_795' title='bbox 1944 4835 2265 4893; x_wconf 89' lang='lat' dir='ltr'><strong>constantia</strong></span> <span class='ocrx_word' id='word_1_796' title='bbox 2315 4838 2486 4904; x_wconf 90' lang='lat' dir='ltr'><strong>atque</strong></span> <span class='ocrx_word' id='word_1_797' title='bbox 2516 4833 2831 4904; x_wconf 88' lang='lat' dir='ltr'><strong>gratiarum</strong></span> <span class='ocrx_word' id='word_1_798' title='bbox 2873 4832 3100 4888; x_wconf 92' lang='lat' dir='ltr'><strong>actione</strong></span> <span class='ocrx_word' id='word_1_799' title='bbox 3137 4831 3285 4889; x_wconf 92' lang='lat' dir='ltr'><strong>dicit</strong></span> <span class='ocrx_word' id='word_1_800' title='bbox 3312 4833 3380 4889; x_wconf 85' lang='lat' dir='ltr'><strong>ad</strong></span> <span class='ocrx_word' id='word_1_801' title='bbox 3414 4847 3593 4890; x_wconf 91' lang='lat' dir='ltr'><strong>unum</strong></span> 
     </span>
    </p>
   </div>
   <div class='ocr_carea' id='block_1_109' title="bbox 1943 4922 3589 4995">
    <p class='ocr_par' dir='ltr' id='par_1_109' title="bbox 1943 4922 3589 4995">
     <span class='ocr_line' id='line_1_109' title="bbox 1943 4922 3589 4995; baseline -0.001 -13"><span class='ocrx_word' id='word_1_802' title='bbox 1943 4924 2410 4984; x_wconf 87' lang='lat' dir='ltr'><strong>concurrentium</strong></span> <span class='ocrx_word' id='word_1_803' title='bbox 2452 4923 2568 4977; x_wconf 92' lang='lat' dir='ltr'><strong>sibi</strong></span> <span class='ocrx_word' id='word_1_804' title='bbox 2608 4922 2908 4992; x_wconf 90' lang='lat' dir='ltr'><strong>dilectum,</strong></span> <span class='ocrx_word' id='word_1_805' title='bbox 2950 4923 3052 4993; x_wconf 92' lang='lat' dir='ltr'><strong>qui</strong></span> <span class='ocrx_word' id='word_1_806' title='bbox 3096 4928 3219 4978; x_wconf 88' lang='lat' dir='ltr'><strong>erat</strong></span> <span class='ocrx_word' id='word_1_807' title='bbox 3260 4923 3384 4978; x_wconf 90' lang='lat' dir='ltr'><strong>ibi:</strong></span> <span class='ocrx_word' id='word_1_808' title='bbox 3427 4924 3589 4995; x_wconf 80' lang='lat' dir='ltr'><strong>Veni,</strong></span> 
     </span>
    </p>
   </div>
   <div class='ocr_carea' id='block_1_110' title="bbox 1943 5010 3595 5084">
    <p class='ocr_par' dir='ltr' id='par_1_110' title="bbox 1943 5010 3595 5084">
     <span class='ocr_line' id='line_1_110' title="bbox 1943 5010 3595 5084; baseline -0.002 -12"><span class='ocrx_word' id='word_1_809' title='bbox 1943 5015 2173 5072; x_wconf 91' lang='lat' dir='ltr'><strong>domine</strong></span> <span class='ocrx_word' id='word_1_810' title='bbox 2205 5012 2398 5083; x_wconf 88' lang='lat' dir='ltr'><strong>frater,</strong></span> <span class='ocrx_word' id='word_1_811' title='bbox 2431 5015 2487 5066; x_wconf 92' lang='lat' dir='ltr'><strong>et</strong></span> <span class='ocrx_word' id='word_1_812' title='bbox 2515 5012 2586 5067; x_wconf 91' lang='lat' dir='ltr'><strong>da</strong></span> <span class='ocrx_word' id='word_1_813' title='bbox 2618 5010 2763 5065; x_wconf 90' lang='lat' dir='ltr'><strong>mihi</strong></span> <span class='ocrx_word' id='word_1_814' title='bbox 2799 5025 3010 5081; x_wconf 91' lang='lat' dir='ltr'><strong>pacem.</strong></span> <span class='ocrx_word' id='word_1_815' title='bbox 3054 5013 3232 5066; x_wconf 90' lang='lat' dir='ltr'><strong>Erant</strong></span> <span class='ocrx_word' id='word_1_816' title='bbox 3260 5026 3429 5082; x_wconf 91' lang='lat' dir='ltr'><strong>porro</strong></span> <span class='ocrx_word' id='word_1_817' title='bbox 3459 5028 3595 5084; x_wconf 70' lang='lat' dir='ltr'><strong>pra:-</strong></span> 
     </span>
    </p>
   </div>
   <div class='ocr_carea' id='block_1_111' title="bbox 1944 5099 3592 5171">
    <p class='ocr_par' dir='ltr' id='par_1_111' title="bbox 1944 5099 3592 5171">
     <span class='ocr_line' id='line_1_111' title="bbox 1944 5099 3592 5171; baseline -0.001 -11"><span class='ocrx_word' id='word_1_818' title='bbox 1944 5104 2138 5160; x_wconf 89' lang='lat' dir='ltr'><strong>cordia</strong></span> <span class='ocrx_word' id='word_1_819' title='bbox 2167 5101 2364 5157; x_wconf 89' lang='lat' dir='ltr'><strong>fratris</strong></span> <span class='ocrx_word' id='word_1_820' title='bbox 2391 5100 2576 5171; x_wconf 91' lang='lat' dir='ltr'><strong>illius,</strong></span> <span class='ocrx_word' id='word_1_821' title='bbox 2606 5100 2760 5155; x_wconf 89' lang='lat' dir='ltr'><strong>sicut</strong></span> <span class='ocrx_word' id='word_1_822' title='bbox 2785 5100 2929 5154; x_wconf 90' lang='lat' dir='ltr'><strong>mihi</strong></span> <span class='ocrx_word' id='word_1_823' title='bbox 2957 5100 3080 5170; x_wconf 89' lang='lat' dir='ltr'><strong>ipse</strong></span> <span class='ocrx_word' id='word_1_824' title='bbox 3105 5099 3383 5157; x_wconf 86' lang='lat' dir='ltr'><strong>referebat</strong></span> <span class='ocrx_word' id='word_1_825' title='bbox 3407 5102 3467 5158; x_wconf 89' lang='lat' dir='ltr'><strong>in</strong></span> <span class='ocrx_word' id='word_1_826' title='bbox 3491 5102 3592 5158; x_wconf 89' lang='lat' dir='ltr'><strong>illa</strong></span> 
     </span>
    </p>
   </div>
   <div class='ocr_carea' id='block_1_112' title="bbox 1944 5183 3592 5262">
    <p class='ocr_par' dir='ltr' id='par_1_112' title="bbox 1944 5183 3592 5262">
     <span class='ocr_line' id='line_1_112' title="bbox 1944 5183 3592 5262; baseline -0.001 -14"><span class='ocrx_word' id='word_1_827' title='bbox 1944 5194 2104 5262; x_wconf 88' lang='lat' dir='ltr'><strong>hora,</strong></span> <span class='ocrx_word' id='word_1_828' title='bbox 2127 5191 2318 5262; x_wconf 90' lang='lat' dir='ltr'><strong>qualia</strong></span> <span class='ocrx_word' id='word_1_829' title='bbox 2337 5195 2401 5246; x_wconf 93' lang='lat' dir='ltr'><strong>ut</strong></span> <span class='ocrx_word' id='word_1_830' title='bbox 2415 5188 2664 5258; x_wconf 90' lang='lat' dir='ltr'><strong>conjicio</strong></span> <span class='ocrx_word' id='word_1_831' title='bbox 2679 5187 2958 5258; x_wconf 92' lang='lat' dir='ltr'><strong>discipuli</strong></span> <span class='ocrx_word' id='word_1_832' title='bbox 2977 5189 3140 5246; x_wconf 89' lang='lat' dir='ltr'><strong>illius</strong></span> <span class='ocrx_word' id='word_1_833' title='bbox 3153 5183 3592 5261; x_wconf 85' lang='lat' dir='ltr'><strong>contemplantis</strong></span> 
     </span>
    </p>
   </div>
   <div class='ocr_carea' id='block_1_113' title="bbox 1941 5277 3594 5351">
    <p class='ocr_par' dir='ltr' id='par_1_113' title="bbox 1941 5277 3594 5351">
     <span class='ocr_line' id='line_1_113' title="bbox 1941 5277 3594 5351; baseline -0.001 -13"><span class='ocrx_word' id='word_1_834' title='bbox 1941 5282 2245 5338; x_wconf 91' lang='lat' dir='ltr'><strong>Dominum</strong></span> <span class='ocrx_word' id='word_1_835' title='bbox 2285 5280 2345 5334; x_wconf 91' lang='lat' dir='ltr'><strong>in</strong></span> <span class='ocrx_word' id='word_1_836' title='bbox 2380 5291 2567 5335; x_wconf 91' lang='lat' dir='ltr'><strong>cruce.</strong></span> <span class='ocrx_word' id='word_1_837' title='bbox 2603 5279 2726 5333; x_wconf 89' lang='lat' dir='ltr'><strong>Non</strong></span> <span class='ocrx_word' id='word_1_838' title='bbox 2752 5277 2946 5334; x_wconf 87' lang='lat' dir='ltr'><strong>valens</strong></span> <span class='ocrx_word' id='word_1_839' title='bbox 2976 5292 3130 5351; x_wconf 84' lang='lat' dir='ltr'><strong>ergo,</strong></span> <span class='ocrx_word' id='word_1_840' title='bbox 3176 5284 3240 5336; x_wconf 90' lang='lat' dir='ltr'><strong>ut</strong></span> <span class='ocrx_word' id='word_1_841' title='bbox 3265 5278 3473 5349; x_wconf 89' lang='lat' dir='ltr'><strong>aiebat,</strong></span> <span class='ocrx_word' id='word_1_842' title='bbox 3504 5292 3594 5336; x_wconf 88' lang='lat' dir='ltr'><strong>co-</strong></span> 
     </span>
    </p>
   </div>
   <div class='ocr_carea' id='block_1_114' title="bbox 1943 5367 3586 5438">
    <p class='ocr_par' dir='ltr' id='par_1_114' title="bbox 1943 5367 3586 5438">
     <span class='ocr_line' id='line_1_114' title="bbox 1943 5367 3586 5438; baseline -0.002 -12"><span class='ocrx_word' id='word_1_843' title='bbox 1943 5371 2139 5426; x_wconf 90' lang='lat' dir='ltr'><strong>hibere</strong></span> <span class='ocrx_word' id='word_1_844' title='bbox 2185 5369 2460 5438; x_wconf 90' lang='lat' dir='ltr'><strong>seipsum,</strong></span> <span class='ocrx_word' id='word_1_845' title='bbox 2510 5371 2748 5422; x_wconf 88' lang='lat' dir='ltr'><strong>vocante</strong></span> <span class='ocrx_word' id='word_1_846' title='bbox 2791 5379 2919 5423; x_wconf 90' lang='lat' dir='ltr'><strong>eum</strong></span> <span class='ocrx_word' id='word_1_847' title='bbox 2970 5367 3134 5424; x_wconf 89' lang='lat' dir='ltr'><strong>beato</strong></span> <span class='ocrx_word' id='word_1_848' title='bbox 3181 5368 3251 5424; x_wconf 89' lang='lat' dir='ltr'><strong>ad</strong></span> <span class='ocrx_word' id='word_1_849' title='bbox 3304 5367 3586 5435; x_wconf 90' lang='lat' dir='ltr'><strong>osculum,</strong></span> 
     </span>
    </p>
   </div>
   <div class='ocr_carea' id='block_1_115' title="bbox 1943 5455 3589 5530">
    <p class='ocr_par' dir='ltr' id='par_1_115' title="bbox 1943 5455 3589 5530">
     <span class='ocr_line' id='line_1_115' title="bbox 1943 5455 3589 5530; baseline -0.002 -16"><span class='ocrx_word' id='word_1_850' title='bbox 1943 5459 2181 5530; x_wconf 86' lang='lat' dir='ltr'><strong>irrugiit</strong></span> <span class='ocrx_word' id='word_1_851' title='bbox 2202 5457 2378 5513; x_wconf 89' lang='lat' dir='ltr'><strong>frater</strong></span> <span class='ocrx_word' id='word_1_852' title='bbox 2399 5461 2464 5512; x_wconf 89' lang='lat' dir='ltr'><strong>ut</strong></span> <span class='ocrx_word' id='word_1_853' title='bbox 2485 5457 2591 5513; x_wconf 89' lang='lat' dir='ltr'><strong>leo.</strong></span> <span class='ocrx_word' id='word_1_854' title='bbox 2627 5456 2768 5512; x_wconf 88' lang='lat' dir='ltr'><strong>Cum</strong></span> <span class='ocrx_word' id='word_1_855' title='bbox 2799 5469 2864 5512; x_wconf 89' lang='lat' dir='ltr'><strong>eo</strong></span> <span class='ocrx_word' id='word_1_856' title='bbox 2890 5461 3079 5512; x_wconf 90' lang='lat' dir='ltr'><strong>autem</strong></span> <span class='ocrx_word' id='word_1_857' title='bbox 3111 5455 3260 5511; x_wconf 90' lang='lat' dir='ltr'><strong>inibi</strong></span> <span class='ocrx_word' id='word_1_858' title='bbox 3285 5460 3589 5526; x_wconf 67' lang='lat' dir='ltr'><strong>prmsentes</strong></span> 
     </span>
    </p>
   </div>
   <div class='ocr_carea' id='block_1_116' title="bbox 1940 5543 3584 5604">
    <p class='ocr_par' dir='ltr' id='par_1_116' title="bbox 1940 5543 3584 5604">
     <span class='ocr_line' id='line_1_116' title="bbox 1940 5543 3584 5604; baseline -0.005 0"><span class='ocrx_word' id='word_1_859' title='bbox 1940 5562 2136 5604; x_wconf 91' lang='lat' dir='ltr'><strong>omnes</strong></span> <span class='ocrx_word' id='word_1_860' title='bbox 2161 5545 2619 5602; x_wconf 88' lang='lat' dir='ltr'><strong>lamentabantur</strong></span> <span class='ocrx_word' id='word_1_861' title='bbox 2644 5544 2896 5600; x_wconf 88' lang='lat' dir='ltr'><strong>terribili</strong></span> <span class='ocrx_word' id='word_1_862' title='bbox 2923 5544 3188 5599; x_wconf 89' lang='lat' dir='ltr'><strong>lamento.</strong></span> <span class='ocrx_word' id='word_1_863' title='bbox 3214 5544 3499 5599; x_wconf 88' lang='lat' dir='ltr'><strong>Anxiatus</strong></span> <span class='ocrx_word' id='word_1_864' title='bbox 3525 5543 3584 5596; x_wconf 93' lang='lat' dir='ltr'><strong>in</strong></span> 
     </span>
    </p>
   </div>
  </div>
