4034 6158
447 302 555 363 599

1680 285 2037 346 ANASTASII
2075 279 2620 373 BIBLIOTIIECARII
2800 256 2805 263 ’
3697 285 3781 345 θοο

450 442 558 499 hoc
604 439 694 496 vir
740 436 941 494 beatus
989 429 1283 503 ﬂagitabat
1325 437 1519 483 omnes
1570 434 1640 478 ne
1692 419 1774 475 ita
1819 414 2087 483 facerent,
2117 408 2175 469 A
2204 370 2363 503 malls
2400 413 2456 464 et
2496 372 2700 503 bonam
2746 408 2913 465 fidem
2953 421 3206 479 servans,
3249 370 3431 464 mense
3465 408 3783 481 Septembrio,

451 543 649 589 sereno
691 526 898 584 obtutu
937 523 1154 579 dicens.
1195 520 1283 588 Et,
1331 511 1622 585 impositis
1668 503 2092 564 venerabilibus

453 619 721 678 manibus
751 627 923 686 super
964 611 1233 668 verticem
1271 607 1417 675 ejus,
1450 600 1756 659 subridens
1780 597 1898 652 ait:
1944 594 2093 649 Bona

453 716 591 769 sunt
620 710 758 779 haec,
790 684 1023 761 domine
1047 698 1242 767 frater,
1277 696 1395 750 haec
1424 698 1560 748 sunt
1588 691 1926 760 opportuna,
1956 687 2012 737 et
2042 684 2096 735 te

452 803 675 874 oportet
716 776 796 853 ita
839 790 1069 850 facere?
1108 789 1228 855 haec
1260 788 1397 840 sunt
1437 779 1638 852 pacis?
1675 790 1805 859 cum
1834 787 1864 829 e
1897 776 2096 828 contra

456 852 580 874 ντμ
1224 852 1228 855 ,

452 904 606 949 nunc
634 886 840 944 debeas
870 881 1115 955 gaudere
1140 888 1313 945 super
1338 885 1442 927 me.
1470 869 1551 925 Ad
1585 879 1751 939 quem
1780 852 1940 919 illico
1964 873 2094 915 cum

452 978 801 1038 contritione
846 949 1040 1029 cordis
1096 963 1391 1035 respondit
1449 959 1658 1014 frater:
1708 957 1859 1010 Dcus
1914 949 2091 1016 novit,

452 1068 665 1127 famule
705 1062 942 1121 Christi.
984 1061 1162 1115 Laeto:
1206 1055 1267 1109 in
1316 1050 1501 1123 gloria
1545 1059 1655 1118 qua
1693 1044 1964 1113 dignatus
2012 1041 2096 1092 est

450 1159 717 1216 Christus
757 1156 907 1210 Deus
938 1152 1131 1205 noster
1170 1146 1399 1215 propter
1439 1148 1640 1194 nomen
1685 1144 1854 1189 suum
1887 1129 2004 1183 ᾕρεε
2042 1130 2096 1181 te

451 1247 645 1306 omnia
700 1242 853 1315 pati:
915 1238 1010 1295 sed
1060 1236 1340 1291 lamentor
1387 1226 1644 1285 omnium
1691 1217 2090 1292 perditionem.

448 1337 775 1396 Salutantes
821 1342 955 1401 ergo
1003 1337 1199 1382 omnes
1245 1334 1375 1377 eum
1424 1314 1801 1372 recesserunt.
1852 1307 2098 1363 Veniens

451 1429 636 1502 igitur
676 1422 953 1481 continuo
998 1413 1188 1473 scriba
1234 1414 1291 1466 et
1322 1405 1586 1465 auferens
1626 1415 1753 1457 cum
1796 1396 2000 1453 intulit
2038 1394 2098 1448 in

450 1487 683 1575 domum
725 1524 906 1570 suam.
956 1506 1183 1562 Dictum
1233 1503 1320 1555 est
1362 1509 1517 1567 ergo,
1567 1491 1705 1563 quia
1761 1490 1819 1544 in
1868 1487 2100 1542 Cherso-

450 1570 608 1665 {iiii—
655 1599 991 1658 exsulatur:
1056 1597 1113 1648 et
1173 1593 1301 1661 post
1363 1585 1489 1641 dies
1551 1580 1776 1650 aliquot
1840 1570 2104 1665 cognovi:

452 1710 602 1766 mus,
653 1692 791 1765 quia
840 1687 982 1744 illuc
1027 1679 1289 1740 clanculo
1344 1673 1569 1745 navigio
1613 1647 1971 1725 transvectus
2013 1647 2102 1716 est

2201 498 2296 554 die
2328 503 2485 554 sexta
2514 498 2754 571 decima,
2793 498 2854 553 in
2886 511 2997 569 qua
3035 495 3379 553 felicissimae
3408 497 3648 567 martyris
3671 502 3718 553 et
3741 498 3786 553 tl-

2207 588 2335 688 dem
2364 588 2747 688 custodientis
2776 587 3150 644 orthodoxam
3181 585 3515 658 Euphemiaa,
3548 586 3791 655 pretiosis-

2208 676 2351 733 sima
2391 682 2447 733 et
2481 677 2831 747 beatissima,
2867 676 3179 733 secundum
3211 675 3344 731 anni
3377 674 3655 741 circulum,
3680 675 3791 731 cele-

2206 767 2407 823 bratur
2436 767 2728 836 memoria,
2768 765 3084 822 indictione
3121 768 3319 836 quarta
3352 763 3573 818 decima.
3600 763 3793 820 Positus

2204 863 2293 914 est
2320 863 2506 914 autem
2544 857 2603 913 in
2642 855 2887 913 tumulis
2915 861 3241 911 sanctorum
3271 857 3424 909 extra
3461 866 3639 909 muros
3658 853 3793 910 Cher-

2206 947 2524 1003 sonitarum
2545 946 2801 1002 civitatis
2820 945 2981 1016 quasi
2998 944 3185 1001 stadio
3203 956 3336 1015 uno,
3350 942 3411 998 in
3428 942 3794 1012 pretiosissima

2204 1042 2260 1092 et
2289 1037 2763 1092 reverendissimo
2792 1034 3002 1104 templo
3041 1031 3415 1089 sanctissimae
3443 1035 3497 1087 et
3525 1046 3627 1101 pra:
3652 1032 3798 1086 omni-

2206 1125 2315 1181 bus
2370 1126 2585 1181 sanctis
2642 1124 2910 1195 colendae,
2956 1122 3296 1179 castissimae
3341 1125 3396 1176 et
3442 1120 3795 1191 immaculata,

2207 1214 2731 1286 perbenedictzeque
2777 1212 3210 1286 gloriosissima
3255 1215 3310 1266 et
3360 1209 3800 1265 excellentissima

2207 1305 2462 1360 omnium
2508 1308 2923 1374 creaturarum,
2960 1301 3142 1375 gratia
3174 1299 3537 1371 plenissimae,
3569 1296 3802 1369 gaudium

2208 1392 2475 1449 facientis
2512 1399 2568 1449 et
2602 1392 2912 1449 tribuentis
2949 1391 3195 1447 dominae
3230 1394 3455 1459 nostrm,
3493 1387 3700 1457 proprie
3731 1398 3805 1440 na-

2210 1488 2338 1539 tura
2363 1488 2420 1539 et
2437 1483 2674 1540 veritate
2694 1482 2879 1539 solius
2898 1482 2997 1537 Dei
3022 1479 3342 1552 genitricis,
3368 1491 3579 1547 semper
3598 1474 3808 1549 virginis

2209 1573 2419 1641 Mariae,
2450 1587 2574 1643 qua:
2598 1571 3035 1644 cognominatur
3063 1569 3429 1625 Blachernes:
3464 1565 3636 1623 factus
3671 1569 3809 1636 typus

2213 1663 2516 1720 imitabilis
2566 1663 2853 1729 omnibus,
2909 1662 3009 1734 qui
3054 1661 3195 1717 bene
3244 1660 3431 1716 vivere
3471 1664 3525 1713 et
3562 1658 3810 1713 decertare

454 1745 602 1766 .__-,

450 1788 575 1857 ipse
594 1779 997 1840 sanctissimus
1016 1768 1371 1843 apostolicus
1394 1759 1931 1857 vin-Veniensnergo
1956 1751 2098 1851 illuc
2126 1745 2177 1806 B
2208 1753 2485 1825 elegerint
2531 1760 2586 1810 et
2630 1754 2938 1823 voluerint,
2973 1766 3073 1823 pro
3109 1765 3194 1822 ea,
3228 1764 3357 1822 qua:
3408 1748 3686 1804 verissima
3723 1751 3808 1814 est,

627 1872 754 1928 dies
794 1867 1020 1937 aliquot
1048 1840 1285 1929 scripsit
1319 1850 1620 1924 epistolam
1655 1847 1714 1902 in
1761 1840 2095 1915 Byzantium

445 1926 515 2022 εἷά
541 1959 839 2035 quemdam
861 1953 975 2011 sibi
1002 1926 1432 2014 charissimum,
1460 1954 1527 1996 ex
1555 1936 1678 1993 illis
1702 1932 1970 1989 videlicet
1997 1926 2095 2000 qui

646 2052 876 2122 propter
920 2040 1227 2099 Dominum
1270 2039 1327 2091 et
1377 2031 1449 2088 ob
1496 2032 1705 2085 rectam
1757 2022 1923 2080 fidem
1972 2019 2096 2088 ejus

446 2141 730 2201 amabant.

516 2289 656 2345 Cum
690 2287 839 2343 esset
876 2283 936 2338 in
968 2289 1170 2349 magna
1200 2268 1575 2329 tribulatione
1613 2267 1669 2320 et
1698 2258 1905 2318 exsilio
1948 2256 2095 2312 idem

446 2393 595 2451 saepe
648 2376 842 2433 dictus
889 2345 1304 2426 Pater-noster
1359 2353 1763 2415 sanctissimus
1819 2345 2097 2404 constitu-

448 2438 562 2541 tus,
597 2464 894 2539 postulans
931 2459 1258 2528 aliquarum
1290 2449 1607 2521 specierum
1641 2438 1903 2498 subsidia
1935 2448 2097 2506 prop-

447 2522 797 2615 multas
853 2555 908 2605 et
964 2522 1309 2615 frequentes,
1365 2545 1673 2610 gravesque
1729 2522 2094 2599 mgrimonias

447 2642 790 2716 corporales,
809 2612 1222 2709 angustia—sque
1242 2623 1599 2685 omnimodas
1622 2616 1877 2691 regionis
1904 2612 2090 2683 illius,

446 2748 512 2793 eo
524 2700 674 2806 quod
688 2700 840 2786 nihil
856 2700 938 2782 ibi
953 2700 1326 2787 inveniretur,
1343 2713 1628 2787 praecipue
1639 2706 1922 2773 triticum,
1939 2700 2087 2773 quod

447 2822 679 2896 quidem
706 2817 833 2874 illic
858 2810 1282 2878 nominabatur,
1312 2817 1425 2860 non
1451 2804 1640 2857 autem
1669 2791 2083 2853 inveniebatur.

441 2878 601 2968 ﬁnde
637 2920 767 2965 cum
802 2898 1179 2976 jurejurando
1217 2891 1472 2964 scripsit,
1508 2887 1644 2960 quia
1682 2881 1947 2940 navicula
1985 2878 2088 2934 illo

441 2966 723 3068 veniente,
756 2966 822 3051 et
851 2966 1050 3064 parum
1082 2984 1266 3043 tritici
1311 2980 1552 3037 habente
1589 2975 1656 3032 ad
1697 2966 2092 3030 commutatio-

445 3103 573 3147 nem
612 3055 774 3157 salis,
818 3082 915 3138 vix
959 3075 1210 3151 potuerit
1247 3083 1429 3129 emere
1470 3081 1537 3122 ex
1583 3078 1648 3120 eo
1688 3073 1866 3118 unum
1901 3055 2084 3113 tritici
2116 3072 2164 3131 α

445 3144 702 3239 modium
751 3144 977 3244 quator'
998 3163 1226 3233 solidis,
1265 3173 1394 3217 cum
1436 3153 1637 3212 multis
1665 3156 1722 3206 ct
1764 3149 1870 3204 hoc
1914 3144 2091 3216 preci-

444 3268 573 3325 bus.
609 3234 876 3320 Diversus
908 3261 1097 3314 autem
1135 3248 1433 3322 angustias
1472 3241 1710 3312 scripsit
1738 3240 1933 3297 sancta
1966 3234 2092 3304 ejus

446 3357 639 3415 anima
665 3352 784 3424 pati
806 3363 866 3405 se
888 3347 991 3416 ibi,
1017 3357 1127 3400 non
1152 3321 1339 3397 solum
1360 3329 1760 3405 corporalibus
1780 3321 2091 3396 angustiis,

446 3410 756 3505 sedetiam
804 3410 1191 3495 habitantium
1234 3432 1290 3485 et
1325 3419 1751 3482 dominantium
1795 3415 1877 3470 ibi
1925 3410 2096 3467 malis

445 3545 775 3607 oppressus,
798 3528 878 3584 ita
906 3530 970 3582 ut
990 3522 1222 3594 penitus
1246 3513 1534 3573 contritus
1561 3507 1706 3563 male
1731 3505 1895 3575 pejus
1921 3512 2098 3555 more-

445 3586 627 3692 retrur,
663 3586 932 3675 suasione
960 3586 1229 3666 videlicet
1257 3596 1679 3658 dominantium
1717 3593 1776 3647 in
1801 3586 2087 3659 Byzantio.

444 3678 842 3781 Quamobrem,
895 3710 1087 3770 quaeso
1128 3706 1247 3760 vos,
1294 3702 1396 3760 ego
1445 3682 1689 3741 humilis
1730 3683 1786 3735 et
1833 3678 2094 3747 peccator

443 3771 698 3858 famulus
726 3771 932 3857 vester,
963 3801 996 3842 a
1023 3787 1137 3840 Deo
1168 3775 1536 3837 honorabiles
1559 3774 1775 3840 Patres,
1808 3771 1873 3822 ut
1903 3777 2093 3835 quem-

443 3852 750 3946 admodum
768 3893 871 3952 ego
891 3852 1014 3931 visa
1035 3869 1203 3928 mihil
1230 3874 1286 3923 et
1309 3864 1507 3921 audita
1532 3855 1980 3931 diligentissime
1999 3852 2092 3907 de-

443 3972 656 4033 claravi
682 3940 868 4035 vobis,
897 3963 1004 4019 hoc
1026 3964 1112 4016 est
1138 3954 1502 4012 imminentes
1522 3946 1866 4004 tentationes
1886 3940 2092 3997 beatis-

443 4064 591 4121 simo
622 4070 800 4130 papae,
835 4030 1063 4124 propter
1092 4051 1301 4103 rectam
1326 4038 1740 4097 confessionem
1774 4034 1834 4089 in
1859 4030 2088 4087 Christo

440 4120 714 4217 Domino,
724 4120 1027 4215 et'propter
1043 4132 1582 4194 anathematismum
1603 4127 1662 4182 in
1681 4137 1855 4181 novos
1873 4120 2085 4176 factum

441 4238 764 4307 hereticos,
796 4241 1120 4304 quanquam
1162 4238 1230 4280 ex
1271 4219 1473 4277 multis
1510 4229 1701 4288 parva,
1736 4219 1920 4269 tamen
1964 4220 2087 4279 qua:

440 4296 605 4402 potui
634 4296 887 4395 dirige-re
916 4296 1123 4388 scripsi
1149 4333 1162 4369 :
1197 4313 1275 4369 ita
1306 4315 1362 4366 et
1400 4321 1499 4364 vos
1526 4304 1709 4359 zelum
1743 4296 2088 4355 habentibus

709 4382 833 4482 Dei,
877 4382 1160 4479 explicate
1186 4401 1401 4467 eadem,
1435 4399 1491 4451 et
1521 4387 1832 4447 hortamini
1866 4382 2083 4442 imitari

439 4522 591 4580 eum,
622 4510 681 4562 et
716 4476 1058 4559 traditiones
1086 4494 1413 4550 sanctorum
1451 4484 1687 4538 Patrum
1722 4476 1970 4533 retinere
2005 4488 2087 4530 se-

438 4564 689 4656 cundum
713 4588 1092 4648 imitationem
1121 4580 1267 4648 ejus.
1291 4578 1348 4629 et
1378 4584 1488 4628 non
1519 4564 1942 4624 communicare
1971 4577 2085 4619 om-

436 4687 577 4745 nino
606 4678 896 4741 contraria
927 4665 1328 4730 sentientibus.
1362 4659 1735 4715 Obsecrantes
1776 4653 1947 4709 etiam
1979 4665 2081 4722 pro

435 4788 526 4833 me
555 4773 792 4843 indigne
812 4761 1027 4821 famulo
1050 4756 1150 4829 qui
1178 4750 1409 4822 scripsi,
1426 4761 1551 4831 quo
1576 4760 1705 4801 cum
1731 4756 1797 4799 eo
1821 4746 1878 4798 et
1901 4740 2084 4797 vobis-

435 4876 567 4921 cum
597 4834 884 4916 inveniam
924 4840 1379 4906 misericordiam
1412 4852 1443 4895 a
1471 4834 1699 4893 Christo
1736 4835 1850 4888 Deo
1887 4836 2081 4886 nostro

433 4953 498 5009 in
522 4946 750 5006 saecula.
781 4941 977 4998 Amen.

503 5070 667 5130 Obiit
691 5069 881 5123 autem
910 5062 1059 5119 idem
1090 5054 1494 5115 sanctissimus
1523 5054 1611 5105 ter
1633 5046 1835 5103 beatus
1864 5045 2084 5112 aposto-

436 5162 588 5220 licns
640 5153 923 5213 Martinus
971 5161 1134 5220 papa,
1194 5157 1391 5201 recens
1446 5149 1637 5195 revera
1699 5130 1989 5189 confessor
2027 5134 2082 5185 et

435 5218 651 5320 martyr
667 5241 882 5302 Christi
904 5218 1003 5295 Dei
1028 5218 1209 5294 nostri
1230 5235 1290 5289 in
1311 5231 1504 5288 eadem
1520 5222 1902 5282 exsultatione
1917 5218 2081 5276 Cher-

436 5311 610 5399 soan
629 5336 793 5406 juxta
815 5328 1068 5401 ejusdem
1091 5325 1160 5380 ad
1185 5320 1491 5378 Dominum
1517 5317 1691 5372 Deum
1721 5311 2073 5383 petitionem,

437 5440 606 5503 quam
645 5400 857 5481 obtulit
894 5418 945 5475 ei
985 5429 1115 5472 cum
1156 5408 1443 5480 lacrymis,
1484 5404 1681 5461 exiens
1718 5402 1793 5459 de
1827 5400 1979 5471 navi,
2023 5404 2079 5457 et

433 5489 659 5576 calcans
689 5516 895 5568 terram
932 5505 1113 5573 illam,
1150 5501 1207 5557 id
1247 5503 1332 5554 est
1362 5501 1427 5552 ut
1457 5495 1513 5549 in
1553 5506 1618 5548 ea
1658 5490 1850 5547 ﬁniret
1879 5489 2075 5559 vitam,

432 5607 647 5666 bonum
670 5604 955 5659 certamen
982 5596 1230 5663 certans,
1260 5598 1493 5644 cursum
1525 5580 1786 5652 martyrii
1818 5592 2076 5635 consum-

2207 1846 2464 1902 veritate.
2499 1845 2676 1915 Cujus
2710 1842 2957 1916 virginis
2991 1843 3273 1912 cujusque
3309 1837 3643 1896 confessoris
3671 1837 3813 1891 inter-

2206 1935 2585 2006 cessionibus,
2613 1934 2878 1989 Christus
2907 1946 3075 1990 verus
3102 1932 3255 1986 Deus
3280 1935 3337 1985 et
3366 1928 3614 1985 Salvator
3636 1930 3812 1994 noster,

2208 2026 2307 2097 qui
2336 2024 2706 2081 ineti‘abiliter
2733 2027 2790 2078 et
2819 2023 2944 2080 sine
2973 2020 3188 2077 semine
3215 2033 3287 2076 ex
3312 2032 3398 2088 ea,
3432 2014 3693 2088 processit
3716 2026 3816 2084 pro-

2208 2120 2331 2186 pter
2361 2129 2538 2186 genus
2573 2114 2909 2179 humanum,
2942 2109 3232 2167 custodiat
3265 2113 3322 2164 et
3352 2108 3638 2163 conservet
3663 2116 3752 2158 nos
3774 2105 3819 2156 et

2206 2218 2400 2261 omnes
2423 2203 2667 2260 fideliter
2682 2202 3001 2271 audientes,
3025 2211 3370 2269 omnemque
3396 2194 3659 2267 p0pulum
3679 2204 3816 2263 quem

2205 2294 2517 2366 acquisivit
2542 2294 2601 2348 in
2623 2291 3009 2348 sinceritatem
3034 2288 3164 2344 fidei
3186 2293 3244 2343 et
3264 2284 3753 2351 conversationem,
3773 2280 3821 2334 in

2208 2399 2361 2455 pare,
2387 2389 2443 2439 et
2466 2382 2775 2440 dilectione
2797 2378 3062 2451 perfecta,
3086 2384 3140 2434 et
3161 2377 3321 2434 omni
3342 2375 3573 2447 justitia
3594 2384 3756 2442 usque
3774 2369 3821 2423 in

2205 2475 2392 2530 finem.
2432 2472 2537 2529 Cui
2572 2476 2659 2528 est
2692 2485 2819 2527 cum
2858 2471 2971 2525 Deo
3008 2470 3172 2523 Patre
3205 2471 3267 2523 et
3300 2465 3527 2536 Spiritu
3563 2466 3741 2519 sancto
3774 2459 3821 2513 in

2202 2563 2413 2619 deitate
2439 2575 2552 2618 una
2583 2559 2929 2629 substantia,
2960 2572 3160 2628 aequus
3186 2556 3400 2627 honor,
3431 2555 3616 2609 virtus
3637 2550 3820 2616 eadem,

2203 2651 2328 2706 sine
2351 2655 2601 2719 tempore
2627 2661 2884 2720 regnum,
2914 2658 3135 2716 semper
3162 2643 3548 2715 principium,
3574 2642 3825 2709 sceptrum

2196 2741 2231 2883 ἰ
2228 2754 2351 2883 1113:,
2381 2739 2565 2883 g‘loria
2593 2751 2809 2810 perpes,
2837 2737 3100 2808 majestas
3121 2734 3366 2807 similis,
3394 2746 3494 2805 per
3515 2728 3728 2787 inﬁnita
3749 2737 3829 2781 sa:-

2336 2869 2349 2882 .
2435 2840 2578 2882 men.

2200 2840 2349 2884 Cilla.
2383 2840 2578 2883 amen.

2196 2973 2371 3027 Habet
2408 2976 2587 3028 autem
2615 2988 2670 3027 se
2690 2971 3216 3044 praedictarcpistola
3257 2968 3509 3038 ejusdem
3537 2940 3833 3020 sanctissimi

2695 3043 2747 3098 et
2769 3043 3051 3113 apostolici
3064 3057 3233 3113 papae
3252 3044 3355 3096 sic.

2272 3171 2600 3227 Indicamus
2626 3182 2905 3242 germana:
2930 3166 3202 3224 charitati
3236 3170 3470 3236 vestrae,
3501 3162 3721 3219 domine
3746 3155 3836 3212 fra-

2202 3265 2309 3323 ter,
2343 3260 2480 3332 quia
2517 3265 2816 3332 postquam
2851 3258 3064 3331 egressi
3099 3270 3310 3313 sumus
3345 3270 3419 3312 ex
3453 3269 3521 3313 eo
3557 3251 3698 3326 quod
3727 3250 3836 3303 lvon

2204 3351 2425 3407 dicitur
2454 3364 2486 3405 a
2514 3348 3031 3419 Constantinopoli,
3067 3347 3415 3418 navigantes
3447 3348 3641 3402 sancta
3665 3337 3838 3410 quinta

2206 3439 2349 3496 feria
2396 3454 2568 3496 creua:
2613 3439 2843 3496 Domini
2896 3436 3386 3508 pertransivimus
3439 3434 3707 3498 Pharum,
3759 3437 3841 3496 per

2202 3529 2428 3584 diversa
2461 3529 2582 3585 loca
2621 3532 3035 3584 transmeantes
3072 3526 3278 3583 Idibus
3308 3525 3509 3595 Maiis,
3549 3527 3604 3578 et
3638 3520 3840 3575 Cherso-

2204 3631 2328 3673 nem
2384 3617 2764 3688 pervenimus.
2811 3618 2958 3689 Ergo
3002 3615 3239 3688 gerulus
3286 3615 3525 3685 harum,
3582 3609 3680 3682 qui
3729 3616 3845 3676 pral-

2202 3710 2415 3761 sentem
2459 3705 2622 3762 vobis
2669 3705 2848 3761 tradit
2900 3703 3226 3775 epistolam,
3280 3707 3419 3774 post
3463 3699 3699 3773 triginta
3736 3693 3842 3749 dies

2202 3798 2328 3865 post
2372 3809 2475 3850 nos
2512 3808 2543 3850 a
2589 3793 2851 3865 partibus
2888 3792 3141 3864 Byzantii
3186 3792 3358 3849 venit
3392 3791 3752 3847 Chersonem.
3788 3781 3845 3836 Et

2200 3884 2380 3955 gavisi
2428 3899 2628 3941 sumus
2676 3898 2850 3954 super
2885 3884 3187 3939 adventum
3242 3882 3471 3952 ipsius,
3522 3876 3844 3935 testimantes

2199 3973 2349 4042 quod
2377 3987 2635 4043 expensa:
2663 3973 2849 4028 missae
2872 3970 3038 4027 nobis
3062 3969 3132 4026 ab
3155 3971 3331 4026 Italia
3352 3973 3554 4027 essent
3574 3967 3635 4023 in
3660 3970 3844 4020 terram

2199 4061 2365 4125 hanc,
2408 4077 2533 4133 quae
2574 4062 2844 4118 deberent
2883 4070 2987 4118 n‘os
3024 4074 3090 4117 eo
3130 4060 3411 4116 veniente
3451 4053 3753 4115 consolari.
3790 4049 3848 4102 Et

2197 4162 2325 4205 cum
2360 4150 2892 4222 interrogassemus,
2920 4149 3303 4222 cognovimus
3335 4148 3412 4204 ab
3444 4162 3515 4203 eo
3543 4143 3692 4219 quod
3715 4133 3846 4196 nihil

2200 4237 2311 4293 huc
2331 4239 2604 4296 detulerit
2622 4239 2693 4295 ab
2716 4239 2877 4295 Italia
2900 4258 2911 4293 :
2936 4243 2993 4294 et
3014 4237 3261 4294 miratus
3288 4251 3453 4309 sum,
3478 4243 3536 4292 et
3556 4222 3846 4307 glorificavi

2197 4328 2372 4383 Deum
2406 4343 2590 4384 meum
2623 4328 2794 4383 etiam
2822 4328 2881 4383 in
2915 4326 3041 4399 hoc,
3076 4326 3385 4398 quoniam,
3422 4325 3586 4382 sicut
3614 4320 3738 4385 scit,
3764 4310 3849 4371 tri-

2117 4430 2166 4488 ι)
2196 4415 2523 4472 bulationes
2552 4421 2776 4471 nostras
2799 4416 3115 4486 dispensat,
3146 4414 3408 4470 maxime
3437 4427 3575 4469 cum
3604 4409 3773 4465 fames
3799 4402 3849 4457 in

2196 4503 2301 4559 hac
2346 4509 2496 4561 terra
2534 4510 2590 4560 et
2633 4504 2942 4561 necessitas
2984 4503 3121 4560 talis
3162 4508 3340 4575 esset,
3393 4507 3463 4559 ut
3497 4500 3667 4573 panis
3702 4496 3758 4551 in
3795 4501 3850 4545 ea

2193 4598 2414 4649 tantum
2466 4594 2815 4664 nominetur,
2869 4608 2979 4649 non
3033 4597 3221 4649 tamen
3277 4593 3533 4662 penitus
3586 4589 3849 4646 videatur.

2190 4684 2469 4754 Quoniam
2498 4684 2611 4740 nisi
2643 4685 2948 4740 mittantur
2975 4681 3141 4739 nobis
3164 4695 3233 4737 ex
3261 4681 3552 4752 partibus
3580 4678 3703 4735 illis
3722 4684 3853 4731 sum-

2192 4779 2345 4845 ptus,
2374 4773 2459 4830 vel
2486 4788 2517 4830 a
2550 4774 2812 4845 partibus
2838 4773 3024 4844 Ponti,
3054 4771 3150 4827 hic
3173 4771 3380 4828 vivere
3406 4771 3658 4829 omnino
3680 4760 3857 4835 nequi-

2186 4876 2336 4931 ,mus.
2368 4864 2622 4935 Spiritus
2646 4863 2798 4918 enim
2824 4866 3119 4933 promptus
3139 4865 3244 4931 est,
3277 4875 3425 4919 caro
3456 4874 3595 4917 vero
3624 4856 3850 4918 inﬁrma.

2192 4957 2258 5009 ut
2285 4953 2456 5008 etiam
2488 4953 2612 5024 ipse
2637 4953 2806 5007 nosti.
2843 4954 3036 5023 Neque
3060 4950 3211 5005 enim
3240 4948 3635 5021 dispensatio
3662 4941 3858 5018 quaevis

2192 5045 2377 5112 potest
2417 5042 2475 5097 in
2518 5042 2622 5097 hac
2660 5046 2812 5097 terra
2852 5040 3142 5097 ullatenus
3177 5039 3447 5095 inveniri
3495 5039 3558 5093 in
3601 5033 3855 5093 solatium

2192 5130 2392 5186 saltem
2420 5129 2629 5187 modici
2655 5134 2938 5199 sumptus.
2961 5129 3020 5184 Si
3045 5142 3199 5201 ergo,
3226 5131 3298 5183 ut
3319 5129 3562 5185 dictum
3591 5132 3680 5183 est
3697 5128 3862 5180 trans-

2191 5220 2431 5276 missum
2454 5219 2629 5275 fuerit
2650 5218 2814 5273 illinc
2836 5216 3184 5273 frumentum
3205 5221 3262 5271 et
3289 5215 3536 5287 vinum,
3560 5222 3665 5272 aut
3685 5211 3857 5269 oleum

2189 5308 2369 5364 etalia
2383 5309 2638 5379 quaedam
2662 5321 2892 5378 quoquo
2911 5306 3096 5377 modo,
3111 5303 3351 5376 festina,
3378 5309 3569 5375 prout
3590 5297 3855 5375 potueris,

2189 5399 2414 5454 mittere
2466 5396 2649 5453 nobis.
2684 5398 2876 5466 Neque
2912 5396 3064 5450 enim
3114 5393 3543 5462 hujuscemodi
3580 5391 3751 5459 mala,
3805 5388 3861 5441 ut

2188 5502 2337 5560 reor,
2370 5486 2591 5544 ostendi
2638 5485 2874 5556 sanctis,
2920 5482 3021 5555 qui
3050 5481 3267 5537 ibidem
3317 5486 3496 5556 sunt,
3530 5480 3625 5539 vel
3660 5479 3752 5537 his
3770 5471 3860 5548 qui

2190 5582 2325 5635 sunt
2362 5576 2631 5633 Ecclesiae
2665 5573 2851 5646 illius,
2883 5579 2947 5630 ut
2976 5583 3159 5643 usque
3189 5568 3344 5627 adeo
3391 5572 3741 5630 mandatum
3770 5567 3863 5622 Do-
