  <div class='ocr_page' id='page_1' title='image "/cluster/home/n/w/nwhite01/storage/ocr_20150623/129/hvd.32044054759907/306.png"; bbox 0 0 4018 6160; ppageno 0'>
   <div class='ocr_carea' id='block_1_1' title="bbox 234 225 3038 313">
    <p class='ocr_par' dir='ltr' id='par_1_1' title="bbox 234 225 3038 313">
     <span class='ocr_line' id='line_1_1' title="bbox 234 225 3038 313; baseline 0.011 -30"><span class='ocrx_word' id='word_1_1' title='bbox 234 225 314 283; x_wconf 81' lang='grc'><strong>604</strong></span> <span class='ocrx_word' id='word_1_2' title='bbox 774 225 1280 287; x_wconf 81' lang='lat' dir='ltr'><strong>COLLECTANEA.</strong></span> <span class='ocrx_word' id='word_1_3' title='bbox 1326 262 1400 273; x_wconf 93' lang='lat'><strong>—-</strong></span> <span class='ocrx_word' id='word_1_4' title='bbox 1432 231 1524 288; x_wconf 89' lang='lat' dir='ltr'><strong>DE</strong></span> <span class='ocrx_word' id='word_1_5' title='bbox 1561 231 1835 291; x_wconf 82' lang='lat' dir='ltr'><strong>FURORE</strong></span> <span class='ocrx_word' id='word_1_6' title='bbox 1871 236 2386 301; x_wconf 67' lang='lat' dir='ltr'><strong>HJERETICORUM</strong></span> <span class='ocrx_word' id='word_1_7' title='bbox 2426 249 2496 305; x_wconf 79' lang='grc' dir='ltr'>[Ν</span> <span class='ocrx_word' id='word_1_8' title='bbox 2533 252 2900 312; x_wconf 82' lang='lat' dir='ltr'><strong>MARTINUM</strong></span> <span class='ocrx_word' id='word_1_9' title='bbox 2937 259 3038 313; x_wconf 87' lang='lat' dir='ltr'><strong>PP.</strong></span> 
     </span>
    </p>
   </div>
   <div class='ocr_carea' id='block_1_2' title="bbox 3504 259 3610 319">
    <p class='ocr_par' dir='ltr' id='par_1_2' title="bbox 3504 259 3610 319">
     <span class='ocr_line' id='line_1_2' title="bbox 3504 259 3610 319; baseline 0 0"><span class='ocrx_word' id='word_1_10' title='bbox 3504 259 3610 319; x_wconf 74' lang='grc'><strong>602</strong></span> 
     </span>
    </p>
   </div>
   <div class='ocr_carea' id='block_1_3' title="bbox 231 354 3602 455">
    <p class='ocr_par' dir='ltr' id='par_1_3' title="bbox 231 354 3602 455">
     <span class='ocr_line' id='line_1_3' title="bbox 231 354 3602 455; baseline 0.012 -47"><span class='ocrx_word' id='word_1_11' title='bbox 405 354 878 455; x_wconf 79' lang='lat' dir='ltr'><strong>parvipenderent</strong></span> <span class='ocrx_word' id='word_1_12' title='bbox 902 377 934 455; x_wconf 42' lang='grc' dir='ltr'><strong>ε.</strong></span> <span class='ocrx_word' id='word_1_13' title='bbox 971 360 1287 455; x_wconf 75' lang='lat' dir='ltr'><strong>praesertim</strong></span> <span class='ocrx_word' id='word_1_14' title='bbox 1354 375 1482 416; x_wconf 91' lang='lat' dir='ltr'><strong>cum</strong></span> <span class='ocrx_word' id='word_1_15' title='bbox 1535 360 1856 455; x_wconf 32' lang='lat' dir='ltr'><strong>-Apostolus</strong></span> <span class='ocrx_word' id='word_1_16' title='bbox 1876 360 1935 422; x_wconf 83' lang='lat' dir='ltr'><strong>A</strong></span> <span class='ocrx_word' id='word_1_17' title='bbox 1965 366 2032 421; x_wconf 91' lang='lat' dir='ltr'><strong>ad</strong></span> <span class='ocrx_word' id='word_1_18' title='bbox 2063 370 2323 430; x_wconf 85' lang='lat' dir='ltr'><strong>mandata</strong></span> <span class='ocrx_word' id='word_1_19' title='bbox 2347 376 2448 432; x_wconf 89' lang='lat' dir='ltr'><strong>Dei</strong></span> <span class='ocrx_word' id='word_1_20' title='bbox 2473 379 2709 436; x_wconf 91' lang='lat' dir='ltr'><strong>minime</strong></span> <span class='ocrx_word' id='word_1_21' title='bbox 2742 381 3020 455; x_wconf 87' lang='lat' dir='ltr'><strong>facienda,</strong></span> <span class='ocrx_word' id='word_1_22' title='bbox 3044 391 3144 442; x_wconf 89' lang='lat' dir='ltr'><strong>aut</strong></span> <span class='ocrx_word' id='word_1_23' title='bbox 3169 387 3342 444; x_wconf 82' lang='lat' dir='ltr'><strong>timor</strong></span> <span class='ocrx_word' id='word_1_24' title='bbox 3363 389 3461 446; x_wconf 92' lang='lat' dir='ltr'><strong>ubi</strong></span> <span class='ocrx_word' id='word_1_25' title='bbox 3490 402 3602 447; x_wconf 92' lang='lat' dir='ltr'><strong>non</strong></span> 
     </span>
    </p>
   </div>
   <div class='ocr_carea' id='block_1_4' title="bbox 229 441 1857 520">
    <p class='ocr_par' dir='ltr' id='par_1_4' title="bbox 229 441 1857 520">
     <span class='ocr_line' id='line_1_4' title="bbox 229 441 1857 520; baseline 0.006 -25"><span class='ocrx_word' id='word_1_26' title='bbox 229 441 675 511; x_wconf 88' lang='lat' dir='ltr'><strong>Philippensibus</strong></span> <span class='ocrx_word' id='word_1_27' title='bbox 728 447 984 516; x_wconf 78' lang='lat' dir='ltr'><strong>scripsit,</strong></span> <span class='ocrx_word' id='word_1_28' title='bbox 1038 449 1254 517; x_wconf 78' lang='lat' dir='ltr'><strong>gratias</strong></span> <span class='ocrx_word' id='word_1_29' title='bbox 1283 461 1456 520; x_wconf 82' lang='lat' dir='ltr'><strong>agens</strong></span> <span class='ocrx_word' id='word_1_30' title='bbox 1497 449 1584 504; x_wconf 89' lang='lat' dir='ltr'><strong>eis</strong></span> <span class='ocrx_word' id='word_1_31' title='bbox 1613 449 1762 520; x_wconf 88' lang='lat' dir='ltr'><strong>quod</strong></span> <span class='ocrx_word' id='word_1_32' title='bbox 1801 456 1857 505; x_wconf 91' lang='lat' dir='ltr'><strong>et</strong></span> 
     </span>
    </p>
   </div>
   <div class='ocr_carea' id='block_1_5' title="bbox 224 530 1852 610">
    <p class='ocr_par' dir='ltr' id='par_1_5' title="bbox 224 530 1852 610">
     <span class='ocr_line' id='line_1_5' title="bbox 224 530 1852 610; baseline 0.006 -26"><span class='ocrx_word' id='word_1_33' title='bbox 224 530 659 589; x_wconf 79' lang='lat' dir='ltr'><strong>Thessalonicam</strong></span> <span class='ocrx_word' id='word_1_34' title='bbox 680 542 736 590; x_wconf 90' lang='lat' dir='ltr'><strong>et</strong></span> <span class='ocrx_word' id='word_1_35' title='bbox 759 536 928 591; x_wconf 90' lang='lat' dir='ltr'><strong>semel</strong></span> <span class='ocrx_word' id='word_1_36' title='bbox 952 541 1007 591; x_wconf 92' lang='lat' dir='ltr'><strong>et</strong></span> <span class='ocrx_word' id='word_1_37' title='bbox 1032 536 1121 592; x_wconf 89' lang='lat' dir='ltr'><strong>bis</strong></span> <span class='ocrx_word' id='word_1_38' title='bbox 1140 537 1197 592; x_wconf 92' lang='lat' dir='ltr'><strong>in</strong></span> <span class='ocrx_word' id='word_1_39' title='bbox 1224 553 1390 594; x_wconf 93' lang='lat' dir='ltr'><strong>usum</strong></span> <span class='ocrx_word' id='word_1_40' title='bbox 1423 530 1536 594; x_wconf 79' lang='lat' dir='ltr'><strong>sibi</strong></span> <span class='ocrx_word' id='word_1_41' title='bbox 1567 538 1852 610; x_wconf 74' lang='lat' dir='ltr'><strong>miserint,</strong></span> 
     </span>
    </p>
   </div>
   <div class='ocr_carea' id='block_1_6' title="bbox 223 617 1849 684">
    <p class='ocr_par' dir='ltr' id='par_1_6' title="bbox 223 617 1849 684">
     <span class='ocr_line' id='line_1_6' title="bbox 223 617 1849 684; baseline 0.005 -10"><span class='ocrx_word' id='word_1_42' title='bbox 223 617 303 674; x_wconf 88' lang='lat' dir='ltr'><strong>ubi</strong></span> <span class='ocrx_word' id='word_1_43' title='bbox 345 624 398 673; x_wconf 83' lang='lat' dir='ltr'><strong>et</strong></span> <span class='ocrx_word' id='word_1_44' title='bbox 427 620 659 677; x_wconf 85' lang='lat' dir='ltr'><strong>subdit:</strong></span> <span class='ocrx_word' id='word_1_45' title='bbox 715 625 898 678; x_wconf 82' lang='lat' dir='ltr'><strong>Habeo</strong></span> <span class='ocrx_word' id='word_1_46' title='bbox 945 630 1124 680; x_wconf 84' lang='lat' dir='ltr'><strong>autem</strong></span> <span class='ocrx_word' id='word_1_47' title='bbox 1181 629 1362 680; x_wconf 79' lang='lat' dir='ltr'><strong>omnia</strong></span> <span class='ocrx_word' id='word_1_48' title='bbox 1408 632 1459 680; x_wconf 79' lang='lat' dir='ltr'><strong>et</strong></span> <span class='ocrx_word' id='word_1_49' title='bbox 1508 628 1744 681; x_wconf 81' lang='lat' dir='ltr'><strong>abundo.</strong></span> <span class='ocrx_word' id='word_1_50' title='bbox 1791 628 1849 684; x_wconf 85' lang='lat' dir='ltr'><strong>Si</strong></span> 
     </span>
    </p>
   </div>
   <div class='ocr_carea' id='block_1_7' title="bbox 215 707 1851 785">
    <p class='ocr_par' dir='ltr' id='par_1_7' title="bbox 215 707 1851 785">
     <span class='ocr_line' id='line_1_7' title="bbox 215 707 1851 785; baseline 0.006 -22"><span class='ocrx_word' id='word_1_51' title='bbox 215 707 346 763; x_wconf 84' lang='lat' dir='ltr'><strong>enim</strong></span> <span class='ocrx_word' id='word_1_52' title='bbox 367 711 695 781; x_wconf 90' lang='lat' dir='ltr'><strong>peregrinos</strong></span> <span class='ocrx_word' id='word_1_53' title='bbox 717 713 860 782; x_wconf 91' lang='lat' dir='ltr'><strong>illic,</strong></span> <span class='ocrx_word' id='word_1_54' title='bbox 884 714 938 769; x_wconf 88' lang='lat' dir='ltr'><strong>id</strong></span> <span class='ocrx_word' id='word_1_55' title='bbox 965 720 1051 770; x_wconf 91' lang='lat' dir='ltr'><strong>est</strong></span> <span class='ocrx_word' id='word_1_56' title='bbox 1075 715 1284 785; x_wconf 65' lang='lat' dir='ltr'><strong>Romae,</strong></span> <span class='ocrx_word' id='word_1_57' title='bbox 1310 716 1387 772; x_wconf 88' lang='lat' dir='ltr'><strong>ita</strong></span> <span class='ocrx_word' id='word_1_58' title='bbox 1409 715 1594 772; x_wconf 81' lang='lat' dir='ltr'><strong>reficit</strong></span> <span class='ocrx_word' id='word_1_59' title='bbox 1619 721 1851 773; x_wconf 91' lang='lat' dir='ltr'><strong>sanctus</strong></span> 
     </span>
    </p>
   </div>
   <div class='ocr_carea' id='block_1_8' title="bbox 215 798 1845 875">
    <p class='ocr_par' dir='ltr' id='par_1_8' title="bbox 215 798 1845 875">
     <span class='ocr_line' id='line_1_8' title="bbox 215 798 1845 875; baseline 0.007 -25"><span class='ocrx_word' id='word_1_60' title='bbox 215 798 412 868; x_wconf 86' lang='lat' dir='ltr'><strong>Petrus,</strong></span> <span class='ocrx_word' id='word_1_61' title='bbox 465 800 604 868; x_wconf 88' lang='lat' dir='ltr'><strong>quid</strong></span> <span class='ocrx_word' id='word_1_62' title='bbox 653 801 912 859; x_wconf 91' lang='lat' dir='ltr'><strong>dicemus</strong></span> <span class='ocrx_word' id='word_1_63' title='bbox 956 803 1026 859; x_wconf 90' lang='lat' dir='ltr'><strong>de</strong></span> <span class='ocrx_word' id='word_1_64' title='bbox 1059 803 1244 874; x_wconf 88' lang='lat' dir='ltr'><strong>nobis,</strong></span> <span class='ocrx_word' id='word_1_65' title='bbox 1280 805 1377 875; x_wconf 89' lang='lat' dir='ltr'><strong>qui</strong></span> <span class='ocrx_word' id='word_1_66' title='bbox 1435 805 1652 874; x_wconf 84' lang='lat' dir='ltr'><strong>proprii</strong></span> <span class='ocrx_word' id='word_1_67' title='bbox 1699 807 1845 862; x_wconf 86' lang='lat' dir='ltr'><strong>servi</strong></span> 
     </span>
    </p>
   </div>
   <div class='ocr_carea' id='block_1_9' title="bbox 210 887 1840 957">
    <p class='ocr_par' dir='ltr' id='par_1_9' title="bbox 210 887 1840 957">
     <span class='ocr_line' id='line_1_9' title="bbox 210 887 1840 957; baseline 0.006 -18"><span class='ocrx_word' id='word_1_68' title='bbox 210 887 318 955; x_wconf 87' lang='lat' dir='ltr'><strong>ejus</strong></span> <span class='ocrx_word' id='word_1_69' title='bbox 340 901 561 957; x_wconf 92' lang='lat' dir='ltr'><strong>sumus,</strong></span> <span class='ocrx_word' id='word_1_70' title='bbox 597 894 651 944; x_wconf 90' lang='lat' dir='ltr'><strong>et</strong></span> <span class='ocrx_word' id='word_1_71' title='bbox 675 891 872 946; x_wconf 84' lang='lat' dir='ltr'><strong>saltem</strong></span> <span class='ocrx_word' id='word_1_72' title='bbox 905 893 972 947; x_wconf 91' lang='lat' dir='ltr'><strong>ad</strong></span> <span class='ocrx_word' id='word_1_73' title='bbox 1005 898 1348 948; x_wconf 90' lang='lat' dir='ltr'><strong>momentum</strong></span> <span class='ocrx_word' id='word_1_74' title='bbox 1382 894 1840 950; x_wconf 90' lang='lat' dir='ltr'><strong>ministravimus</strong></span> 
     </span>
    </p>
   </div>
   <div class='ocr_carea' id='block_1_10' title="bbox 208 974 1847 1054">
    <p class='ocr_par' dir='ltr' id='par_1_10' title="bbox 208 974 1847 1054">
     <span class='ocr_line' id='line_1_10' title="bbox 208 974 1847 1054; baseline 0.007 -27"><span class='ocrx_word' id='word_1_75' title='bbox 208 975 270 1044; x_wconf 89' lang='lat' dir='ltr'><strong>ei,</strong></span> <span class='ocrx_word' id='word_1_76' title='bbox 295 979 345 1029; x_wconf 91' lang='lat' dir='ltr'><strong>et</strong></span> <span class='ocrx_word' id='word_1_77' title='bbox 364 974 422 1030; x_wconf 94' lang='lat' dir='ltr'><strong>in</strong></span> <span class='ocrx_word' id='word_1_78' title='bbox 442 977 543 1032; x_wconf 90' lang='lat' dir='ltr'><strong>tali</strong></span> <span class='ocrx_word' id='word_1_79' title='bbox 563 979 769 1034; x_wconf 87' lang='lat' dir='ltr'><strong>exsilio</strong></span> <span class='ocrx_word' id='word_1_80' title='bbox 785 985 840 1034; x_wconf 93' lang='lat' dir='ltr'><strong>et</strong></span> <span class='ocrx_word' id='word_1_81' title='bbox 859 980 1166 1038; x_wconf 84' lang='lat' dir='ltr'><strong>aﬂlictione</strong></span> <span class='ocrx_word' id='word_1_82' title='bbox 1191 982 1566 1037; x_wconf 89' lang='lat' dir='ltr'><strong>consistimus</strong></span> <span class='ocrx_word' id='word_1_83' title='bbox 1581 981 1608 1035; x_wconf 65' lang='grc' dir='ltr'><em>τί</em></span> <span class='ocrx_word' id='word_1_84' title='bbox 1631 982 1847 1054; x_wconf 89' lang='lat' dir='ltr'><strong>Cogni—</strong></span> 
     </span>
    </p>
   </div>
   <div class='ocr_carea' id='block_1_11' title="bbox 206 1063 1880 1141">
    <p class='ocr_par' dir='ltr' id='par_1_11' title="bbox 206 1063 1880 1141">
     <span class='ocr_line' id='line_1_11' title="bbox 206 1063 1880 1141; baseline 0.006 -24"><span class='ocrx_word' id='word_1_85' title='bbox 206 1063 397 1118; x_wconf 90' lang='lat' dir='ltr'><strong>tionem</strong></span> <span class='ocrx_word' id='word_1_86' title='bbox 426 1071 615 1121; x_wconf 90' lang='lat' dir='ltr'><strong>autem</strong></span> <span class='ocrx_word' id='word_1_87' title='bbox 649 1066 755 1124; x_wconf 84' lang='lat' dir='ltr'><strong>feci</strong></span> <span class='ocrx_word' id='word_1_88' title='bbox 783 1069 851 1125; x_wconf 92' lang='lat' dir='ltr'><strong>ad</strong></span> <span class='ocrx_word' id='word_1_89' title='bbox 878 1070 1245 1125; x_wconf 89' lang='lat' dir='ltr'><strong>dilectionem</strong></span> <span class='ocrx_word' id='word_1_90' title='bbox 1279 1076 1524 1126; x_wconf 91' lang='lat' dir='ltr'><strong>vestram</strong></span> <span class='ocrx_word' id='word_1_91' title='bbox 1554 1084 1837 1141; x_wconf 88' lang='lat' dir='ltr'><strong>quarum-</strong></span> <span class='ocrx_word' id='word_1_92' title='bbox 1871 1095 1880 1102; x_wconf 88' lang='lat'><strong><em>-</em></strong></span> 
     </span>
    </p>
   </div>
   <div class='ocr_carea' id='block_1_12' title="bbox 202 1151 1843 1228">
    <p class='ocr_par' dir='ltr' id='par_1_12' title="bbox 202 1151 1843 1228">
     <span class='ocr_line' id='line_1_12' title="bbox 202 1151 1843 1228; baseline 0.005 -22"><span class='ocrx_word' id='word_1_93' title='bbox 202 1151 312 1206; x_wconf 86' lang='lat' dir='ltr'><strong>dam</strong></span> <span class='ocrx_word' id='word_1_94' title='bbox 341 1154 684 1221; x_wconf 90' lang='lat' dir='ltr'><strong>specierum,</strong></span> <span class='ocrx_word' id='word_1_95' title='bbox 721 1173 845 1227; x_wconf 72' lang='lat' dir='ltr'><strong>qua:</strong></span> <span class='ocrx_word' id='word_1_96' title='bbox 878 1159 1195 1228; x_wconf 91' lang='lat' dir='ltr'><strong>comparari</strong></span> <span class='ocrx_word' id='word_1_97' title='bbox 1227 1159 1432 1214; x_wconf 91' lang='lat' dir='ltr'><strong>debent</strong></span> <span class='ocrx_word' id='word_1_98' title='bbox 1461 1159 1614 1215; x_wconf 90' lang='lat' dir='ltr'><strong>illic:</strong></span> <span class='ocrx_word' id='word_1_99' title='bbox 1649 1165 1705 1215; x_wconf 90' lang='lat' dir='ltr'><strong>et</strong></span> <span class='ocrx_word' id='word_1_100' title='bbox 1731 1160 1843 1216; x_wconf 89' lang='lat' dir='ltr'><strong>ho-</strong></span> 
     </span>
    </p>
   </div>
   <div class='ocr_carea' id='block_1_13' title="bbox 204 1247 1834 1320">
    <p class='ocr_par' dir='ltr' id='par_1_13' title="bbox 204 1247 1834 1320">
     <span class='ocr_line' id='line_1_13' title="bbox 204 1247 1834 1320; baseline 0.006 -25"><span class='ocrx_word' id='word_1_101' title='bbox 204 1253 329 1309; x_wconf 86' lang='lat' dir='ltr'><strong>rum,</strong></span> <span class='ocrx_word' id='word_1_102' title='bbox 366 1257 562 1312; x_wconf 65' lang='lat' dir='ltr'><strong>qumso</strong></span> <span class='ocrx_word' id='word_1_103' title='bbox 583 1251 656 1316; x_wconf 90' lang='lat' dir='ltr'><strong>te,</strong></span> <span class='ocrx_word' id='word_1_104' title='bbox 687 1260 840 1302; x_wconf 85' lang='lat' dir='ltr'><strong>more</strong></span> <span class='ocrx_word' id='word_1_105' title='bbox 869 1247 1041 1305; x_wconf 92' lang='lat' dir='ltr'><strong>solito</strong></span> <span class='ocrx_word' id='word_1_106' title='bbox 1070 1262 1265 1303; x_wconf 91' lang='lat' dir='ltr'><strong>curam</strong></span> <span class='ocrx_word' id='word_1_107' title='bbox 1310 1248 1532 1320; x_wconf 87' lang='lat' dir='ltr'><strong>habeto,</strong></span> <span class='ocrx_word' id='word_1_108' title='bbox 1569 1254 1631 1304; x_wconf 93' lang='lat' dir='ltr'><strong>ut</strong></span> <span class='ocrx_word' id='word_1_109' title='bbox 1662 1249 1834 1319; x_wconf 89' lang='lat' dir='ltr'><strong>nosti,</strong></span> 
     </span>
    </p>
   </div>
   <div class='ocr_carea' id='block_1_14' title="bbox 200 1335 1837 1407">
    <p class='ocr_par' dir='ltr' id='par_1_14' title="bbox 200 1335 1837 1407">
     <span class='ocr_line' id='line_1_14' title="bbox 200 1335 1837 1407; baseline 0.002 -17"><span class='ocrx_word' id='word_1_110' title='bbox 200 1335 256 1390; x_wconf 85' lang='lat' dir='ltr'><strong>ad</strong></span> <span class='ocrx_word' id='word_1_111' title='bbox 279 1335 575 1391; x_wconf 90' lang='lat' dir='ltr'><strong>emendum</strong></span> <span class='ocrx_word' id='word_1_112' title='bbox 601 1340 654 1390; x_wconf 93' lang='lat' dir='ltr'><strong>et</strong></span> <span class='ocrx_word' id='word_1_113' title='bbox 679 1337 1017 1392; x_wconf 84' lang='lat' dir='ltr'><strong>mittendum</strong></span> <span class='ocrx_word' id='word_1_114' title='bbox 1053 1337 1219 1394; x_wconf 90' lang='lat' dir='ltr'><strong>nobis</strong></span> <span class='ocrx_word' id='word_1_115' title='bbox 1254 1343 1484 1407; x_wconf 88' lang='lat' dir='ltr'><strong>propter</strong></span> <span class='ocrx_word' id='word_1_116' title='bbox 1510 1338 1721 1393; x_wconf 88' lang='lat' dir='ltr'><strong>multas</strong></span> <span class='ocrx_word' id='word_1_117' title='bbox 1748 1352 1837 1394; x_wconf 90' lang='lat' dir='ltr'><strong>ne-</strong></span> 
     </span>
    </p>
   </div>
   <div class='ocr_carea' id='block_1_15' title="bbox 199 1424 1588 1498">
    <p class='ocr_par' dir='ltr' id='par_1_15' title="bbox 199 1424 1588 1498">
     <span class='ocr_line' id='line_1_15' title="bbox 199 1424 1588 1498; baseline 0.001 -19"><span class='ocrx_word' id='word_1_118' title='bbox 199 1424 478 1480; x_wconf 88' lang='lat' dir='ltr'><strong>cessitates</strong></span> <span class='ocrx_word' id='word_1_119' title='bbox 513 1431 735 1482; x_wconf 90' lang='lat' dir='ltr'><strong>nostras</strong></span> <span class='ocrx_word' id='word_1_120' title='bbox 765 1432 818 1481; x_wconf 91' lang='lat' dir='ltr'><strong>et</strong></span> <span class='ocrx_word' id='word_1_121' title='bbox 849 1424 1173 1498; x_wconf 83' lang='lat' dir='ltr'><strong>frequentes</strong></span> <span class='ocrx_word' id='word_1_122' title='bbox 1205 1427 1588 1484; x_wconf 77' lang='lat' dir='ltr'><strong>inﬁrmitates.</strong></span> 
     </span>
    </p>
   </div>
   <div class='ocr_carea' id='block_1_16' title="bbox 567 1553 1434 1625">
    <p class='ocr_par' dir='ltr' id='par_1_16' title="bbox 567 1553 1434 1625">
     <span class='ocr_line' id='line_1_16' title="bbox 567 1553 1434 1625; baseline 0.002 -20"><span class='ocrx_word' id='word_1_123' title='bbox 567 1553 864 1623; x_wconf 65' lang='lat' dir='ltr'><strong>Exemplar</strong></span> <span class='ocrx_word' id='word_1_124' title='bbox 906 1554 1133 1608; x_wconf 77' lang='lat' dir='ltr'><strong>alterius</strong></span> <span class='ocrx_word' id='word_1_125' title='bbox 1177 1555 1434 1625; x_wconf 58' lang='lat' dir='ltr'><strong>epistola.</strong></span> 
     </span>
    </p>
   </div>
   <div class='ocr_carea' id='block_1_17' title="bbox 1963 459 3605 546">
    <p class='ocr_par' dir='ltr' id='par_1_17' title="bbox 1963 459 3605 546">
     <span class='ocr_line' id='line_1_17' title="bbox 1963 459 3605 546; baseline 0.015 -36"><span class='ocrx_word' id='word_1_126' title='bbox 1963 461 2050 512; x_wconf 91' lang='lat' dir='ltr'><strong>est</strong></span> <span class='ocrx_word' id='word_1_127' title='bbox 2078 459 2252 518; x_wconf 91' lang='lat' dir='ltr'><strong>timor</strong></span> <span class='ocrx_word' id='word_1_128' title='bbox 2271 463 2300 517; x_wconf 86' lang='lat'><strong>?</strong></span> <span class='ocrx_word' id='word_1_129' title='bbox 2324 464 2408 521; x_wconf 79' lang='lat' dir='ltr'><strong>An</strong></span> <span class='ocrx_word' id='word_1_130' title='bbox 2441 467 2830 527; x_wconf 91' lang='lat' dir='ltr'><strong>subtractione</strong></span> <span class='ocrx_word' id='word_1_131' title='bbox 2857 487 3036 543; x_wconf 89' lang='lat' dir='ltr'><strong>usque</strong></span> <span class='ocrx_word' id='word_1_132' title='bbox 3060 477 3198 531; x_wconf 91' lang='lat' dir='ltr'><strong>adeo</strong></span> <span class='ocrx_word' id='word_1_133' title='bbox 3231 490 3332 532; x_wconf 92' lang='lat' dir='ltr'><strong>nos</strong></span> <span class='ocrx_word' id='word_1_134' title='bbox 3361 478 3605 546; x_wconf 87' lang='lat' dir='ltr'><strong>spiritus</strong></span> 
     </span>
    </p>
   </div>
   <div class='ocr_carea' id='block_1_18' title="bbox 1965 547 3600 634">
    <p class='ocr_par' dir='ltr' id='par_1_18' title="bbox 1965 547 3600 634">
     <span class='ocr_line' id='line_1_18' title="bbox 1965 547 3600 634; baseline 0.013 -34"><span class='ocrx_word' id='word_1_135' title='bbox 1965 547 2199 619; x_wconf 83' lang='lat' dir='ltr'><strong>maligni</strong></span> <span class='ocrx_word' id='word_1_136' title='bbox 2232 554 2646 622; x_wconf 77' lang='lat' dir='ltr'><strong>operiunt?An</strong></span> <span class='ocrx_word' id='word_1_137' title='bbox 2670 559 2745 614; x_wconf 90' lang='lat' dir='ltr'><strong>ita</strong></span> <span class='ocrx_word' id='word_1_138' title='bbox 2770 560 3045 618; x_wconf 90' lang='lat' dir='ltr'><strong>inimicus</strong></span> <span class='ocrx_word' id='word_1_139' title='bbox 3065 565 3219 619; x_wconf 91' lang='lat' dir='ltr'><strong>omni</strong></span> <span class='ocrx_word' id='word_1_140' title='bbox 3253 565 3600 634; x_wconf 91' lang='lat' dir='ltr'><strong>plenitudini</strong></span> 
     </span>
    </p>
   </div>
   <div class='ocr_carea' id='block_1_19' title="bbox 1961 634 3600 714">
    <p class='ocr_par' dir='ltr' id='par_1_19' title="bbox 1961 634 3600 714">
     <span class='ocr_line' id='line_1_19' title="bbox 1961 634 3600 714; baseline 0.013 -26"><span class='ocrx_word' id='word_1_141' title='bbox 1961 634 2226 693; x_wconf 69' lang='lat' dir='ltr'><strong>Ecclesia:</strong></span> <span class='ocrx_word' id='word_1_142' title='bbox 2245 644 2508 714; x_wconf 88' lang='lat' dir='ltr'><strong>apparui,</strong></span> <span class='ocrx_word' id='word_1_143' title='bbox 2532 650 2589 701; x_wconf 93' lang='lat' dir='ltr'><strong>et</strong></span> <span class='ocrx_word' id='word_1_144' title='bbox 2623 648 2986 705; x_wconf 88' lang='lat' dir='ltr'><strong>adversarius</strong></span> <span class='ocrx_word' id='word_1_145' title='bbox 3009 649 3144 708; x_wconf 80' lang='lat' dir='ltr'><strong>.illis</strong></span> <span class='ocrx_word' id='word_1_146' title='bbox 3163 652 3192 706; x_wconf 85' lang='lat'><strong>‘?</strong></span> <span class='ocrx_word' id='word_1_147' title='bbox 3206 653 3600 709; x_wconf 73' lang='lat' dir='ltr'><strong>Verumtamen</strong></span> 
     </span>
    </p>
   </div>
   <div class='ocr_carea' id='block_1_20' title="bbox 1958 723 3600 814">
    <p class='ocr_par' dir='ltr' id='par_1_20' title="bbox 1958 723 3600 814">
     <span class='ocr_line' id='line_1_20' title="bbox 1958 723 3600 814; baseline 0.013 -37"><span class='ocrx_word' id='word_1_148' title='bbox 1958 723 2126 794; x_wconf 90' lang='lat' dir='ltr'><strong>Deus,</strong></span> <span class='ocrx_word' id='word_1_149' title='bbox 2161 729 2260 797; x_wconf 90' lang='lat' dir='ltr'><strong>qui</strong></span> <span class='ocrx_word' id='word_1_150' title='bbox 2292 744 2485 788; x_wconf 92' lang='lat' dir='ltr'><strong>omnes</strong></span> <span class='ocrx_word' id='word_1_151' title='bbox 2511 735 2633 790; x_wconf 91' lang='lat' dir='ltr'><strong>vult</strong></span> <span class='ocrx_word' id='word_1_152' title='bbox 2658 737 2844 794; x_wconf 90' lang='lat' dir='ltr'><strong>salvos</strong></span> <span class='ocrx_word' id='word_1_153' title='bbox 2875 739 2995 795; x_wconf 83' lang='lat' dir='ltr'><strong>fieri</strong></span> <span class='ocrx_word' id='word_1_154' title='bbox 3045 745 3099 795; x_wconf 91' lang='lat' dir='ltr'><strong>et</strong></span> <span class='ocrx_word' id='word_1_155' title='bbox 3128 742 3196 796; x_wconf 91' lang='lat' dir='ltr'><strong>ad</strong></span> <span class='ocrx_word' id='word_1_156' title='bbox 3250 741 3600 814; x_wconf 77' lang='lat' dir='ltr'><strong>agnitionem</strong></span> 
     </span>
    </p>
   </div>
   <div class='ocr_carea' id='block_1_21' title="bbox 1956 814 3604 893">
    <p class='ocr_par' dir='ltr' id='par_1_21' title="bbox 1956 814 3604 893">
     <span class='ocr_line' id='line_1_21' title="bbox 1956 814 3604 893; baseline 0.013 -27"><span class='ocrx_word' id='word_1_157' title='bbox 1956 814 2216 872; x_wconf 87' lang='lat' dir='ltr'><strong>veritatis</strong></span> <span class='ocrx_word' id='word_1_158' title='bbox 2247 822 2456 890; x_wconf 87' lang='lat' dir='ltr'><strong>venire,</strong></span> <span class='ocrx_word' id='word_1_159' title='bbox 2501 839 2598 893; x_wconf 90' lang='lat' dir='ltr'><strong>per</strong></span> <span class='ocrx_word' id='word_1_160' title='bbox 2644 826 3080 885; x_wconf 90' lang='lat' dir='ltr'><strong>intercessiones</strong></span> <span class='ocrx_word' id='word_1_161' title='bbox 3109 831 3292 886; x_wconf 90' lang='lat' dir='ltr'><strong>sancti</strong></span> <span class='ocrx_word' id='word_1_162' title='bbox 3319 831 3466 886; x_wconf 91' lang='lat' dir='ltr'><strong>Petri</strong></span> <span class='ocrx_word' id='word_1_163' title='bbox 3495 837 3604 888; x_wconf 88' lang='lat' dir='ltr'><strong>sta-</strong></span> 
     </span>
    </p>
   </div>
   <div class='ocr_carea' id='block_1_22' title="bbox 1956 899 3600 982">
    <p class='ocr_par' dir='ltr' id='par_1_22' title="bbox 1956 899 3600 982">
     <span class='ocr_line' id='line_1_22' title="bbox 1956 899 3600 982; baseline 0.013 -27"><span class='ocrx_word' id='word_1_164' title='bbox 1956 899 2126 958; x_wconf 91' lang='lat' dir='ltr'><strong>biliat</strong></span> <span class='ocrx_word' id='word_1_165' title='bbox 2149 909 2317 964; x_wconf 89' lang='lat' dir='ltr'><strong>corda</strong></span> <span class='ocrx_word' id='word_1_166' title='bbox 2371 924 2566 968; x_wconf 87' lang='lat' dir='ltr'><strong>eorum</strong></span> <span class='ocrx_word' id='word_1_167' title='bbox 2601 915 2657 969; x_wconf 92' lang='lat' dir='ltr'><strong>in</strong></span> <span class='ocrx_word' id='word_1_168' title='bbox 2691 918 3004 973; x_wconf 87' lang='lat' dir='ltr'><strong>orthodoxa</strong></span> <span class='ocrx_word' id='word_1_169' title='bbox 3057 920 3185 982; x_wconf 77' lang='lat' dir='ltr'><strong>fide,</strong></span> <span class='ocrx_word' id='word_1_170' title='bbox 3217 926 3272 975; x_wconf 94' lang='lat' dir='ltr'><strong>et</strong></span> <span class='ocrx_word' id='word_1_171' title='bbox 3302 920 3600 976; x_wconf 85' lang='lat' dir='ltr'><strong>conﬁrmet</strong></span> 
     </span>
    </p>
   </div>
   <div class='ocr_carea' id='block_1_23' title="bbox 1952 998 3600 1066">
    <p class='ocr_par' dir='ltr' id='par_1_23' title="bbox 1952 998 3600 1066">
     <span class='ocr_line' id='line_1_23' title="bbox 1952 998 3600 1066; baseline 0.013 -21"><span class='ocrx_word' id='word_1_172' title='bbox 1952 998 2150 1049; x_wconf 88' lang='lat' dir='ltr'><strong>contra</strong></span> <span class='ocrx_word' id='word_1_173' title='bbox 2188 1009 2408 1055; x_wconf 92' lang='lat' dir='ltr'><strong>omnem</strong></span> <span class='ocrx_word' id='word_1_174' title='bbox 2438 1001 2766 1061; x_wconf 69' lang='lat' dir='ltr'><strong>hmreticum</strong></span> <span class='ocrx_word' id='word_1_175' title='bbox 2820 1012 2876 1062; x_wconf 92' lang='lat' dir='ltr'><strong>et</strong></span> <span class='ocrx_word' id='word_1_176' title='bbox 2904 1009 3284 1065; x_wconf 88' lang='lat' dir='ltr'><strong>adversariam</strong></span> <span class='ocrx_word' id='word_1_177' title='bbox 3335 1009 3600 1066; x_wconf 63' lang='lat' dir='ltr'><strong>Ecclesiae</strong></span> 
     </span>
    </p>
   </div>
   <div class='ocr_carea' id='block_1_24' title="bbox 1953 1087 3599 1169">
    <p class='ocr_par' dir='ltr' id='par_1_24' title="bbox 1953 1087 3599 1169">
     <span class='ocr_line' id='line_1_24' title="bbox 1953 1087 3599 1169; baseline 0.013 -35"><span class='ocrx_word' id='word_1_178' title='bbox 1953 1087 2160 1138; x_wconf 65' lang='lat' dir='ltr'><strong>nostrae</strong></span> <span class='ocrx_word' id='word_1_179' title='bbox 2194 1099 2509 1160; x_wconf 88' lang='lat' dir='ltr'><strong>personam,</strong></span> <span class='ocrx_word' id='word_1_180' title='bbox 2541 1096 2597 1146; x_wconf 92' lang='lat' dir='ltr'><strong>et</strong></span> <span class='ocrx_word' id='word_1_181' title='bbox 2629 1094 2950 1152; x_wconf 89' lang='lat' dir='ltr'><strong>immobiles</strong></span> <span class='ocrx_word' id='word_1_182' title='bbox 2979 1099 3285 1166; x_wconf 90' lang='lat' dir='ltr'><strong>custodiat,</strong></span> <span class='ocrx_word' id='word_1_183' title='bbox 3315 1099 3599 1169; x_wconf 50' lang='lat' dir='ltr'><strong>praécipue</strong></span> 
     </span>
    </p>
   </div>
   <div class='ocr_carea' id='block_1_25' title="bbox 1952 1176 3598 1258">
    <p class='ocr_par' dir='ltr' id='par_1_25' title="bbox 1952 1176 3598 1258">
     <span class='ocr_line' id='line_1_25' title="bbox 1952 1176 3598 1258; baseline 0.012 -34"><span class='ocrx_word' id='word_1_184' title='bbox 1952 1176 2229 1238; x_wconf 89' lang='lat' dir='ltr'><strong>pastorem</strong></span> <span class='ocrx_word' id='word_1_185' title='bbox 2264 1179 2363 1246; x_wconf 88' lang='lat' dir='ltr'><strong>qui</strong></span> <span class='ocrx_word' id='word_1_186' title='bbox 2397 1179 2482 1234; x_wconf 92' lang='lat' dir='ltr'><strong>eis</strong></span> <span class='ocrx_word' id='word_1_187' title='bbox 2510 1195 2659 1237; x_wconf 91' lang='lat' dir='ltr'><strong>nunc</strong></span> <span class='ocrx_word' id='word_1_188' title='bbox 2701 1199 2937 1253; x_wconf 64' lang='lat' dir='ltr'><strong>praeesse</strong></span> <span class='ocrx_word' id='word_1_189' title='bbox 2977 1193 3356 1244; x_wconf 91' lang='lat' dir='ltr'><strong>monstratur:</strong></span> <span class='ocrx_word' id='word_1_190' title='bbox 3393 1202 3505 1258; x_wconf 90' lang='lat' dir='ltr'><strong>quo</strong></span> <span class='ocrx_word' id='word_1_191' title='bbox 3537 1189 3598 1243; x_wconf 90' lang='lat' dir='ltr'><strong>in</strong></span> 
     </span>
    </p>
   </div>
   <div class='ocr_carea' id='block_1_26' title="bbox 1949 1260 3601 1348">
    <p class='ocr_par' dir='ltr' id='par_1_26' title="bbox 1949 1260 3601 1348">
     <span class='ocr_line' id='line_1_26' title="bbox 1949 1260 3601 1348; baseline 0.013 -35"><span class='ocrx_word' id='word_1_192' title='bbox 1949 1260 2110 1316; x_wconf 92' lang='lat' dir='ltr'><strong>nullo</strong></span> <span class='ocrx_word' id='word_1_193' title='bbox 2142 1277 2376 1332; x_wconf 87' lang='lat' dir='ltr'><strong>prorsus</strong></span> <span class='ocrx_word' id='word_1_194' title='bbox 2401 1269 2746 1344; x_wconf 91' lang='lat' dir='ltr'><strong>decidentes,</strong></span> <span class='ocrx_word' id='word_1_195' title='bbox 2770 1274 2853 1329; x_wconf 87' lang='lat' dir='ltr'><strong>vel</strong></span> <span class='ocrx_word' id='word_1_196' title='bbox 2889 1275 3261 1348; x_wconf 85' lang='lat' dir='ltr'><strong>declinantes,</strong></span> <span class='ocrx_word' id='word_1_197' title='bbox 3288 1277 3601 1333; x_wconf 89' lang='lat' dir='ltr'><strong>autdimit-</strong></span> 
     </span>
    </p>
   </div>
   <div class='ocr_carea' id='block_1_27' title="bbox 1946 1353 3596 1433">
    <p class='ocr_par' dir='ltr' id='par_1_27' title="bbox 1946 1353 3596 1433">
     <span class='ocr_line' id='line_1_27' title="bbox 1946 1353 3596 1433; baseline 0.012 -30"><span class='ocrx_word' id='word_1_198' title='bbox 1946 1353 2128 1407; x_wconf 89' lang='lat' dir='ltr'><strong>tentes</strong></span> <span class='ocrx_word' id='word_1_199' title='bbox 2152 1366 2348 1411; x_wconf 90' lang='lat' dir='ltr'><strong>eorum</strong></span> <span class='ocrx_word' id='word_1_200' title='bbox 2382 1373 2506 1427; x_wconf 72' lang='lat' dir='ltr'><strong>qua:</strong></span> <span class='ocrx_word' id='word_1_201' title='bbox 2543 1360 2599 1414; x_wconf 91' lang='lat' dir='ltr'><strong>in</strong></span> <span class='ocrx_word' id='word_1_202' title='bbox 2648 1369 2954 1433; x_wconf 89' lang='lat' dir='ltr'><strong>conspectu</strong></span> <span class='ocrx_word' id='word_1_203' title='bbox 3008 1366 3234 1421; x_wconf 90' lang='lat' dir='ltr'><strong>Domini</strong></span> <span class='ocrx_word' id='word_1_204' title='bbox 3266 1371 3320 1422; x_wconf 91' lang='lat' dir='ltr'><strong>et</strong></span> <span class='ocrx_word' id='word_1_205' title='bbox 3363 1371 3596 1423; x_wconf 90' lang='lat' dir='ltr'><strong>sancto-</strong></span> 
     </span>
    </p>
   </div>
   <div class='ocr_carea' id='block_1_28' title="bbox 1944 1445 3594 1528">
    <p class='ocr_par' dir='ltr' id='par_1_28' title="bbox 1944 1445 3594 1528">
     <span class='ocr_line' id='line_1_28' title="bbox 1944 1445 3594 1528; baseline 0.012 -34"><span class='ocrx_word' id='word_1_206' title='bbox 1944 1454 2068 1496; x_wconf 91' lang='lat' dir='ltr'><strong>rum</strong></span> <span class='ocrx_word' id='word_1_207' title='bbox 2101 1445 2432 1515; x_wconf 77' lang='lat' dir='ltr'><strong>angelorum</strong></span> <span class='ocrx_word' id='word_1_208' title='bbox 2455 1451 2580 1520; x_wconf 89' lang='lat' dir='ltr'><strong>ejus</strong></span> <span class='ocrx_word' id='word_1_209' title='bbox 2614 1451 2670 1506; x_wconf 95' lang='lat' dir='ltr'><strong>in</strong></span> <span class='ocrx_word' id='word_1_210' title='bbox 2699 1453 2934 1523; x_wconf 89' lang='lat' dir='ltr'><strong>scriptis</strong></span> <span class='ocrx_word' id='word_1_211' title='bbox 2958 1454 3197 1524; x_wconf 88' lang='lat' dir='ltr'><strong>professi</strong></span> <span class='ocrx_word' id='word_1_212' title='bbox 3232 1461 3386 1525; x_wconf 91' lang='lat' dir='ltr'><strong>sunt,</strong></span> <span class='ocrx_word' id='word_1_213' title='bbox 3412 1470 3594 1528; x_wconf 87' lang='lat' dir='ltr'><strong>usque</strong></span> 
     </span>
    </p>
   </div>
   <div class='ocr_carea' id='block_1_29' title="bbox 1939 1530 3594 1610">
    <p class='ocr_par' dir='ltr' id='par_1_29' title="bbox 1939 1530 3594 1610">
     <span class='ocr_line' id='line_1_29' title="bbox 1939 1530 3594 1610; baseline 0.011 -26"><span class='ocrx_word' id='word_1_214' title='bbox 1939 1530 2006 1585; x_wconf 91' lang='lat' dir='ltr'><strong>ad</strong></span> <span class='ocrx_word' id='word_1_215' title='bbox 2030 1533 2305 1601; x_wconf 91' lang='lat' dir='ltr'><strong>pusillum</strong></span> <span class='ocrx_word' id='word_1_216' title='bbox 2327 1539 2646 1610; x_wconf 83' lang='lat' dir='ltr'><strong>quidpiam,</strong></span> <span class='ocrx_word' id='word_1_217' title='bbox 2667 1556 2779 1596; x_wconf 92' lang='lat' dir='ltr'><strong>una</strong></span> <span class='ocrx_word' id='word_1_218' title='bbox 2796 1557 2924 1598; x_wconf 92' lang='lat' dir='ltr'><strong>cum</strong></span> <span class='ocrx_word' id='word_1_219' title='bbox 2951 1543 3276 1600; x_wconf 89' lang='lat' dir='ltr'><strong>humilitate</strong></span> <span class='ocrx_word' id='word_1_220' title='bbox 3299 1559 3422 1601; x_wconf 86' lang='lat' dir='ltr'><strong>mea</strong></span> <span class='ocrx_word' id='word_1_221' title='bbox 3439 1537 3594 1602; x_wconf 83' lang='lat' dir='ltr'><strong>coro-</strong></span> 
     </span>
    </p>
   </div>
   <div class='ocr_carea' id='block_1_30' title="bbox 1941 1626 3590 1699">
    <p class='ocr_par' dir='ltr' id='par_1_30' title="bbox 1941 1626 3590 1699">
     <span class='ocr_line' id='line_1_30' title="bbox 1941 1626 3590 1699; baseline 0.009 -23"><span class='ocrx_word' id='word_1_222' title='bbox 1941 1634 2067 1678; x_wconf 90' lang='lat' dir='ltr'><strong>nam</strong></span> <span class='ocrx_word' id='word_1_223' title='bbox 2109 1626 2430 1696; x_wconf 88' lang='lat' dir='ltr'><strong>percipiant</strong></span> <span class='ocrx_word' id='word_1_224' title='bbox 2465 1631 2712 1699; x_wconf 70' lang='lat' dir='ltr'><strong>justitiaa</strong></span> <span class='ocrx_word' id='word_1_225' title='bbox 2750 1633 3079 1689; x_wconf 67' lang='lat' dir='ltr'><strong>orthodoxa:</strong></span> <span class='ocrx_word' id='word_1_226' title='bbox 3129 1634 3259 1691; x_wconf 86' lang='lat' dir='ltr'><strong>ﬂdei</strong></span> <span class='ocrx_word' id='word_1_227' title='bbox 3303 1636 3373 1691; x_wconf 92' lang='lat' dir='ltr'><strong>de</strong></span> <span class='ocrx_word' id='word_1_228' title='bbox 3419 1649 3590 1691; x_wconf 90' lang='lat' dir='ltr'><strong>manu</strong></span> 
     </span>
    </p>
   </div>
   <div class='ocr_carea' id='block_1_31' title="bbox 248 1677 3586 1782">
    <p class='ocr_par' dir='ltr' id='par_1_31' title="bbox 248 1677 3586 1782">
     <span class='ocr_line' id='line_1_31' title="bbox 248 1677 3586 1782; baseline 0.007 -23"><span class='ocrx_word' id='word_1_229' title='bbox 248 1677 420 1782; x_wconf 69' lang='grc' dir='ltr'><strong>οηξιηθ</strong></span> <span class='ocrx_word' id='word_1_230' title='bbox 449 1681 799 1737; x_wconf 67' lang='lat' dir='ltr'><strong>desiderium</strong></span> <span class='ocrx_word' id='word_1_231' title='bbox 829 1682 1102 1782; x_wconf 66' lang='lat' dir='ltr'><strong>habemPS</strong></span> <span class='ocrx_word' id='word_1_232' title='bbox 1127 1681 1828 1782; x_wconf 59' lang='lat' dir='ltr'><strong>§9mDeP1i_lwriS_P°Sm5</strong></span> <span class='ocrx_word' id='word_1_233' title='bbox 1852 1678 1904 1739; x_wconf 85' lang='grc' dir='ltr'>Β</span> <span class='ocrx_word' id='word_1_234' title='bbox 1936 1677 2168 1768; x_wconf 73' lang='lat' dir='ltr'><strong>Domini</strong></span> <span class='ocrx_word' id='word_1_235' title='bbox 2182 1677 3259 1780; x_wconf 47' lang='lat' dir='ltr'><strong>&#39;e&#39;t&#39;éi&#39;ltataiig&#39;xatii&#39;EQQJ‘Eziwig‘Ei&#39;f</strong></span> <span class='ocrx_word' id='word_1_236' title='bbox 3279 1677 3586 1782; x_wconf 61' lang='grc' dir='ltr'><strong>ὄξῃῆίῖἧίἰῖ</strong></span> 
     </span>
    </p>
   </div>
   <div class='ocr_carea' id='block_1_32' title="bbox 188 1771 1822 1842">
    <p class='ocr_par' dir='ltr' id='par_1_32' title="bbox 188 1771 1822 1842">
     <span class='ocr_line' id='line_1_32' title="bbox 188 1771 1822 1842; baseline 0.004 -18"><span class='ocrx_word' id='word_1_237' title='bbox 188 1771 509 1826; x_wconf 88' lang='lat' dir='ltr'><strong>charitatem</strong></span> <span class='ocrx_word' id='word_1_238' title='bbox 563 1778 803 1827; x_wconf 89' lang='lat' dir='ltr'><strong>vestram</strong></span> <span class='ocrx_word' id='word_1_239' title='bbox 848 1772 1205 1842; x_wconf 90' lang='lat' dir='ltr'><strong>consolandi,</strong></span> <span class='ocrx_word' id='word_1_240' title='bbox 1237 1777 1293 1828; x_wconf 93' lang='lat' dir='ltr'><strong>et</strong></span> <span class='ocrx_word' id='word_1_241' title='bbox 1344 1773 1628 1828; x_wconf 89' lang='lat' dir='ltr'><strong>relevandi</strong></span> <span class='ocrx_word' id='word_1_242' title='bbox 1663 1787 1762 1828; x_wconf 90' lang='lat' dir='ltr'><strong>vos</strong></span> <span class='ocrx_word' id='word_1_243' title='bbox 1791 1789 1822 1830; x_wconf 89' lang='lat' dir='ltr'><strong>a</strong></span> 
     </span>
    </p>
   </div>
   <div class='ocr_carea' id='block_1_33' title="bbox 186 1861 1822 1932">
    <p class='ocr_par' dir='ltr' id='par_1_33' title="bbox 186 1861 1822 1932">
     <span class='ocr_line' id='line_1_33' title="bbox 186 1861 1822 1932; baseline 0.001 -16"><span class='ocrx_word' id='word_1_244' title='bbox 186 1861 568 1918; x_wconf 86' lang='lat' dir='ltr'><strong>sollicitudine</strong></span> <span class='ocrx_word' id='word_1_245' title='bbox 595 1877 721 1932; x_wconf 69' lang='lat' dir='ltr'><strong>qua:</strong></span> <span class='ocrx_word' id='word_1_246' title='bbox 745 1862 908 1918; x_wconf 89' lang='lat' dir='ltr'><strong>vobis</strong></span> <span class='ocrx_word' id='word_1_247' title='bbox 941 1863 1012 1918; x_wconf 93' lang='lat' dir='ltr'><strong>de</strong></span> <span class='ocrx_word' id='word_1_248' title='bbox 1040 1863 1204 1919; x_wconf 91' lang='lat' dir='ltr'><strong>nobis</strong></span> <span class='ocrx_word' id='word_1_249' title='bbox 1224 1867 1343 1932; x_wconf 82' lang='lat' dir='ltr'><strong>est;</strong></span> <span class='ocrx_word' id='word_1_250' title='bbox 1376 1863 1669 1918; x_wconf 85' lang='lat' dir='ltr'><strong>vobiscum</strong></span> <span class='ocrx_word' id='word_1_251' title='bbox 1691 1876 1822 1918; x_wconf 92' lang='lat' dir='ltr'><strong>vero</strong></span> 
     </span>
    </p>
   </div>
   <div class='ocr_carea' id='block_1_34' title="bbox 184 1951 1817 2036">
    <p class='ocr_par' dir='ltr' id='par_1_34' title="bbox 184 1951 1817 2036">
     <span class='ocr_line' id='line_1_34' title="bbox 184 1951 1817 2036; baseline 0.001 -30"><span class='ocrx_word' id='word_1_252' title='bbox 184 1957 230 2006; x_wconf 85' lang='lat' dir='ltr'><strong>et</strong></span> <span class='ocrx_word' id='word_1_253' title='bbox 254 1965 449 2007; x_wconf 85' lang='lat' dir='ltr'><strong>omnes</strong></span> <span class='ocrx_word' id='word_1_254' title='bbox 474 1957 700 2007; x_wconf 90' lang='lat' dir='ltr'><strong>sanctos</strong></span> <span class='ocrx_word' id='word_1_255' title='bbox 729 1957 784 2008; x_wconf 91' lang='lat' dir='ltr'><strong>et</strong></span> <span class='ocrx_word' id='word_1_256' title='bbox 801 1951 1006 2008; x_wconf 83' lang='lat' dir='ltr'><strong>fratres</strong></span> <span class='ocrx_word' id='word_1_257' title='bbox 1025 1958 1269 2017; x_wconf 82' lang='lat' dir='ltr'><strong>nostros,</strong></span> <span class='ocrx_word' id='word_1_258' title='bbox 1299 1953 1397 2036; x_wconf 71' lang='lat' dir='ltr'><strong>qui</strong></span> <span class='ocrx_word' id='word_1_259' title='bbox 1422 1966 1616 2009; x_wconf 89' lang='lat' dir='ltr'><strong>curam</strong></span> <span class='ocrx_word' id='word_1_260' title='bbox 1637 1954 1817 2009; x_wconf 92' lang='lat' dir='ltr'><strong>nostri</strong></span> 
     </span>
    </p>
   </div>
   <div class='ocr_carea' id='block_1_35' title="bbox 183 2041 1817 2113">
    <p class='ocr_par' dir='ltr' id='par_1_35' title="bbox 183 2041 1817 2113">
     <span class='ocr_line' id='line_1_35' title="bbox 183 2041 1817 2113; baseline 0.001 -17"><span class='ocrx_word' id='word_1_261' title='bbox 183 2046 396 2111; x_wconf 87' lang='lat' dir='ltr'><strong>propter</strong></span> <span class='ocrx_word' id='word_1_262' title='bbox 425 2041 730 2098; x_wconf 91' lang='lat' dir='ltr'><strong>Dominum</strong></span> <span class='ocrx_word' id='word_1_263' title='bbox 767 2047 988 2113; x_wconf 90' lang='lat' dir='ltr'><strong>gerunt.</strong></span> <span class='ocrx_word' id='word_1_264' title='bbox 1036 2043 1175 2098; x_wconf 89' lang='lat' dir='ltr'><strong>Ecce</strong></span> <span class='ocrx_word' id='word_1_265' title='bbox 1217 2048 1272 2098; x_wconf 88' lang='lat' dir='ltr'><strong>et</strong></span> <span class='ocrx_word' id='word_1_266' title='bbox 1303 2043 1817 2113; x_wconf 64' lang='lat' dir='ltr'><strong>impraesentiarum</strong></span> 
     </span>
    </p>
   </div>
   <div class='ocr_carea' id='block_1_36' title="bbox 181 2131 1814 2203">
    <p class='ocr_par' dir='ltr' id='par_1_36' title="bbox 181 2131 1814 2203">
     <span class='ocr_line' id='line_1_36' title="bbox 181 2131 1814 2203; baseline 0.001 -17"><span class='ocrx_word' id='word_1_267' title='bbox 181 2131 352 2187; x_wconf 88' lang='lat' dir='ltr'><strong>scribo</strong></span> <span class='ocrx_word' id='word_1_268' title='bbox 377 2131 565 2202; x_wconf 86' lang='lat' dir='ltr'><strong>vobis,</strong></span> <span class='ocrx_word' id='word_1_269' title='bbox 599 2147 724 2203; x_wconf 70' lang='lat' dir='ltr'><strong>qua:</strong></span> <span class='ocrx_word' id='word_1_270' title='bbox 767 2138 1058 2189; x_wconf 88' lang='lat' dir='ltr'><strong>coarctant</strong></span> <span class='ocrx_word' id='word_1_271' title='bbox 1089 2147 1211 2189; x_wconf 94' lang='lat' dir='ltr'><strong>nos.</strong></span> <span class='ocrx_word' id='word_1_272' title='bbox 1259 2134 1563 2189; x_wconf 87' lang='lat' dir='ltr'><strong>Veritatem</strong></span> <span class='ocrx_word' id='word_1_273' title='bbox 1591 2133 1722 2188; x_wconf 90' lang='lat' dir='ltr'><strong>dico</strong></span> <span class='ocrx_word' id='word_1_274' title='bbox 1756 2133 1814 2188; x_wconf 93' lang='lat' dir='ltr'><strong>in</strong></span> 
     </span>
    </p>
   </div>
   <div class='ocr_carea' id='block_1_37' title="bbox 182 2222 1810 2280">
    <p class='ocr_par' dir='ltr' id='par_1_37' title="bbox 182 2222 1810 2280">
     <span class='ocr_line' id='line_1_37' title="bbox 182 2222 1810 2280; baseline 0 -4"><span class='ocrx_word' id='word_1_275' title='bbox 182 2222 396 2277; x_wconf 89' lang='lat' dir='ltr'><strong>nomine</strong></span> <span class='ocrx_word' id='word_1_276' title='bbox 428 2223 642 2278; x_wconf 87' lang='lat' dir='ltr'><strong>Christi</strong></span> <span class='ocrx_word' id='word_1_277' title='bbox 691 2225 790 2280; x_wconf 91' lang='lat' dir='ltr'><strong>Dei</strong></span> <span class='ocrx_word' id='word_1_278' title='bbox 852 2224 1053 2279; x_wconf 90' lang='lat' dir='ltr'><strong>nostri.</strong></span> <span class='ocrx_word' id='word_1_279' title='bbox 1106 2224 1326 2280; x_wconf 82' lang='lat' dir='ltr'><strong>Remoti</strong></span> <span class='ocrx_word' id='word_1_280' title='bbox 1358 2224 1509 2278; x_wconf 90' lang='lat' dir='ltr'><strong>enim</strong></span> <span class='ocrx_word' id='word_1_281' title='bbox 1559 2236 1627 2278; x_wconf 85' lang='lat' dir='ltr'><strong>ex</strong></span> <span class='ocrx_word' id='word_1_282' title='bbox 1656 2224 1810 2278; x_wconf 92' lang='lat' dir='ltr'><strong>omni</strong></span> 
     </span>
    </p>
   </div>
   <div class='ocr_carea' id='block_1_38' title="bbox 178 2312 1810 2384">
    <p class='ocr_par' dir='ltr' id='par_1_38' title="bbox 178 2312 1810 2384">
     <span class='ocr_line' id='line_1_38' title="bbox 178 2312 1810 2384; baseline 0.001 -19"><span class='ocrx_word' id='word_1_283' title='bbox 178 2312 449 2366; x_wconf 88' lang='lat' dir='ltr'><strong>mundana</strong></span> <span class='ocrx_word' id='word_1_284' title='bbox 481 2313 827 2384; x_wconf 89' lang='lat' dir='ltr'><strong>turbatione,</strong></span> <span class='ocrx_word' id='word_1_285' title='bbox 850 2318 903 2369; x_wconf 90' lang='lat' dir='ltr'><strong>et</strong></span> <span class='ocrx_word' id='word_1_286' title='bbox 942 2314 1188 2383; x_wconf 89' lang='lat' dir='ltr'><strong>depositi</strong></span> <span class='ocrx_word' id='word_1_287' title='bbox 1223 2327 1254 2369; x_wconf 93' lang='lat' dir='ltr'><strong>a</strong></span> <span class='ocrx_word' id='word_1_288' title='bbox 1297 2313 1544 2383; x_wconf 86' lang='lat' dir='ltr'><strong>peccatis</strong></span> <span class='ocrx_word' id='word_1_289' title='bbox 1574 2313 1810 2382; x_wconf 89' lang='lat' dir='ltr'><strong>nostris,</strong></span> 
     </span>
    </p>
   </div>
   <div class='ocr_carea' id='block_1_39' title="bbox 174 2401 1810 2474">
    <p class='ocr_par' dir='ltr' id='par_1_39' title="bbox 174 2401 1810 2474">
     <span class='ocr_line' id='line_1_39' title="bbox 174 2401 1810 2474; baseline 0.001 -20"><span class='ocrx_word' id='word_1_290' title='bbox 174 2413 284 2455; x_wconf 85' lang='lat' dir='ltr'><strong>ecce</strong></span> <span class='ocrx_word' id='word_1_291' title='bbox 309 2406 360 2456; x_wconf 90' lang='lat' dir='ltr'><strong>et</strong></span> <span class='ocrx_word' id='word_1_292' title='bbox 397 2402 524 2470; x_wconf 91' lang='lat' dir='ltr'><strong>ipsa</strong></span> <span class='ocrx_word' id='word_1_293' title='bbox 555 2403 670 2458; x_wconf 92' lang='lat' dir='ltr'><strong>vita</strong></span> <span class='ocrx_word' id='word_1_294' title='bbox 697 2404 1012 2459; x_wconf 89' lang='lat' dir='ltr'><strong>caruimus.</strong></span> <span class='ocrx_word' id='word_1_295' title='bbox 1039 2403 1334 2474; x_wconf 90' lang='lat' dir='ltr'><strong>Siquidem</strong></span> <span class='ocrx_word' id='word_1_296' title='bbox 1359 2403 1442 2472; x_wconf 92' lang='lat' dir='ltr'><strong>hi,</strong></span> <span class='ocrx_word' id='word_1_297' title='bbox 1477 2402 1574 2472; x_wconf 91' lang='lat' dir='ltr'><strong>qui</strong></span> <span class='ocrx_word' id='word_1_298' title='bbox 1603 2402 1660 2456; x_wconf 94' lang='lat' dir='ltr'><strong>in</strong></span> <span class='ocrx_word' id='word_1_299' title='bbox 1695 2401 1810 2456; x_wconf 64' lang='lat' dir='ltr'><strong>haec</strong></span> 
     </span>
    </p>
   </div>
   <div class='ocr_carea' id='block_1_40' title="bbox 173 2489 1809 2563">
    <p class='ocr_par' dir='ltr' id='par_1_40' title="bbox 173 2489 1809 2563">
     <span class='ocr_line' id='line_1_40' title="bbox 173 2489 1809 2563; baseline 0 -19"><span class='ocrx_word' id='word_1_300' title='bbox 173 2490 379 2560; x_wconf 81' lang='lat' dir='ltr'><strong>regione</strong></span> <span class='ocrx_word' id='word_1_301' title='bbox 407 2491 690 2562; x_wconf 89' lang='lat' dir='ltr'><strong>habitant,</strong></span> <span class='ocrx_word' id='word_1_302' title='bbox 717 2506 911 2547; x_wconf 88' lang='lat' dir='ltr'><strong>omnes</strong></span> <span class='ocrx_word' id='word_1_303' title='bbox 932 2493 1174 2563; x_wconf 78' lang='lat' dir='ltr'><strong>gentiles</strong></span> <span class='ocrx_word' id='word_1_304' title='bbox 1193 2493 1467 2557; x_wconf 86' lang='lat' dir='ltr'><strong>existunt,</strong></span> <span class='ocrx_word' id='word_1_305' title='bbox 1496 2489 1809 2563; x_wconf 88' lang='lat' dir='ltr'><strong>etgentiles</strong></span> 
     </span>
    </p>
   </div>
   <div class='ocr_carea' id='block_1_41' title="bbox 172 2581 1802 2651">
    <p class='ocr_par' dir='ltr' id='par_1_41' title="bbox 172 2581 1802 2651">
     <span class='ocr_line' id='line_1_41' title="bbox 172 2581 1802 2651; baseline 0 -18"><span class='ocrx_word' id='word_1_306' title='bbox 172 2592 333 2634; x_wconf 90' lang='lat' dir='ltr'><strong>mores</strong></span> <span class='ocrx_word' id='word_1_307' title='bbox 381 2585 734 2650; x_wconf 91' lang='lat' dir='ltr'><strong>acceperunt</strong></span> <span class='ocrx_word' id='word_1_308' title='bbox 763 2582 845 2649; x_wconf 89' lang='lat' dir='ltr'><strong>hi,</strong></span> <span class='ocrx_word' id='word_1_309' title='bbox 880 2581 977 2651; x_wconf 92' lang='lat' dir='ltr'><strong>qui</strong></span> <span class='ocrx_word' id='word_1_310' title='bbox 1029 2582 1123 2637; x_wconf 92' lang='lat' dir='ltr'><strong>hic</strong></span> <span class='ocrx_word' id='word_1_311' title='bbox 1177 2581 1435 2636; x_wconf 90' lang='lat' dir='ltr'><strong>habitare</strong></span> <span class='ocrx_word' id='word_1_312' title='bbox 1467 2583 1802 2648; x_wconf 91' lang='lat' dir='ltr'><strong>noscuntur,</strong></span> 
     </span>
    </p>
   </div>
   <div class='ocr_carea' id='block_1_42' title="bbox 169 2666 1806 2741">
    <p class='ocr_par' dir='ltr' id='par_1_42' title="bbox 169 2666 1806 2741">
     <span class='ocr_line' id='line_1_42' title="bbox 169 2666 1806 2741; baseline 0 -20"><span class='ocrx_word' id='word_1_313' title='bbox 169 2666 362 2723; x_wconf 88' lang='lat' dir='ltr'><strong>nullam</strong></span> <span class='ocrx_word' id='word_1_314' title='bbox 400 2669 745 2725; x_wconf 89' lang='lat' dir='ltr'><strong>charitatem</strong></span> <span class='ocrx_word' id='word_1_315' title='bbox 792 2685 1027 2740; x_wconf 89' lang='lat' dir='ltr'><strong>prorsus</strong></span> <span class='ocrx_word' id='word_1_316' title='bbox 1077 2670 1368 2741; x_wconf 91' lang='lat' dir='ltr'><strong>habentes,</strong></span> <span class='ocrx_word' id='word_1_317' title='bbox 1397 2682 1564 2740; x_wconf 88' lang='lat' dir='ltr'><strong>quam</strong></span> <span class='ocrx_word' id='word_1_318' title='bbox 1587 2668 1806 2738; x_wconf 88' lang='lat' dir='ltr'><strong>jugiter</strong></span> 
     </span>
    </p>
   </div>
   <div class='ocr_carea' id='block_1_43' title="bbox 167 2753 1802 2830">
    <p class='ocr_par' dir='ltr' id='par_1_43' title="bbox 167 2753 1802 2830">
     <span class='ocr_line' id='line_1_43' title="bbox 167 2753 1802 2830; baseline 0.001 -21"><span class='ocrx_word' id='word_1_319' title='bbox 167 2753 452 2812; x_wconf 90' lang='lat' dir='ltr'><strong>hominum</strong></span> <span class='ocrx_word' id='word_1_320' title='bbox 506 2763 708 2814; x_wconf 90' lang='lat' dir='ltr'><strong>natura</strong></span> <span class='ocrx_word' id='word_1_321' title='bbox 751 2765 804 2814; x_wconf 89' lang='lat' dir='ltr'><strong>et</strong></span> <span class='ocrx_word' id='word_1_322' title='bbox 836 2760 987 2814; x_wconf 82' lang='lat' dir='ltr'><strong>inter</strong></span> <span class='ocrx_word' id='word_1_323' title='bbox 1040 2760 1197 2829; x_wconf 91' lang='lat' dir='ltr'><strong>ipsos</strong></span> <span class='ocrx_word' id='word_1_324' title='bbox 1249 2772 1475 2830; x_wconf 91' lang='lat' dir='ltr'><strong>quoque</strong></span> <span class='ocrx_word' id='word_1_325' title='bbox 1530 2756 1802 2812; x_wconf 91' lang='lat' dir='ltr'><strong>barbaros</strong></span> 
     </span>
    </p>
   </div>
   <div class='ocr_carea' id='block_1_44' title="bbox 162 2843 1796 2916">
    <p class='ocr_par' dir='ltr' id='par_1_44' title="bbox 162 2843 1796 2916">
     <span class='ocr_line' id='line_1_44' title="bbox 162 2843 1796 2916; baseline 0.001 -19"><span class='ocrx_word' id='word_1_326' title='bbox 162 2843 336 2901; x_wconf 88' lang='lat' dir='ltr'><strong>crebra</strong></span> <span class='ocrx_word' id='word_1_327' title='bbox 365 2847 772 2916; x_wconf 89' lang='lat' dir='ltr'><strong>compassione</strong></span> <span class='ocrx_word' id='word_1_328' title='bbox 806 2849 1176 2904; x_wconf 88' lang='lat' dir='ltr'><strong>demonstrat.</strong></span> <span class='ocrx_word' id='word_1_329' title='bbox 1210 2847 1379 2903; x_wconf 91' lang='lat' dir='ltr'><strong>Novit</strong></span> <span class='ocrx_word' id='word_1_330' title='bbox 1407 2847 1599 2916; x_wconf 87' lang='lat' dir='ltr'><strong>itaque</strong></span> <span class='ocrx_word' id='word_1_331' title='bbox 1627 2846 1796 2914; x_wconf 89' lang='lat' dir='ltr'><strong>Deus,</strong></span> 
     </span>
    </p>
   </div>
   <div class='ocr_carea' id='block_1_45' title="bbox 161 2933 1798 3008">
    <p class='ocr_par' dir='ltr' id='par_1_45' title="bbox 161 2933 1798 3008">
     <span class='ocr_line' id='line_1_45' title="bbox 161 2933 1798 3008; baseline 0 -20"><span class='ocrx_word' id='word_1_332' title='bbox 161 2933 258 2988; x_wconf 90' lang='lat' dir='ltr'><strong>nisi</strong></span> <span class='ocrx_word' id='word_1_333' title='bbox 275 2948 338 2990; x_wconf 86' lang='lat' dir='ltr'><strong>ex</strong></span> <span class='ocrx_word' id='word_1_334' title='bbox 361 2935 678 3007; x_wconf 84' lang='lat' dir='ltr'><strong>naviculis,</strong></span> <span class='ocrx_word' id='word_1_335' title='bbox 709 2951 831 3008; x_wconf 67' lang='lat' dir='ltr'><strong>qua:</strong></span> <span class='ocrx_word' id='word_1_336' title='bbox 853 2938 1090 2993; x_wconf 91' lang='lat' dir='ltr'><strong>veniunt</strong></span> <span class='ocrx_word' id='word_1_337' title='bbox 1118 2951 1186 2993; x_wconf 91' lang='lat' dir='ltr'><strong>ex</strong></span> <span class='ocrx_word' id='word_1_338' title='bbox 1209 2936 1471 3007; x_wconf 90' lang='lat' dir='ltr'><strong>partibus</strong></span> <span class='ocrx_word' id='word_1_339' title='bbox 1487 2934 1798 3005; x_wconf 67' lang='lat' dir='ltr'><strong>Romaniae,</strong></span> 
     </span>
    </p>
   </div>
   <div class='ocr_carea' id='block_1_46' title="bbox 1936 1805 3581 1886">
    <p class='ocr_par' dir='ltr' id='par_1_46' title="bbox 1936 1805 3581 1886">
     <span class='ocr_line' id='line_1_46' title="bbox 1936 1805 3581 1886; baseline 0.009 -30"><span class='ocrx_word' id='word_1_340' title='bbox 1936 1815 2180 1874; x_wconf 90' lang='lat' dir='ltr'><strong>namque</strong></span> <span class='ocrx_word' id='word_1_341' title='bbox 2212 1805 2316 1862; x_wconf 92' lang='lat' dir='ltr'><strong>hoc</strong></span> <span class='ocrx_word' id='word_1_342' title='bbox 2352 1823 2588 1878; x_wconf 90' lang='lat' dir='ltr'><strong>corpore</strong></span> <span class='ocrx_word' id='word_1_343' title='bbox 2623 1825 2743 1867; x_wconf 91' lang='lat' dir='ltr'><strong>meo</strong></span> <span class='ocrx_word' id='word_1_344' title='bbox 2772 1818 2828 1868; x_wconf 92' lang='lat' dir='ltr'><strong>et</strong></span> <span class='ocrx_word' id='word_1_345' title='bbox 2857 1814 2966 1879; x_wconf 89' lang='lat' dir='ltr'><strong>ipsi</strong></span> <span class='ocrx_word' id='word_1_346' title='bbox 2999 1815 3241 1871; x_wconf 93' lang='lat' dir='ltr'><strong>Domino</strong></span> <span class='ocrx_word' id='word_1_347' title='bbox 3285 1829 3420 1870; x_wconf 91' lang='lat' dir='ltr'><strong>cura</strong></span> <span class='ocrx_word' id='word_1_348' title='bbox 3452 1815 3581 1886; x_wconf 88' lang='lat' dir='ltr'><strong>erit,</strong></span> 
     </span>
    </p>
   </div>
   <div class='ocr_carea' id='block_1_47' title="bbox 1935 1892 3586 1967">
    <p class='ocr_par' dir='ltr' id='par_1_47' title="bbox 1935 1892 3586 1967">
     <span class='ocr_line' id='line_1_47' title="bbox 1935 1892 3586 1967; baseline 0.007 -19"><span class='ocrx_word' id='word_1_349' title='bbox 1935 1896 1996 1948; x_wconf 92' lang='lat' dir='ltr'><strong>ut</strong></span> <span class='ocrx_word' id='word_1_350' title='bbox 2015 1892 2126 1947; x_wconf 92' lang='lat' dir='ltr'><strong>sibi</strong></span> <span class='ocrx_word' id='word_1_351' title='bbox 2152 1895 2469 1965; x_wconf 77' lang='lat' dir='ltr'><strong>gubernare</strong></span> <span class='ocrx_word' id='word_1_352' title='bbox 2488 1899 2688 1967; x_wconf 88' lang='lat' dir='ltr'><strong>placet,</strong></span> <span class='ocrx_word' id='word_1_353' title='bbox 2715 1901 2832 1956; x_wconf 90' lang='lat' dir='ltr'><strong>sive</strong></span> <span class='ocrx_word' id='word_1_354' title='bbox 2854 1902 2910 1957; x_wconf 92' lang='lat' dir='ltr'><strong>in</strong></span> <span class='ocrx_word' id='word_1_355' title='bbox 2935 1902 3414 1960; x_wconf 85' lang='lat' dir='ltr'><strong>tribulationibus</strong></span> <span class='ocrx_word' id='word_1_356' title='bbox 3433 1905 3586 1960; x_wconf 91' lang='lat' dir='ltr'><strong>inde-</strong></span> 
     </span>
    </p>
   </div>
   <div class='ocr_carea' id='block_1_48' title="bbox 1931 1981 3578 2062">
    <p class='ocr_par' dir='ltr' id='par_1_48' title="bbox 1931 1981 3578 2062">
     <span class='ocr_line' id='line_1_48' title="bbox 1931 1981 3578 2062; baseline 0.008 -26"><span class='ocrx_word' id='word_1_357' title='bbox 1931 1981 2279 2054; x_wconf 91' lang='lat' dir='ltr'><strong>sinentibus,</strong></span> <span class='ocrx_word' id='word_1_358' title='bbox 2304 1986 2423 2042; x_wconf 88' lang='lat' dir='ltr'><strong>sive</strong></span> <span class='ocrx_word' id='word_1_359' title='bbox 2455 1987 2512 2042; x_wconf 92' lang='lat' dir='ltr'><strong>in</strong></span> <span class='ocrx_word' id='word_1_360' title='bbox 2539 1989 2759 2046; x_wconf 92' lang='lat' dir='ltr'><strong>modico</strong></span> <span class='ocrx_word' id='word_1_361' title='bbox 2777 1991 3106 2062; x_wconf 84' lang='lat' dir='ltr'><strong>refrigerio;</strong></span> <span class='ocrx_word' id='word_1_362' title='bbox 3127 1993 3406 2048; x_wconf 92' lang='lat' dir='ltr'><strong>Dominus</strong></span> <span class='ocrx_word' id='word_1_363' title='bbox 3425 1992 3578 2049; x_wconf 89' lang='lat' dir='ltr'><strong>enim</strong></span> 
     </span>
    </p>
   </div>
   <div class='ocr_carea' id='block_1_49' title="bbox 1931 2076 3577 2151">
    <p class='ocr_par' dir='ltr' id='par_1_49' title="bbox 1931 2076 3577 2151">
     <span class='ocr_line' id='line_1_49' title="bbox 1931 2076 3577 2151; baseline 0.007 -26"><span class='ocrx_word' id='word_1_364' title='bbox 1931 2084 2103 2141; x_wconf 88' lang='lat' dir='ltr'><strong>prope</strong></span> <span class='ocrx_word' id='word_1_365' title='bbox 2131 2078 2235 2143; x_wconf 84' lang='lat' dir='ltr'><strong>est,</strong></span> <span class='ocrx_word' id='word_1_366' title='bbox 2281 2081 2337 2131; x_wconf 91' lang='lat' dir='ltr'><strong>et</strong></span> <span class='ocrx_word' id='word_1_367' title='bbox 2380 2076 2518 2146; x_wconf 90' lang='lat' dir='ltr'><strong>quid</strong></span> <span class='ocrx_word' id='word_1_368' title='bbox 2569 2077 2861 2135; x_wconf 88' lang='lat' dir='ltr'><strong>sollicitus</strong></span> <span class='ocrx_word' id='word_1_369' title='bbox 2886 2080 3248 2150; x_wconf 84' lang='lat' dir='ltr'><strong>sum?Spero</strong></span> <span class='ocrx_word' id='word_1_370' title='bbox 3279 2081 3491 2151; x_wconf 88' lang='lat' dir='ltr'><strong>quippe</strong></span> <span class='ocrx_word' id='word_1_371' title='bbox 3519 2081 3577 2136; x_wconf 94' lang='lat' dir='ltr'><strong>in</strong></span> 
     </span>
    </p>
   </div>
   <div class='ocr_carea' id='block_1_50' title="bbox 1926 2160 3576 2238">
    <p class='ocr_par' dir='ltr' id='par_1_50' title="bbox 1926 2160 3576 2238">
     <span class='ocr_line' id='line_1_50' title="bbox 1926 2160 3576 2238; baseline 0.007 -24"><span class='ocrx_word' id='word_1_372' title='bbox 1926 2160 2325 2218; x_wconf 90' lang='lat' dir='ltr'><strong>miserationes</strong></span> <span class='ocrx_word' id='word_1_373' title='bbox 2376 2166 2518 2234; x_wconf 84' lang='lat' dir='ltr'><strong>ejus,</strong></span> <span class='ocrx_word' id='word_1_374' title='bbox 2591 2167 2740 2238; x_wconf 89' lang='lat' dir='ltr'><strong>quod</strong></span> <span class='ocrx_word' id='word_1_375' title='bbox 2801 2181 2908 2223; x_wconf 91' lang='lat' dir='ltr'><strong>non</strong></span> <span class='ocrx_word' id='word_1_376' title='bbox 2957 2169 3144 2224; x_wconf 86' lang='lat' dir='ltr'><strong>tardet</strong></span> <span class='ocrx_word' id='word_1_377' title='bbox 3188 2170 3352 2224; x_wconf 94' lang='lat' dir='ltr'><strong>modo</strong></span> <span class='ocrx_word' id='word_1_378' title='bbox 3410 2170 3576 2226; x_wconf 82' lang='lat' dir='ltr'><strong>finire</strong></span> 
     </span>
    </p>
   </div>
   <div class='ocr_carea' id='block_1_51' title="bbox 1926 2255 3577 2329">
    <p class='ocr_par' dir='ltr' id='par_1_51' title="bbox 1926 2255 3577 2329">
     <span class='ocr_line' id='line_1_51' title="bbox 1926 2255 3577 2329; baseline 0.007 -25"><span class='ocrx_word' id='word_1_379' title='bbox 1926 2263 2132 2320; x_wconf 93' lang='lat' dir='ltr'><strong>meum,</strong></span> <span class='ocrx_word' id='word_1_380' title='bbox 2160 2266 2272 2323; x_wconf 89' lang='lat' dir='ltr'><strong>quo</strong></span> <span class='ocrx_word' id='word_1_381' title='bbox 2310 2255 2572 2327; x_wconf 89' lang='lat' dir='ltr'><strong>jusserit,</strong></span> <span class='ocrx_word' id='word_1_382' title='bbox 2606 2271 2859 2313; x_wconf 91' lang='lat' dir='ltr'><strong>cursum.</strong></span> <span class='ocrx_word' id='word_1_383' title='bbox 2901 2257 3106 2314; x_wconf 89' lang='lat' dir='ltr'><strong>Omnes</strong></span> <span class='ocrx_word' id='word_1_384' title='bbox 3131 2263 3405 2314; x_wconf 90' lang='lat' dir='ltr'><strong>vestrates</strong></span> <span class='ocrx_word' id='word_1_385' title='bbox 3437 2274 3577 2329; x_wconf 88' lang='lat' dir='ltr'><strong>pro-</strong></span> 
     </span>
    </p>
   </div>
   <div class='ocr_carea' id='block_1_52' title="bbox 1924 2340 3572 2417">
    <p class='ocr_par' dir='ltr' id='par_1_52' title="bbox 1924 2340 3572 2417">
     <span class='ocr_line' id='line_1_52' title="bbox 1924 2340 3572 2417; baseline 0.008 -25"><span class='ocrx_word' id='word_1_386' title='bbox 1924 2342 2047 2407; x_wconf 91' lang='lat' dir='ltr'><strong>pter</strong></span> <span class='ocrx_word' id='word_1_387' title='bbox 2069 2340 2373 2398; x_wconf 90' lang='lat' dir='ltr'><strong>Dominum</strong></span> <span class='ocrx_word' id='word_1_388' title='bbox 2405 2344 2668 2412; x_wconf 86' lang='lat' dir='ltr'><strong>salutate,</strong></span> <span class='ocrx_word' id='word_1_389' title='bbox 2700 2352 2754 2402; x_wconf 91' lang='lat' dir='ltr'><strong>et</strong></span> <span class='ocrx_word' id='word_1_390' title='bbox 2781 2361 2974 2402; x_wconf 89' lang='lat' dir='ltr'><strong>omnes</strong></span> <span class='ocrx_word' id='word_1_391' title='bbox 3004 2347 3104 2417; x_wconf 86' lang='lat' dir='ltr'><strong>qui</strong></span> <span class='ocrx_word' id='word_1_392' title='bbox 3138 2362 3238 2417; x_wconf 91' lang='lat' dir='ltr'><strong>pro</strong></span> <span class='ocrx_word' id='word_1_393' title='bbox 3260 2347 3358 2403; x_wconf 89' lang='lat' dir='ltr'><strong>Dei</strong></span> <span class='ocrx_word' id='word_1_394' title='bbox 3380 2361 3572 2405; x_wconf 90' lang='lat' dir='ltr'><strong>amore</strong></span> 
     </span>
    </p>
   </div>
   <div class='ocr_carea' id='block_1_53' title="bbox 1922 2427 3562 2506">
    <p class='ocr_par' dir='ltr' id='par_1_53' title="bbox 1922 2427 3562 2506">
     <span class='ocr_line' id='line_1_53' title="bbox 1922 2427 3562 2506; baseline 0.007 -25"><span class='ocrx_word' id='word_1_395' title='bbox 1922 2427 2064 2482; x_wconf 91' lang='lat' dir='ltr'><strong>meis</strong></span> <span class='ocrx_word' id='word_1_396' title='bbox 2096 2432 2376 2500; x_wconf 89' lang='lat' dir='ltr'><strong>compassi</strong></span> <span class='ocrx_word' id='word_1_397' title='bbox 2411 2439 2548 2489; x_wconf 91' lang='lat' dir='ltr'><strong>sunt</strong></span> <span class='ocrx_word' id='word_1_398' title='bbox 2573 2435 2840 2490; x_wconf 85' lang='lat' dir='ltr'><strong>vinculis.</strong></span> <span class='ocrx_word' id='word_1_399' title='bbox 2885 2437 3036 2491; x_wconf 92' lang='lat' dir='ltr'><strong>Deus</strong></span> <span class='ocrx_word' id='word_1_400' title='bbox 3061 2435 3321 2492; x_wconf 87' lang='lat' dir='ltr'><strong>excelsus</strong></span> <span class='ocrx_word' id='word_1_401' title='bbox 3347 2438 3562 2506; x_wconf 88' lang='lat' dir='ltr'><strong>potenti</strong></span> 
     </span>
    </p>
   </div>
   <div class='ocr_carea' id='block_1_54' title="bbox 1920 2523 3567 2596">
    <p class='ocr_par' dir='ltr' id='par_1_54' title="bbox 1920 2523 3567 2596">
     <span class='ocr_line' id='line_1_54' title="bbox 1920 2523 3567 2596; baseline 0.007 -26"><span class='ocrx_word' id='word_1_402' title='bbox 1920 2528 2090 2572; x_wconf 89' lang='lat' dir='ltr'><strong>manu</strong></span> <span class='ocrx_word' id='word_1_403' title='bbox 2116 2532 2218 2574; x_wconf 90' lang='lat' dir='ltr'><strong>sua</strong></span> <span class='ocrx_word' id='word_1_404' title='bbox 2246 2527 2501 2594; x_wconf 87' lang='lat' dir='ltr'><strong>protegat</strong></span> <span class='ocrx_word' id='word_1_405' title='bbox 2531 2537 2629 2579; x_wconf 92' lang='lat' dir='ltr'><strong>vos</strong></span> <span class='ocrx_word' id='word_1_406' title='bbox 2663 2523 2734 2580; x_wconf 89' lang='lat' dir='ltr'><strong>ab</strong></span> <span class='ocrx_word' id='word_1_407' title='bbox 2763 2525 2916 2580; x_wconf 92' lang='lat' dir='ltr'><strong>omni</strong></span> <span class='ocrx_word' id='word_1_408' title='bbox 2944 2525 3278 2596; x_wconf 84' lang='lat' dir='ltr'><strong>tentatione,</strong></span> <span class='ocrx_word' id='word_1_409' title='bbox 3308 2531 3364 2581; x_wconf 92' lang='lat' dir='ltr'><strong>et</strong></span> <span class='ocrx_word' id='word_1_410' title='bbox 3389 2525 3567 2581; x_wconf 88' lang='lat' dir='ltr'><strong>salvet</strong></span> 
     </span>
    </p>
   </div>
   <div class='ocr_carea' id='block_1_55' title="bbox 1917 2616 2457 2678">
    <p class='ocr_par' dir='ltr' id='par_1_55' title="bbox 1917 2616 2457 2678">
     <span class='ocr_line' id='line_1_55' title="bbox 1917 2616 2457 2678; baseline 0.019 -21"><span class='ocrx_word' id='word_1_411' title='bbox 1917 2616 1977 2658; x_wconf 85' lang='grc' dir='ltr'><strong>ιη</strong></span> <span class='ocrx_word' id='word_1_412' title='bbox 2011 2619 2245 2678; x_wconf 90' lang='lat' dir='ltr'><strong>regnum</strong></span> <span class='ocrx_word' id='word_1_413' title='bbox 2271 2625 2457 2667; x_wconf 93' lang='lat' dir='ltr'><strong>suum.</strong></span> 
     </span>
    </p>
   </div>
   <div class='ocr_carea' id='block_1_56' title="bbox 1911 2731 3564 2810">
    <p class='ocr_par' dir='ltr' id='par_1_56' title="bbox 1911 2731 3564 2810">
     <span class='ocr_line' id='line_1_56' title="bbox 1911 2731 3564 2810; baseline 0.005 -27"><span class='ocrx_word' id='word_1_414' title='bbox 1911 2731 1997 2784; x_wconf 89' lang='lat' dir='ltr'><strong>En</strong></span> <span class='ocrx_word' id='word_1_415' title='bbox 2044 2747 2168 2800; x_wconf 81' lang='lat' dir='ltr'><strong>ergo</strong></span> <span class='ocrx_word' id='word_1_416' title='bbox 2189 2751 2310 2803; x_wconf 68' lang='lat' dir='ltr'><strong>qua:</strong></span> <span class='ocrx_word' id='word_1_417' title='bbox 2349 2739 2554 2807; x_wconf 74' lang='lat' dir='ltr'><strong>scripta</strong></span> <span class='ocrx_word' id='word_1_418' title='bbox 2591 2744 2720 2794; x_wconf 84' lang='lat' dir='ltr'><strong>sunt</strong></span> <span class='ocrx_word' id='word_1_419' title='bbox 2761 2757 2794 2793; x_wconf 81' lang='grc' dir='ltr'>α</span> <span class='ocrx_word' id='word_1_420' title='bbox 2839 2740 3142 2794; x_wconf 78' lang='lat' dir='ltr'><strong>beatissimo</strong></span> <span class='ocrx_word' id='word_1_421' title='bbox 3177 2740 3467 2810; x_wconf 84' lang='lat' dir='ltr'><strong>apostolico</strong></span> <span class='ocrx_word' id='word_1_422' title='bbox 3488 2739 3564 2793; x_wconf 85' lang='lat' dir='ltr'><strong>ad</strong></span> 
     </span>
    </p>
   </div>
   <div class='ocr_carea' id='block_1_57' title="bbox 2443 2811 3023 2866">
    <p class='ocr_par' dir='ltr' id='par_1_57' title="bbox 2443 2811 3023 2866">
     <span class='ocr_line' id='line_1_57' title="bbox 2443 2811 3023 2866; baseline 0.003 -3"><span class='ocrx_word' id='word_1_423' title='bbox 2443 2811 2821 2866; x_wconf 78' lang='lat' dir='ltr'><strong>charissimam</strong></span> <span class='ocrx_word' id='word_1_424' title='bbox 2849 2827 3023 2866; x_wconf 87' lang='lat' dir='ltr'><strong>suum.</strong></span> 
     </span>
    </p>
   </div>
   <div class='ocr_carea' id='block_1_58' title="bbox 1982 2926 3555 3007">
    <p class='ocr_par' dir='ltr' id='par_1_58' title="bbox 1982 2926 3555 3007">
     <span class='ocr_line' id='line_1_58' title="bbox 1982 2926 3555 3007; baseline 0.007 -26"><span class='ocrx_word' id='word_1_425' title='bbox 1982 2926 2166 2998; x_wconf 90' lang='lat' dir='ltr'><strong>Igitur</strong></span> <span class='ocrx_word' id='word_1_426' title='bbox 2206 2932 2404 2989; x_wconf 90' lang='lat' dir='ltr'><strong>saltem</strong></span> <span class='ocrx_word' id='word_1_427' title='bbox 2462 2949 2632 3004; x_wconf 89' lang='lat' dir='ltr'><strong>nunc,</strong></span> <span class='ocrx_word' id='word_1_428' title='bbox 2668 2937 2896 3007; x_wconf 90' lang='lat' dir='ltr'><strong>quando</strong></span> <span class='ocrx_word' id='word_1_429' title='bbox 2939 2951 2971 2992; x_wconf 91' lang='lat' dir='ltr'><strong>a</strong></span> <span class='ocrx_word' id='word_1_430' title='bbox 3014 2937 3317 2994; x_wconf 80' lang='lat' dir='ltr'><strong>sanctitate</strong></span> <span class='ocrx_word' id='word_1_431' title='bbox 3369 2936 3555 3006; x_wconf 90' lang='lat' dir='ltr'><strong>ipsius</strong></span> 
     </span>
    </p>
   </div>
   <div class='ocr_carea' id='block_1_59' title="bbox 160 3011 3556 3098">
    <p class='ocr_par' dir='ltr' id='par_1_59' title="bbox 160 3011 3556 3098">
     <span class='ocr_line' id='line_1_59' title="bbox 160 3011 3556 3098; baseline 0.004 -31"><span class='ocrx_word' id='word_1_432' title='bbox 160 3026 210 3076; x_wconf 71' lang='lat' dir='ltr'><strong>ut</strong></span> <span class='ocrx_word' id='word_1_433' title='bbox 236 3023 289 3078; x_wconf 73' lang='lat' dir='ltr'><strong>hi</strong></span> <span class='ocrx_word' id='word_1_434' title='bbox 319 3025 424 3095; x_wconf 78' lang='lat' dir='ltr'><strong>qui</strong></span> <span class='ocrx_word' id='word_1_435' title='bbox 463 3025 559 3080; x_wconf 76' lang='lat' dir='ltr'><strong>hic</strong></span> <span class='ocrx_word' id='word_1_436' title='bbox 589 3032 723 3082; x_wconf 74' lang='lat' dir='ltr'><strong>sum</strong></span> <span class='ocrx_word' id='word_1_437' title='bbox 755 3031 1106 3097; x_wconf 57' lang='lat' dir='ltr'><strong>nuncupant,</strong></span> <span class='ocrx_word' id='word_1_438' title='bbox 1138 3031 1326 3096; x_wconf 64' lang='lat' dir='ltr'><strong>partes</strong></span> <span class='ocrx_word' id='word_1_439' title='bbox 1353 3025 1621 3080; x_wconf 68' lang='lat' dir='ltr'><strong>videlicet</strong></span> <span class='ocrx_word' id='word_1_440' title='bbox 1649 3025 1795 3080; x_wconf 60' lang='grc' dir='ltr'><strong>(ττι-ιε-</strong></span> <span class='ocrx_word' id='word_1_441' title='bbox 1827 3011 1878 3074; x_wconf 89' lang='lat' dir='ltr'><strong>C</strong></span> <span class='ocrx_word' id='word_1_442' title='bbox 1907 3020 2239 3076; x_wconf 91' lang='lat' dir='ltr'><strong>commoniti</strong></span> <span class='ocrx_word' id='word_1_443' title='bbox 2272 3037 2492 3094; x_wconf 90' lang='lat' dir='ltr'><strong>sumus,</strong></span> <span class='ocrx_word' id='word_1_444' title='bbox 2523 3023 2856 3082; x_wconf 88' lang='lat' dir='ltr'><strong>festinemus</strong></span> <span class='ocrx_word' id='word_1_445' title='bbox 2880 3027 3097 3098; x_wconf 88' lang='lat' dir='ltr'><strong>singuli</strong></span> <span class='ocrx_word' id='word_1_446' title='bbox 3123 3027 3222 3098; x_wconf 91' lang='lat' dir='ltr'><strong>qui</strong></span> <span class='ocrx_word' id='word_1_447' title='bbox 3251 3025 3556 3098; x_wconf 90' lang='lat' dir='ltr'><strong>diligimus</strong></span> 
     </span>
    </p>
   </div>
   <div class='ocr_carea' id='block_1_60' title="bbox 157 3113 1792 3185">
    <p class='ocr_par' dir='ltr' id='par_1_60' title="bbox 157 3113 1792 3185">
     <span class='ocr_line' id='line_1_60' title="bbox 157 3113 1792 3185; baseline 0.002 -20"><span class='ocrx_word' id='word_1_448' title='bbox 157 3124 326 3168; x_wconf 85' lang='lat' dir='ltr'><strong>corum</strong></span> <span class='ocrx_word' id='word_1_449' title='bbox 349 3115 626 3170; x_wconf 89' lang='lat' dir='ltr'><strong>Ponticas</strong></span> <span class='ocrx_word' id='word_1_450' title='bbox 675 3121 860 3185; x_wconf 88' lang='lat' dir='ltr'><strong>partes</strong></span> <span class='ocrx_word' id='word_1_451' title='bbox 893 3121 1172 3172; x_wconf 78' lang='lat' dir='ltr'><strong>vocantes.</strong></span> <span class='ocrx_word' id='word_1_452' title='bbox 1201 3116 1340 3172; x_wconf 90' lang='lat' dir='ltr'><strong>Nam</strong></span> <span class='ocrx_word' id='word_1_453' title='bbox 1391 3129 1491 3170; x_wconf 92' lang='lat' dir='ltr'><strong>nec</strong></span> <span class='ocrx_word' id='word_1_454' title='bbox 1521 3113 1692 3170; x_wconf 92' lang='lat' dir='ltr'><strong>semel</strong></span> <span class='ocrx_word' id='word_1_455' title='bbox 1722 3115 1792 3169; x_wconf 91' lang='lat' dir='ltr'><strong>de</strong></span> 
     </span>
    </p>
   </div>
   <div class='ocr_carea' id='block_1_61' title="bbox 157 3201 1788 3274">
    <p class='ocr_par' dir='ltr' id='par_1_61' title="bbox 157 3201 1788 3274">
     <span class='ocr_line' id='line_1_61' title="bbox 157 3201 1788 3274; baseline 0.003 -19"><span class='ocrx_word' id='word_1_456' title='bbox 157 3201 361 3271; x_wconf 89' lang='lat' dir='ltr'><strong>regione</strong></span> <span class='ocrx_word' id='word_1_457' title='bbox 397 3204 514 3258; x_wconf 87' lang='lat' dir='ltr'><strong>ista</strong></span> <span class='ocrx_word' id='word_1_458' title='bbox 551 3219 730 3274; x_wconf 86' lang='lat' dir='ltr'><strong>usque</strong></span> <span class='ocrx_word' id='word_1_459' title='bbox 754 3206 822 3261; x_wconf 91' lang='lat' dir='ltr'><strong>ad</strong></span> <span class='ocrx_word' id='word_1_460' title='bbox 855 3219 1028 3262; x_wconf 91' lang='lat' dir='ltr'><strong>unum</strong></span> <span class='ocrx_word' id='word_1_461' title='bbox 1055 3205 1410 3260; x_wconf 79' lang='lat' dir='ltr'><strong>trimisium-</strong></span> <span class='ocrx_word' id='word_1_462' title='bbox 1439 3203 1788 3260; x_wconf 88' lang='lat' dir='ltr'><strong>frumentum</strong></span> 
     </span>
    </p>
   </div>
   <div class='ocr_carea' id='block_1_62' title="bbox 155 3292 1794 3363">
    <p class='ocr_par' dir='ltr' id='par_1_62' title="bbox 155 3292 1794 3363">
     <span class='ocr_line' id='line_1_62' title="bbox 155 3292 1794 3363; baseline 0.002 -19"><span class='ocrx_word' id='word_1_463' title='bbox 155 3292 291 3356; x_wconf 89' lang='lat' dir='ltr'><strong>potui</strong></span> <span class='ocrx_word' id='word_1_464' title='bbox 316 3306 687 3362; x_wconf 88' lang='lat' dir='ltr'><strong>comparare:</strong></span> <span class='ocrx_word' id='word_1_465' title='bbox 725 3294 819 3349; x_wconf 90' lang='lat' dir='ltr'><strong>sed</strong></span> <span class='ocrx_word' id='word_1_466' title='bbox 855 3308 954 3349; x_wconf 93' lang='lat' dir='ltr'><strong>nec</strong></span> <span class='ocrx_word' id='word_1_467' title='bbox 996 3295 1238 3350; x_wconf 90' lang='lat' dir='ltr'><strong>alterius</strong></span> <span class='ocrx_word' id='word_1_468' title='bbox 1267 3294 1662 3362; x_wconf 87' lang='lat' dir='ltr'><strong>cujuscunque</strong></span> <span class='ocrx_word' id='word_1_469' title='bbox 1687 3306 1794 3363; x_wconf 88' lang='lat' dir='ltr'><strong>ge—</strong></span> 
     </span>
    </p>
   </div>
   <div class='ocr_carea' id='block_1_63' title="bbox 152 3379 1790 3454">
    <p class='ocr_par' dir='ltr' id='par_1_63' title="bbox 152 3379 1790 3454">
     <span class='ocr_line' id='line_1_63' title="bbox 152 3379 1790 3454; baseline 0.005 -24"><span class='ocrx_word' id='word_1_470' title='bbox 152 3379 284 3433; x_wconf 90' lang='lat' dir='ltr'><strong>neris</strong></span> <span class='ocrx_word' id='word_1_471' title='bbox 319 3381 598 3451; x_wconf 88' lang='lat' dir='ltr'><strong>speciem,</strong></span> <span class='ocrx_word' id='word_1_472' title='bbox 634 3383 772 3454; x_wconf 92' lang='lat' dir='ltr'><strong>nisi,</strong></span> <span class='ocrx_word' id='word_1_473' title='bbox 801 3389 864 3438; x_wconf 91' lang='lat' dir='ltr'><strong>ut</strong></span> <span class='ocrx_word' id='word_1_474' title='bbox 896 3383 1228 3452; x_wconf 65' lang='lat' dir='ltr'><strong>praedictum</strong></span> <span class='ocrx_word' id='word_1_475' title='bbox 1269 3387 1375 3451; x_wconf 91' lang='lat' dir='ltr'><strong>est,</strong></span> <span class='ocrx_word' id='word_1_476' title='bbox 1407 3397 1474 3437; x_wconf 86' lang='lat' dir='ltr'><strong>ex</strong></span> <span class='ocrx_word' id='word_1_477' title='bbox 1505 3381 1790 3438; x_wconf 90' lang='lat' dir='ltr'><strong>naviculis</strong></span> 
     </span>
    </p>
   </div>
   <div class='ocr_carea' id='block_1_64' title="bbox 148 3469 1786 3542">
    <p class='ocr_par' dir='ltr' id='par_1_64' title="bbox 148 3469 1786 3542">
     <span class='ocr_line' id='line_1_64' title="bbox 148 3469 1786 3542; baseline 0.004 -22"><span class='ocrx_word' id='word_1_478' title='bbox 148 3479 255 3535; x_wconf 63' lang='lat' dir='ltr'><strong>qua:</strong></span> <span class='ocrx_word' id='word_1_479' title='bbox 277 3469 382 3526; x_wconf 85' lang='lat' dir='ltr'><strong>huc</strong></span> <span class='ocrx_word' id='word_1_480' title='bbox 424 3484 556 3526; x_wconf 90' lang='lat' dir='ltr'><strong>raro</strong></span> <span class='ocrx_word' id='word_1_481' title='bbox 585 3472 843 3542; x_wconf 91' lang='lat' dir='ltr'><strong>veniunt,</strong></span> <span class='ocrx_word' id='word_1_482' title='bbox 871 3476 934 3528; x_wconf 92' lang='lat' dir='ltr'><strong>ut</strong></span> <span class='ocrx_word' id='word_1_483' title='bbox 969 3472 1108 3528; x_wconf 92' lang='lat' dir='ltr'><strong>salle</strong></span> <span class='ocrx_word' id='word_1_484' title='bbox 1133 3476 1352 3528; x_wconf 61' lang='lat' dir='ltr'><strong>onustae</strong></span> <span class='ocrx_word' id='word_1_485' title='bbox 1384 3471 1664 3527; x_wconf 87' lang='lat' dir='ltr'><strong>recedant.</strong></span> <span class='ocrx_word' id='word_1_486' title='bbox 1693 3470 1786 3526; x_wconf 93' lang='lat' dir='ltr'><strong>Sic</strong></span> 
     </span>
    </p>
   </div>
   <div class='ocr_carea' id='block_1_65' title="bbox 147 3558 1780 3632">
    <p class='ocr_par' dir='ltr' id='par_1_65' title="bbox 147 3558 1780 3632">
     <span class='ocr_line' id='line_1_65' title="bbox 147 3558 1780 3632; baseline 0.004 -23"><span class='ocrx_word' id='word_1_487' title='bbox 147 3558 425 3622; x_wconf 88' lang='lat' dir='ltr'><strong>potuimus</strong></span> <span class='ocrx_word' id='word_1_488' title='bbox 446 3574 630 3616; x_wconf 89' lang='lat' dir='ltr'><strong>emere</strong></span> <span class='ocrx_word' id='word_1_489' title='bbox 656 3566 770 3616; x_wconf 88' lang='lat' dir='ltr'><strong>tres</strong></span> <span class='ocrx_word' id='word_1_490' title='bbox 794 3560 879 3617; x_wconf 92' lang='lat' dir='ltr'><strong>vel</strong></span> <span class='ocrx_word' id='word_1_491' title='bbox 908 3566 1154 3632; x_wconf 89' lang='lat' dir='ltr'><strong>quatuor</strong></span> <span class='ocrx_word' id='word_1_492' title='bbox 1175 3561 1397 3616; x_wconf 93' lang='lat' dir='ltr'><strong>modios</strong></span> <span class='ocrx_word' id='word_1_493' title='bbox 1418 3560 1780 3630; x_wconf 87' lang='lat' dir='ltr'><strong>numismate,</strong></span> 
     </span>
    </p>
   </div>
   <div class='ocr_carea' id='block_1_66' title="bbox 145 3650 1780 3720">
    <p class='ocr_par' dir='ltr' id='par_1_66' title="bbox 145 3650 1780 3720">
     <span class='ocr_line' id='line_1_66' title="bbox 145 3650 1780 3720; baseline 0.002 -20"><span class='ocrx_word' id='word_1_494' title='bbox 145 3660 303 3716; x_wconf 87' lang='lat' dir='ltr'><strong>usque</strong></span> <span class='ocrx_word' id='word_1_495' title='bbox 327 3651 395 3705; x_wconf 87' lang='lat' dir='ltr'><strong>ad</strong></span> <span class='ocrx_word' id='word_1_496' title='bbox 459 3655 788 3718; x_wconf 60' lang='lat' dir='ltr'><strong>praisentem</strong></span> <span class='ocrx_word' id='word_1_497' title='bbox 823 3650 1240 3720; x_wconf 89' lang='lat' dir='ltr'><strong>Septembrium</strong></span> <span class='ocrx_word' id='word_1_498' title='bbox 1274 3664 1540 3706; x_wconf 91' lang='lat' dir='ltr'><strong>mensem.</strong></span> <span class='ocrx_word' id='word_1_499' title='bbox 1591 3650 1780 3720; x_wconf 89' lang='lat' dir='ltr'><strong>Usque</strong></span> 
     </span>
    </p>
   </div>
   <div class='ocr_carea' id='block_1_67' title="bbox 145 3737 1780 3811">
    <p class='ocr_par' dir='ltr' id='par_1_67' title="bbox 145 3737 1780 3811">
     <span class='ocr_line' id='line_1_67' title="bbox 145 3737 1780 3811; baseline 0.003 -24"><span class='ocrx_word' id='word_1_500' title='bbox 145 3746 275 3790; x_wconf 91' lang='lat' dir='ltr'><strong>nunc</strong></span> <span class='ocrx_word' id='word_1_501' title='bbox 324 3751 468 3792; x_wconf 88' lang='lat' dir='ltr'><strong>vero</strong></span> <span class='ocrx_word' id='word_1_502' title='bbox 519 3751 628 3792; x_wconf 92' lang='lat' dir='ltr'><strong>non</strong></span> <span class='ocrx_word' id='word_1_503' title='bbox 709 3739 1000 3808; x_wconf 90' lang='lat' dir='ltr'><strong>potuimus</strong></span> <span class='ocrx_word' id='word_1_504' title='bbox 1056 3739 1125 3794; x_wconf 91' lang='lat' dir='ltr'><strong>de</strong></span> <span class='ocrx_word' id='word_1_505' title='bbox 1174 3741 1336 3795; x_wconf 91' lang='lat' dir='ltr'><strong>novis</strong></span> <span class='ocrx_word' id='word_1_506' title='bbox 1387 3737 1780 3811; x_wconf 88' lang='lat' dir='ltr'><strong>geniminibus</strong></span> 
     </span>
    </p>
   </div>
   <div class='ocr_carea' id='block_1_68' title="bbox 139 3825 1778 3898">
    <p class='ocr_par' dir='ltr' id='par_1_68' title="bbox 139 3825 1778 3898">
     <span class='ocr_line' id='line_1_68' title="bbox 139 3825 1778 3898; baseline 0.004 -22"><span class='ocrx_word' id='word_1_507' title='bbox 139 3835 320 3894; x_wconf 88' lang='lat' dir='ltr'><strong>emere,</strong></span> <span class='ocrx_word' id='word_1_508' title='bbox 351 3825 480 3881; x_wconf 88' lang='lat' dir='ltr'><strong>nisi</strong></span> <span class='ocrx_word' id='word_1_509' title='bbox 505 3839 619 3880; x_wconf 92' lang='lat' dir='ltr'><strong>uno</strong></span> <span class='ocrx_word' id='word_1_510' title='bbox 638 3827 980 3882; x_wconf 90' lang='lat' dir='ltr'><strong>numismate</strong></span> <span class='ocrx_word' id='word_1_511' title='bbox 1009 3827 1230 3883; x_wconf 91' lang='lat' dir='ltr'><strong>modios</strong></span> <span class='ocrx_word' id='word_1_512' title='bbox 1251 3833 1512 3898; x_wconf 88' lang='lat' dir='ltr'><strong>quatuor.</strong></span> <span class='ocrx_word' id='word_1_513' title='bbox 1537 3827 1778 3882; x_wconf 87' lang='lat' dir='ltr'><strong>Miratus</strong></span> 
     </span>
    </p>
   </div>
   <div class='ocr_carea' id='block_1_69' title="bbox 140 3915 1779 3985">
    <p class='ocr_par' dir='ltr' id='par_1_69' title="bbox 140 3915 1779 3985">
     <span class='ocr_line' id='line_1_69' title="bbox 140 3915 1779 3985; baseline 0.003 -22"><span class='ocrx_word' id='word_1_514' title='bbox 140 3925 245 3966; x_wconf 89' lang='lat' dir='ltr'><strong>sum</strong></span> <span class='ocrx_word' id='word_1_515' title='bbox 276 3922 500 3985; x_wconf 89' lang='lat' dir='ltr'><strong>autem,</strong></span> <span class='ocrx_word' id='word_1_516' title='bbox 530 3920 585 3969; x_wconf 92' lang='lat' dir='ltr'><strong>et</strong></span> <span class='ocrx_word' id='word_1_517' title='bbox 614 3915 802 3971; x_wconf 91' lang='lat' dir='ltr'><strong>adhuc</strong></span> <span class='ocrx_word' id='word_1_518' title='bbox 835 3916 1014 3972; x_wconf 88' lang='lat' dir='ltr'><strong>miror</strong></span> <span class='ocrx_word' id='word_1_519' title='bbox 1043 3916 1508 3972; x_wconf 90' lang='lat' dir='ltr'><strong>indiscretionem</strong></span> <span class='ocrx_word' id='word_1_520' title='bbox 1532 3920 1588 3970; x_wconf 89' lang='lat' dir='ltr'><strong>et</strong></span> <span class='ocrx_word' id='word_1_521' title='bbox 1615 3927 1779 3969; x_wconf 91' lang='lat' dir='ltr'><strong>com-</strong></span> 
     </span>
    </p>
   </div>
   <div class='ocr_carea' id='block_1_70' title="bbox 137 4002 1774 4075">
    <p class='ocr_par' dir='ltr' id='par_1_70' title="bbox 137 4002 1774 4075">
     <span class='ocr_line' id='line_1_70' title="bbox 137 4002 1774 4075; baseline 0.002 -20"><span class='ocrx_word' id='word_1_522' title='bbox 137 4002 454 4068; x_wconf 85' lang='lat' dir='ltr'><strong>passionem</strong></span> <span class='ocrx_word' id='word_1_523' title='bbox 476 4003 733 4058; x_wconf 92' lang='lat' dir='ltr'><strong>omnium</strong></span> <span class='ocrx_word' id='word_1_524' title='bbox 763 4004 861 4075; x_wconf 90' lang='lat' dir='ltr'><strong>qui</strong></span> <span class='ocrx_word' id='word_1_525' title='bbox 905 4004 1188 4075; x_wconf 91' lang='lat' dir='ltr'><strong>quondam</strong></span> <span class='ocrx_word' id='word_1_526' title='bbox 1217 4004 1360 4059; x_wconf 92' lang='lat' dir='ltr'><strong>mihi</strong></span> <span class='ocrx_word' id='word_1_527' title='bbox 1396 4003 1774 4074; x_wconf 90' lang='lat' dir='ltr'><strong>pertinebant,</strong></span> 
     </span>
    </p>
   </div>
   <div class='ocr_carea' id='block_1_71' title="bbox 136 4092 1775 4164">
    <p class='ocr_par' dir='ltr' id='par_1_71' title="bbox 136 4092 1775 4164">
     <span class='ocr_line' id='line_1_71' title="bbox 136 4092 1775 4164; baseline 0.002 -21"><span class='ocrx_word' id='word_1_528' title='bbox 136 4095 180 4142; x_wconf 88' lang='lat' dir='ltr'><strong>et</strong></span> <span class='ocrx_word' id='word_1_529' title='bbox 205 4092 528 4147; x_wconf 88' lang='lat' dir='ltr'><strong>amicorum</strong></span> <span class='ocrx_word' id='word_1_530' title='bbox 575 4106 826 4148; x_wconf 85' lang='lat' dir='ltr'><strong>meorum</strong></span> <span class='ocrx_word' id='word_1_531' title='bbox 879 4107 943 4148; x_wconf 90' lang='lat' dir='ltr'><strong>ac</strong></span> <span class='ocrx_word' id='word_1_532' title='bbox 996 4093 1473 4164; x_wconf 85' lang='lat' dir='ltr'><strong>propinquorum,</strong></span> <span class='ocrx_word' id='word_1_533' title='bbox 1509 4093 1643 4163; x_wconf 88' lang='lat' dir='ltr'><strong>quia</strong></span> <span class='ocrx_word' id='word_1_534' title='bbox 1690 4093 1775 4148; x_wconf 92' lang='lat' dir='ltr'><strong>sic</strong></span> 
     </span>
    </p>
   </div>
   <div class='ocr_carea' id='block_1_72' title="bbox 132 4173 1775 4251">
    <p class='ocr_par' dir='ltr' id='par_1_72' title="bbox 132 4173 1775 4251">
     <span class='ocr_line' id='line_1_72' title="bbox 132 4173 1775 4251; baseline 0.004 -21"><span class='ocrx_word' id='word_1_535' title='bbox 132 4173 382 4235; x_wconf 86' lang='lat' dir='ltr'><strong>funditus</strong></span> <span class='ocrx_word' id='word_1_536' title='bbox 419 4178 793 4236; x_wconf 90' lang='lat' dir='ltr'><strong>infelicitatis</strong></span> <span class='ocrx_word' id='word_1_537' title='bbox 831 4195 966 4236; x_wconf 70' lang='lat' dir='ltr'><strong>mea:</strong></span> <span class='ocrx_word' id='word_1_538' title='bbox 1009 4181 1175 4237; x_wconf 91' lang='lat' dir='ltr'><strong>obliti</strong></span> <span class='ocrx_word' id='word_1_539' title='bbox 1207 4185 1360 4251; x_wconf 91' lang='lat' dir='ltr'><strong>sunt,</strong></span> <span class='ocrx_word' id='word_1_540' title='bbox 1411 4187 1464 4236; x_wconf 93' lang='lat' dir='ltr'><strong>et</strong></span> <span class='ocrx_word' id='word_1_541' title='bbox 1497 4195 1596 4236; x_wconf 90' lang='lat' dir='ltr'><strong>nec</strong></span> <span class='ocrx_word' id='word_1_542' title='bbox 1626 4181 1775 4236; x_wconf 90' lang='lat' dir='ltr'><strong>scire</strong></span> 
     </span>
    </p>
   </div>
   <div class='ocr_carea' id='block_1_73' title="bbox 128 4265 1771 4339">
    <p class='ocr_par' dir='ltr' id='par_1_73' title="bbox 128 4265 1771 4339">
     <span class='ocr_line' id='line_1_73' title="bbox 128 4265 1771 4339; baseline 0.004 -22"><span class='ocrx_word' id='word_1_543' title='bbox 128 4265 313 4322; x_wconf 84' lang='lat' dir='ltr'><strong>volunt</strong></span> <span class='ocrx_word' id='word_1_544' title='bbox 345 4273 414 4324; x_wconf 90' lang='lat' dir='ltr'><strong>ut</strong></span> <span class='ocrx_word' id='word_1_545' title='bbox 462 4269 712 4339; x_wconf 89' lang='lat' dir='ltr'><strong>invenio,</strong></span> <span class='ocrx_word' id='word_1_546' title='bbox 746 4269 866 4324; x_wconf 91' lang='lat' dir='ltr'><strong>sive</strong></span> <span class='ocrx_word' id='word_1_547' title='bbox 910 4269 1019 4324; x_wconf 92' lang='lat' dir='ltr'><strong>sim</strong></span> <span class='ocrx_word' id='word_1_548' title='bbox 1051 4283 1224 4339; x_wconf 87' lang='lat' dir='ltr'><strong>super</strong></span> <span class='ocrx_word' id='word_1_549' title='bbox 1249 4275 1476 4337; x_wconf 90' lang='lat' dir='ltr'><strong>terram,</strong></span> <span class='ocrx_word' id='word_1_550' title='bbox 1510 4270 1629 4324; x_wconf 91' lang='lat' dir='ltr'><strong>sive</strong></span> <span class='ocrx_word' id='word_1_551' title='bbox 1661 4283 1771 4325; x_wconf 92' lang='lat' dir='ltr'><strong>non</strong></span> 
     </span>
    </p>
   </div>
   <div class='ocr_carea' id='block_1_74' title="bbox 1901 3105 3552 3185">
    <p class='ocr_par' dir='ltr' id='par_1_74' title="bbox 1901 3105 3552 3185">
     <span class='ocr_line' id='line_1_74' title="bbox 1901 3105 3552 3185; baseline 0.007 -27"><span class='ocrx_word' id='word_1_552' title='bbox 1901 3105 2230 3180; x_wconf 91' lang='lat' dir='ltr'><strong>Dominum,</strong></span> <span class='ocrx_word' id='word_1_553' title='bbox 2260 3115 2317 3165; x_wconf 92' lang='lat' dir='ltr'><strong>et</strong></span> <span class='ocrx_word' id='word_1_554' title='bbox 2370 3111 2644 3168; x_wconf 89' lang='lat' dir='ltr'><strong>habemus</strong></span> <span class='ocrx_word' id='word_1_555' title='bbox 2685 3114 3104 3170; x_wconf 72' lang='lat' dir='ltr'><strong>aemulationem</strong></span> <span class='ocrx_word' id='word_1_556' title='bbox 3157 3127 3287 3185; x_wconf 88' lang='lat' dir='ltr'><strong>erga</strong></span> <span class='ocrx_word' id='word_1_557' title='bbox 3325 3119 3552 3170; x_wconf 89' lang='lat' dir='ltr'><strong>sanctos</strong></span> 
     </span>
    </p>
   </div>
   <div class='ocr_carea' id='block_1_75' title="bbox 1901 3195 3551 3272">
    <p class='ocr_par' dir='ltr' id='par_1_75' title="bbox 1901 3195 3551 3272">
     <span class='ocr_line' id='line_1_75' title="bbox 1901 3195 3551 3272; baseline 0.005 -24"><span class='ocrx_word' id='word_1_558' title='bbox 1901 3195 2044 3264; x_wconf 90' lang='lat' dir='ltr'><strong>ejus,</strong></span> <span class='ocrx_word' id='word_1_559' title='bbox 2079 3198 2179 3266; x_wconf 92' lang='lat' dir='ltr'><strong>qui</strong></span> <span class='ocrx_word' id='word_1_560' title='bbox 2201 3214 2380 3270; x_wconf 91' lang='lat' dir='ltr'><strong>usque</strong></span> <span class='ocrx_word' id='word_1_561' title='bbox 2397 3201 2464 3255; x_wconf 92' lang='lat' dir='ltr'><strong>ad</strong></span> <span class='ocrx_word' id='word_1_562' title='bbox 2496 3211 2725 3258; x_wconf 84' lang='lat' dir='ltr'><strong>mortem</strong></span> <span class='ocrx_word' id='word_1_563' title='bbox 2753 3203 2811 3257; x_wconf 93' lang='lat' dir='ltr'><strong>in</strong></span> <span class='ocrx_word' id='word_1_564' title='bbox 2842 3203 2948 3258; x_wconf 84' lang='lat' dir='ltr'><strong>fide</strong></span> <span class='ocrx_word' id='word_1_565' title='bbox 2969 3202 3252 3258; x_wconf 89' lang='lat' dir='ltr'><strong>catholica</strong></span> <span class='ocrx_word' id='word_1_566' title='bbox 3282 3216 3551 3272; x_wconf 91' lang='lat' dir='ltr'><strong>perman-</strong></span> 
     </span>
    </p>
   </div>
   <div class='ocr_carea' id='block_1_76' title="bbox 1900 3288 3548 3360">
    <p class='ocr_par' dir='ltr' id='par_1_76' title="bbox 1900 3288 3548 3360">
     <span class='ocr_line' id='line_1_76' title="bbox 1900 3288 3548 3360; baseline 0.005 -23"><span class='ocrx_word' id='word_1_567' title='bbox 1900 3289 2133 3340; x_wconf 88' lang='lat' dir='ltr'><strong>serunt:</strong></span> <span class='ocrx_word' id='word_1_568' title='bbox 2161 3290 2217 3341; x_wconf 90' lang='lat' dir='ltr'><strong>et</strong></span> <span class='ocrx_word' id='word_1_569' title='bbox 2247 3288 2443 3343; x_wconf 88' lang='lat' dir='ltr'><strong>saltem</strong></span> <span class='ocrx_word' id='word_1_570' title='bbox 2475 3304 2541 3344; x_wconf 89' lang='lat' dir='ltr'><strong>ex</strong></span> <span class='ocrx_word' id='word_1_571' title='bbox 2589 3297 2744 3360; x_wconf 87' lang='lat' dir='ltr'><strong>parte</strong></span> <span class='ocrx_word' id='word_1_572' title='bbox 2775 3291 3098 3346; x_wconf 83' lang='lat' dir='ltr'><strong>reficiamus</strong></span> <span class='ocrx_word' id='word_1_573' title='bbox 3125 3305 3274 3360; x_wconf 90' lang='lat' dir='ltr'><strong>eum,</strong></span> <span class='ocrx_word' id='word_1_574' title='bbox 3321 3296 3376 3346; x_wconf 90' lang='lat' dir='ltr'><strong>et</strong></span> <span class='ocrx_word' id='word_1_575' title='bbox 3401 3305 3548 3346; x_wconf 91' lang='lat' dir='ltr'><strong>com-</strong></span> 
     </span>
    </p>
   </div>
   <div class='ocr_carea' id='block_1_77' title="bbox 1900 3372 3544 3448">
    <p class='ocr_par' dir='ltr' id='par_1_77' title="bbox 1900 3372 3544 3448">
     <span class='ocr_line' id='line_1_77' title="bbox 1900 3372 3544 3448; baseline 0.004 -22"><span class='ocrx_word' id='word_1_576' title='bbox 1900 3372 2188 3441; x_wconf 86' lang='lat' dir='ltr'><strong>patiamur</strong></span> <span class='ocrx_word' id='word_1_577' title='bbox 2221 3375 2295 3445; x_wconf 91' lang='lat' dir='ltr'><strong>ei,</strong></span> <span class='ocrx_word' id='word_1_578' title='bbox 2331 3377 2725 3434; x_wconf 88' lang='lat' dir='ltr'><strong>ministrantes</strong></span> <span class='ocrx_word' id='word_1_579' title='bbox 2751 3379 2840 3434; x_wconf 92' lang='lat' dir='ltr'><strong>illi</strong></span> <span class='ocrx_word' id='word_1_580' title='bbox 2885 3393 2952 3434; x_wconf 91' lang='lat' dir='ltr'><strong>ex</strong></span> <span class='ocrx_word' id='word_1_581' title='bbox 2981 3379 3072 3434; x_wconf 92' lang='lat' dir='ltr'><strong>his</strong></span> <span class='ocrx_word' id='word_1_582' title='bbox 3115 3393 3240 3448; x_wconf 66' lang='lat' dir='ltr'><strong>quae</strong></span> <span class='ocrx_word' id='word_1_583' title='bbox 3266 3379 3544 3434; x_wconf 92' lang='lat' dir='ltr'><strong>Dominus</strong></span> 
     </span>
    </p>
   </div>
   <div class='ocr_carea' id='block_1_78' title="bbox 1897 3462 3540 3537">
    <p class='ocr_par' dir='ltr' id='par_1_78' title="bbox 1897 3462 3540 3537">
     <span class='ocr_line' id='line_1_78' title="bbox 1897 3462 3540 3537; baseline 0.003 -21"><span class='ocrx_word' id='word_1_584' title='bbox 1897 3462 2214 3534; x_wconf 92' lang='lat' dir='ltr'><strong>unicuique</strong></span> <span class='ocrx_word' id='word_1_585' title='bbox 2237 3470 2493 3521; x_wconf 91' lang='lat' dir='ltr'><strong>nostrum</strong></span> <span class='ocrx_word' id='word_1_586' title='bbox 2515 3467 2766 3537; x_wconf 89' lang='lat' dir='ltr'><strong>donavit,</strong></span> <span class='ocrx_word' id='word_1_587' title='bbox 2788 3472 2852 3522; x_wconf 92' lang='lat' dir='ltr'><strong>ut</strong></span> <span class='ocrx_word' id='word_1_588' title='bbox 2875 3473 2926 3522; x_wconf 91' lang='lat' dir='ltr'><strong>et</strong></span> <span class='ocrx_word' id='word_1_589' title='bbox 2950 3467 3462 3523; x_wconf 86' lang='lat' dir='ltr'><strong>communicatores</strong></span> <span class='ocrx_word' id='word_1_590' title='bbox 3481 3467 3540 3522; x_wconf 93' lang='lat' dir='ltr'><strong>in</strong></span> 
     </span>
    </p>
   </div>
   <div class='ocr_carea' id='block_1_79' title="bbox 1893 3551 3539 3625">
    <p class='ocr_par' dir='ltr' id='par_1_79' title="bbox 1893 3551 3539 3625">
     <span class='ocr_line' id='line_1_79' title="bbox 1893 3551 3539 3625; baseline 0.004 -21"><span class='ocrx_word' id='word_1_591' title='bbox 1893 3551 2135 3608; x_wconf 93' lang='lat' dir='ltr'><strong>Domino</strong></span> <span class='ocrx_word' id='word_1_592' title='bbox 2160 3553 2446 3610; x_wconf 87' lang='lat' dir='ltr'><strong>claritatis</strong></span> <span class='ocrx_word' id='word_1_593' title='bbox 2492 3557 2616 3625; x_wconf 92' lang='lat' dir='ltr'><strong>ejus</strong></span> <span class='ocrx_word' id='word_1_594' title='bbox 2663 3555 2993 3612; x_wconf 79' lang='lat' dir='ltr'><strong>efﬁciamur.</strong></span> <span class='ocrx_word' id='word_1_595' title='bbox 3027 3559 3145 3612; x_wconf 90' lang='lat' dir='ltr'><strong>Non</strong></span> <span class='ocrx_word' id='word_1_596' title='bbox 3199 3559 3388 3610; x_wconf 92' lang='lat' dir='ltr'><strong>autem</strong></span> <span class='ocrx_word' id='word_1_597' title='bbox 3422 3555 3539 3611; x_wconf 69' lang='lat' dir='ltr'><strong>haec</strong></span> 
     </span>
    </p>
   </div>
   <div class='ocr_carea' id='block_1_80' title="bbox 1892 3638 3535 3713">
    <p class='ocr_par' dir='ltr' id='par_1_80' title="bbox 1892 3638 3535 3713">
     <span class='ocr_line' id='line_1_80' title="bbox 1892 3638 3535 3713; baseline 0.005 -22"><span class='ocrx_word' id='word_1_598' title='bbox 1892 3638 2006 3710; x_wconf 93' lang='lat' dir='ltr'><strong>aio,</strong></span> <span class='ocrx_word' id='word_1_599' title='bbox 2033 3642 2300 3711; x_wconf 93' lang='lat' dir='ltr'><strong>quoniam</strong></span> <span class='ocrx_word' id='word_1_600' title='bbox 2333 3657 2592 3700; x_wconf 90' lang='lat' dir='ltr'><strong>summus</strong></span> <span class='ocrx_word' id='word_1_601' title='bbox 2613 3646 2877 3701; x_wconf 90' lang='lat' dir='ltr'><strong>sacerdos</strong></span> <span class='ocrx_word' id='word_1_602' title='bbox 2904 3649 3093 3701; x_wconf 91' lang='lat' dir='ltr'><strong>noster</strong></span> <span class='ocrx_word' id='word_1_603' title='bbox 3115 3641 3246 3713; x_wconf 85' lang='lat' dir='ltr'><strong>fuit,</strong></span> <span class='ocrx_word' id='word_1_604' title='bbox 3271 3643 3364 3699; x_wconf 91' lang='lat' dir='ltr'><strong>sed</strong></span> <span class='ocrx_word' id='word_1_605' title='bbox 3399 3643 3535 3713; x_wconf 91' lang='lat' dir='ltr'><strong>quia</strong></span> 
     </span>
    </p>
   </div>
   <div class='ocr_carea' id='block_1_81' title="bbox 1892 3726 3539 3803">
    <p class='ocr_par' dir='ltr' id='par_1_81' title="bbox 1892 3726 3539 3803">
     <span class='ocr_line' id='line_1_81' title="bbox 1892 3726 3539 3803; baseline 0.004 -21"><span class='ocrx_word' id='word_1_606' title='bbox 1892 3726 2254 3786; x_wconf 91' lang='lat' dir='ltr'><strong>incruentum</strong></span> <span class='ocrx_word' id='word_1_607' title='bbox 2282 3732 2511 3788; x_wconf 92' lang='lat' dir='ltr'><strong>Christo</strong></span> <span class='ocrx_word' id='word_1_608' title='bbox 2532 3734 2644 3789; x_wconf 93' lang='lat' dir='ltr'><strong>Deo</strong></span> <span class='ocrx_word' id='word_1_609' title='bbox 2663 3748 2762 3803; x_wconf 89' lang='lat' dir='ltr'><strong>pro</strong></span> <span class='ocrx_word' id='word_1_610' title='bbox 2779 3734 2963 3790; x_wconf 89' lang='lat' dir='ltr'><strong>salute</strong></span> <span class='ocrx_word' id='word_1_611' title='bbox 2979 3733 3300 3788; x_wconf 90' lang='lat' dir='ltr'><strong>animarum</strong></span> <span class='ocrx_word' id='word_1_612' title='bbox 3320 3738 3539 3788; x_wconf 87' lang='lat' dir='ltr'><strong>nostra-</strong></span> 
     </span>
    </p>
   </div>
   <div class='ocr_carea' id='block_1_82' title="bbox 1891 3818 3531 3891">
    <p class='ocr_par' dir='ltr' id='par_1_82' title="bbox 1891 3818 3531 3891">
     <span class='ocr_line' id='line_1_82' title="bbox 1891 3818 3531 3891; baseline 0.004 -21"><span class='ocrx_word' id='word_1_613' title='bbox 1891 3830 2014 3872; x_wconf 91' lang='lat' dir='ltr'><strong>rum</strong></span> <span class='ocrx_word' id='word_1_614' title='bbox 2039 3818 2096 3872; x_wconf 90' lang='lat' dir='ltr'><strong>in</strong></span> <span class='ocrx_word' id='word_1_615' title='bbox 2120 3819 2360 3876; x_wconf 91' lang='lat' dir='ltr'><strong>ecclesia</strong></span> <span class='ocrx_word' id='word_1_616' title='bbox 2392 3826 2576 3877; x_wconf 93' lang='lat' dir='ltr'><strong>vestra</strong></span> <span class='ocrx_word' id='word_1_617' title='bbox 2593 3822 2942 3878; x_wconf 83' lang='lat' dir='ltr'><strong>sacrificium</strong></span> <span class='ocrx_word' id='word_1_618' title='bbox 2965 3820 3197 3891; x_wconf 89' lang='lat' dir='ltr'><strong>obtulit,</strong></span> <span class='ocrx_word' id='word_1_619' title='bbox 3225 3827 3281 3877; x_wconf 91' lang='lat' dir='ltr'><strong>et</strong></span> <span class='ocrx_word' id='word_1_620' title='bbox 3310 3826 3531 3878; x_wconf 86' lang='lat' dir='ltr'><strong>tantum</strong></span> 
     </span>
    </p>
   </div>
   <div class='ocr_carea' id='block_1_83' title="bbox 1891 3904 3534 3981">
    <p class='ocr_par' dir='ltr' id='par_1_83' title="bbox 1891 3904 3534 3981">
     <span class='ocr_line' id='line_1_83' title="bbox 1891 3904 3534 3981; baseline 0.004 -23"><span class='ocrx_word' id='word_1_621' title='bbox 1891 3904 2243 3963; x_wconf 90' lang='lat' dir='ltr'><strong>illuminavit</strong></span> <span class='ocrx_word' id='word_1_622' title='bbox 2270 3910 2564 3981; x_wconf 91' lang='lat' dir='ltr'><strong>populum,</strong></span> <span class='ocrx_word' id='word_1_623' title='bbox 2598 3910 2889 3967; x_wconf 88' lang='lat' dir='ltr'><strong>confessor</strong></span> <span class='ocrx_word' id='word_1_624' title='bbox 2923 3915 2979 3967; x_wconf 91' lang='lat' dir='ltr'><strong>et</strong></span> <span class='ocrx_word' id='word_1_625' title='bbox 3013 3910 3346 3980; x_wconf 60' lang='lat' dir='ltr'><strong>praedicator</strong></span> <span class='ocrx_word' id='word_1_626' title='bbox 3375 3910 3534 3965; x_wconf 90' lang='lat' dir='ltr'><strong>veri-</strong></span> 
     </span>
    </p>
   </div>
   <div class='ocr_carea' id='block_1_84' title="bbox 1888 3993 3528 4071">
    <p class='ocr_par' dir='ltr' id='par_1_84' title="bbox 1888 3993 3528 4071">
     <span class='ocr_line' id='line_1_84' title="bbox 1888 3993 3528 4071; baseline 0.005 -25"><span class='ocrx_word' id='word_1_627' title='bbox 1888 3993 2025 4048; x_wconf 89' lang='lat' dir='ltr'><strong>tatis</strong></span> <span class='ocrx_word' id='word_1_628' title='bbox 2051 3995 2305 4053; x_wconf 82' lang='lat' dir='ltr'><strong>etl‘ectus.</strong></span> <span class='ocrx_word' id='word_1_629' title='bbox 2337 3999 2577 4056; x_wconf 72' lang='lat' dir='ltr'><strong>.Estimo</strong></span> <span class='ocrx_word' id='word_1_630' title='bbox 2625 4014 2760 4056; x_wconf 88' lang='lat' dir='ltr'><strong>sane</strong></span> <span class='ocrx_word' id='word_1_631' title='bbox 2813 3999 2962 4071; x_wconf 90' lang='lat' dir='ltr'><strong>quod</strong></span> <span class='ocrx_word' id='word_1_632' title='bbox 3007 3999 3313 4054; x_wconf 90' lang='lat' dir='ltr'><strong>certilicari</strong></span> <span class='ocrx_word' id='word_1_633' title='bbox 3357 3999 3528 4054; x_wconf 93' lang='lat' dir='ltr'><strong>etiam</strong></span> 
     </span>
    </p>
   </div>
   <div class='ocr_carea' id='block_1_85' title="bbox 1889 4083 3530 4160">
    <p class='ocr_par' dir='ltr' id='par_1_85' title="bbox 1889 4083 3530 4160">
     <span class='ocr_line' id='line_1_85' title="bbox 1889 4083 3530 4160; baseline 0.004 -23"><span class='ocrx_word' id='word_1_634' title='bbox 1889 4083 2312 4142; x_wconf 90' lang='lat' dir='ltr'><strong>irrationabilia</strong></span> <span class='ocrx_word' id='word_1_635' title='bbox 2330 4087 2636 4144; x_wconf 90' lang='lat' dir='ltr'><strong>debuerint</strong></span> <span class='ocrx_word' id='word_1_636' title='bbox 2650 4089 2921 4146; x_wconf 89' lang='lat' dir='ltr'><strong>animalia</strong></span> <span class='ocrx_word' id='word_1_637' title='bbox 2949 4085 2965 4160; x_wconf 95' lang='lat'>(</span> <span class='ocrx_word' id='word_1_638' title='bbox 2987 4093 3200 4160; x_wconf 90' lang='lat' dir='ltr'><strong>quanto</strong></span> <span class='ocrx_word' id='word_1_639' title='bbox 3229 4089 3410 4160; x_wconf 89' lang='lat' dir='ltr'><strong>magis</strong></span> <span class='ocrx_word' id='word_1_640' title='bbox 3431 4102 3530 4145; x_wconf 91' lang='lat' dir='ltr'><strong>vos</strong></span> 
     </span>
    </p>
   </div>
   <div class='ocr_carea' id='block_1_86' title="bbox 1887 4173 3527 4251">
    <p class='ocr_par' dir='ltr' id='par_1_86' title="bbox 1887 4173 3527 4251">
     <span class='ocr_line' id='line_1_86' title="bbox 1887 4173 3527 4251; baseline 0.005 -25"><span class='ocrx_word' id='word_1_641' title='bbox 1887 4173 2261 4231; x_wconf 88' lang='lat' dir='ltr'><strong>rationabiles</strong></span> <span class='ocrx_word' id='word_1_642' title='bbox 2289 4183 2345 4232; x_wconf 92' lang='lat' dir='ltr'><strong>et</strong></span> <span class='ocrx_word' id='word_1_643' title='bbox 2366 4179 2576 4233; x_wconf 91' lang='lat' dir='ltr'><strong>sensati</strong></span> <span class='ocrx_word' id='word_1_644' title='bbox 2601 4178 2685 4251; x_wconf 81' lang='lat'><strong>‘?),</strong></span> <span class='ocrx_word' id='word_1_645' title='bbox 2714 4179 2861 4249; x_wconf 93' lang='lat' dir='ltr'><strong>quod</strong></span> <span class='ocrx_word' id='word_1_646' title='bbox 2899 4179 3112 4248; x_wconf 90' lang='lat' dir='ltr'><strong>omnia,</strong></span> <span class='ocrx_word' id='word_1_647' title='bbox 3147 4193 3271 4248; x_wconf 68' lang='lat' dir='ltr'><strong>qua:</strong></span> <span class='ocrx_word' id='word_1_648' title='bbox 3303 4179 3360 4232; x_wconf 93' lang='lat' dir='ltr'><strong>in</strong></span> <span class='ocrx_word' id='word_1_649' title='bbox 3397 4193 3527 4234; x_wconf 91' lang='lat' dir='ltr'><strong>eum</strong></span> 
     </span>
    </p>
   </div>
   <div class='ocr_carea' id='block_1_87' title="bbox 1886 4258 3530 4336">
    <p class='ocr_par' dir='ltr' id='par_1_87' title="bbox 1886 4258 3530 4336">
     <span class='ocr_line' id='line_1_87' title="bbox 1886 4258 3530 4336; baseline 0.003 -21"><span class='ocrx_word' id='word_1_650' title='bbox 1886 4258 2032 4318; x_wconf 88' lang='lat' dir='ltr'><strong>facta</strong></span> <span class='ocrx_word' id='word_1_651' title='bbox 2059 4268 2214 4335; x_wconf 89' lang='lat' dir='ltr'><strong>sunt,</strong></span> <span class='ocrx_word' id='word_1_652' title='bbox 2254 4264 2325 4320; x_wconf 92' lang='lat' dir='ltr'><strong>ob</strong></span> <span class='ocrx_word' id='word_1_653' title='bbox 2353 4271 2559 4321; x_wconf 90' lang='lat' dir='ltr'><strong>rectam</strong></span> <span class='ocrx_word' id='word_1_654' title='bbox 2592 4267 2756 4322; x_wconf 85' lang='lat' dir='ltr'><strong>tidem</strong></span> <span class='ocrx_word' id='word_1_655' title='bbox 2782 4268 2908 4336; x_wconf 90' lang='lat' dir='ltr'><strong>ejus</strong></span> <span class='ocrx_word' id='word_1_656' title='bbox 2931 4266 3126 4322; x_wconf 78' lang='lat' dir='ltr'><strong>effecta</strong></span> <span class='ocrx_word' id='word_1_657' title='bbox 3155 4271 3293 4334; x_wconf 79' lang='lat' dir='ltr'><strong>sint,</strong></span> <span class='ocrx_word' id='word_1_658' title='bbox 3320 4270 3378 4321; x_wconf 91' lang='lat' dir='ltr'><strong>et</strong></span> <span class='ocrx_word' id='word_1_659' title='bbox 3407 4266 3530 4336; x_wconf 71' lang='lat' dir='ltr'><strong>haz-</strong></span> 
     </span>
    </p>
   </div>
   <div class='ocr_carea' id='block_1_88' title="bbox 127 4333 3525 4432">
    <p class='ocr_par' dir='ltr' id='par_1_88' title="bbox 127 4333 3525 4432">
     <span class='ocr_line' id='line_1_88' title="bbox 127 4333 3525 4432; baseline 0.001 -28"><span class='ocrx_word' id='word_1_660' title='bbox 127 4352 241 4408; x_wconf 87' lang='lat' dir='ltr'><strong>sim.</strong></span> <span class='ocrx_word' id='word_1_661' title='bbox 267 4356 524 4412; x_wconf 70' lang='lat' dir='ltr'><strong>Miratus</strong></span> <span class='ocrx_word' id='word_1_662' title='bbox 569 4333 796 4427; x_wconf 66' lang='lat' dir='ltr'><strong>quoque</strong></span> <span class='ocrx_word' id='word_1_663' title='bbox 827 4357 1008 4413; x_wconf 65' lang='lat' dir='ltr'><strong>multo</strong></span> <span class='ocrx_word' id='word_1_664' title='bbox 1040 4333 1221 4428; x_wconf 39' lang='lat' dir='ltr'><strong>magis</strong></span> <span class='ocrx_word' id='word_1_665' title='bbox 1261 4371 1385 4413; x_wconf 83' lang='lat' dir='ltr'><strong>sum</strong></span> <span class='ocrx_word' id='word_1_666' title='bbox 1419 4333 1477 4412; x_wconf 60' lang='lat' dir='ltr'><strong>in</strong></span> <span class='ocrx_word' id='word_1_667' title='bbox 1526 4371 1642 4427; x_wconf 72' lang='lat' dir='ltr'><strong>eos,</strong></span> <span class='ocrx_word' id='word_1_668' title='bbox 1671 4357 1771 4428; x_wconf 83' lang='lat' dir='ltr'><strong>qui</strong></span> <span class='ocrx_word' id='word_1_669' title='bbox 1797 4372 1850 4432; x_wconf 73' lang='grc' dir='ltr'><strong>ι)</strong></span> <span class='ocrx_word' id='word_1_670' title='bbox 1885 4333 2209 4407; x_wconf 31' lang='grc' dir='ltr'><strong>ΓΘῐῘΟΟΓΠῐΠ-</strong></span> <span class='ocrx_word' id='word_1_671' title='bbox 2243 4353 2680 4411; x_wconf 91' lang='lat' dir='ltr'><strong>abdicationem.</strong></span> <span class='ocrx_word' id='word_1_672' title='bbox 2736 4358 2806 4412; x_wconf 93' lang='lat' dir='ltr'><strong>Et</strong></span> <span class='ocrx_word' id='word_1_673' title='bbox 2843 4355 2948 4412; x_wconf 91' lang='lat' dir='ltr'><strong>hoc</strong></span> <span class='ocrx_word' id='word_1_674' title='bbox 2971 4369 3079 4411; x_wconf 90' lang='lat' dir='ltr'><strong>non</strong></span> <span class='ocrx_word' id='word_1_675' title='bbox 3128 4355 3382 4423; x_wconf 90' lang='lat' dir='ltr'><strong>aliunde,</strong></span> <span class='ocrx_word' id='word_1_676' title='bbox 3411 4333 3525 4409; x_wconf 76' lang='lat' dir='ltr'><strong>n&#39;isi</strong></span> 
     </span>
    </p>
   </div>
   <div class='ocr_carea' id='block_1_89' title="bbox 124 4446 1770 4517">
    <p class='ocr_par' dir='ltr' id='par_1_89' title="bbox 124 4446 1770 4517">
     <span class='ocr_line' id='line_1_89' title="bbox 124 4446 1770 4517; baseline 0.004 -22"><span class='ocrx_word' id='word_1_677' title='bbox 124 4449 247 4498; x_wconf 90' lang='lat' dir='ltr'><strong>sunt</strong></span> <span class='ocrx_word' id='word_1_678' title='bbox 283 4446 678 4502; x_wconf 71' lang='lat' dir='ltr'><strong>sanctissimae</strong></span> <span class='ocrx_word' id='word_1_679' title='bbox 712 4446 955 4517; x_wconf 91' lang='lat' dir='ltr'><strong>apostoli</strong></span> <span class='ocrx_word' id='word_1_680' title='bbox 993 4447 1142 4502; x_wconf 88' lang='lat' dir='ltr'><strong>Petri</strong></span> <span class='ocrx_word' id='word_1_681' title='bbox 1167 4446 1452 4512; x_wconf 68' lang='lat' dir='ltr'><strong>Ecclesiae,</strong></span> <span class='ocrx_word' id='word_1_682' title='bbox 1502 4447 1770 4517; x_wconf 91' lang='lat' dir='ltr'><strong>quoniam</strong></span> 
     </span>
    </p>
   </div>
   <div class='ocr_carea' id='block_1_90' title="bbox 122 4534 1770 4608">
    <p class='ocr_par' dir='ltr' id='par_1_90' title="bbox 122 4534 1770 4608">
     <span class='ocr_line' id='line_1_90' title="bbox 122 4534 1770 4608; baseline 0.005 -25"><span class='ocrx_word' id='word_1_683' title='bbox 122 4534 322 4587; x_wconf 86' lang='lat' dir='ltr'><strong>tantam</strong></span> <span class='ocrx_word' id='word_1_684' title='bbox 351 4535 645 4590; x_wconf 86' lang='lat' dir='ltr'><strong>dederunt</strong></span> <span class='ocrx_word' id='word_1_685' title='bbox 664 4548 889 4604; x_wconf 86' lang='lat' dir='ltr'><strong>operam</strong></span> <span class='ocrx_word' id='word_1_686' title='bbox 922 4536 991 4590; x_wconf 92' lang='lat' dir='ltr'><strong>de</strong></span> <span class='ocrx_word' id='word_1_687' title='bbox 1013 4549 1248 4606; x_wconf 89' lang='lat' dir='ltr'><strong>corpore</strong></span> <span class='ocrx_word' id='word_1_688' title='bbox 1276 4549 1342 4591; x_wconf 92' lang='lat' dir='ltr'><strong>ac</strong></span> <span class='ocrx_word' id='word_1_689' title='bbox 1363 4536 1614 4592; x_wconf 88' lang='lat' dir='ltr'><strong>membro</strong></span> <span class='ocrx_word' id='word_1_690' title='bbox 1643 4549 1770 4608; x_wconf 75' lang='lat' dir='ltr'><strong>suo,</strong></span> 
     </span>
    </p>
   </div>
   <div class='ocr_carea' id='block_1_91' title="bbox 120 4618 1772 4695">
    <p class='ocr_par' dir='ltr' id='par_1_91' title="bbox 120 4618 1772 4695">
     <span class='ocr_line' id='line_1_91' title="bbox 120 4618 1772 4695; baseline 0.006 -23"><span class='ocrx_word' id='word_1_691' title='bbox 120 4618 170 4672; x_wconf 92' lang='lat' dir='ltr'><strong>id</strong></span> <span class='ocrx_word' id='word_1_692' title='bbox 198 4628 301 4693; x_wconf 89' lang='lat' dir='ltr'><strong>est,</strong></span> <span class='ocrx_word' id='word_1_693' title='bbox 361 4637 547 4690; x_wconf 88' lang='lat' dir='ltr'><strong>super</strong></span> <span class='ocrx_word' id='word_1_694' title='bbox 583 4623 893 4679; x_wconf 91' lang='lat' dir='ltr'><strong>dilectione</strong></span> <span class='ocrx_word' id='word_1_695' title='bbox 944 4629 1158 4695; x_wconf 90' lang='lat' dir='ltr'><strong>nostra,</strong></span> <span class='ocrx_word' id='word_1_696' title='bbox 1191 4626 1256 4680; x_wconf 90' lang='lat' dir='ltr'><strong>ad</strong></span> <span class='ocrx_word' id='word_1_697' title='bbox 1310 4625 1625 4682; x_wconf 89' lang='lat' dir='ltr'><strong>reddendos</strong></span> <span class='ocrx_word' id='word_1_698' title='bbox 1669 4640 1772 4682; x_wconf 93' lang='lat' dir='ltr'><strong>nos</strong></span> 
     </span>
    </p>
   </div>
   <div class='ocr_carea' id='block_1_92' title="bbox 119 4706 1777 4784">
    <p class='ocr_par' dir='ltr' id='par_1_92' title="bbox 119 4706 1777 4784">
     <span class='ocr_line' id='line_1_92' title="bbox 119 4706 1777 4784; baseline 0.005 -23"><span class='ocrx_word' id='word_1_699' title='bbox 119 4706 232 4763; x_wconf 92' lang='lat' dir='ltr'><strong>sine</strong></span> <span class='ocrx_word' id='word_1_700' title='bbox 252 4712 684 4782; x_wconf 91' lang='lat' dir='ltr'><strong>sollicitudine,</strong></span> <span class='ocrx_word' id='word_1_701' title='bbox 708 4713 905 4768; x_wconf 90' lang='lat' dir='ltr'><strong>saltem</strong></span> <span class='ocrx_word' id='word_1_702' title='bbox 938 4727 1110 4783; x_wconf 88' lang='lat' dir='ltr'><strong>super</strong></span> <span class='ocrx_word' id='word_1_703' title='bbox 1125 4713 1406 4783; x_wconf 90' lang='lat' dir='ltr'><strong>corporali</strong></span> <span class='ocrx_word' id='word_1_704' title='bbox 1436 4729 1565 4784; x_wconf 90' lang='lat' dir='ltr'><strong>usu,</strong></span> <span class='ocrx_word' id='word_1_705' title='bbox 1590 4715 1777 4784; x_wconf 89' lang='lat' dir='ltr'><strong>quoti-</strong></span> 
     </span>
    </p>
   </div>
   <div class='ocr_carea' id='block_1_93' title="bbox 114 4795 1777 4870">
    <p class='ocr_par' dir='ltr' id='par_1_93' title="bbox 114 4795 1777 4870">
     <span class='ocr_line' id='line_1_93' title="bbox 114 4795 1777 4870; baseline 0.006 -21"><span class='ocrx_word' id='word_1_706' title='bbox 114 4795 402 4870; x_wconf 89' lang='lat' dir='ltr'><strong>dianoque</strong></span> <span class='ocrx_word' id='word_1_707' title='bbox 421 4815 549 4856; x_wconf 90' lang='lat' dir='ltr'><strong>sum</strong></span> <span class='ocrx_word' id='word_1_708' title='bbox 560 4805 678 4870; x_wconf 89' lang='lat' dir='ltr'><strong>ptu.</strong></span> <span class='ocrx_word' id='word_1_709' title='bbox 699 4804 837 4856; x_wconf 87' lang='lat' dir='ltr'><strong>Nam</strong></span> <span class='ocrx_word' id='word_1_710' title='bbox 857 4803 963 4857; x_wconf 91' lang='lat' dir='ltr'><strong>etsi</strong></span> <span class='ocrx_word' id='word_1_711' title='bbox 1000 4817 1203 4858; x_wconf 91' lang='lat' dir='ltr'><strong>aurum</strong></span> <span class='ocrx_word' id='word_1_712' title='bbox 1217 4803 1468 4858; x_wconf 90' lang='lat' dir='ltr'><strong>Ecclesia</strong></span> <span class='ocrx_word' id='word_1_713' title='bbox 1487 4804 1668 4858; x_wconf 91' lang='lat' dir='ltr'><strong>sancti</strong></span> <span class='ocrx_word' id='word_1_714' title='bbox 1683 4805 1777 4860; x_wconf 85' lang='lat' dir='ltr'><strong>Pe-</strong></span> 
     </span>
    </p>
   </div>
   <div class='ocr_carea' id='block_1_94' title="bbox 114 4886 1776 4962">
    <p class='ocr_par' dir='ltr' id='par_1_94' title="bbox 114 4886 1776 4962">
     <span class='ocr_line' id='line_1_94' title="bbox 114 4886 1776 4962; baseline 0.007 -25"><span class='ocrx_word' id='word_1_715' title='bbox 114 4886 306 4944; x_wconf 91' lang='lat' dir='ltr'><strong>trinon</strong></span> <span class='ocrx_word' id='word_1_716' title='bbox 327 4889 528 4961; x_wconf 89' lang='lat' dir='ltr'><strong>habet,</strong></span> <span class='ocrx_word' id='word_1_717' title='bbox 544 4888 831 4946; x_wconf 88' lang='lat' dir='ltr'><strong>frumento</strong></span> <span class='ocrx_word' id='word_1_718' title='bbox 853 4897 1036 4947; x_wconf 91' lang='lat' dir='ltr'><strong>tamen</strong></span> <span class='ocrx_word' id='word_1_719' title='bbox 1050 4893 1270 4962; x_wconf 92' lang='lat' dir='ltr'><strong>etvino,</strong></span> <span class='ocrx_word' id='word_1_720' title='bbox 1285 4892 1487 4948; x_wconf 91' lang='lat' dir='ltr'><strong>etaliis</strong></span> <span class='ocrx_word' id='word_1_721' title='bbox 1509 4906 1776 4950; x_wconf 88' lang='lat' dir='ltr'><strong>necessa-</strong></span> 
     </span>
    </p>
   </div>
   <div class='ocr_carea' id='block_1_95' title="bbox 111 4977 1774 5052">
    <p class='ocr_par' dir='ltr' id='par_1_95' title="bbox 111 4977 1774 5052">
     <span class='ocr_line' id='line_1_95' title="bbox 111 4977 1774 5052; baseline 0.007 -22"><span class='ocrx_word' id='word_1_722' title='bbox 111 4977 214 5032; x_wconf 88' lang='lat' dir='ltr'><strong>riis</strong></span> <span class='ocrx_word' id='word_1_723' title='bbox 240 4992 498 5048; x_wconf 82' lang='lat' dir='ltr'><strong>expensa</strong></span> <span class='ocrx_word' id='word_1_724' title='bbox 530 4993 640 5035; x_wconf 93' lang='lat' dir='ltr'><strong>non</strong></span> <span class='ocrx_word' id='word_1_725' title='bbox 681 4984 835 5035; x_wconf 87' lang='lat' dir='ltr'><strong>caret</strong></span> <span class='ocrx_word' id='word_1_726' title='bbox 864 4993 963 5050; x_wconf 92' lang='lat' dir='ltr'><strong>per</strong></span> <span class='ocrx_word' id='word_1_727' title='bbox 998 4981 1238 5052; x_wconf 88' lang='lat' dir='ltr'><strong>gratiam</strong></span> <span class='ocrx_word' id='word_1_728' title='bbox 1279 4983 1401 5052; x_wconf 91' lang='lat' dir='ltr'><strong>Dei,</strong></span> <span class='ocrx_word' id='word_1_729' title='bbox 1444 4987 1508 5039; x_wconf 93' lang='lat' dir='ltr'><strong>ut</strong></span> <span class='ocrx_word' id='word_1_730' title='bbox 1539 4983 1774 5041; x_wconf 63' lang='lat' dir='ltr'><strong>modicae</strong></span> 
     </span>
    </p>
   </div>
   <div class='ocr_carea' id='block_1_96' title="bbox 113 5066 1773 5144">
    <p class='ocr_par' dir='ltr' id='par_1_96' title="bbox 113 5066 1773 5144">
     <span class='ocr_line' id='line_1_96' title="bbox 113 5066 1773 5144; baseline 0.006 -23"><span class='ocrx_word' id='word_1_731' title='bbox 113 5066 301 5122; x_wconf 90' lang='lat' dir='ltr'><strong>saltem</strong></span> <span class='ocrx_word' id='word_1_732' title='bbox 339 5067 736 5123; x_wconf 88' lang='lat' dir='ltr'><strong>exhibitionis</strong></span> <span class='ocrx_word' id='word_1_733' title='bbox 763 5082 959 5124; x_wconf 92' lang='lat' dir='ltr'><strong>curam</strong></span> <span class='ocrx_word' id='word_1_734' title='bbox 989 5071 1318 5141; x_wconf 90' lang='lat' dir='ltr'><strong>gessissent.</strong></span> <span class='ocrx_word' id='word_1_735' title='bbox 1349 5073 1580 5140; x_wconf 87' lang='lat' dir='ltr'><strong>Qualem</strong></span> <span class='ocrx_word' id='word_1_736' title='bbox 1607 5079 1773 5144; x_wconf 89' lang='lat' dir='ltr'><strong>putas</strong></span> 
     </span>
    </p>
   </div>
   <div class='ocr_carea' id='block_1_97' title="bbox 109 5156 1777 5220">
    <p class='ocr_par' dir='ltr' id='par_1_97' title="bbox 109 5156 1777 5220">
     <span class='ocr_line' id='line_1_97' title="bbox 109 5156 1777 5220; baseline 0.007 -12"><span class='ocrx_word' id='word_1_737' title='bbox 109 5157 524 5212; x_wconf 88' lang='lat' dir='ltr'><strong>conscientiam</strong></span> <span class='ocrx_word' id='word_1_738' title='bbox 556 5156 827 5213; x_wconf 88' lang='lat' dir='ltr'><strong>habemus</strong></span> <span class='ocrx_word' id='word_1_739' title='bbox 844 5157 1153 5215; x_wconf 84' lang='lat' dir='ltr'><strong>exhibendi</strong></span> <span class='ocrx_word' id='word_1_740' title='bbox 1172 5165 1302 5215; x_wconf 86' lang='lat' dir='ltr'><strong>ante</strong></span> <span class='ocrx_word' id='word_1_741' title='bbox 1327 5160 1581 5217; x_wconf 90' lang='lat' dir='ltr'><strong>tribunal</strong></span> <span class='ocrx_word' id='word_1_742' title='bbox 1612 5164 1777 5220; x_wconf 87' lang='lat' dir='ltr'><strong>Chri-</strong></span> 
     </span>
    </p>
   </div>
   <div class='ocr_carea' id='block_1_98' title="bbox 109 5244 1769 5308">
    <p class='ocr_par' dir='ltr' id='par_1_98' title="bbox 109 5244 1769 5308">
     <span class='ocr_line' id='line_1_98' title="bbox 109 5244 1769 5308; baseline 0.007 -12"><span class='ocrx_word' id='word_1_743' title='bbox 109 5244 174 5298; x_wconf 86' lang='lat' dir='ltr'><strong>sti</strong></span> <span class='ocrx_word' id='word_1_744' title='bbox 194 5245 620 5301; x_wconf 87' lang='lat' dir='ltr'><strong>accusantibus</strong></span> <span class='ocrx_word' id='word_1_745' title='bbox 645 5247 916 5303; x_wconf 91' lang='lat' dir='ltr'><strong>omnibus</strong></span> <span class='ocrx_word' id='word_1_746' title='bbox 938 5252 1076 5303; x_wconf 92' lang='lat' dir='ltr'><strong>tunc</strong></span> <span class='ocrx_word' id='word_1_747' title='bbox 1099 5253 1155 5303; x_wconf 90' lang='lat' dir='ltr'><strong>et</strong></span> <span class='ocrx_word' id='word_1_748' title='bbox 1189 5249 1462 5304; x_wconf 88' lang='lat' dir='ltr'><strong>rationem</strong></span> <span class='ocrx_word' id='word_1_749' title='bbox 1489 5251 1769 5308; x_wconf 89' lang='lat' dir='ltr'><strong>reddenti-</strong></span> 
     </span>
    </p>
   </div>
   <div class='ocr_carea' id='block_1_99' title="bbox 107 5328 1772 5405">
    <p class='ocr_par' dir='ltr' id='par_1_99' title="bbox 107 5328 1772 5405">
     <span class='ocr_line' id='line_1_99' title="bbox 107 5328 1772 5405; baseline 0.007 -21"><span class='ocrx_word' id='word_1_750' title='bbox 107 5328 206 5388; x_wconf 86' lang='lat' dir='ltr'><strong>bus</strong></span> <span class='ocrx_word' id='word_1_751' title='bbox 237 5333 610 5405; x_wconf 88' lang='lat' dir='ltr'><strong>hominibus,</strong></span> <span class='ocrx_word' id='word_1_752' title='bbox 650 5336 749 5405; x_wconf 92' lang='lat' dir='ltr'><strong>qui</strong></span> <span class='ocrx_word' id='word_1_753' title='bbox 782 5350 850 5391; x_wconf 90' lang='lat' dir='ltr'><strong>ex</strong></span> <span class='ocrx_word' id='word_1_754' title='bbox 876 5337 1072 5392; x_wconf 91' lang='lat' dir='ltr'><strong>eodem</strong></span> <span class='ocrx_word' id='word_1_755' title='bbox 1107 5337 1229 5392; x_wconf 92' lang='lat' dir='ltr'><strong>luto</strong></span> <span class='ocrx_word' id='word_1_756' title='bbox 1271 5342 1327 5393; x_wconf 90' lang='lat' dir='ltr'><strong>et</strong></span> <span class='ocrx_word' id='word_1_757' title='bbox 1359 5352 1545 5394; x_wconf 91' lang='lat' dir='ltr'><strong>massa</strong></span> <span class='ocrx_word' id='word_1_758' title='bbox 1571 5341 1772 5396; x_wconf 90' lang='lat' dir='ltr'><strong>consi—</strong></span> 
     </span>
    </p>
   </div>
   <div class='ocr_carea' id='block_1_100' title="bbox 106 5421 1770 5496">
    <p class='ocr_par' dir='ltr' id='par_1_100' title="bbox 106 5421 1770 5496">
     <span class='ocr_line' id='line_1_100' title="bbox 106 5421 1770 5496; baseline 0.007 -21"><span class='ocrx_word' id='word_1_759' title='bbox 106 5422 304 5477; x_wconf 78' lang='lat' dir='ltr'><strong>stunt?</strong></span> <span class='ocrx_word' id='word_1_760' title='bbox 330 5423 479 5492; x_wconf 67' lang='lat' dir='ltr'><strong>Quae</strong></span> <span class='ocrx_word' id='word_1_761' title='bbox 505 5421 750 5479; x_wconf 90' lang='lat' dir='ltr'><strong>formido</strong></span> <span class='ocrx_word' id='word_1_762' title='bbox 775 5429 880 5495; x_wconf 90' lang='lat' dir='ltr'><strong>est,</strong></span> <span class='ocrx_word' id='word_1_763' title='bbox 919 5439 1046 5496; x_wconf 67' lang='lat' dir='ltr'><strong>quae</strong></span> <span class='ocrx_word' id='word_1_764' title='bbox 1075 5426 1288 5481; x_wconf 92' lang='lat' dir='ltr'><strong>cecidit</strong></span> <span class='ocrx_word' id='word_1_765' title='bbox 1315 5442 1489 5496; x_wconf 91' lang='lat' dir='ltr'><strong>super</strong></span> <span class='ocrx_word' id='word_1_766' title='bbox 1511 5428 1770 5487; x_wconf 91' lang='lat' dir='ltr'><strong>homines</strong></span> 
     </span>
    </p>
   </div>
   <div class='ocr_carea' id='block_1_101' title="bbox 168 5529 1762 5604">
    <p class='ocr_par' dir='ltr' id='par_1_101' title="bbox 168 5529 1762 5604">
     <span class='ocr_line' id='line_1_101' title="bbox 168 5529 1762 5604; baseline 0.005 -20"><span class='ocrx_word' id='word_1_767' title='bbox 168 5537 189 5566; x_wconf 82' lang='grc' dir='ltr'>ι</span> <span class='ocrx_word' id='word_1_768' title='bbox 213 5529 330 5585; x_wconf 84' lang='lat' dir='ltr'><strong>Hoc</strong></span> <span class='ocrx_word' id='word_1_769' title='bbox 357 5532 458 5584; x_wconf 86' lang='lat' dir='ltr'><strong>est</strong></span> <span class='ocrx_word' id='word_1_770' title='bbox 477 5529 813 5602; x_wconf 89' lang='lat' dir='ltr'><strong>tremissem,</strong></span> <span class='ocrx_word' id='word_1_771' title='bbox 845 5545 1044 5603; x_wconf 91' lang='lat' dir='ltr'><strong>nempe</strong></span> <span class='ocrx_word' id='word_1_772' title='bbox 1074 5531 1300 5588; x_wconf 89' lang='lat' dir='ltr'><strong>tertiam</strong></span> <span class='ocrx_word' id='word_1_773' title='bbox 1328 5532 1500 5589; x_wconf 88' lang='lat' dir='ltr'><strong>solidi</strong></span> <span class='ocrx_word' id='word_1_774' title='bbox 1527 5538 1762 5604; x_wconf 90' lang='lat' dir='ltr'><strong>partem.</strong></span> 
     </span>
    </p>
   </div>
   <div class='ocr_carea' id='block_1_102' title="bbox 1886 4439 3528 4515">
    <p class='ocr_par' dir='ltr' id='par_1_102' title="bbox 1886 4439 3528 4515">
     <span class='ocr_line' id='line_1_102' title="bbox 1886 4439 3528 4515; baseline 0.001 -21"><span class='ocrx_word' id='word_1_775' title='bbox 1886 4439 2020 4508; x_wconf 89' lang='lat' dir='ltr'><strong>quia</strong></span> <span class='ocrx_word' id='word_1_776' title='bbox 2051 4442 2422 4511; x_wconf 86' lang='lat' dir='ltr'><strong>pertinaciter</strong></span> <span class='ocrx_word' id='word_1_777' title='bbox 2449 4445 2760 4501; x_wconf 89' lang='lat' dir='ltr'><strong>adversarii</strong></span> <span class='ocrx_word' id='word_1_778' title='bbox 2793 4444 3163 4515; x_wconf 88' lang='lat' dir='ltr'><strong>perdurantes</strong></span> <span class='ocrx_word' id='word_1_779' title='bbox 3186 4442 3345 4498; x_wconf 92' lang='lat' dir='ltr'><strong>nullo</strong></span> <span class='ocrx_word' id='word_1_780' title='bbox 3363 4440 3528 4496; x_wconf 92' lang='lat' dir='ltr'><strong>modo</strong></span> 
     </span>
    </p>
   </div>
   <div class='ocr_carea' id='block_1_103' title="bbox 1884 4527 3531 4602">
    <p class='ocr_par' dir='ltr' id='par_1_103' title="bbox 1884 4527 3531 4602">
     <span class='ocr_line' id='line_1_103' title="bbox 1884 4527 3531 4602; baseline 0.002 -20"><span class='ocrx_word' id='word_1_781' title='bbox 1884 4527 2055 4598; x_wconf 87' lang='lat' dir='ltr'><strong>ﬂecti,</strong></span> <span class='ocrx_word' id='word_1_782' title='bbox 2084 4531 2168 4586; x_wconf 92' lang='lat' dir='ltr'><strong>vel</strong></span> <span class='ocrx_word' id='word_1_783' title='bbox 2201 4533 2269 4588; x_wconf 92' lang='lat' dir='ltr'><strong>ad</strong></span> <span class='ocrx_word' id='word_1_784' title='bbox 2305 4533 2485 4590; x_wconf 88' lang='lat' dir='ltr'><strong>lucem</strong></span> <span class='ocrx_word' id='word_1_785' title='bbox 2513 4534 2777 4590; x_wconf 88' lang='lat' dir='ltr'><strong>veritatis</strong></span> <span class='ocrx_word' id='word_1_786' title='bbox 2795 4533 3068 4602; x_wconf 90' lang='lat' dir='ltr'><strong>converti,</strong></span> <span class='ocrx_word' id='word_1_787' title='bbox 3093 4533 3186 4588; x_wconf 91' lang='lat' dir='ltr'><strong>sed</strong></span> <span class='ocrx_word' id='word_1_788' title='bbox 3220 4537 3275 4587; x_wconf 91' lang='lat' dir='ltr'><strong>et</strong></span> <span class='ocrx_word' id='word_1_789' title='bbox 3295 4530 3531 4586; x_wconf 78' lang='lat' dir='ltr'><strong>validio-</strong></span> 
     </span>
    </p>
   </div>
   <div class='ocr_carea' id='block_1_104' title="bbox 1884 4620 3528 4693">
    <p class='ocr_par' dir='ltr' id='par_1_104' title="bbox 1884 4620 3528 4693">
     <span class='ocr_line' id='line_1_104' title="bbox 1884 4620 3528 4693; baseline 0.002 -19"><span class='ocrx_word' id='word_1_790' title='bbox 1884 4620 2049 4676; x_wconf 91' lang='lat' dir='ltr'><strong>ribus</strong></span> <span class='ocrx_word' id='word_1_791' title='bbox 2085 4622 2497 4680; x_wconf 81' lang='lat' dir='ltr'><strong>aﬂlictionibus</strong></span> <span class='ocrx_word' id='word_1_792' title='bbox 2521 4629 2576 4680; x_wconf 89' lang='lat' dir='ltr'><strong>et</strong></span> <span class='ocrx_word' id='word_1_793' title='bbox 2615 4622 3093 4680; x_wconf 90' lang='lat' dir='ltr'><strong>tribulationibus</strong></span> <span class='ocrx_word' id='word_1_794' title='bbox 3129 4620 3468 4693; x_wconf 68' lang='lat' dir='ltr'><strong>adiciebant,</strong></span> <span class='ocrx_word' id='word_1_795' title='bbox 3495 4635 3528 4678; x_wconf 91' lang='lat' dir='ltr'><strong>a</strong></span> 
     </span>
    </p>
   </div>
   <div class='ocr_carea' id='block_1_105' title="bbox 1883 4711 3529 4783">
    <p class='ocr_par' dir='ltr' id='par_1_105' title="bbox 1883 4711 3529 4783">
     <span class='ocr_line' id='line_1_105' title="bbox 1883 4711 3529 4783; baseline 0.001 -18"><span class='ocrx_word' id='word_1_796' title='bbox 1883 4711 2146 4766; x_wconf 90' lang='lat' dir='ltr'><strong>custodia</strong></span> <span class='ocrx_word' id='word_1_797' title='bbox 2181 4711 2240 4767; x_wconf 92' lang='lat' dir='ltr'><strong>in</strong></span> <span class='ocrx_word' id='word_1_798' title='bbox 2288 4713 2627 4783; x_wconf 89' lang='lat' dir='ltr'><strong>custodiam,</strong></span> <span class='ocrx_word' id='word_1_799' title='bbox 2673 4713 2741 4769; x_wconf 92' lang='lat' dir='ltr'><strong>eb</strong></span> <span class='ocrx_word' id='word_1_800' title='bbox 2765 4712 2972 4769; x_wconf 92' lang='lat' dir='ltr'><strong>exsilio</strong></span> <span class='ocrx_word' id='word_1_801' title='bbox 3004 4713 3063 4767; x_wconf 92' lang='lat' dir='ltr'><strong>in</strong></span> <span class='ocrx_word' id='word_1_802' title='bbox 3110 4711 3403 4782; x_wconf 84' lang='lat' dir='ltr'><strong>exsilium,</strong></span> <span class='ocrx_word' id='word_1_803' title='bbox 3433 4724 3529 4767; x_wconf 90' lang='lat' dir='ltr'><strong>eos</strong></span> 
     </span>
    </p>
   </div>
   <div class='ocr_carea' id='block_1_106' title="bbox 1885 4799 3531 4873">
    <p class='ocr_par' dir='ltr' id='par_1_106' title="bbox 1885 4799 3531 4873">
     <span class='ocr_line' id='line_1_106' title="bbox 1885 4799 3531 4873; baseline 0.001 -19"><span class='ocrx_word' id='word_1_804' title='bbox 1885 4799 1985 4869; x_wconf 91' lang='lat' dir='ltr'><strong>qui</strong></span> <span class='ocrx_word' id='word_1_805' title='bbox 2011 4800 2164 4856; x_wconf 87' lang='lat' dir='ltr'><strong>circa</strong></span> <span class='ocrx_word' id='word_1_806' title='bbox 2208 4803 2547 4857; x_wconf 87' lang='lat' dir='ltr'><strong>monachum</strong></span> <span class='ocrx_word' id='word_1_807' title='bbox 2578 4802 2943 4858; x_wconf 80' lang='lat' dir='ltr'><strong>Anastasium</strong></span> <span class='ocrx_word' id='word_1_808' title='bbox 2969 4807 3152 4871; x_wconf 90' lang='lat' dir='ltr'><strong>erant,</strong></span> <span class='ocrx_word' id='word_1_809' title='bbox 3199 4801 3355 4873; x_wconf 88' lang='lat' dir='ltr'><strong>quia</strong></span> <span class='ocrx_word' id='word_1_810' title='bbox 3380 4807 3531 4858; x_wconf 90' lang='lat' dir='ltr'><strong>tem—</strong></span> 
     </span>
    </p>
   </div>
   <div class='ocr_carea' id='block_1_107' title="bbox 1887 4889 3528 4960">
    <p class='ocr_par' dir='ltr' id='par_1_107' title="bbox 1887 4889 3528 4960">
     <span class='ocr_line' id='line_1_107' title="bbox 1887 4889 3528 4960; baseline 0.003 -17"><span class='ocrx_word' id='word_1_811' title='bbox 1887 4902 2020 4958; x_wconf 89' lang='lat' dir='ltr'><strong>pore</strong></span> <span class='ocrx_word' id='word_1_812' title='bbox 2053 4889 2232 4946; x_wconf 92' lang='lat' dir='ltr'><strong>multo</strong></span> <span class='ocrx_word' id='word_1_813' title='bbox 2275 4889 2370 4946; x_wconf 91' lang='lat' dir='ltr'><strong>hic</strong></span> <span class='ocrx_word' id='word_1_814' title='bbox 2410 4896 2641 4960; x_wconf 90' lang='lat' dir='ltr'><strong>propter</strong></span> <span class='ocrx_word' id='word_1_815' title='bbox 2661 4889 2952 4948; x_wconf 88' lang='lat' dir='ltr'><strong>Christum</strong></span> <span class='ocrx_word' id='word_1_816' title='bbox 2977 4891 3048 4946; x_wconf 91' lang='lat' dir='ltr'><strong>de</strong></span> <span class='ocrx_word' id='word_1_817' title='bbox 3095 4890 3218 4948; x_wconf 94' lang='lat' dir='ltr'><strong>loco</strong></span> <span class='ocrx_word' id='word_1_818' title='bbox 3250 4891 3309 4946; x_wconf 91' lang='lat' dir='ltr'><strong>in</strong></span> <span class='ocrx_word' id='word_1_819' title='bbox 3341 4891 3528 4948; x_wconf 90' lang='lat' dir='ltr'><strong>locum</strong></span> 
     </span>
    </p>
   </div>
   <div class='ocr_carea' id='block_1_108' title="bbox 1885 4978 3532 5038">
    <p class='ocr_par' dir='ltr' id='par_1_108' title="bbox 1885 4978 3532 5038">
     <span class='ocr_line' id='line_1_108' title="bbox 1885 4978 3532 5038; baseline 0.002 -5"><span class='ocrx_word' id='word_1_820' title='bbox 1885 4982 2103 5034; x_wconf 88' lang='lat' dir='ltr'><strong>tractus</strong></span> <span class='ocrx_word' id='word_1_821' title='bbox 2132 4978 2379 5035; x_wconf 82' lang='lat' dir='ltr'><strong>amictus</strong></span> <span class='ocrx_word' id='word_1_822' title='bbox 2402 4984 2507 5035; x_wconf 90' lang='lat' dir='ltr'><strong>est.</strong></span> <span class='ocrx_word' id='word_1_823' title='bbox 2554 4979 2746 5034; x_wconf 90' lang='lat' dir='ltr'><strong>Simili</strong></span> <span class='ocrx_word' id='word_1_824' title='bbox 2774 4981 2940 5036; x_wconf 92' lang='lat' dir='ltr'><strong>modo</strong></span> <span class='ocrx_word' id='word_1_825' title='bbox 2969 4985 3025 5036; x_wconf 94' lang='lat' dir='ltr'><strong>et</strong></span> <span class='ocrx_word' id='word_1_826' title='bbox 3057 4981 3330 5036; x_wconf 87' lang='lat' dir='ltr'><strong>domuum</strong></span> <span class='ocrx_word' id='word_1_827' title='bbox 3362 4981 3532 5038; x_wconf 83' lang='lat' dir='ltr'><strong>Maxi-</strong></span> 
     </span>
    </p>
   </div>
   <div class='ocr_carea' id='block_1_109' title="bbox 1885 5067 3530 5140">
    <p class='ocr_par' dir='ltr' id='par_1_109' title="bbox 1885 5067 3530 5140">
     <span class='ocr_line' id='line_1_109' title="bbox 1885 5067 3530 5140; baseline 0.003 -19"><span class='ocrx_word' id='word_1_828' title='bbox 1885 5080 2061 5135; x_wconf 91' lang='lat' dir='ltr'><strong>mum,</strong></span> <span class='ocrx_word' id='word_1_829' title='bbox 2085 5073 2140 5122; x_wconf 92' lang='lat' dir='ltr'><strong>et</strong></span> <span class='ocrx_word' id='word_1_830' title='bbox 2164 5067 2517 5138; x_wconf 91' lang='lat' dir='ltr'><strong>discipulum</strong></span> <span class='ocrx_word' id='word_1_831' title='bbox 2560 5069 2704 5138; x_wconf 88' lang='lat' dir='ltr'><strong>ejus.</strong></span> <span class='ocrx_word' id='word_1_832' title='bbox 2739 5069 3009 5140; x_wconf 89' lang='lat' dir='ltr'><strong>Nunquid</strong></span> <span class='ocrx_word' id='word_1_833' title='bbox 3057 5073 3114 5124; x_wconf 91' lang='lat' dir='ltr'><strong>et</strong></span> <span class='ocrx_word' id='word_1_834' title='bbox 3145 5069 3241 5125; x_wconf 90' lang='lat' dir='ltr'><strong>isti</strong></span> <span class='ocrx_word' id='word_1_835' title='bbox 3294 5069 3530 5126; x_wconf 84' lang='lat' dir='ltr'><strong>rebelles</strong></span> 
     </span>
    </p>
   </div>
   <div class='ocr_carea' id='block_1_110' title="bbox 1882 5159 3528 5232">
    <p class='ocr_par' dir='ltr' id='par_1_110' title="bbox 1882 5159 3528 5232">
     <span class='ocr_line' id='line_1_110' title="bbox 1882 5159 3528 5232; baseline -0.001 -17"><span class='ocrx_word' id='word_1_836' title='bbox 1882 5159 2066 5215; x_wconf 85' lang='lat' dir='ltr'><strong>sunt?</strong></span> <span class='ocrx_word' id='word_1_837' title='bbox 2101 5159 2399 5230; x_wconf 67' lang='lat' dir='ltr'><strong>Caeterum,</strong></span> <span class='ocrx_word' id='word_1_838' title='bbox 2431 5159 2502 5214; x_wconf 94' lang='lat' dir='ltr'><strong>de</strong></span> <span class='ocrx_word' id='word_1_839' title='bbox 2529 5159 2744 5230; x_wconf 86' lang='lat' dir='ltr'><strong>Pyrrho</strong></span> <span class='ocrx_word' id='word_1_840' title='bbox 2793 5159 3088 5216; x_wconf 90' lang='lat' dir='ltr'><strong>sciendum</strong></span> <span class='ocrx_word' id='word_1_841' title='bbox 3118 5165 3224 5232; x_wconf 90' lang='lat' dir='ltr'><strong>est,</strong></span> <span class='ocrx_word' id='word_1_842' title='bbox 3257 5159 3528 5230; x_wconf 92' lang='lat' dir='ltr'><strong>quoniam</strong></span> 
     </span>
    </p>
   </div>
   <div class='ocr_carea' id='block_1_111' title="bbox 1883 5247 3528 5319">
    <p class='ocr_par' dir='ltr' id='par_1_111' title="bbox 1883 5247 3528 5319">
     <span class='ocr_line' id='line_1_111' title="bbox 1883 5247 3528 5319; baseline -0.002 -14"><span class='ocrx_word' id='word_1_843' title='bbox 1883 5255 2182 5319; x_wconf 88' lang='lat' dir='ltr'><strong>postquam</strong></span> <span class='ocrx_word' id='word_1_844' title='bbox 2209 5249 2349 5304; x_wconf 85' lang='lat' dir='ltr'><strong>certi</strong></span> <span class='ocrx_word' id='word_1_845' title='bbox 2385 5247 2519 5304; x_wconf 88' lang='lat' dir='ltr'><strong>facti</strong></span> <span class='ocrx_word' id='word_1_846' title='bbox 2543 5254 2679 5304; x_wconf 92' lang='lat' dir='ltr'><strong>sunt</strong></span> <span class='ocrx_word' id='word_1_847' title='bbox 2705 5262 2738 5304; x_wconf 91' lang='lat' dir='ltr'><strong>a</strong></span> <span class='ocrx_word' id='word_1_848' title='bbox 2779 5252 2864 5304; x_wconf 89' lang='lat' dir='ltr'><strong>ter</strong></span> <span class='ocrx_word' id='word_1_849' title='bbox 2901 5247 3065 5305; x_wconf 86' lang='lat' dir='ltr'><strong>beato</strong></span> <span class='ocrx_word' id='word_1_850' title='bbox 3093 5247 3430 5319; x_wconf 89' lang='lat' dir='ltr'><strong>apostolico,</strong></span> <span class='ocrx_word' id='word_1_851' title='bbox 3463 5260 3528 5302; x_wconf 90' lang='lat' dir='ltr'><strong>ac</strong></span> 
     </span>
    </p>
   </div>
   <div class='ocr_carea' id='block_1_112' title="bbox 1879 5337 3529 5409">
    <p class='ocr_par' dir='ltr' id='par_1_112' title="bbox 1879 5337 3529 5409">
     <span class='ocr_line' id='line_1_112' title="bbox 1879 5337 3529 5409; baseline -0.004 -13"><span class='ocrx_word' id='word_1_852' title='bbox 1879 5341 2130 5408; x_wconf 88' lang='lat' dir='ltr'><strong>Platone,</strong></span> <span class='ocrx_word' id='word_1_853' title='bbox 2165 5339 2314 5408; x_wconf 90' lang='lat' dir='ltr'><strong>quod</strong></span> <span class='ocrx_word' id='word_1_854' title='bbox 2344 5344 2543 5409; x_wconf 90' lang='lat' dir='ltr'><strong>sponte</strong></span> <span class='ocrx_word' id='word_1_855' title='bbox 2579 5337 2778 5394; x_wconf 88' lang='lat' dir='ltr'><strong>fecerit</strong></span> <span class='ocrx_word' id='word_1_856' title='bbox 2810 5337 3066 5394; x_wconf 90' lang='lat' dir='ltr'><strong>libellum</strong></span> <span class='ocrx_word' id='word_1_857' title='bbox 3095 5351 3286 5408; x_wconf 91' lang='lat' dir='ltr'><strong>suum,</strong></span> <span class='ocrx_word' id='word_1_858' title='bbox 3321 5337 3529 5392; x_wconf 82' lang='lat' dir='ltr'><strong>locave-</strong></span> 
     </span>
    </p>
   </div>
   <div class='ocr_carea' id='block_1_113' title="bbox 1881 5424 3526 5499">
    <p class='ocr_par' dir='ltr' id='par_1_113' title="bbox 1881 5424 3526 5499">
     <span class='ocr_line' id='line_1_113' title="bbox 1881 5424 3526 5499; baseline -0.004 -15"><span class='ocrx_word' id='word_1_859' title='bbox 1881 5434 2016 5486; x_wconf 87' lang='lat' dir='ltr'><strong>runt</strong></span> <span class='ocrx_word' id='word_1_860' title='bbox 2042 5442 2174 5485; x_wconf 91' lang='lat' dir='ltr'><strong>eum</strong></span> <span class='ocrx_word' id='word_1_861' title='bbox 2223 5441 2279 5483; x_wconf 77' lang='lat' dir='ltr'><strong>in</strong></span> <span class='ocrx_word' id='word_1_862' title='bbox 2311 5427 2520 5484; x_wconf 90' lang='lat' dir='ltr'><strong>throno</strong></span> <span class='ocrx_word' id='word_1_863' title='bbox 2566 5428 2713 5484; x_wconf 89' lang='lat' dir='ltr'><strong>isto:</strong></span> <span class='ocrx_word' id='word_1_864' title='bbox 2763 5441 3088 5499; x_wconf 89' lang='lat' dir='ltr'><strong>quanquam</strong></span> <span class='ocrx_word' id='word_1_865' title='bbox 3135 5427 3286 5482; x_wconf 92' lang='lat' dir='ltr'><strong>Deus</strong></span> <span class='ocrx_word' id='word_1_866' title='bbox 3331 5424 3526 5480; x_wconf 88' lang='lat' dir='ltr'><strong>statim</strong></span> 
     </span>
    </p>
   </div>
  </div>
