4034 6158
453 231 559 290 603
1686 240 2027 297 ANASTASI]

2195 243 2619 304 LIOTHECARII
3755 255 3856 314 606

445 355 606 424 justo
629 357 854 426 judicio
885 373 990 416 suo
1016 359 1294 417 deleverit
1319 376 1448 419 eum
1489 363 1561 420 de
1591 363 1740 422 libro
1768 367 2084 423 viventium
2114 365 2176 426 A
2208 368 2407 425 multa.
2460 371 2693 429 Sanctos
2745 387 2973 446 quoque
3017 375 3210 433 Patres
3248 381 3494 448 nostros,
3541 379 3748 434 saltem
3799 385 3854 435 ut

450 444 734 502 Similiter
775 453 962 504 autem
1001 455 1056 506 et
1099 463 1276 506 novus
1321 453 1548 525 przesul,
1582 458 1646 509 ut
1685 456 2090 530 comperimus,
2207 471 2381 514 unum
2411 472 2480 514 ex
2501 462 2712 531 egenis,
2742 444 2960 535 singuli
2983 465 3297 522 secundum
3329 466 3480 522 vires
3512 467 3850 534 reﬁciamus,

451 534 727 604 Pyrrhum
783 542 842 593 et
892 539 1330 608 praedecessores
1375 541 1519 614 ejus,
1570 542 1764 600 beatos
1814 547 2006 601 Patres
2041 550 2098 601 et
2204 550 2258 602 et
2302 548 2662 605 consolemur
2702 534 3110 608 tribulationes
3147 567 3364 610 eorum.
3407 556 3477 610 Et
3518 555 3760 626 quidem
3796 557 3856 613 de

451 627 676 678 sanctos
704 626 942 680 vocavit.
977 626 1045 682 Ut
1067 641 1199 699 ergo
1225 628 1488 699 scientes,
1515 631 1736 700 dilecti,
1770 633 1906 703 quia
1936 633 2099 688 terri-
2206 636 2568 694 sanctissimo
2611 643 2668 694 et
2688 638 2902 696 famulo
2930 641 3146 698 Christi
3185 643 3285 698 Dei
3319 644 3503 699 nostri
3539 645 3856 714 apostolico

452 707 624 764 bilem
651 711 904 779 judicem
947 714 1237 785 habemus,
1281 717 1380 787 qui
1425 724 1700 775 venturus
1724 726 1810 774 est
1832 721 2095 790 judicare
2203 722 2358 779 dicta
2387 725 2523 782 sint.
2552 729 2631 782 De
2663 733 2867 785 caetero
2896 743 3028 786 vero
3067 732 3451 788 necessarium
3491 733 3658 803 duxi,
3687 734 3855 790 etiam

449 796 828 869 cogitationes
868 804 924 854 et
951 807 1113 857 actus
1162 807 1401 874 nostros,
1448 810 1504 860 et
1541 807 1840 877 exquirere
1883 814 2092 864 rectam
2201 810 2272 866 de
2299 812 2585 871 divinitus
2607 815 2902 874 honoratis
2927 827 2982 874 et
3008 818 3320 876 illustratis
3345 820 3612 876 Patribus
3646 796 3856 878 nostris

449 882 614 940 ﬁdem
662 900 842 959 suam,
893 891 1232 959 sapientiam
1279 891 1478 949 fortem
1508 899 1564 949 et
1606 894 1888 968 stabilem,
1917 897 2092 953 sicuti
2200 904 2258 955 et
2311 905 2804 962 concertatoribus
2865 907 2990 976 ejus
3025 907 3327 965 dilectioni
3377 915 3577 965 vestrae
3637 910 3858 982 signiti-

449 975 810 1044 suscepimus
868 977 927 1032 in
969 979 1211 1036 Domino
1270 986 1561 1039 teneamus
1626 998 1756 1040 cum
1815 985 2093 1055 patientia
2199 1002 2362 1045 car-aa.

784 1193 1163 1254 ΕΞΗΓΗΣΙΣ
1208 1200 1362 1257 ΤΗΣ
1405 1201 1581 1258 ΚΙΝΗ
1591 1203 1785 1261 ΣΕΩΣ

511 1275 556 1335 Γ
556 1275 793 1355 ενοῄνης
811 1279 998 1356 μεταξὺ
1011 1289 1101 1340 τοῦ
1119 1292 1276 1365 κυροῦ
1294 1285 1428 1344 ἀϐϐᾶ
1450 1286 1717 1364 Μαξίμου,
1738 1293 1828 1350 καὶ
1847 1296 1948 1352 τῶν
1965 1293 2055 1353 σὺν

721 1369 881 1448 αὐτῷ,
914 1370 1002 1428 καὶ
1022 1375 1126 1429 τῶν
1151 1372 1435 1454 ἀρχόντων,
1457 1378 1543 1435 καὶ
1563 1378 1844 1460 Σεκρέτου.

585 1469 668 1549 Τῇ
697 1471 866 1566 ἡμέρα
953 1480 1420 1559 προσωρμίσθησαν
1440 1481 1603 1559 ταύτῃ
1626 1490 1688 1564 τῇ
1719 1487 2054 1566 βασιλευούσῃ

504 1556 671 1657 πόλει,
725 1559 758 1619 8
779 1586 838 1622 τε
876 1556 1044 1644 κύριος
1096 1556 1352 1645 Μάξιμος,
1399 1571 1490 1630 καὶ
1537 1556 1587 1630 οῗ
1627 1556 1728 1632 σῦν.
1757 1577 1896 1656 αὐτῷ
1941 1556 2058 1657 περί

505 1643 726 1741 δυσμὰςΔ
747 1648 919 1741 ἡλίου,
948 1643 1202 1720 ἐλθόντες
1239 1643 1334 1715 δύο
1387 1658 1708 1741 μανδάτωρες
1754 1643 1882 1738 μετά
1925 1643 2048 1722 δέκα

505 1732 942 1816 ἐκσκουϐιτώρων,
984 1741 1084 1818 ἐπῇ
1093 1764 1182 1820 ραν
1209 1741 1391 1809 αὐτοὺς
1416 1747 1473 1802 ἐκ
1507 1752 1597 1804 τοῦ
1624 1748 1806 1806 πλοίου
1832 1750 2054 1827 γυμνοὺς

503 1820 588 1876 καὶ
616 1821 967 1891 ἀνυποδέτους.
997 1827 1101 1885 Καὶ
1133 1829 1429 1907 μερίσαντες
1455 1831 1636 1898 αὐτοὺς
1664 1837 1753 1892 ἀπ’
1784 1837 2048 1909 ἀλλήλων,

509 1904 746 1983 Ξρύλαξαν
765 1913 834 1976 εἷς
861 1912 1074 1994 διάφορα
1101 1916 1434 1993 ἐκσκούϐιτοι,
1455 1920 1542 1979 καὶ
1563 1923 1672 1997 μεθ’
1695 1921 1889 2003 ἡμέρας
1915 1924 2054 1992 τινὰς

503 1992 830 2074 ἀναφέρουσιν
841 1996 1036 2088 αὐτοὺς
1068 2003 1119 2058 ἐν
1146 2006 1223 2084 τῷ
1261 2005 1518 2087 παλατίῳ,
1549 2009 1636 2068 καὶ
1662 2011 1926 2088 εἰσάγουσι
1963 2013 2051 2072 τὸν

498 2077 728 2155 γέροντα,
759 2085 810 2140 ἐν
835 2075 880 2164 ᾧ
911 2083 1053 2167 τόπῳ
1082 2090 1309 2168 συνήχθη
1347 2097 1380 2164 ἡ
1411 2092 1716 2167 σύγκλητος,
1767 2097 1854 2157 καὶ
1891 2099 2051 2168 πολὺς

499 2162 654 2229 ἄλλος
682 2167 861 2248 ὄχλοςο
888 2173 975 2231 καὶ
1011 2181 1328 2256 παριστῶσιν
1355 2180 1507 2240 αὐτὸν
1543 2180 1701 2258 μέσον
1726 2188 1829 2242 τῶν
1855 2185 2047 2266 ἀρχόν-

495 2273 599 2352 ¹ρων
641 2255 955 2333 καθημένων.
992 2263 1100 2320 Καὶ
1143 2261 1283 2342 λέγει
1326 2271 1467 2350 αὐτῷ
1490 2274 1518 2328 6
1546 2255 1902 2352 σακελλάριοξ
1919 2255 2043 2352 ’μετ’

494 2338 862 2441 ὀργῆς-πολλῆς
890 2347 978 2405 καὶ
1007 2338 1538 2433 μανίας-’Χριπιάνὸς
1565 2347 1640 2428 el;
1671 2359 1758 2418 καὶ
1781 2338 2046 2441 εἶπεξχά-

495 2447 592 2503 ριτι
642 2432 876 2510 Χριστοῦ
903 2442 996 2493 τοῦ
1023 2438 1166 2495 Θεοῦ
1204 2432 1309 2498 τῶν
1351 2440 1510 2518 ὅλων,
1567 2445 1864 2525 χριστιανός
1911 2432 2034 2526 εἶμί.

492 2513 596 2573 Καὶ
616 2514 758 2611 λέγει
786 2522 997 2611 ἐκεῖνος,
1027 2526 1120 2582 οὐκ
1137 2523 1272 2584 ἔστιν
1287 2513 1505 2599 ἀληθές..
1517 2513 1794 2611 ’Ᾰπεκρίθη
1814 2537 1842 2592 6
1862 2513 2042 2604 δοῦλος

487 2606 582 2658 τοῦ
608 2603 771 2698 Θεοῦ-ο
804 2605 889 2698 ΣὺΔ
908 2607 1097 2687 λέγεις,
1120 2616 1213 2672 οὐκ
1240 2616 1370 2691 εἰμι,
1403 2619 1520 2676 ἀλλ’
1543 2623 1571 2677 6
1589 2603 1725 2686 Θέος
1748 2619 1885 2698 λέγει
1908 2615 2044 2684 εἶναί

489 2709 576 2762 με.
612 2691 703 2748 καὶ
737 2691 986 2790 διαξνειν
1025 2700 1336 2778 χριστιανόν.
1390 2704 1501 2762 Καὶ
1525 2709 1659 2782 πῶς,
1692 2709 1868 2787 φησίν,
1897 2709 2040 2790 εἴπερ

484 2777 778 2875 ἐριστιανὸς
806 2771 872 2848 εἶ,
911 2771 1080 2875 μισεῖς
1116 2785 1204 2846 τὸν
1233 2789 1451 2867 βασιλέα
1477 2815 1493 2862 ;
1530 2771 1866 2875 Ἀποκριθεὶς,
1892 2803 1920 2856 6
1946 2771 2038 2856 τοῦ

485 2863 628 2963 βεοῦ
665 2867 865 2963 δοῦλος,
913 2869 1007 2952 ἔφη
1030 2897 1043 2910 ο
1075 2875 1180 2963 Καὶ
1223 2863 1374 2936 πόθεν
1412 2878 1601 2954 δῆλον;
1631 2863 1818 2963 τὸιγᾷρ
1860 2889 2033 2962 μῖσος,

483 2951 655 3051 ιίίυχῆς
691 2955 803 3014 ἔστί
840 2951 1166 3040 κεκρυμμένη
1212 2963 1446 3051 διάθεσις,
1498 2967 1674 3051 ὤσπερ
1729 2951 1815 3030 οὖν
1859 2951 1947 3034 καὶ
1998 2979 2034 3047 ἡ

481 3037 678 3114 ἀγάπη.
705 3043 811 3101 Καὶ
831 3037 972 3123 λέγει
995 3037 1133 3131 αύτῷ
1151 3073 1164 3088 ·
1200 3051 1286 3120 Ἐξ
1312 3043 1383 3134 ᾧ)
1401 3037 1665 3128 ἐποίησαςξ
1688 3067 1843 3118 πᾶσιν
1861 3037 2035 3140 ἐγένου

481 3127 832 3220 φανερὸςηὸιῃ
879 3140 1045 3212 μισεῖς
1090 3127 1177 3197 τὸν
1221 3127 1460 3220 βασιλέα,
1506 3127 1595 3203 καὶ
1637 3145 1731 3217 τὴν
1769 3127 2030 3210 πολιτείαν

481 3217 659 3316 aii-toﬁ,
690 3215 752 3316 ab
779 3217 876 3301 γὰρ
904 3221 1056 3316 μόνος
1084 3215 1368 3304 Αἴγυπτον,
1398 3231 1488 3290 καὶ
1522 3215 1918 3316 Ἀλεξάνδρειαν,
1944 3237 2034 3297 καὶ

478 3302 827 3402 Ῑῖεντάπολιν,
838 3309 924 3402 καὶ
935 3302 1205 3402 Τρίπολιν,
1217 3317 1306 3376 καὶ
1322 3319 1570 3401 Ἀφρικὴν
1587 3302 1916 3402 Σαρακηνοῖςι
1936 3350 2032 3386 πα·

481 3389 717 3468 ρέδωκας.
733 3396 836 3454 Καὶ
852 3398 928 3464 τίς
943 3389 1140 3460 τούτων
1154 3389 1556 3490 ἀπόδειξιςΙξέφω
1581 3389 1685 3470 Kal
1702 3411 2029 3494 παραφέρου-

475 3500 553 3535 σιν
595 3480 831 3553 Ἰωάννην
879 3484 966 3543 τὸν
1014 3487 1283 3566 γενόμενον
1333 3480 1665 3574 σακελλάριον
1697 3480 1899 3578 Πέτρου
1933 3507 2030 3559 τοῦ

473 3566 745 3663 γενομένου
773 3581 1059 3663 στρατηγοῦ
1082 3578 1376 3655 Νουμηδίας
1403 3585 1494 3651 τῆς
1515 3566 1759 3663 ’Ᾰερρικῆς
1780 3566 2025 3663 λεγοντα,

473 3651 550 3712 ὅτι
575 3656 677 3734 πρὸ
704 3659 956 3720 εἰκοσιδύο
983 3665 1113 3721 ἐτῶν
1132 3669 1159 3722 6
1177 3664 1387 3731 πάππος
1405 3673 1495 3725 τοῦ
1514 3668 1764 3729 δεσπότου
1787 3671 2027 3734 ἐκέλευσε

470 3744 547 3822 τῷ
577 3745 814 3826 μακαρίῳ
843 3747 1030 3830 Πέτρῳ
1058 3750 1230 3811 λαϐεῖν
1274 3753 1514 3834 στρατὸν,
1559 3758 1650 3816 καὶ
1687 3761 1921 3820 ἀπελθεῖν
1956 3765 2027 3830 εἷς

469 3827 730 3932 agi-{0mm
757 3831 888 3932 κατὰ
913 3827 1365 3932 τῷνΣαρακηνῶν,
1384 3842 1474 3902 καὶ
1492 3841 1686 3932 ἔγραψέ
1703 3870 1785 3906 σοι
1805 3851 1876 3914 ὥς
1899 3827 2024 3932 πρὸς

468 3915 762 4011 δοῦλονντοῦ
789 3920 931 3978 Θεοῦ
970 3915 1173 4011 λαλῶν,
1209 3915 1566 4011 πληροφορίαν
1598 3915 1734 4011 ἔὶων
1759 3937 1830 4000 εἷς
1863 3933 1922 3995 σὲ

467 3991 611 4092 ἅγιον
637 3993 924 4076 ἄνθρωπον,
955 4003 1002 4060 εἷ
1031 3991 1405 4081 συμϐουλεύεαί
1442 3991 1584 4092 ἀῦτῷ
1625 3991 1880 4078 ἀπελθεῖν.
1913 4019 2022 4078 Kal

831 4090 1000 4182 αὐτῷ,
1048 4077 1248 4170 λέγων,
1305 4094 1466 4174 μηδὲν
1511 4077 1718 4161 τοιοῦτο
1775 4108 2014 4182 ποιῆσαι,

465 4168 636 4273 ἐπειδὴ
655 4175 750 4273 οὐκ
769 4176 1009 4273 εὗδοκεῖο
1032 4168 1167 4248 Θεδς
1194 4185 1277 4244 ἐπὶ
1291 4168 1384 4257 τῆς
1402 4188 1664 4266 βασιλείας
1682 4168 2014 4273 Ἠρακλείουξ

462 4258 551 4355 καὶ
581 4266 688 4355 Δτοῦ
731 4260 924 4355 γένους,
948 4271 1128 4355 αὐτοῦ,
1185 4258 1581 4355 ωμπραχθῆναι
1622 4276 1718 4348 τὴν
1755 4258 2017 4341 πολιτείαν

459 4348 563 4450 τὶἶῗν
580 4348 875 4450 Ῥωμαίων.
899 4352 1051 4450 Λέγει
1075 4361 1103 4416 6
1129 4348 1311 4450 δοῦλος
1329 4348 1602 4450 τοῦ-Θεοῦ.
1624 4363 1748 4423 Ἐὰν
1765 4367 2012 4450 ἀληθεύῃ,

459 4433 958 4533 πάντωςᾳέᾋεις-καὶ
984 4441 1084 4533 τὴν
1113 4445 1237 4525 πρὸς
1265 4446 1357 4525 ἐμὲ
1390 4447 1616 4528 Πέτρου,
1647 4453 1734 4512 καὶ
1761 4433 1866 4525 τὴν.
1885 4433 2015 4533 apii;

459 4521 585 4601 πρὸς
635 4525 786 4583 αὐτὸν
841 4530 1137 4603 ἐπιστολήνς
1181 4539 1564 4614 παρενεχθῶσι,
1609 4540 1696 4599 καὶ
1735 4540 2012 4621 ὖπόκειμαι

456 4614 570 4676 ταῖς
610 4611 875 4680 δεκούσαις
901 4621 976 4697 τῷ
1001 4618 1145 4700 νόμῳ
1169 4611 1386 4688 ποιναῖς.
1419 4625 1525 4684 Kal
1551 4624 1692 4706 λέγει
1708 4652 1722 4665 ο
1744 4629 1886 4708 Ἐγὼ
1915 4635 2009 4692 οὐκ

459 4695 587 4798 ἑςχῳ-
606 4701 907 4798 ἐπιστολὴν,
941 4695 1066 4798 ¹ἀλλ’
1097 4695 1214 4766 οὔτε
1253 4700 1382 4780 οἶδα,
1419 4715 1462 4770 εἰ
1502 4695 1639 4780 ὅλως
1672 4695 1864 4798 ἔγραψέ
1899 4744 2000 4783 σοι.

471 4787 619 4845 Ἀλλ’
650 4791 703 4846 ἐν
719 4793 794 4870 τῷ
816 4792 1026 4875 φοσάτῳ
1051 4802 1219 4855 ταῦτα
1243 4800 1357 4858 κατ’
1379 4803 1566 4862 ἐκεῖνον
1593 4805 1806 4866 ἐλάλουν
1823 4807 2010 4877 πάντες

449 4875 538 4965 τδν
565 4875 769 4960 καιρόν.
813 4877 972 4965 ,Λέγει
998 4883 1122 4965 πρὸς
1147 4886 1299 4946 αὐτὸν
1324 4893 1352 4949 6
1378 4897 1470 4950 τοῦ
1503 4893 1643 4952 Θεοῦ
1670 4895 1848 4963 δοῦλος
1876 4920 1892 4936 ⁸

446 4961 509 5021 τὸ
534 4974 758 5046 φοσᾶτον
786 4964 908 5026 ὅλον
943 4961 1099 5031 τοῦτο
1139 4975 1380 5051 διελάλει,
1426 4982 1538 5046 πῶς
1567 4979 1629 5040 σὺ
1659 4981 1811 5059 μόνος
1852 4991 2005 5048 τοῦτο

447 5059 780 5148 συκοφαντεῖς
814 5079 921 5132 με;
953 5057 1211 5148 θεῴρησάς
1260 5090 1325 5142 με
1368 5065 1516 5135 πότε,
1563 5067 1598 5140 ἢ
1645 5057 1748 5148 ἐγώ
1786 5097 1862 5133 σε.
1901 5076 2005 5135 Kal

443 5138 606 5238 λέγεὲ
653 5140 915 5202 οὐδέποτε.
951 5138 1088 5208 Τότε
1114 5138 1349 5232 στραςρεὶς
1391 5155 1518 5236 πρὸς
1541 5138 1636 5228 τὴν
1663 5138 1952 5238 σύγκλητον
1975 5169 2004 5225 6

442 5233 538 5284 τοῦ
557 5227 700 5286 Θεοῦ
720 5229 1093 5303 δοῦλος,εἰπεν’
1117 5227 1191 5296 Εἰ·
1210 5239 1402 5298 δίκαιόν
1423 5227 1531 5301 ἐστι
1552 5244 1816 5313 τοιούτους
1837 5273 2001 5330 παρα-

555 5311 596 5330 Ιυ
659 5319 680 5330 Α
951 5318 964 5330 ⁸
1145 5322 1161 5330 Α
1256 5326 1264 5330 ⁸
1796 5323 1821 5330 μ

442 5311 737 5421 κομίζεσθαι
754 5318 1106 5421 κατηγόρους.
1136 5322 1171 5394 ἢ
1193 5326 1466 5421 μάρτυρας,
1482 5329 1688 5421 κρίνατε
1706 5358 1719 5370 ·
1753 5357 1778 5387 ‹‹
1795 5311 1872 5419 ὲῼ
1900 5311 1999 5421 γὰρ

440 5398 648 5480 κρίματι
684 5403 900 5482 κρίνετε,
932 5398 1251 5489 κριθήσεσοέ,
1281 5415 1370 5473 καὶ
1397 5415 1489 5497 οἵῳ
1523 5398 1706 5503 ’μέτρῳ
1737 5398 1991 5505 μέτρεῖτε;

606 5491 630 5505 ,ι
651 5488 665 5505 ,
767 5497 786 5505 -
805 5490 820 5505 ι
1056 5501 1068 5505 -
1137 5501 1169 5505 μ
1240 5498 1272 5505 ,λ
1411 5503 1424 5505 ι
1492 5501 1500 5505 -

441 5488 841 5570 μιτρηθήσεσθέ,
871 5488 1026 5574 φησιν
1046 5501 1075 5556 6
1098 5501 1202 5556 τῶν
1228 5498 1363 5560 ὅλων
1391 5488 1548 5571 eia};
1563 5527 1585 5560 ι

1939 1117 2253 1137 α--κ

2254 1122 2508 1137 -ιῇ-

2793 1127 3102 1141 -υ--α

3114 1128 3288 1145 -ο-

2602 1221 2980 1283 RELATIO
3033 1223 3364 1286 MOTION
3383 1225 3451 1287 IS

2197 1313 2396 1406 facta
2415 1317 2602 1406 inter
2622 1318 2936 1382 damnum
2954 1322 3768 1406 Maximammonac/mm,
3798 1337 3859 1395 et

2197 1395 2451 1457 socium
2462 1399 2530 1476 ej
2533 1414 2634 1460 us.
2673 1416 2895 1462 comm
2903 1402 3352 1483 principibus
3371 1405 3450 1466 in
3463 1395 3856 1474 secretam.

2267 1510 2372 1566 Die
2414 1526 2540 1582 qua:
2565 1513 2812 1572 domnus
2859 1517 3143 1584 Maximus
3171 1523 3227 1574 et
3258 1519 3309 1575 is
3351 1522 3451 1591 qui
3483 1536 3616 1578 cum
3647 1538 3715 1581 eo
3733 1533 3862 1584 erat

2199 1614 2370 1671 penes
2391 1602 2538 1657 hanc
2563 1604 2776 1676 regiam
2813 1605 3011 1662 urbem
3036 1608 3461 1678 applicuerunt.
3494 1611 3652 1668 circa
3687 1630 3865 1674 occa-

2198 1703 2322 1744 sum
2345 1689 2506 1760 solis,
2535 1693 2826 1750 venientes
2842 1695 2958 1752 duo
2982 1697 3342 1755 mandatores
3367 1713 3480 1756 una
3500 1716 3631 1758 cum
3657 1704 3859 1762 decem

2196 1777 2630 1836 excubitoribus
2655 1781 3024 1840 tulerunteos
3045 1798 3074 1840 e
3100 1787 3228 1842 navi
3253 1788 3439 1846 nudos
3463 1795 3518 1846 et
3542 1791 3865 1850 discalcea-

2197 1870 2306 1937 tos,
2323 1872 2380 1922 et
2400 1875 2690 1938 separatos
2710 1884 2807 1927 eos
2821 1872 2891 1927 ab
2912 1873 3151 1930 invicem
3171 1877 3572 1934 custodierunt
3592 1880 3650 1936 in
3669 1882 3864 1940 diver-

2195 1954 2279 2010 sis
2302 1956 2689 2015 excubitibus.
2712 1961 2782 2016 Et
2803 1969 2929 2030 post
2951 1963 3078 2020 dies
3101 1964 3327 2036 aliquot
3341 1967 3640 2024 adducunt
3667 1985 3769 2027 eos
3802 1973 3862 2029 in

2195 2044 2490 2116 palatium,
2523 2052 2580 2101 et
2607 2041 2981 2106 introducunt
3009 2067 3199 2109 senem
3240 2054 3300 2110 in
3328 2055 3536 2127 locum,
3573 2059 3634 2114 in
3685 2075 3861 2132 quem

2194 2137 2426 2189 senatus
2469 2135 2744 2193 collectus
2773 2144 2877 2209 est,
2917 2146 2974 2195 et
3003 2141 3119 2196 alia
3150 2143 3330 2198 multa
3359 2144 3565 2216 turba;
3599 2153 3654 2202 et
3679 2149 3867 2205 exhi-

2193 2220 2328 2278 bent
2355 2237 2480 2279 eum
2515 2224 2574 2279 in
2602 2227 2850 2283 medium
2881 2231 3202 2287 sedentium
3227 2234 3573 2304 principum.
3606 2239 3676 2293 Et
3695 2238 3856 2297 dicit

2191 2313 2243 2368 ei
2271 2313 2605 2370 sacellarius
2633 2330 2762 2372 cum
2809 2319 2894 2374 ira
2926 2319 3102 2375 multa
3140 2326 3198 2375 et
3226 2321 3437 2379 furore.
3471 2325 3863 2386 Christianus

2191 2415 2251 2456 es
2271 2401 2299 2455 ?
2326 2404 2395 2458 Et
2421 2404 2568 2459 dicit
2593 2423 2604 2458 :
2637 2405 2835 2462 Gratia
2864 2407 3079 2464 Christi
3113 2410 3212 2465 Dei
3247 2412 3648 2470 universorum
3674 2416 3866 2474 Chri—

2190 2491 2417 2548 stianus
2442 2507 2586 2549 sum.
2622 2494 2857 2550 Etdicit
2888 2497 3022 2552 ille:
3067 2500 3190 2556 Non
3215 2506 3304 2556 est
3331 2515 3546 2558 verum.
3584 2506 3862 2576 Respon-

2187 2579 2275 2634 dit
2304 2580 2404 2634 Dei
2429 2595 2658 2637 servus:
2688 2584 2771 2639 Tu
2800 2584 2972 2655 dicis,
2999 2587 3094 2642 sed
3121 2589 3271 2644 Deus
3292 2590 3407 2646 scit
3427 2605 3550 2647 esse
3572 2607 3660 2648 me
3693 2595 3862 2652 Chri-

2188 2672 2434 2723 stanum.
2493 2671 2563 2724 Et
2606 2673 2912 2741 quomodo,
2966 2673 3178 2744 inquit,
3236 2677 3286 2732 si
3333 2678 3720 2737 Christianus
3777 2698 3857 2755 es,

2187 2756 2320 2813 odio
2364 2757 2536 2813 habes
2590 2759 2985 2830 imperatorem
3012 2763 3041 2818 ‘I
3084 2765 3449 2836 Respondens
3497 2771 3598 2824 Dei
3643 2785 3858 2830 servus

2185 2845 2301 2900 ait:
2334 2847 2403 2901 Et
2433 2848 2582 2903 unde
2624 2849 2728 2905 hoc
2771 2851 2997 2908 claret?
3025 2854 3224 2910 odium
3269 2857 3483 2927 quippe
3509 2861 3731 2918 mentis
3762 2869 3856 2920 est

2185 2936 2444 2992 occultus
2505 2937 2762 3010 allectus,
2814 2944 3290 3013 quemodmodum
3355 2953 3411 3003 et.
3463 2949 3735 3007 dilectio.
3794 2955 3863 3009 Et

2111 3039 2160 3101 α
2183 3025 2328 3080 dicit
2351 3024 2403 3080 ei
2427 3043 2438 3079 :
2466 3027 2546 3082 Ex
2592 3028 2685 3084 his
2713 3045 2838 3100 quae
2868 3029 3056 3088 fecisti
3089 3035 3316 3091 cunctis
3345 3034 3554 3093 factum
3591 3045 3682 3094 est
3725 3055 3859 3098 ma—

2182 3111 2454 3170 nifestum
2490 3118 2638 3186 quod
2685 3118 2818 3174 odio
2862 3120 3069 3179 habeas
3119 3124 3515 3194 imperatorem
3573 3133 3630 3183 et
3686 3144 3859 3187 rem-

2183 3201 2470 3272 publicam
2496 3205 2640 3274 ejus.
2664 3208 2746 3264 Tu
2767 3209 2918 3264 enim
2951 3210 3110 3268 solus
3132 3213 3454 3285 Egyptum,
3496 3221 3554 3272 et
3581 3217 3856 3276 Alexan-

2179 3291 2388 3354 driam,
2413 3297 2471 3348 et
2495 3295 2865 3368 Pentapolim,
2919 3303 2976 3354 et
3004 3298 3257 3358 Africam
3287 3305 3589 3362 Saracenis
3645 3310 3856 3365 tradi-

2179 3379 2340 3435 disti.
2370 3383 2439 3436 Et
2471 3397 2594 3453 quae
2623 3391 2728 3458 est,
2762 3387 2908 3453 infit,
2939 3389 3143 3445 horum
3175 3392 3564 3462 approbatio?
3595 3397 3662 3451 Et
3693 3397 3849 3455 falso
3875 3412 3886 3421 '

2183 3468 2765 3530 inducuntJoannem.
2787 3477 2886 3547 qui
2911 3476 3098 3535 fuerat
3118 3480 3454 3536 sacellarius
3471 3482 3625 3538 Petri
3659 3500 3855 3556 quon-

2176 3557 2305 3612 dam
2335 3561 2596 3628 praetoris
2616 3565 2902 3622 Numidia;
2930 3569 3239 3637 provinciae
3258 3568 3486 3641 Africae,
3508 3572 3811 3632 dicentem
3833 3596 3846 3632 :

2176 3646 2322 3716 Quir
2339 3653 2471 3704 ante
2492 3649 2702 3723 viginti
2725 3654 2873 3712 duos
2892 3670 3072 3713 annos
3093 3671 3233 3715 avus
3252 3659 3639 3719 dominatoris
3655 3665 3855 3733 jussit

2176 3737 2353 3800 beatae
2384 3744 2671 3802 memoriae
2701 3745 2864 3801 Petro
2893 3748 3206 3803 exercitum
3235 3763 3477 3821 sumere,
3512 3757 3568 3807 et
3601 3767 3853 3827 pergere

2176 3835 2236 3890 in
2266 3834 2567 3907 Egyptum
2597 3840 2794 3891 contra
2824 3835 3162 3893 Saracenos:
3206 3843 3262 3894 et
3291 3841 3528 3909 scripsit
3560 3842 3670 3898 tibi
3721 3850 3858 3902 tan-

2174 3937 2344 3995 quam
2378 3924 2446 3980 ad
2481 3937 2707 3980 servum
2737 3925 2836 3980 Dei
2870 3923 3128 3996 loquens,
3172 3927 3581 3985 certitudinem
3613 3930 3852 3990 habens

2172 4014 2232 4069 in
2264 4019 2337 4083 te,
2372 4018 2569 4084 utpote
2601 4015 2660 4069 in
2696 4014 2926 4070 homine
2959 4020 3174 4087 sancto,
3213 4017 3263 4072 si
3293 4018 3396 4073 des
3419 4019 3470 4073 ei
3503 4022 3848 4079 consilium

2167 4101 2346 4158 abire.
2394 4103 2462 4158 Et
2500 4104 2851 4174 rescripsisti
2901 4103 2978 4176 ei,
3021 4105 3258 4162 dicens:
3307 4107 3402 4162 Nil
3459 4106 3572 4164 tale
3621 4109 3845 4178 facere,

2170 4193 2442 4262 quoniam
2480 4206 2592 4249 non
2625 4192 2765 4248 bene
2796 4193 3069 4264 placitum
3106 4199 3192 4250 est
3220 4208 3409 4251 coram
3441 4197 3576 4267 Deo,
3626 4206 3698 4255 ut
3736 4200 3849 4256 im-

2169 4279 2326 4348 perio
2357 4281 2604 4338 Heraclii
2631 4287 2688 4338 et
2721 4282 2946 4354 generis
2976 4284 3101 4352 ejus
3133 4289 3471 4354 cooperetur
3496 4288 3849 4357 respublica

2167 4371 2570 4428 Romanorum.
2615 4371 2768 4427 Dicit
2798 4385 2996 4428 servus
3034 4373 3172 4428 Dei:
3213 4373 3272 4428 Si
3312 4376 3611 4431 veritatem
3643 4377 3851 4449 loqui-

2167 4464 2281 4529 tur,
2313 4460 2514 4531 utique
2545 4460 2713 4516 habet
2741 4464 2798 4516 et
2821 4460 2968 4515 Petri
3001 4461 3068 4516 ad
3099 4475 3204 4532 me,
3232 4467 3288 4518 et
3317 4476 3494 4518 meam
3527 4465 3602 4520 ad
3634 4466 3846 4536 ipsum

2162 4547 2484 4619 epistolam,
2519 4563 2644 4618 quae
2669 4548 3018 4620 deferentur,
3043 4555 3101 4606 et
3137 4551 3403 4620 subjaceo
3447 4554 3638 4622 poenis
3677 4569 3714 4610 a
3764 4555 3848 4610 le-

2163 4635 2332 4707 gibus
2343 4638 2677 4693 constitutis
2698 4638 2726 4692 ?
2749 4640 2812 4693 Et
2831 4638 3004 4694 dicit:
3031 4639 3148 4710 Ego
3163 4653 3276 4696 non
3296 4639 3479 4695 habeo
3491 4641 3846 4714 epistolam,

2161 4725 2255 4781 sed
2290 4739 2391 4781 nec
2422 4725 2549 4782 novi
2582 4725 2631 4780 si
2673 4727 2907 4782 omnino
2945 4728 3245 4798 scripserit
3274 4728 3403 4783 tibi.
3455 4730 3666 4785 Verum
3705 4731 3844 4787 hac

2162 4816 2220 4871 in
2257 4815 2466 4872 castris
2503 4829 2601 4885 per
2636 4815 2782 4872 illud
2825 4822 3049 4886 tempus
3083 4831 3278 4873 omnes
3309 4817 3722 4889 loquebantur.
3763 4823 3847 4878 Et

2158 4905 2304 4960 dicit
2333 4905 2401 4960 ad
2433 4918 2562 4961 eum
2596 4905 2696 4960 Dei
2733 4919 2932 4962 servus
2958 4924 2971 4960 :
3000 4906 3058 4961 Si
3090 4907 3379 4963 exercitus
3406 4913 3563 4964 totus
3593 4909 3708 4965 hoc
3751 4909 3845 4966 fa.

2157 4993 2404 5063 tebatur,
2444 4995 2725 5066 quomodo
2765 4999 2829 5050 tu
2868 4994 3028 5052 solus
3058 5007 3230 5065 super
3263 4996 3369 5053 hoc
3401 5011 3489 5053 me
3524 5011 3788 5056 accusas
3810 5000 3845 5055 ?

2154 5084 2366 5140 Vidisti
2395 5097 2482 5138 me
2501 5083 2834 5154 aliquando,
2859 5085 2944 5140 vel
2967 5099 3070 5157 ego
3095 5089 3150 5142 te
3168 5085 3196 5140 ?
3215 5085 3288 5142 At
3309 5085 3408 5142 ille
3431 5105 3444 5142 :
3475 5089 3836 5158 Nunquam.

2152 5175 2309 5229 'F-unc
2327 5173 2426 5228 Dei
2457 5187 2655 5230 servus
2680 5175 2749 5230 ad
2778 5178 3037 5230 senatum
3072 5189 3382 5232 conversus
3405 5175 3560 5232 dixit
3588 5196 3600 5232 :
3631 5177 3700 5232 Si
3735 5180 3848 5249 ju-

2152 5270 2304 5319 stum
2342 5267 2429 5318 est
2462 5263 2604 5319 tales
2646 5263 2928 5320 adducere
2969 5265 3435 5333 calumniatores,
3481 5265 3567 5321 vel
3609 5269 3842 5331 testes.

2144 5352 2436 5422 judicate:
2486 5355 2553 5407 In
2581 5369 2693 5422 qua
2735 5355 2877 5407 enim
2911 5353 3129 5421 judicio
3159 5354 3548 5422 judicaveritis
3580 5356 3846 5424 judica-

2150 5441 2344 5494 οἰνηἰηί
2368 5461 2386 5507 ;
2413 5444 2546 5496 etin
2575 5457 2686 5511 qua
2713 5458 2970 5498 mensura
2995 5445 3308 5514 mem-mini,
3333 5446 3584 5500 metietur
3609 5443 3683 5498 de
3721 5463 3838 5500 1:0-

2150 5531 2230 5584 δίε
2255 5526 2468 5598 (Matth.
2499 5529 2620 5601 vn),
2656 5530 2742 5586 ait
2770 5531 3024 5588 omnium
3058 5529 3356 5588 Dominus.
