4018 6160
443 206 549 270 607
1677 227 2034 291 ANASTASII
2084 235 2629 302 BIBLIOTHECARII
3683 257 3767 317 608

493 354 584 422 λος
609 375 624 397 ⁸
675 354 938 417 Οὐδέποτε
971 353 1233 437 διελέχθην
1272 379 1374 431 σοι,
1425 357 1469 433 εἰ
1498 352 1571 432 μὴ
1618 352 1751 421 ἅπαξ
1792 380 1850 428 μς
1892 354 1915 393 δ’

495 445 778 505 ὁσιωτάτου
805 442 1151 525 πρεσϐυτέρου
1178 450 1334 525 κυροῦ
1363 442 1719 521 Θεοχαρίστου
1771 450 1863 500 τοῦ
1955 466 1977 498 ε

495 538 593 612 φοῦ
619 539 714 592 τοῦ
755 529 995 612 ἐξάρχου,
1022 528 1103 590 διὰ
1129 530 1216 589 τὸν
1255 530 1606 610 πριμικήριον,
1636 551 1939 608 προτραπεες
1974 531 2046 583 κιέι

493 620 814 699 γραμμάτων
859 620 978 702 περὶ
1021 617 1224 678 τούτου.
1256 619 1363 677 Καὶ
1391 615 1477 677 ἐὰν
1503 619 1688 697 εὖρεθῶ
1714 613 2021 696 ψευδόμενος

493 707 760 768 ἀπολαύω.

572 795 677 853 Καὶ
705 793 836 872 μετὰ
860 801 1068 868 τοῦτον,
1116 793 1361 874 τέταρτον
1409 791 1593 871 ἄγουσι
1635 790 1915 872 Γρηγόριον
1958 791 2047 851 τὸν

491 879 598 940 υἱὸν
614 882 904 958 Φωτεινοῢ,
931 880 1169 960 λέγοντα·
1179 879 1308 942 c'01-:
1326 884 1552 952 ἀπῆλθον
1571 883 1641 947 εἰς
1656 880 1718 939 τὸ
1735 879 1938 939 κελλίον
1955 885 2044 937 τοῦ

493 965 628 1026 ἆϐϐᾶ
646 968 884 1046 Μαξίμου
908 972 960 1028 ἐν
983 966 1194 1047 Ῥώμῃ,
1217 970 1387 1049 κᾴμου
1408 964 1751 1039 εἰπόντος,ὅτι
1774 967 1862 1025 καὶ
1886 964 2045 1046 ἱερεύς

490 1055 628 1114 ἐστιν
654 1061 682 1115 ὁ
712 1055 968 1134 βασιλεὺς.
1002 1059 1141 1117 εἶπεν
1161 1062 1188 1115 6
1217 1056 1377 1122 ἆϐϐᾶς
1395 1053 1731 1120 Ἀναστάσιος
1761 1059 1790 1113 6
1815 1051 2045 1128 μαθητὴς

490 1143 645 1202 αὐτοῦ
663 1167 676 1180 ·
704 1141 798 1213 Μὴ
816 1143 1001 1223 ἀξιωθῇ
1022 1134 1148 1203 εἶναι
1173 1139 1561 1222 ἱερεύς.Εὗθέως
1579 1139 1720 1219 λέγει
1742 1139 1869 1220 πρὸς
1892 1139 2045 1198 αὐτὸν

490 1232 518 1289 6
532 1236 625 1289 τοῦ
652 1231 794 1290 Θεοῦ
815 1233 993 1299 δοῦλος
1012 1256 1027 1271 -
1053 1232 1236 1304 Φοϐήθ
1246 1255 1324 1303 ητι
1341 1229 1430 1290 τὸν
1451 1229 1588 1291 Θεὸν
1634 1236 1750 1308 κῦρι
1768 1226 2036 1309 Γρηγόριε.

489 1315 650 1378 Οὐδὲν
675 1322 939 1386 παντελῶς
974 1321 1025 1378 ἐν
1144 1319 1262 1399 περὶ
1300 1315 1496 1377 τούτων
1523 1314 1736 1384 διαλέξει
1761 1315 2044 1386 λελάληκεν

487 1407 518 1463 6
543 1403 814 1474 σύνδουλός
844 1429 967 1484 μου.
994 1406 1101 1465 Καὶ
1129 1406 1293 1489 ῥίπτει
1321 1404 1501 1464 ἑαυτὸν
1521 1409 1591 1471 εἰς
1611 1402 1705 1477 τὴν
1729 1407 1848 1481 γῆν,
1878 1400 2043 1489 λέγων

485 1494 552 1570 τῇ
569 1494 866 1575 συγκλήτῳ·
887 1488 1205 1572 Ἀνάσχεσθε
1238 1498 1334 1552 τοῦ
1363 1490 1545 1550 δούλου
1564 1494 1730 1568 ὑμῶν,
1762 1491 1854 1550 καὶ
1875 1488 2043 1548 πάντα

486 1575 702 1656 λέγωῶς
714 1574 936 1652 ἐλαλήθη
948 1627 959 1645 ,
973 1580 1061 1639 καὶ
1078 1578 1268 1657 ἐλέγξει
1293 1603 1360 1656 με
1381 1576 1466 1637 ἐὰν
1487 1575 1788 1657 ψεύσομαι.⁸
1800 1579 1851 1636 Ο
1870 1574 2041 1657 κύριός

488 1687 588 1741 μου
615 1658 760 1733 οὗτος
777 1666 1058 1751 Γρηγόριος
1089 1666 1246 1727 ἐλθὼν
1269 1669 1340 1732 εἰς
1372 1663 1610 1743 Ῥώμην.
1640 1661 1863 1738 ἠξίωσεν
1883 1666 2041 1751 ἐλθεῖν

485 1754 555 1819 εἰς
568 1752 630 1813 τὸ
647 1750 849 1814 κελλίον
875 1762 969 1815 τοῦ
992 1753 1174 1814 δούλου
1196 1758 1357 1833 ὑμῶν.
1386 1752 1488 1813 ⁶Ον
1519 1753 1804 1833 θεωρήσας,
1830 1755 1898 1818 ὡς
1929 1750 2040 1818 ἔθος

486 1863 576 1917 μοι
602 1842 758 1907 ἐστὶν,
779 1840 963 1924 ἔρρίψα
982 1842 1206 1919 ἐμαυτὸν
1225 1844 1297 1909 εἰς
1313 1839 1406 1913 τὴν
1425 1846 1543 1924 γῆν,
1570 1839 1662 1900 καὶ
1681 1836 2042 1924 προσεκύνησα

482 1930 645 2008 αὐτῷ,
684 1928 774 1987 καὶ
797 1928 1113 2007 ἠσπασάμην
1136 1927 1309 2004 αὐτὸν,
1341 1929 1429 1988 καὶ
1456 1918 1597 1987 εἷπον
1644 1930 1784 2008 αὐτῷ
1824 1923 1957 2005 μετὰ
1980 1924 2042 1986 τὸ

482 2014 707 2075 καθίσαιο
727 2017 822 2083 Τίς
848 2022 882 2089 ἡ
912 2017 1052 2096 αἰτία
1068 2021 1160 2089 τῆς
1175 2020 1399 2089 meum";
1426 2013 1712 2096 παρουσίας
1735 2020 1830 2074 τοῦ
1857 2011 2041 2074 δεσπό-

482 2124 577 2163 του
603 2127 726 2182 μου;
757 2105 866 2165 Καὶ
891 2094 1051 2165 εἶπεν·
1081 2108 1149 2164 Ὁ
1173 2102 1362 2182 ἀγαθὸς
1385 2104 1475 2164 καὶ
1506 2094 1863 2185 θεοστήρικτος
1890 2105 2041 2180 ἡμῶν

482 2189 751 2264 δεσπότης,
784 2193 1056 2274 φροντίζων
1087 2197 1181 2265 τῆς
1221 2192 1422 2275 εἰρήνης
1453 2194 1556 2251 τῶν
1581 2190 1743 2269 ἁγίων
1768 2193 1863 2249 τοῦ
1899 2190 2041 2248 Θεοῦ

484 2278 789 2352 ὶκχλησιῶν.
806 2282 1014 2354 ἐποίησε
1038 2280 1273 2341 κέλευσιν
1303 2279 1431 2359 πρὸς
1452 2278 1541 2338 τὸν
1567 2278 1867 2356 θεοτίμητον
1891 2276 2040 2336 πάπο

480 2366 818 2449 παν,πίμψας
834 2369 922 2428 καὶ
937 2366 1233 2450 προσφορὰν
1251 2370 1321 2433 εἰς
1334 2367 1423 2426 τὸν
1441 2365 1584 2445 ἅγιον
1598 2364 1796 2447 Πέτρον
1806 2387 2034 2450 ,προτρε-

480 2451 701 2529 πόμενος
735 2455 889 2515 αὐτὸν
927 2449 1172 2526 Meam
1188 2459 1265 2536 τῷ
1291 2451 1521 2535 προέδρῳ
1540 2449 2035 2512 Κωνσταντινουπό-

481 2541 611 2625 λεως
622 2541 770 2625 ’ἅπερ
780 2547 1069 2624 πεμφθῆναι
1082 2540 1163 2601 διὰ
1170 2547 1261 2614 τῆς
1275 2544 1403 2625 ἐμῇς
1418 2538 1748 2621 μετριότητος
1754 2538 2035 2611 κατηξίωσε

481 2624 543 2686 τὸ
560 2619 760 2697 εὐσεϐὲς
781 2619 940 2689 αὐτοῦ
959 2628 1163 2712 κράτος.
1190 2629 1295 2688 Καὶ
1311 2619 1473 2688 εἶπονο
1498 2619 1632 2696 Δόξα
1652 2628 1778 2710 Θεῷ
1792 2631 1869 2708 τῷ
1889 2626 2036 2685 110M-

483 2713 628 2774 σαντί
644 2738 704 2774 σε
732 2714 870 2784 ἄξιον
894 2721 988 2788 τῆς
1018 2713 1257 2788 τοιαύτης
1285 2714 1567 2782 διακονίας.
1590 2711 1762 2786 Πλὴν,
1795 2714 1878 2773 ἐπὶ
1904 2714 2038 2796 ποίῳ

483 2798 664 2886 τρόπῳ
691 2802 926 2882 γενέσθαι
948 2802 1041 2876 τὴν
1067 2803 1244 2864 ἕνωσιν
1263 2808 1298 2877 ἡ
1322 2806 1481 2886 αρτοῢ
1507 2799 1779 2886 θεοστεφὴς
1800 2801 2036 2862 ἐκέλευσε

480 2881 790 2968 γαληνότης,
818 2890 974 2951 πάλιν
996 2890 1127 2964 εἰπέ,
1159 2895 1299 2972 εἴπερ
1327 2882 1500 2974 οἶδαςς
1528 2889 1619 2950 καὶ
1644 2881 1815 2959 εἶπας,
1846 2891 1932 2950 ἐπὶ
1957 2893 2034 2974 τῷ

481 2974 667 3060 Τύπῳ.
691 2979 797 3038 Καὶ
820 2978 966 3061 ἔφην·
988 2969 1285 3053 Ἀδύνατον,
1309 2982 1382 3046 ὥς
1410 2969 1578 3059 οἶμαι,
1600 2985 1758 3038 τοῦτο
1782 2969 2036 3049 καθέστηζ

480 3086 590 3124 κενο
621 3070 679 3126 οὗ
706 3066 806 3150 γὲρ
840 3070 1107 3149 ἀνέχονται
1133 3071 1181 3129 οἱ
1204 3071 1466 3147 Ῥωμαῖοι
1490 3071 1897 3150 συναναιρεθῆναι
1922 3072 2034 3135 ταῖς

479 3155 582 3216 τῶν
598 3155 895 3238 ἀκαθάρτων
921 3160 1187 3239 αἱρετικῶν
1215 3160 1423 3239 φωναῖς,
1444 3154 1536 3223 τὰς
1559 3159 1662 3214 τῶν
1680 3154 1837 3233 ἁγίων
1855 3151 2036 3214 Πατέ-

481 3261 582 3326 ρῳν
607 3241 932 3324 φωτοφόρους
960 3243 1154 3326 φωνάς,
1191 3243 1226 3316 ἢ
1252 3246 1329 3326 τῷ
1354 3241 1525 3325 ψεύδει
1566 3241 2037 3313 συναποσϐεσθῆναι

477 3323 572 3398 τὴν
594 3323 871 3414 ἀλήθειαν.
1098 3329 1270 3391 σκύτει
1302 3323 1744 3414 ’συναφονισθῆναι
1788 3329 1852 3389 τὸ
1898 3332 2029 3411 φῶς.

478 3413 639 3475 Οὐδὲν
664 3415 765 3499 γὰρ
802 3423 927 3498 ἡμῖν
967 3413 1112 3480 ἔσται
1152 3419 1214 3479 τὸ
1249 3413 1715 3504 προσκυνούμενον,
1746 3421 1791 3479 εἰ
1823 3416 2035 3504 γένηται

476 3505 579 3563 τῖὶν
605 3496 935 3569 οεοδιδάκτων
950 3505 1121 3584 λόγων
1140 3496 1417 3588 ἀναίρεσις.
1436 3496 1731 3579 Καὶ-εἶπας,
1763 3496 1856 3564 οὐκ
1881 3503 2034 3563 ἀναί-

478 3613 610 3676 ρεσιν
635 3594 738 3650 τῶν
774 3597 923 3675 ἱερῶν
950 3593 1128 3660 Τύπος
1153 3601 1373 3654 ποιεῖται
1412 3597 1614 3676 φωνίξν,
1644 3589 1780 3651 ἀλλὰ
1803 3589 2028 3661 σιωπὴν,

473 3674 556 3738 ἵνα
573 3677 664 3752 τὴν
691 3672 893 3761 εἰρήνην
912 3682 1353 3760 οἰκονομήσωμεν.
1383 3672 1491 3741 Καὶ
1517 3672 1680 3740 εἶπονο
1706 3677 2029 3761 Ἕστιῂπαρὰ

475 3769 541 3846 τῇ
562 3765 670 3849 θείᾳ
883 3756 1186 3839 σιωπὴξκαὶ
1207 3756 1482 3849 ἀναίρεσις·
1505 3773 1533 3826 6
1552 3765 1689 3851 95b:
1707 3763 1805 3847 γὰρ
1826 3756 1936 3825 εἶπε
1950 3756 2034 3824 διὰ

476 3844 570 3912 τοῦ
584 3844 770 3911 Δαϐίδο
801 3844 956 3913 ξιὈῦκ
972 3857 1069 3914 εἰσι
1087 3844 1404 3927 λαλιαὶ,ούδὲ
1426 3844 1671 3932 λόγοι,ιῖ›ν
1690 3844 1791 3913 οὒκ
1805 3852 2027 3913 ἀκούον-

473 3957 561 3997 ται
576 3943 627 3998 αἱ
641 3940 801 4020 φωναὶ
821 3943 1044 4000 αὖτῶν.ιι
1055 3944 1259 4001 Οὐκοῦν
1274 3939 1409 4020 εἰμὴ
1426 3943 1700 4002 λαλοῦνται
1718 3942 1807 4002 καὶ
1824 3940 2036 4001 ἀκούον-

472 4048 558 4085 ται
585 4029 633 4085 οἰ
656 4027 936 4111 περὶ-,Θεοῦ
956 4028 1124 4108 λόγοι.
1152 4027 1266 4089 οὐδὲ
1287 4029 1426 4097 ὅλως
1455 4030 1576 4104 εἰσὶ,
1607 4028 1741 4089 κατὰ
1765 4027 1859 4100 τὴν
1886 4031 2030 4111 Γρα⁴

473 4112 588 4199 enim
626 4105 926 4182 [ﬁlii-ita?
958 4105 1051 4187 Mil
1080 4115 1242 4199 βάλῃς
1274 4142 1340 4196 με
1367 4120 1435 4186 εἰς
1466 4116 1614 4189 ὕλας,
1648 4114 1751 4196 ἐγὼ
1772 4105 2029 4197 ἀρκοῦμαι

470 4196 548 4283 τῷ
570 4202 701 4283 ἡγίῳ
731 4203 1001 4286 συμϐόλῳ.
1022 4204 1118 4264 Κα’
1144 4196 1254 4272 πῶς
1276 4205 1485 4266 δύνασαι
1508 4211 1587 4289 τῷ
1772 4196 2034 4284 ἀρκεῖσθαι

472 4289 744 4374 συμϐόλῳ.
777 4290 923 4373 ἔφην,
951 4292 1227 4373 δεχόμενος
1251 4294 1339 4354 τὸν
1367 4293 1568 4368 Τύπον;
1599 4295 1708 4353 Καὶ
1733 4292 1785 4352 τί
1813 4290 2030 4372 βλάπτει

470 4376 533 4437 τὸ
553 4375 754 4458 δέχεθαι
796 4379 886 4439 τὸν
912 4379 1113 4454 Τύπον,
1144 4382 1231 4441 καὶ
1257 4380 1422 4460 λέγειν
1448 4381 1510 4441 τὸ
1536 4380 1832 4458 σύμϐολονς
1876 4379 2028 4462 ἔφης.

471 4462 646 4550 ιξέγω,
665 4464 743 4526 ὅτι
769 4472 1036 4550 προφανῶς
1062 4470 1254 4549 ἀναιρεῖ
1275 4468 1339 4527 τὸ
1358 4467 1620 4546 σύμϐολον
1642 4473 1671 4528 6
1696 4465 1893 4534 Τύπος.
1930 4468 2033 4529 Καὶ

470 4544 638 4621 εἶπαςο
670 4551 770 4614 Διᾶ
795 4544 892 4613 τὸν
908 4553 1100 4635 κύριον,
1130 4544 1275 4629 artic;
1309 4544 1441 4615 Εἰπέ
1470 4578 1582 4632 μοι,
1613 4553 1766 4637 ἔφην,
1795 4553 1859 4614 τὸ
1886 4553 2029 4632 σύμ-

474 4638 652 4712 ϐολον,
682 4642 773 4701 καὶ
798 4645 951 4720 γνῶθι
996 4645 1108 4708 πῶς
1154 4643 1433 4723 ἀναιρεῖται
1460 4641 1559 4702 ὑπὸ
1597 4648 1688 4702 τοῦ
1708 4640 1891 4702 τύπου.
1924 4641 2032 4702 Καὶ

470 4726 606 4807 ἤρξω
631 4734 725 4788 τοῦ
744 4727 935 4806 λέγειν⁹
956 4727 1197 4789 Πιστεύω
1225 4731 1296 4796 εἰς
1325 4727 1413 4788 ἕνα
1439 4730 1576 4790 Θεὸν
1593 4728 1812 4813 Πατέρα
1831 4752 2027 4790 παντο·-

469 4813 719 4896 κράτορα,
755 4813 972 4886 ποιητὴν
999 4819 1217 4901 οὐρανοῦ
1244 4817 1335 4877 καὶ
1361 4822 1482 4897 γῆς,
1511 4821 1711 4901 ὁρατῶν
1734 4841 1795 4877 τε
1820 4816 2031 4876 πάντων

468 4894 561 4962 καὶ
586 4894 839 4986 ἀοράτων.
861 4894 1109 4984 Ἐπίσχε,
1139 4894 1304 4981 εἷπον,
1338 4894 1556 4987 μίκρὸνξ
1584 4905 1673 4964 καὶ
1699 4903 1830 4983 μάθε
1852 4908 1963 4971 πῶς
1990 4909 2027 4977 ἡ

468 4993 571 5049 τῶν
600 4992 653 5050 ἐν
683 4989 875 5073 Νικαίᾳ
896 4991 1065 5059 πίστις
1094 4992 1331 5073 ἤρνηται.
1365 4990 1596 5064 Ποιητὴς
1624 4989 1724 5073 γὰρ
1750 4989 1922 5051 οὐκᾶν
1949 4990 2028 5064 εἴη

469 5076 884 5151 Θεὸς,θελήσεως
900 5080 987 5140 καὶ
1001 5079 1251 5161 ἐνεργείας
1270 5084 1490 5162 φυσικῆς
1508 5079 1873 5162 ἐστερημένος,
1884 5079 2028 5163 εἴπερ

467 5167 715 5252 θελήσας,
731 5167 847 5225 ἀλλ’
868 5170 962 5227 οὔκ
988 5169 1323 5247 ἀναγκασθεὶς
1351 5169 1561 5241 εποίησε
1577 5167 1668 5228 τὸν
1696 5170 1910 5252 οὖρανὸν
1936 5171 2030 5231 καὶ

468 5251 562 5324 τὴν
588 5259 707 5331 γῆν,
730 5252 872 5335 εἴπερ
892 5254 1119 5327 ἕληθεύει
1136 5259 1188 5317 ἐν
1209 5254 1462 5335 πνεύματι
1482 5256 1668 5318 Δαϐίδ’
1695 5251 1911 5318 ιΠάντα
1929 5256 2027 5319 ὅσα

467 5340 715 5414 ἠθέλησεν
750 5346 781 5401 6
808 5339 1018 5422 Κύριος,
1044 5343 1299 5419 ξὲποίησεν
1325 5347 1378 5403 ἐν
1401 5349 1479 5428 τῷ
1505 5348 1701 5428 οὐρανῷ
1738 5344 1829 5404 καὶ
1867 5347 1921 5406 ἐν

469 5436 560 5513 τῇ,
581 5435 633 5492 ἓν
649 5437 758 5500 ταῖς
783 5430 1080 5509 θαλάσσαις,
1092 5436 1246 5495 καὶέν
1268 5434 1460 5505 πάσαις
1481 5440 1597 5502 ταῖς
1622 5432 1928 5505 ἀϐύσσοις.»
1959 5438 2027 5498 Εἰ

2103 348 2163 409 Α
2188 356 2489 435 Nunquam
2528 368 2817 439 disputavi
2848 372 3054 439 tecum,
3083 369 3198 425 nisi
3232 368 3392 425 semel
3413 384 3529 427 cum
3560 378 3771 433 sanctis-

2187 452 2334 509 simo
2357 456 2681 528 presbytero
2699 458 2907 513 domno
2930 457 3346 527 Theaeharisto,
3378 461 3588 517 exarchi
3610 461 3768 537 fratre,

2187 546 2417 612 propter
2455 544 2871 614 primicerium.
2897 548 3096 617 jussus
3134 560 3228 616 per
3257 548 3464 605 litteras
3498 563 3650 621 super
3668 552 3770 607 hoc.

2186 630 2344 700 Quod
2377 633 2427 688 si
2460 638 2716 705 repertus
2742 634 2904 693 fuero
2930 637 3229 707 mentiens,
3261 638 3535 708 recipiam.

2256 739 2324 796 Et
2349 746 2474 810 post
2504 741 2676 810 hunc,
2710 747 2976 813 quartum
2991 744 3282 800 adducunt
3296 745 3609 816 Gregorium
3622 746 3769 803 tilium

2185 827 2415 885 Photini
2446 830 2759 887 dicentem:
2789 832 2935 901 Quia
2958 832 3180 902 perrexi
3217 834 3439 888 Romam
3461 834 3523 889 ad
3555 834 3774 891 cellulam

2184 916 2410 973 abbatis
2433 919 2696 989 Maximi;
2743 926 2800 975 et
2830 934 2917 976 me
2956 921 3183 976 dicente
3213 922 3343 992 quia
3376 926 3429 977 et
3453 923 3687 979 sacerdos
3711 931 3778 980 est

2187 1005 2515 1079 imperator,
2553 1008 2707 1064 dixit
2733 1008 2908 1065 abbas
2937 1009 3274 1066 Anastasius
3309 1010 3614 1081 discipulus
3649 1013 3772 1081 ejus;

2185 1107 2297 1150 non
2327 1095 2637 1169 sitdignus
2662 1096 2781 1153 fore
2810 1100 3094 1155 sacerdos.
3127 1100 3194 1154 Et
3221 1099 3407 1155 statim
3428 1099 3569 1154 dixit
3587 1099 3647 1154 ad
3675 1114 3779 1155 eum

2186 1197 2384 1241 servus
2432 1186 2557 1240 Dei:
2604 1186 2763 1242 Time
2794 1188 2992 1260 Deum,
3042 1189 3248 1243 domne
3292 1188 3539 1259 Gregori,
3579 1188 3651 1243 nil
3694 1188 3781 1245 tale

2186 1271 2581 1342 hujuscemodi
2635 1274 3026 1345 disputatione
3065 1289 3369 1332 conservus
3406 1289 3554 1332 meus
3596 1276 3782 1331 locutus

2184 1366 2288 1415 est.
2348 1362 2417 1417 Et
2463 1376 2591 1418 cum
2641 1368 2818 1419 semet
2848 1364 3182 1435 projecisset
3226 1364 3285 1420 in
3334 1370 3550 1431 terram,
3600 1365 3785 1421 senatui

2183 1449 2368 1506 dixit:
2404 1451 2691 1507 Sustinete
2721 1466 2945 1509 servum
2965 1460 3235 1519 vestrum,
3255 1457 3310 1508 et
3326 1453 3506 1509 omnia
3525 1453 3641 1508 dico
3654 1451 3786 1509 vobis

2186 1538 2359 1595 sicuti
2404 1539 2558 1596 dicta
2597 1546 2763 1597 sunt:
2810 1546 2867 1597 et
2894 1547 3098 1615 arguat
3127 1556 3232 1612 me,
3275 1542 3324 1598 si
3358 1541 3614 1598 mentitus
3640 1541 3784 1598 fuero.

2185 1627 2289 1682 Hic
2312 1627 2582 1684 dominus
2613 1643 2773 1686 meus
2792 1629 3105 1701 Gregorius
3135 1630 3368 1687 veniens
3388 1631 3602 1686 Romam
3628 1631 3783 1703 digna-

2187 1719 2280 1772 tus
2328 1723 2413 1772 est
2442 1718 2635 1773 venire
2672 1720 2741 1775 ad
2788 1719 3055 1776 cellulam
3097 1720 3249 1776 servi
3284 1720 3471 1776 vestri.
3523 1719 3633 1789 Quo
3673 1719 3788 1788 viso,

2186 1805 2360 1861 sicuti
2391 1806 2567 1863 moris
2586 1813 2673 1864 est
2695 1807 2862 1877 mihi,
2895 1809 3105 1879 projeci
3135 1809 3416 1879 meipsum
3448 1809 3502 1863 in
3528 1814 3726 1877 terram,
3748 1806 3793 1862 et

2184 1895 2416 1951 adoravi
2448 1909 2598 1968 eum,
2631 1902 2687 1952 et
2716 1897 3010 1953 osculatus
3029 1912 3177 1965 sum,
3201 1898 3391 1954 etdixi
3420 1897 3470 1952 ei
3489 1902 3605 1967 post
3628 1896 3794 1951 sessio-

2186 1996 2347 2039 nem:
2395 1985 2530 2055 Qure
2560 1998 2731 2041 causa
2757 1991 2843 2041 est
2870 1986 3281 2043 desiderabilis
3321 1986 3585 2042 adventus
3610 1983 3789 2041 domini

2189 2072 2339 2127 mei‘?
2381 2071 2453 2129 At
2484 2073 2612 2130 ille:
2643 2075 2853 2143 Bonus,
2905 2075 3118 2147 inquit,
3145 2081 3203 2131 et
3257 2090 3290 2131 a
3325 2077 3437 2132 Deo
3491 2071 3795 2131 confortatus

2185 2161 2511 2218 dominator
2542 2167 2752 2234 noster,
2791 2163 3251 2221 sollicitudinem
3286 2164 3492 2221 habens
3520 2163 3662 2234 pacis
3684 2174 3798 2217 san-

2186 2255 2406 2307 ctarum
2427 2252 2526 2307 Dei
2554 2252 2957 2324 Ecclesiarum,
2972 2254 3294 2323 jussionem
3320 2253 3452 2311 fecit
3471 2254 3537 2309 ad
3555 2251 3799 2308 divinitus

2188 2340 2527 2397 honoratum
2550 2356 2772 2413 papam,
2794 2343 2968 2400 missa
2993 2343 3165 2399 etiam
3185 2343 3475 2400 oblatione
3490 2343 3555 2400 ad
3581 2346 3796 2397 sanctum

2186 2431 2437 2502 Petrum,
2467 2431 2729 2488 hortatus
2768 2437 2855 2488 est
2886 2445 3036 2503 eum,
3070 2446 3184 2503 quo
3223 2447 3285 2489 se
3311 2432 3536 2504 praesuli
3559 2431 3799 2487 Constan-

2186 2518 2568 2588 tinopolitano
2617 2520 2829 2590 uniret,
2870 2534 2996 2592 qua:
3045 2521 3198 2577 mitti
3250 2536 3348 2593 per
3401 2519 3798 2577 mediocritatem

2188 2619 2365 2663 meam
2411 2607 2709 2679 dignatum
2740 2614 2829 2663 est
2867 2609 3025 2678 pium
3070 2611 3197 2680 ejus
3231 2610 3552 2681 imperium.
3585 2609 3646 2663 Et
3668 2604 3796 2660 dixi:

2186 2695 2382 2752 Gloria
2428 2696 2563 2767 Deo,
2610 2697 2710 2767 qui
2753 2695 2889 2753 fecit
2946 2703 3000 2753 te
3048 2699 3295 2771 dignum
3351 2695 3665 2769 hujusmodi
3710 2692 3803 2749 mi-

2188 2784 2448 2840 nisterio.
2482 2784 2885 2842 Verumtamen
2916 2786 3022 2842 sub
3066 2801 3179 2857 quo
3207 2787 3336 2844 ﬁeri
3383 2786 3542 2844 modo
3567 2783 3799 2840 unitatem

2185 2886 2217 2928 a
2241 2874 2356 2929 Deo
2380 2879 2648 2929 coronata
2671 2875 2796 2944 ejus
2821 2875 3004 2943 jussit
3031 2876 3454 2947 tranquillitas,
3486 2875 3535 2930 si
3557 2870 3729 2929 nosti?
3752 2870 3804 2925 Et

2184 2961 2391 3018 dixisti
2421 2979 2433 3015 :
2472 2961 2590 3018 Sub
2613 2963 2784 3032 Typo.
2816 2964 2884 3020 Et
2910 2964 3032 3019 dixi
3065 2983 3077 3019 :
3121 2964 3506 3036 Impossibile,
3536 2967 3594 3018 ut
3616 2959 3800 3030 opinor,

2185 3055 2272 3107 est
2302 3050 2439 3107 hoc:
2485 3064 2594 3107 non
2639 3053 2791 3107 enim
2840 3053 3142 3122 patiuntur
3190 3054 3434 3110 Romani
3473 3048 3673 3108 auferri
3715 3057 3804 3103 una

2185 3154 2313 3196 cum
2331 3140 2579 3210 impuris
2596 3141 2992 3197 hmreticorum
3012 3141 3256 3200 vocibus
3279 3148 3597 3200 sanctorum
3614 3140 3802 3194 Patrum

2187 3227 2460 3285 luciferas
2497 3242 2680 3299 voces,
2714 3228 2798 3285 vel
2841 3229 3016 3285 simul
3047 3244 3178 3287 cum
3227 3231 3522 3289 mendacio
3554 3227 3804 3285 veritatem

2186 3314 2502 3391 exstingui,
2535 3323 2636 3376 aut
2660 3333 2790 3374 cum
2814 3318 3067 3375 tenebris
3090 3319 3289 3377 lumen
3317 3320 3534 3392 pariter
3549 3312 3803 3385 dissipari.

2184 3407 2279 3462 Nil
2325 3407 2493 3464 nobis
2522 3407 2671 3478 quod
2704 3408 2975 3464 adoretur
3005 3409 3136 3479 erit,
3171 3411 3223 3466 si
3266 3410 3552 3473 divinitus
3583 3411 3807 3463 ostenso—

2186 3510 2311 3552 rum
2327 3495 2442 3552 fuit
2457 3496 2753 3553 verborum
2772 3496 3006 3555 ablatio.
3022 3498 3092 3553 Et
3105 3499 3318 3556 dixisti
3338 3518 3351 3554 :
3370 3501 3491 3555 Non
3508 3495 3805 3553 ablationem

2186 3597 2477 3640 sacrarum
2502 3586 2692 3656 Typus
2716 3584 2889 3643 edicit
2917 3601 3118 3645 vocum
3143 3589 3244 3645 sed
3280 3587 3729 3649 taciturnitatem,
3756 3582 3808 3633 ιιι

2184 3671 2584 3742 dispensemus
2631 3687 2842 3743 pacem.
2907 3676 2978 3732 Et
3022 3676 3182 3732 dixi:
3234 3677 3336 3733 Est
3391 3675 3539 3747 apud
3592 3669 3806 3728 divinam

2183 3760 2535 3830 Scripturam
2570 3762 2949 3820 taciturnitas
2986 3765 3158 3821 etiam
3187 3765 3469 3837 demptio.
3508 3765 3649 3819 Deus
3683 3755 3805 3813 enim

2184 3862 2285 3920 per
2310 3850 2487 3906 David
2531 3850 2716 3906 dixit:
2748 3853 2871 3908 Non
2912 3858 3042 3909 sunt
3082 3854 3316 3923 loquelae
3364 3869 3536 3924 neque
3558 3859 3805 3909 sermones.

2184 3953 2412 4006 quorum
2436 3954 2544 3993 non
2576 3938 2883 3994 audiantur
2908 3956 3059 3996 voces
3089 3956 3278 3997 eorum
3313 3942 3535 4012 (Psalm.
3566 3950 3714 3998 xvm,
3741 3930 3802 4002 3).

2180 4029 2328 4097 Ergo
2358 4026 2472 4083 nisi
2502 4028 2774 4085 dicantur
2792 4033 2849 4084 et
2870 4030 3195 4087 audiantur
3211 4044 3508 4089 sermones
3529 4029 3623 4101 qui
3641 4026 3704 4082 de
3720 4023 3810 4077 Deo

2183 4120 2339 4187 sunt,
2356 4129 2457 4172 nec
2468 4116 2704 4173 omnino
2728 4122 2864 4174 sunt
2884 4119 3196 4175 secundum
3218 4120 3597 4190 Scripturam.
3617 4116 3675 4171 Et
3693 4108 3815 4166 dixi'

2182 4204 2257 4261 sti
2282 4222 2297 4276 ;
2321 4206 2399 4261 Ne
2419 4205 2614 4262 mittas
2631 4219 2719 4261 me
2739 4206 2799 4262 in
2826 4205 3032 4263 silvas:
3053 4220 3157 4279 ego
3176 4214 3384 4265 sancto
3403 4209 3694 4265 contentus
3710 4207 3812 4256 sum

2183 4291 2456 4363 symbolo.
2472 4294 2541 4348 Et
2552 4294 2858 4365 quomodo,
2869 4293 3016 4350 dixi.
3034 4299 3193 4364 potes
3204 4301 3410 4353 sancto
3422 4309 3544 4352 esse
3553 4290 3814 4350 contentus

2099 4356 2153 4417 Π
2184 4356 2460 4452 symbolo,
2488 4356 2813 4452 suscipiens
2832 4356 3049 4453 Typum
3064 4383 3092 4437 ?
3112 4385 3180 4439 Et
3203 4386 3350 4455 quid
3376 4384 3542 4441 laedet
3563 4378 3815 4447 suscipere

2179 4471 2418 4541 Typum,
2446 4474 2505 4526 et
2531 4470 2724 4527 dicere
2758 4470 3079 4541 symbolum
3099 4471 3127 4525 *Ρ
3152 4473 3487 4529 asseruisti.
3525 4471 3658 4527 Aio:
3683 4466 3815 4535 Quo'

2180 4558 2334 4614 niam
2364 4557 2654 4614 evidenter
2678 4556 2982 4615 obtruncat
3009 4559 3333 4629 symbolum
3361 4564 3568 4632 Typus.
3590 4559 3656 4614 Et
3671 4550 3808 4612 dixi-

2178 4647 2288 4705 sti:
2321 4646 2614 4716 Quomodo
2649 4651 2878 4718 propter
2904 4647 3210 4705 Dominum
3236 4648 3266 4703 ?
3307 4650 3651 4715 Recitemus,
3682 4640 3802 4701 dixi.

2178 4735 2518 4806 symbolum,
2551 4739 2605 4791 et
2639 4736 2785 4793 scito
2819 4736 3070 4807 qualiter
3097 4736 3482 4795 obtruncetur
3517 4751 3550 4792 a
3577 4736 3733 4806 Typo.
3757 4726 3811 4782 Et

2177 4824 2402 4895 coepisti
2426 4824 2652 4880 dicere:
2687 4824 2865 4881 Credo
2891 4824 2953 4880 in
2980 4838 3159 4881 unum
3184 4826 3370 4883 Deum
3404 4829 3624 4883 Patrem
3653 4814 3818 4879 omni-

2177 4918 2480 4985 potentem,
2506 4911 2771 4969 factorem
2793 4912 2922 4969 caeli
2948 4918 3004 4969 et
3024 4917 3209 4986 terrae,
3232 4914 3569 4971 visibilium
3591 4907 3814 4968 omnium

2176 5008 2233 5060 et
2271 5001 2677 5058 invisibilium.
2720 5000 2982 5071 Attende,
3031 5002 3178 5075 dixi,
3228 5004 3561 5074 paululum,
3599 5005 3654 5057 et
3686 4997 3817 5053 disce

2178 5090 2428 5163 qualiter
2456 5089 2604 5159 apud
2636 5089 2882 5146 Nicaeam
2913 5092 3384 5149 convenientium
3419 5092 3563 5148 fides
3590 5090 3811 5159 negetur.

2176 5179 2376 5235 Factor
2393 5177 2545 5233 enim
2587 5191 2698 5234 non
2722 5183 2873 5235 esset
2895 5180 3066 5252 Deus,
3101 5181 3402 5238 voluntate
3428 5195 3495 5238 ac
3523 5173 3818 5250 operatione

2177 5266 2425 5324 naturali
2456 5266 2733 5338 privatus,
2766 5268 2817 5324 si
2847 5268 3043 5326 volens
3071 5274 3129 5326 et
3159 5283 3269 5327 non
3292 5276 3535 5326 coactus
3567 5266 3695 5323 fecit
3718 5273 3819 5317 ca:-

2178 5355 2296 5411 lum
2321 5360 2379 5410 et
2398 5359 2628 5427 terram,
2655 5356 2706 5412 si
2732 5356 3028 5413 veritatem
3061 5357 3287 5428 profert
3309 5357 3497 5415 David
3518 5357 3577 5413 in
3608 5351 3818 5425 spiritu,

2175 5442 2402 5500 dicens:
2454 5443 2648 5499 Omnia
2690 5460 3024 5515 quaecunque
3050 5447 3223 5501 voluit
3274 5447 3551 5501 Dominus
3594 5444 3733 5514 fecit,
3770 5440 3818 5490 in

2179 5532 2307 5589 calo
2328 5537 2378 5590 et
2400 5534 2460 5589 in
2490 5538 2656 5601 terra,
2682 5534 2741 5588 in
2760 5535 2904 5588 mari
2927 5537 2979 5588 et
3013 5535 3072 5589 in
3100 5533 3354 5592 omnibus
3378 5535 3597 5606 abyssis
3620 5527 3818 5605 (Psalm-
