4018 6160
130 323 216 382 609
840 316 1321 375 COLLECTANEA
1333 359 1346 373 .
1386 350 1460 362 —
1493 320 1697 381 RELA']

1848 324 2152 388 iIOTIONIS
2188 333 2261 389 IN
2297 334 2352 391 S.
2393 336 2755 395 MAXIMUM.
3401 346 3509 408 640

157 484 203 545 δὲ
238 477 519 555 οἰκονομίας
568 478 715 560 χάριν
772 485 1140 558 συναναιρεῖται
1304 481 1611 561 κακοπιστίᾳ
1651 484 1687 552 ἦ

1849 454 2099 528 cxxxzv).
2130 456 2189 513 Si
2234 462 2446 532 autem,
2491 461 2943 533 dispensationis
2985 467 3190 539 gratia,
3235 485 3348 527 una
3377 486 3506 528 cum

156 571 381 651 σωτήριος
407 569 604 637 πίστις.
644 570 911 651 χωρισμὸς
940 572 1084 651 Θεοῦ
1110 568 1389 646 παντελὴς,
1436 569 1554 630 ἀλλ’
1595 574 1697 650 οὐχ

156 648 310 727 Evolat;
337 660 482 719 Θεοῦ
508 662 619 718 ἔστι
643 648 705 717 τὸ
729 648 961 718 τοιοῦτον
983 648 1113 723 εἶδος
1137 664 1232 730 τῆς
1258 656 1541 737 λέγομέν-ης
1556 648 1695 717 οεχδ.

153 749 335 825 νομίας.
362 748 470 807 Kui
493 744 592 828 γὰρ
611 743 780 826 αὔριον
799 749 847 804 οἱ
866 743 1155 824 δυσώνυμοι
1172 747 1413 806 Ἰουδαῖοι
1428 744 1690 821 λέγουσιν’

152 835 578 912 Οἰκονομήσωμεν
598 831 693 904 τὴν
717 832 843 914 πρὸς
869 834 1129 906 ἀλλήλους
1155 835 1481 916 εἷρήνην,καὶ
1498 837 1699 894 ἑνωθῶ-

152 950 254 1003 μεν,
269 923 359 984 xui
374 920 691 1003 περιίλωμεν
711 927 863 998 ἡμεῖς
885 919 977 999 μὲν
995 920 1091 993 τὴν
1111 921 1418 1003 περιτομὴν,
1443 922 1531 982 xui
1549 926 1698 999 ὕμεῖς

149 1016 202 1074 τὸ
242 1013 532 1093 βπίπτισμα,
589 1010 680 1071 xui
735 1008 921 1089 μηκέτι
971 1010 1228 1082 ἀλλήλους
1283 1010 1693 1088 πολεμήσωμεν.

150 1107 304 1163 Τοῦτο
335 1098 582 1182 Ἀρειανοί
604 1121 734 1159 ποτε
758 1096 1055 1180 προέτειναν
1085 1098 1352 1181 ἐγγράφως
1375 1099 1461 1159 ἐπὶ
1482 1105 1579 1159 τοῦ
1600 1122 1700 1177 με·

148 1191 290 1270 γάλου
298 1185 978 1265 Κωνσταντίνου,λέγοντες’
998 1186 1329 1268 Περιέλωμεν
1346 1187 1409 1248 τὸ
1423 1186 1700 1266 ὁμοούσιον

149 1276 302 1337 καὶτὸ
328 1274 641 1355 ἑτερούσιον,
691 1276 779 1335 καὶ
815 1278 1066 1336 ἑνωθῶσιν
1092 1277 1144 1334 αἱ
1182 1276 1474 1347 ἐκκλησίαι.
1509 1275 1615 1335 Καὶ
1640 1278 1699 1335 οὗ

150 1362 464 1433 ιατεδξαντο
492 1367 539 1423 οἱ
574 1360 801 1444 θεοφόροι
844 1361 1058 1443 πατέρες
1102 1366 1278 1441 ἡμῶν,
1328 1363 1448 1422 ἀλλ’
1501 1361 1700 1422 εἴλοντο

152 1456 327 1529 μᾶλλον
378 1449 651 1511 διώκεσθαι
688 1451 778 1510 καὶ
826 1454 1119 1524 ἀποθανεῖν,
1145 1450 1182 1523 ἢ
1212 1456 1476 1523 σιωπῆσαι
1524 1447 1698 1531 φωνὴν

150 1537 517 1619 παραστατικὴν
542 1545 634 1611 τῆς
675 1550 795 1615 μιᾶς
823 1546 919 1599 τοῦ
956 1538 1185 1620 Πατρὸς,
1218 1540 1308 1599 καὶ
1325 1545 1422 1598 τοῦ
1447 1539 1577 1599 Υἱοῦ
1605 1536 1703 1597 καὶ

151 1636 228 1688 τοῦ
252 1628 399 1705 ἁγίου
426 1625 731 1705 Πνεύματος
765 1625 1066 1708 ὓπερουσίου
1108 1624 1347 1698 θεότητος
1373 1649 1388 1665 ·
1418 1625 1506 1685 xui
1532 1629 1701 1684 ταῦτα

153 1714 573 1793 συνεπιτιθεμένου
590 1721 696 1782 τοῖς
723 1714 790 1775 τὰ
813 1722 1032 1776 τοιαῦτα
1056 1713 1380 1796 προτείνουσι
1406 1719 1502 1773 τοῦ
1532 1711 1699 1791 μεγά-

152 1808 230 1863 λου
254 1808 414 1865 Κωνσ
422 1804 671 1874 ταντίνου,
701 1801 867 1870 καθὼς
892 1805 1104 1869 πολλοῖς
1123 1799 1393 1882 ἱστόρηται
1414 1805 1521 1868 τοῖς
1551 1802 1697 1883 φιλο·

152 1890 295 1957 πόνως
321 1891 394 1950 τὰ
421 1890 540 1952 τότε
566 1890 814 1970 γενόμενα
834 1891 1085 1973 γράψασι.
1105 1890 1212 1950 Kui
1231 1890 1393 1956 οὐδεὶς
1419 1891 1522 1948 τῶν
1546 1892 1700 1968 βασι-

152 1978 264 2037 λέων
295 1980 524 2052 ἠδυνήθη
570 1980 749 2056 μέσαις
799 1984 990 2061 φωναῖς
1032 1984 1210 2039 πεῖσαι
1258 1976 1377 2045 τοὺς
1429 1974 1703 2059 θεοφόρους

152 2067 355 2150 πατέρας
421 2068 837 2145 σῦμϐιϐασθῆναι
878 2072 987 2134 τοῖς
1032 2068 1116 2129 ἐπὶ
1159 2070 1328 2127 αὔτῶν
1372 2064 1697 2147 αἱρετίζουσι,

151 2155 272 2215 ἀλλὰ
310 2162 427 2221 ταῖς
472 2160 679 2227 τραναῖς
724 2156 817 2215 καὶ
861 2156 1059 2237 κυρίας,
1104 2154 1199 2215 καὶ
1236 2153 1586 2226 καταλλήλοις
1627 2155 1705 2234 τῷ

150 2241 438 2326 ζητουμένῳ
477 2242 702 2321 δόγματι
747 2242 1048 2324 ἐκέχρηντο,
1103 2243 1338 2322 λέγοντες
1383 2245 1687 2323 στροφῶν

154 2327 270 2389 Ὀτι
286 2330 460 2409 ἱερέων
490 2332 627 2392 ἐστὶν
653 2331 714 2391 τὸ
734 2336 923 2402 ζητεῖν,
946 2330 1032 2391 xui
1053 2330 1305 2409 ὁρίζεσθαι
1322 2328 1559 2409 περὶτῶν
1579 2331 1689 2388 σῶ-

149 2417 314 2493 τηρίων
331 2406 614 2495 δογμάτων
634 2422 725 2490 τῆς
744 2421 1013 2489 καθολικῆς
1030 2406 1364 2489 Ἐκκλησίας.
1388 2406 1495 2475 Καὶ
1521 2406 1687 2482 εἶπας·

151 2504 211 2561 Τί
240 2496 350 2585 civ;
384 2508 506 2565 Οὖκ
532 2505 642 2566 ἔστι
671 2515 769 2572 πᾶς
798 2504 1032 2584 βασιλεὺς
1061 2504 1348 2585 χριστιανὸς
1376 2503 1469 2562 xui
1494 2499 1690 2583 ἱερεός;

156 2592 247 2649 Καὶ
270 2582 440 2652 εἷπον·
465 2594 581 2652 Ωὖκ
604 2591 752 2651 ἔστιν.
782 2582 918 2652 Οὐδὲ
944 2589 1042 2672 γὰρ
1062 2582 1379 2670 *παρίσταται
1408 2582 1685 2660 θυσιαστη·

155 2675 246 2737 εἴη).
296 2680 385 2738 ναὶ
442 2677 573 2753 μετᾶ
608 2678 695 2736 τὸν
724 2677 979 2755 ἀγιασμὸν
1014 2685 1108 2737 τοῦ
1146 2677 1298 2757 ἄρτου
1341 2679 1464 2756 ὓψοῖ
1510 2674 1686 2748 αὐτὸν,

148 2764 314 2839 ὶέγων,
341 2765 415 2826 τὰ
444 2769 568 2844 ἅγια
586 2770 694 2832 τοῖς
718 2766 878 2844 ἆγίοις
936 2764 1073 2825 Οὔτε
1105 2765 1355 2845 βαπτίζει,
1388 2761 1504 2823 οὔτε
1530 2762 1691 2842 μύρου

149 2851 337 2923 τελέτην
363 2856 619 2926 ἐπιτελεῖ,
633 2849 750 2912 οὔτε
767 2857 1068 2932 χειροθετεῖ,
1090 2851 1178 2911 καὶ
1202 2856 1338 2911 ποιεῖ
1357 2847 1688 2922 ἐπισκόπους,

147 2936 215 2990 καὶ
254 2934 656 3011 πρεσϐυτέρους,
704 2937 790 2994 καὶ
833 2934 1116 3003 διακόνους,
1168 2935 1282 2995 οὔτε
1329 2936 1462 3018 χρίει
1500 2933 1650 3001 ναοὺς
1678 2958 1694 2974 ο

149 3019 268 3078 Οὔτε
291 3020 351 3079 τὰ
380 3021 630 3097 σύμϐολα
654 3027 743 3092 τῆς
775 3021 1051 3102 ἱερωσύνης
1076 3021 1389 3104 ἐπιφέρεται,
1406 3020 1698 3105 ὦμοφόριον

146 3108 219 3167 xui
241 3109 297 3167 τὸ
329 3109 675 3186 Εὐαγγέλιον,
701 3108 871 3189 ὥσπερ
899 3116 992 3182 τῆς
1020 3111 1287 3190 βασιλείας
1314 3108 1403 3170 τόν
1427 3135 1485 3171 τε
1511 3109 1698 3191 στέφα-

146 3219 215 3254 νον
238 3200 318 3257 καὶ
342 3197 447 3268 τὴν
483 3199 773 3281 ἀλουργίδα.
832 3200 936 3258 Kui
962 3202 1072 3265 πῶς
1101 3203 1135 3270 ἡ
1166 3197 1335 3281 γραφὴ
1366 3197 1583 3281 βασιλέα
1611 3197 1698 3257 καὶ

146 3283 265 3359 ἱερέα
287 3285 433 3361 λέγει
467 3276 735 3344 simi-rev
776 3284 1132 3365 Μελχισεδέκς
1191 3276 1486 3367 ἔφης.Καὶ
1531 3276 1692 3361 εἶπον,

152 3372 240 3435 ἓιὰ
257 3380 346 3431 τοῦ
367 3371 526 3451 φύσει
549 3372 798 3452 βασιλέως
812 3374 954 3432 Θεοῦ
975 3377 1078 3431 τῶν
1102 3371 1235 3454 δ’)κων
1253 3370 1531 3451 γενοῷνου
1551 3370 1697 3454 φύσει

148 3455 215 3514 διὰ
234 3456 320 3529 τὴν
346 3464 507 3531 ἡμῶν
536 3461 793 3540 σωτηρίαν
821 3459 1122 3541 ἀρχιερέως,
1155 3452 1234 3526 εἶς
1261 3465 1461 3538 ὑήρχε
1488 3452 1645 3524 τύπος
1669 3463 1698 3518 δ

151 3547 484 3625 Μῦχισεδέκ.
529 3550 625 3615 Ὠς
666 3547 723 3607 δέ
766 3573 827 3627 γε
873 3547 1009 3609 κατᾶ
1054 3547 1149 3620 τὴν
1192 3548 1329 3618 τάξιν
1372 3545 1698 3627 Μελχισεδέκ

147 3631 292 3711 ἕτερον
332 3628 471 3695 εἶναι
513 3634 680 3713 λέγεις
725 3634 942 3715 βασιλέα
983 3635 1073 3695 xui
1118 3634 1277 3715 ἱερέα,
1323 3630 1503 3694 καὶτὰ
1543 3631 1699 3693 λοιπὰ

145 3724 383 3797 τολςιήσον
400 3728 566 3783 εἰπεῖν
575 3773 589 3795 ,
602 3724 683 3783 τὸ·
704 3746 729 3779 ιι
744 3723 1002 3803 Ἀπάτωρ,
1015 3723 1254 3800 ἀμήτωρ,
1265 3717 1695 3800 ἀγενεαλόγητον,

150 3808 448 3892 μήτεάρχὴν
469 3812 834 3892 ἡυ.ερῆν,μήτε
854 3809 1001 3877 τέλος
1024 3815 1159 3882 ζωῆς
1185 3809 1429 3890 ἔχοντα.»
1442 3810 1551 3870 Καὶ
1569 3807 1698 3869 σκό-

145 3918 216 3954 πει
238 3898 321 3956 τὸν
345 3903 404 3959 ἐκ
435 3898 629 3960 τούτου
648 3897 997 3981 ἀναφυόμενον
1022 3897 1201 3957 κακόν.
1224 3897 1425 3963 Ἄλλος
1441 3894 1540 3976 γὰρ
1559 3898 1697 3974 εὗρε·

147 3984 331 4052 θήσεται
349 3988 499 4054 Θεὸς
524 3993 553 4047 6
580 3994 806 4052 τοιοῦτος
835 3985 1259 4065 ἀνανθριοιπήσας,
1284 3981 1423 4043 κατὰ
1444 3982 1539 4055 τὴν
1563 3983 1698 4053 τάξιν

150 4069 488 4151 Μελχισεδὲκ,
518 4075 636 4132 ἀλλ’
667 4077 726 4134 οὖ
750 4070 883 4132 κατὰ
909 4070 1004 4143 τὴν
1021 4070 1158 4141 τάξιν
1202 4067 1407 4151 Ἀαρὼν
1431 4069 1526 4143 τὴν
1548 4073 1701 4149 ἡμῶν

149 4158 407 4241 ίερουργῶν
442 4161 729 4242 σωτηρίαν.

216 4335 381 4410 Πλὴν,
411 4336 476 4397 τί
499 4335 714 4415 θέλομεν
739 4334 821 4397 διὰ
846 4339 1053 4398 πολλῶν
1084 4339 1276 4411 ἔλθεῖνς
1314 4337 1407 4403 Εἷς
1429 4334 1523 4408 τὴν
1549 4336 1699 4416 ἁγίαν

407 4424 504 4484 ἐπὶ
527 4428 622 4495 τῆς
650 4426 795 4501 ἁγίας
824 4422 1103 4507 τραπέζης,
1136 4422 1268 4502 μετὰ
1293 4422 1412 4491 τοὺς
1432 4422 1700 4503 ἀρχιερέας

143 4510 216 4566 ;ἀὶ
240 4511 406 4590 ἱερέας
431 4511 528 4571 καὶ
565 4510 850 4582 διακόνους,
882 4513 969 4573 xui
990 4512 1179 4579 παντὸς
1219 4516 1475 4593 ἱερατικοῦ
1498 4511 1700 4591 τάγμα-

142 4620 239 4667 τος,
266 4599 401 4675 μετὰ
421 4604 532 4659 τῶν
544 4602 739 4660 λαᾱῶν
756 4604 805 4661 οἷ
825 4603 1052 4680 βασιλεῖς
1077 4600 1503 4681 μνημονεύονται,
1522 4599 1703 4680 λέγον-

142 4709 221 4752 τος
247 4696 340 4748 τοῦ
379 4688 652 4749 διακόνου·
702 4690 809 4749 Καὶ
853 4694 956 4750 τῶν
1002 4694 1055 4751 ἐν
1088 4690 1258 4751 πίστει
1310 4688 1704 4768 κεκοιμημένων

141 4774 346 4847 λαῖκῶν,
376 4780 800 4847 Κωνσταντίνου,
832 4777 1189 4845 Κώνσταντος,
1219 4776 1447 4845 καὶτοὺς
1467 4777 1693 4845 λοιπούς.

141 4862 285 4923 Nam
324 4866 382 4926 δὲ
412 4869 507 4928 καὶ
534 4871 635 4927 τῶν
664 4866 869 4937 ζώντων
908 4866 1213 4947 μνημονεύει
1243 4865 1517 4948 βασιλέων,
1571 4864 1703 4945 μετὰ

140 4950 247 5017 τοὺς
267 4954 590 5035 ἱερωμένους
617 4955 834 5023 πάντας.
852 4959 1038 5017 Ταῦτα
1064 4959 1218 5016 αὐτοῦ
1245 4954 1504 5033 λέγοντος,
1528 4954 1703 5036 κράζει

141 5042 388 5112 (aM-qva!
424 5045 614 5102 Ταῦτα
639 5042 806 5121 λέγων
844 5043 1057 5124 ἔσχισας
1099 5041 1194 5115 τὴν
1227 5041 1561 5114 Ἐκκλησίαν.
1596 5042 1703 5102 Καὶ

139 5125 265 5203 λέγει
287 5129 418 5208 πρὸς
441 5128 622 5189 αὐτόν·
644 5132 708 5189 Εἰ
736 5136 763 5190 6
781 5129 949 5208 λέγων
967 5128 1033 5190 τὰ
1053 5132 1158 5189 τῶν
1184 5128 1341 5208 ἁγίων
1362 5131 1589 5210 γραφῶν,
1613 5128 1704 5188 xui

140 5211 197 5271 τὰ
210 5220 312 5275 τῶν
330 5218 506 5295 ἁγίων
520 5217 769 5298 Πατέρων
789 5219 955 5299 σχίζει
970 5217 1063 5290 τὴν
1080 5217 1421 5289 Ἐκκλησίαν,
1434 5221 1463 5277 6
1480 5219 1703 5300 ἀναιρῶν

140 5300 199 5360 τὰ
218 5309 322 5363 τῶν
347 5305 535 5388 Δᾇιγίων
571 5305 832 5385 δόγματα,
868 5307 922 5367 τί
962 5304 1287 5386 δειχθήσεται
1414 5305 1704 5388 Ἐκκλησία

141 5395 312 5468 ποιεῖν,
337 5382 427 5453 ὧν
446 5382 761 5474 χωρὶς,οὗδὲ
786 5393 912 5454 αὐτὸ
937 5382 1116 5466 τοῦτο,
1136 5382 1450 5474 Ἐκκλησίαν
1470 5382 1597 5452 εἶναι
1615 5382 1704 5451 δυξ

141 5477 311 5551 mea;
359 5470 489 5540 καί
524 5470 759 5563 στραφεὶς
785 5486 814 5541 6
833 5480 1194 5562 σακελλοίριος,
1229 5470 1339 5539 εἶπε
1364 5482 1470 5546 τοῖς
1497 5476 1702 5559 ἀνθρώ-

142 5584 248 5633 ποις
278 5572 374 5627 τοῦ
417 5566 635 5648 ἐξάρχου
679 5566 810 5647 μετὰ
852 5573 1074 5650 κραυγῆς
1095 5593 1110 5610 ο
1138 5566 1330 5631 Ε’ίπετε
1362 5570 1438 5649 τῷ
1476 5565 1692 5650 ἐξάρχω,

1849 542 2189 602 credulitate
2211 561 2450 619 nequam
2476 550 2751 609 salutaris
2769 554 3021 611 demitur
3042 556 3200 628 ﬁdes,
3224 559 3508 629 separatio

1848 630 1949 686 Dei
1995 632 2057 688 ﬁt
2100 635 2462 695 omnimoda:
2497 640 2592 696 sed
2644 655 2755 698 non
2806 643 3000 699 unitas
3035 649 3123 701 est
3175 646 3508 717 hujusmodi

1850 721 2071 789 species
2093 724 2220 793 ejus
2244 740 2370 797 qua
2392 728 2613 785 dicitur
2635 731 3008 802 dispensatio.
3042 734 3102 790 Si
3125 736 3357 806 quidem
3382 749 3509 794 cras

1850 806 2079 866 nefandi
2100 813 2280 870 Judai
2305 815 2533 873 dicent:
2568 818 2974 890 Dispensemus
3000 822 3059 878 in
3089 822 3399 881 alterutros
3420 839 3511 895 pa-

1848 909 1988 970 cem,
2022 904 2079 956 et
2100 902 2370 960 uniamur
2396 911 2452 961 et
2474 912 2839 977 amputemus
2864 923 2967 967 nos
2989 911 3222 981 quidem
3247 913 3510 970 circum-

1848 984 2147 1055 cisionem,
2178 1004 2278 1047 vos
2302 1005 2432 1048 vero
2463 992 2833 1067 baptismum,
2865 1002 2922 1053 et
2968 1011 3080 1055 non
3105 1000 3224 1069 jam
3265 1000 3507 1058 invicem

1850 1071 2268 1148 impugnemus.
2298 1082 2411 1137 Hoc
2440 1087 2497 1138 et
2518 1083 2719 1140 Ariani
2741 1085 3053 1157 aliquando
3085 1090 3511 1158 pratenderunt

1850 1163 1908 1220 in
1941 1166 2177 1237 scriptis
2206 1168 2314 1224 sub
2343 1170 2543 1242 Magno
2562 1171 2934 1230 Constantino
2953 1175 3246 1232 dicentes:
3279 1177 3513 1235 Aufera-

1848 1254 2207 1312 musdictum
2231 1258 2406 1315 unius
2428 1260 2781 1333 substantia,
2807 1269 2863 1319 et
2882 1263 3123 1322 alterius
3143 1266 3499 1341 substantia,

1846 1344 1903 1394 et
1932 1342 2209 1399 uniantur
2251 1346 2535 1403 Ecclesia.
2573 1349 2644 1403 Et
2673 1362 2783 1405 non
2820 1349 2877 1405 id
2910 1351 3268 1410 admiserunt
3300 1355 3504 1412 deiferi

1849 1433 2038 1498 patres
2090 1434 2293 1503 nostri,
2349 1436 2443 1492 sed
2496 1436 2791 1509 elegerunt
2829 1440 3022 1510 potius
3053 1444 3504 1512 persecutionem

1848 1519 1961 1587 pati
2020 1525 2076 1576 et
2124 1523 2291 1594 mori,
2342 1538 2509 1594 quan
2561 1531 2745 1583 tacere
2800 1542 2989 1586 vocem
3045 1532 3507 1603 comprobantem

1847 1620 2020 1664 unam
2069 1610 2274 1679 Patris,
2311 1619 2368 1668 et
2403 1613 2561 1684 Filii,
2603 1620 2658 1670 et
2682 1616 2937 1686 Spiritus
2965 1621 3148 1675 sancti
3203 1622 3511 1693 supersubo

1846 1697 2171 1755 stantialem
2205 1699 2514 1772 deitatem;
2553 1707 2610 1759 et
2644 1704 2763 1761 hac
2804 1706 3105 1765 cohibente
3146 1709 3240 1766 his
3267 1711 3366 1782 qui
3394 1711 3511 1769 hac

1770 1780 1819 1840 Β
1849 1789 2271 1856 pratendebant
2301 1794 2501 1864 Magno
2525 1792 2916 1861 Constantino,
2940 1796 3094 1854 sicut
3122 1812 3155 1854 a
3187 1780 3388 1857 multis
3410 1814 3510 1858 re—

1843 1874 2044 1948 fertur,
2079 1878 2180 1949 qui
2211 1891 2275 1935 ea
2301 1893 2427 1950 qua
2459 1884 2594 1936 tunc
2623 1887 2778 1953 gesta
2804 1888 2940 1940 sunt
2965 1886 3222 1943 studiose
3251 1891 3507 1959 scripse-

1844 1970 1997 2022 runt.
2032 1969 2101 2022 Et
2123 1967 2321 2024 nullus
2360 1968 2769 2039 imperatorum
2808 1973 2998 2042 potuit
3028 1975 3235 2031 mediis
3270 1976 3510 2034 vocibus

1844 2056 2084 2112 suadere
2128 2056 2421 2127 deiloquis
2478 2058 2761 2131 Patribus,
2823 2065 2886 2116 ut
2922 2062 3292 2119 convenirent
3338 2064 3397 2120 in
3444 2077 3508 2121 ea

1848 2158 1974 2214 qua
2001 2144 2112 2215 ipsi
2146 2145 2541 2217 sectabantur;
2566 2148 2661 2203 sed
2699 2149 2986 2218 expressis
3011 2149 3247 2207 vocibus
3275 2165 3342 2207 ac
3366 2166 3510 2223 pro—

1849 2233 2347 2306 priis,etdogmati
2372 2236 2522 2306 quod
2548 2235 2908 2305 quarebatur
2919 2239 3212 2310 congruis,
3238 2240 3329 2296 usi
3348 2245 3509 2314 sunt,

1846 2320 2101 2378 dicentes
2143 2322 2390 2394 liquido,
2425 2325 2695 2395 quoniam
2737 2328 3093 2383 sacerdotum
3138 2332 3226 2385 est
3255 2343 3511 2400 quaerere

1847 2421 1913 2465 ac
1938 2409 2190 2467 diﬁinire
2209 2412 2279 2468 de
2303 2411 2661 2469 salutaribus
2680 2414 2946 2471 Ecclesia
2968 2415 3267 2473 catholica
3285 2417 3515 2491 dogma-

1847 2498 2023 2556 tibus.
2068 2501 2137 2556 Et
2176 2500 2414 2558 dixisti:
2461 2502 2609 2574 Ergo
2651 2517 2763 2560 non
2801 2509 2888 2559 est
2926 2505 3117 2561 omnis
3142 2505 3512 2563 Christianus

1847 2587 2157 2659 imperator
2180 2590 2350 2646 etiam
2378 2590 2686 2647 sacerdos?
2726 2592 2794 2647 Et
2832 2591 2993 2647 dixi:
3030 2594 3153 2649 Non
3180 2599 3285 2650 est.
3317 2596 3511 2665 Neque

1846 2678 1999 2733 enim
2026 2683 2174 2735 astat
2193 2678 2387 2751 altari,
2421 2693 2604 2751 neque
2636 2685 2763 2750 post
2796 2680 3307 2739 sanctiﬁcationem
3338 2682 3506 2753 panis

1846 2766 2057 2822 exaltat
2089 2781 2239 2837 eum,
2279 2767 2508 2823 dicens:
2560 2768 2762 2824 Sancta
2792 2768 3028 2825 sanctis.
3068 2771 3262 2841 Neque
3317 2770 3517 2841 bapti-

1846 2859 1953 2925 zat,
2008 2866 2191 2925 neque
2241 2854 2576 2911 chrismatis
2621 2853 3033 2912 coniectionem
3078 2861 3285 2928 patrat,
3328 2870 3512 2928 neque

1847 2938 1988 2997 facit
2011 2943 2328 3014 episcopos,
2356 2941 2443 2998 vel
2472 2942 2848 3014 presbyteros,
2872 2950 2972 3000 aut
2999 2943 3293 3013 diaconos,
3331 2957 3514 3016 neque

1848 3030 1986 3087 linit
2013 3030 2305 3101 ecclesias,
2337 3044 2519 3101 neque
2560 3030 2778 3086 indicia
2809 3031 3114 3088 sacerdotii
3146 3030 3276 3102 fert,
3301 3046 3513 3105 super—

1763 3142 1813 3205 C
1850 3118 2142 3175 humerale
2163 3119 2388 3175 scilicet
2411 3124 2467 3174 et
2490 3118 2883 3191 Evangeiium,
2910 3121 3388 3189 quemadmodum
3412 3121 3517 3177 im-

1849 3206 1995 3276 perii
2027 3220 2290 3263 coronam
2316 3212 2372 3263 et
2402 3219 2736 3277 purpuram.
2768 3209 2840 3263 Et
2862 3207 3100 3263 dixisti:
3133 3209 3203 3263 Et
3222 3210 3507 3279 quomodo

1844 3294 2142 3364 Scriptura
2192 3307 2376 3365 regem
2405 3301 2460 3349 et
2485 3292 2833 3349 sacerdotem
2869 3294 3022 3351 dicit
3055 3309 3177 3351 esse
3205 3295 3515 3353 Melchise—

1844 3381 2031 3437 dech?
2058 3382 2126 3436 Et
2154 3381 2316 3437 dixi:
2371 3380 2555 3436 Unius
2594 3385 2798 3437 natura
2830 3382 2982 3453 regis
3009 3387 3346 3439 cunctorum
3384 3385 3508 3455 Dei,

1847 3474 2051 3527 natura
2096 3469 2268 3525 etiam
2312 3467 2385 3526 ob
2418 3466 2659 3526 salutem
2702 3474 2953 3525 nostram
3011 3468 3302 3540 pontiﬁcis
3348 3469 3510 3531 facti,

1847 3570 2000 3614 unus
2040 3562 2162 3614 erat
2205 3562 2376 3628 typus
2417 3555 2855 3613 Melchisedech.
2899 3556 3058 3626 Quod
3104 3557 3155 3613 si
3195 3557 3506 3613 secundum

1845 3646 2103 3704 ordinem
2152 3644 2593 3716 Melchisedech,
2636 3645 2817 3702 alium
2866 3645 3018 3702 dicis
3058 3659 3182 3703 esse
3221 3659 3405 3718 regem
3454 3650 3511 3703 et

1846 3735 2232 3802 sacerdotem;
2272 3738 2330 3791 et
2353 3733 2575 3804 reliqua
2607 3747 2885 3804 prasume
2908 3734 3119 3805 dicere,
3147 3734 3204 3790 id
3228 3741 3345 3790 est:
3379 3735 3510 3789 Sine

1837 3828 2020 3894 patre,
2051 3826 2169 3878 sine
2195 3827 2387 3885 matre,
2419 3824 2536 3876 sine
2555 3822 2891 3891 genealogia,
2932 3838 3104 3892 neque
3127 3824 3350 3877 initium
3390 3823 3504 3877 die-

1843 3929 1987 3975 rum,
2030 3928 2205 3982 neque
2239 3915 2401 3982 ﬁnem
2439 3913 2569 3966 vita
2598 3911 2883 3966 habentem
2928 3911 3115 3980 (Hebr.
3149 3912 3275 3982 νη).
3305 3912 3373 3966 Et
3399 3910 3511 3967 ad-

1844 4007 1997 4058 verte
2026 4001 2176 4072 quod
2203 4014 2272 4056 ex
2307 4000 2414 4056 hoc
2441 3998 2587 4055 oriri
2615 3998 2799 4055 valeat
2840 3998 3071 4055 malum.
3105 3998 3274 4056 Alius
3296 4000 3510 4071 quippe

1845 4092 1983 4162 talis
2011 4091 2329 4162 reperietur
2356 4090 2507 4145 Deus
2538 4089 2872 4144 incarnatus
2902 4089 3217 4145 secundum
3247 4088 3508 4147 ordinem

1843 4179 2281 4250 Melchisedech,
2313 4182 2371 4234 et
2394 4191 2507 4234 non
2552 4176 2865 4233 secundum
2892 4176 3153 4235 ordinem
3191 4176 3377 4235 Aaron
3408 4192 3509 4236 sa-

1846 4271 2020 4329 lutem
2052 4272 2304 4326 nostram
2336 4265 2657 4338 perﬁciens.

1915 4359 2335 4427 Verumtamen,
2360 4355 2499 4427 quid
2527 4353 2792 4411 volumus
2813 4368 2912 4424 per
2934 4353 3112 4411 multa
3130 4354 3501 4413 discurrere?

1767 4455 1820 4515 D
1846 4451 1998 4506 Inter
2044 4460 2234 4503 sacras
2261 4444 2581 4515 oblationes
2610 4457 2783 4513 supra
2812 4447 3068 4499 sanctam
3101 4457 3350 4501 mensam
3380 4449 3508 4515 post

1846 4537 2164 4609 pontiﬁces,
2194 4539 2252 4591 et
2274 4534 2619 4603 sacerdotes,
2649 4538 2706 4588 et
2732 4532 3007 4589 diaconos
3035 4545 3374 4603 omnemque
3406 4546 3508 4589 sa-

1843 4630 2063 4682 cratum
2093 4624 2374 4691 ordinem,
2408 4635 2539 4677 cum
2573 4620 2742 4677 laicis
2782 4620 3153 4691 imperatores
3184 4633 3510 4677 memoran—

1846 4720 1962 4787 tur,
1983 4713 2209 4770 dicente
2235 4711 2478 4767 diacono
2504 4729 2518 4765 :
2551 4710 2621 4764 Et
2644 4724 2862 4782 eorum,
2892 4709 2994 4781 qui
3024 4709 3083 4765 in
3115 4709 3225 4766 ﬁde
3247 4710 3509 4767 dormie-

1846 4808 2001 4874 runt,
2023 4797 2717 4869 laicorum,Constantini,
2735 4798 3062 4856 Constantis
3081 4803 3137 4855 et
3149 4805 3502 4857 caterorum-

1844 4894 1938 4952 Sic
1967 4897 2153 4949 autem
2180 4896 2238 4947 et
2264 4889 2523 4946 vivorum
2555 4887 2883 4944 memoriam
2928 4886 3069 4944 facit
3099 4888 3506 4958 imperatorum

1848 4987 1974 5055 post
1993 4985 2244 5039 sacratos
2259 4990 2471 5035 omnes.
2500 4978 2646 5047 Hac,
2676 4990 2740 5031 eo
2756 4976 3002 5047 dicente,
3019 4977 3228 5032 clamat
3241 4980 3471 5034 Mennas
3489 4995 3502 5033 :

1845 5075 1972 5128 Hac
1999 5071 2198 5127 dicens
2234 5066 2462 5124 scidisti
2499 5064 2829 5121 Ecclesmm.
2866 5066 2936 5120 Et
2961 5065 3108 5121 dicit
3131 5066 3201 5121 ad
3241 5080 3409 5123 eum:
3445 5066 3503 5122 Si

1849 5163 1899 5218 is
1948 5161 2047 5232 qui
2082 5158 2228 5216 dicit
2265 5170 2331 5214 ea
2374 5169 2500 5227 qua
2529 5159 2857 5211 sanctarum
2898 5159 3035 5211 sunt
3079 5155 3507 5226 Scripturarum

1846 5258 2018 5323 atque
2067 5251 2395 5307 sanctorum
2442 5246 2693 5313 Patrum,
2749 5243 2967 5301 scindit
3020 5244 3352 5314 Ecclesiam,
3403 5242 3504 5315 qui

1845 5341 2055 5401 adimit
2085 5342 2412 5395 sanctorum
2457 5335 2742 5408 dogmata,
2775 5334 2915 5406 quid
2949 5333 3367 5391 monstrabitur
3394 5333 3508 5387 Ec-

1846 5430 2036 5488 clesia
2063 5426 2300 5497 faciens,
2325 5425 2452 5481 sine
2469 5423 2683 5497 quibus
2715 5437 2816 5481 nec
2839 5423 2957 5480 dici
2983 5423 3164 5494 ipsam
3194 5420 3505 5477 Ecclesiam

1848 5524 1936 5578 est
1964 5514 2283 5590 possibile?
2299 5515 2368 5569 Et
2394 5527 2702 5570 conversus
2726 5510 3062 5568 sacellarius
3085 5508 3240 5565 dixit
3264 5503 3509 5564 homini-

1850 5611 1960 5668 bus
1995 5604 2227 5665 exarchi
2271 5616 2401 5660 cum
2429 5602 2706 5658 clamore:
2738 5599 2926 5654 Dicite
2953 5596 3231 5654 exarcho:
3287 5592 3505 5661 liuius-

1855 5698 2008 5757 modi
2057 5693 2345 5753 hominem
2369 5689 2611 5747 debebas
2633 5686 2927 5742 dimittere
2965 5684 3152 5741 vivere
3179 5681 3277 5744 ubi
3305 5692 3501 5753 praes,
