4018 6160
513 333 610 396 6M

1746 322 2101 382 ANASTASII
2137 326 2676 393 BIBLIOTHECARII
3747 353 3831 413 612

561 466 790 518 τοιοῦτον
819 459 1078 540 ἄνθρωπον
1098 458 1310 540 ὤφειλες
1330 458 1477 518 ἐάσαι
1503 463 1597 539 ζῇν
1628 457 1758 518 ὅπου
1779 457 1958 539 ἄρχεις
1979 481 1997 532 ;
2017 457 2127 519 Καὶ

2280 459 2329 513 Et
2353 472 2482 515 cum
2505 461 2838 520 eduxissent
2857 479 2986 521 eum
3023 463 3196 534 foras,
3232 466 3603 526 intromittunt
3621 474 3836 545 discipu-

562 545 804 611 λαϐόντες
834 546 985 604 αὐτὸν
1005 547 1120 621 ἔξω,
1154 546 1329 625 εἷσοίγο
1337 571 1415 606 δσι
1440 547 1528 607 τὸν
1565 546 1817 625 μαθητήν·
1849 546 1939 605 καὶ
1964 547 2124 604 ἀπαι-

562 641 764 700 τοῦντες
795 635 966 702 αὐτὸν,
1007 640 1265 694 κατειπεῖν
1291 641 1387 693 τοῦ
1432 633 1730 706 ἐπιστάτου,
1752 637 1823 700 ὡς
1853 634 2121 715 θλίψαντος

566 721 794 802 mecm,
814 723 1118 803 ἀπεκρίνατο
1135 723 1364 805 ἠρεμαίᾳ
1479 727 1622 804 φωνῇ
1642 721 1709 782 τὰ
1742 727 1835 795 τῆς
1859 723 2122 797 ἀληθείας,

566 810 644 870 ὅτι
664 812 822 876 οὐδεὶς
842 812 1053 890 ἐτίμησε
1082 810 1288 893 Πύῤῥον
1323 815 1393 878 ὡς
1423 810 1696 889 ἐτίμησε¹,
1731 812 1820 871 καὶ
1855 810 2127 872 πελεύεται

567 898 747 978 κράξαι
769 923 784 970 ;
816 899 924 957 Καὶ
951 897 1157 978 ἐπείπερ
1183 902 1242 958 οὗ
1267 897 1569 968 κατεδέξατο
1596 904 1690 970 τῆς
1707 898 2003 981 πρεπούσης
2033 922 2128 978 μο-

568 991 744 1065 ναχοῖς
797 986 1045 1052 εὖλαϐοῦς
1098 993 1266 1067 φωνῆς
1312 987 1606 1059 ξενωθῆναι,
1663 985 1859 1046 κελεύει
1907 991 2129 1059 τυπῆναι

569 1073 720 1133 αὐτὸν
747 1073 847 1132 ὕπὸ
866 1078 968 1132 τῶν
995 1072 1342 1155 παρεστώτων
1358 1099 1374 1113 ·
1401 1075 1506 1136 Καὶ
1521 1079 1753 1153 πυγμαῖς
1770 1073 1927 1134 αὐτὸν
1946 1072 2130 1154 βαλόν-

567 1183 672 1239 τες,
715 1167 942 1239 ἡμιθανῆ
969 1162 1122 1221 αὐτὸν
1146 1163 1482 1235 πεποιήκασι.
1514 1164 1618 1224 Καὶ
1646 1161 1997 1227 ἀπολύσαντες
2025 1165 2129 1222 αὖ·

569 1247 687 1315 τοὺς
716 1253 789 1316 εἰς
805 1247 872 1309 τὰ
912 1250 1255 1333 δεσπογτήρια,
1303 1250 1687 1330 καταλαμϐάνει
1727 1249 1816 1308 τὸν
1855 1249 2072 1332 γέροντα
2099 1253 2130 1310 ὁ

572 1340 776 1412 Μηνᾶς,
803 1337 971 1417 λέγων
1008 1340 1265 1423 παρουσίᾳ
1297 1345 1402 1401 τῶν
1431 1338 1695 1423 ἀρχόντων
1709 1364 1725 1378 ο
1772 1336 1968 1400 Ἐϐαλέ
2009 1363 2072 1398 σε
2098 1343 2128 1398 ὁ

571 1427 728 1503 Θεὸς,
759 1427 848 1486 καὶ
867 1426 1031 1506 ἤγαγέ
1059 1419 1120 1488 σε
1144 1419 1266 1501 ὧδε,
1292 1427 1379 1488 ἵνα
1396 1419 1690 1507 ἀπολάϐῃς,
1711 1425 1822 1501 ὅσαξ
1843 1430 1916 1493 εἰς
1940 1425 2130 1494 ἄλλους

573 1516 1077 1598 ἐποίησαςὶπλανῶν
1117 1514 1312 1583 πάντας
1340 1519 1412 1584 εἷς
1438 1514 1505 1576 τὰ
1545 1513 1836 1598 Ὠριγένους
1870 1511 2125 1593 δόγματα.

573 1604 712 1683 Πρὸς
736 1604 791 1664 ὃν
817 1595 954 1664 εἶπεν
998 1610 1028 1664 ὁ
1062 1611 1157 1664 τοῦ
1197 1606 1336 1664 Θεοῦ
1370 1607 1548 1671 δοῦλος
1586 1595 1845 1686 παρουσίᾳ
1884 1602 2092 1663 πάντων
2109 1624 2127 1642 ⁸

589 1693 847 1770 Ἀνοίθεμα
873 1695 1122 1774 Ὠριγενεῖ
1143 1693 1362 1760 καὶτοῖς
1388 1693 1636 1774 δόγμασιν
1662 1698 1845 1766 αὐτοῦ,
1865 1692 1954 1752 καὶ
1980 1690 2133 1752 παντὶ

576 1780 827 1862 σύμφρονι
876 1787 1056 1844 αὐτοῦ.
1105 1783 1213 1842 Καὶ
1252 1781 1391 1860 λέγει
1433 1789 1463 1843 ὁ
1502 1783 1770 1865 πατρίκιος
1803 1780 2127 1864 Ἐπιφάνιος·

592 1869 805 1945 Ἐλύθη,
841 1869 955 1951 κύρι
999 1870 1135 1929 ἀϐϐᾶ
1161 1873 1335 1943 Μηνᾶ.
1357 1877 1385 1930 ὁ
1407 1874 1520 1931 κατ’
1545 1875 1704 1931 αὐτοῦ
1733 1867 1876 1951 παρὰ
1894 1877 1990 1930 σοῦ
2006 1872 2134 1928 ἐπα-

575 1955 790 2036 γόμενος
814 1957 1001 2040 ψόφος,
1023 1958 1106 2018 ἵνα
1129 1959 1220 2019 καὶ
1234 1963 1279 2019 εἰ
1304 1951 1367 2030 ἧν
1401 1957 1770 2041 Ὡριγενιστὴς,
1801 1957 1928 2018 ἐπὰν
1958 1961 2133 2019 ἀνεθε-

580 2047 784 2121 μάτισε,
841 2052 934 2119 τῆς
986 2045 1224 2120 τοιαύτης
1271 2047 1450 2107 ἑαυτὸν
1493 2047 1814 2130 ἠλευθέρωσε

583 2131 724 2212 Ἐγὼ
746 2131 801 2193 δὲ
822 2142 893 2201 ὼς
922 2134 1095 2195 οὐκέτι
1120 2142 1322 2196 τοιοῦτο
1352 2136 1471 2218 περὶ
1493 2140 1648 2197 αὐτοῦ
1672 2133 1950 2219 λεγόμενον
1969 2159 2136 2219 παρα·

577 2220 819 2302 δέχομαι.
851 2223 958 2282 Καὶ
986 2223 1254 2304 ἀμηνέχθη
1279 2215 1495 2292 ἕκαστος
1533 2228 1724 2300 αὐτῶν,
1755 2227 1806 2284 ἐν
1832 2215 1879 2306 ᾧ
1901 2215 2132 2306 παρεφυ-

576 2309 796 2370 λοίττετο
821 2309 985 2394 τόπῳ.

660 2399 848 2477 Καὶ
873 2403 1003 2479 αὐτῇ
1019 2399 1191 2484 ἡμέρᾳ
1209 2401 1326 2482 περὶ
1351 2400 1444 2471 τὴν
1465 2401 1622 2473 αὔτὴν
1643 2399 1777 2481 ἀφὴν
1801 2405 1894 2460 τοῦ
1911 2395 2130 2480 λύχνου,

579 2483 815 2566 Τρώῗλος
840 2492 868 2547 ὁ
895 2488 1180 2570 πατρίκιος,
1200 2489 1288 2548 καὶ
1306 2488 1523 2570 Σέργιος
1543 2494 1572 2548 ὁ
1593 2493 1862 2570 εὓκρατᾶς,
1881 2491 1911 2545 ὁ
1930 2487 2014 2546 ἐπὶ
2039 2491 2133 2558 τῆς

577 2573 826 2652 τραπέζης
850 2580 943 2646 τῆς
969 2579 1260 2654 βασιλικῆς,
1305 2575 1643 2658 παρεγένοντο
1668 2575 1797 2657 πρὸς
1840 2573 1929 2633 τὸν
1952 2575 2134 2634 δοῦλον

579 2661 720 2720 Θεοῦ
741 2663 829 2720 τὸν
855 2660 1087 2743 γέροντα,
1118 2665 1206 2724 καὶ
1229 2664 1550 2736 καθίσαντες,
1581 2663 1858 2723 ἐκέλευσαν
1874 2661 1962 2722 καὶ
1982 2660 2135 2720 αὐτὸν

579 2749 800 2823 καθίσαι,
840 2741 932 2809 καὶ
958 2741 1098 2810 εἷπον
1124 2749 1252 2831 πρὸς
1281 2751 1455 2810 αὐτὸν⁹
1487 2749 1619 2811 Εἰπὲ
1644 2755 1792 2828 ἡμῖν,
1832 2756 1947 2831 κῦρι
1973 2748 2134 2823 ἀϐϐᾶ,

578 2835 672 2907 τὴν
702 2836 887 2916 μεταξὺ
917 2846 1013 2898 σοῦ
1039 2841 1128 2899 καὶ
1152 2839 1363 2921 Πύῤῥου
1385 2837 1682 2918 γενομένην,
1715 2842 1768 2898 ἐν
1797 2841 2020 2920 Ἀφρικῇ
2049 2839 2137 2899 καὶ

595 2922 778 3002 Ῥώμη
803 2926 920 3006 περὶ
943 2930 1046 2986 τῶν
1083 2927 1355 3006 δογμάτων
1389 2929 1610 3001 κίνησιν,
1653 2928 1741 2988 καὶ
1775 2926 1942 2992 ποίοις
1983 2926 2136 2986 αὐτὸν

579 3011 782 3080 ἔπεισας
811 3016 1180 3094 ἀναθεματίσαι
1221 3016 1284 3076 τὸ
1328 3014 1499 3095 δόγμα
1521 3016 1585 3076 τὸ
1620 3015 1769 3090 ἴδιον,
1810 3016 1902 3076 καὶ
1939 3018 2017 3096 τῷ
2058 3019 2135 3096 σῷ

579 3103 862 3163 συνθέσθαι.
893 3105 1000 3164 Καὶ
1025 3105 1329 3187 ἀφηγήσατο
1359 3109 1529 3187 αὐτοῖς
1567 3104 1736 3164 πάντα
1776 3103 2005 3180 καθεξῆς,
2035 3101 2136 3162 ὅσα

579 3197 612 3263 ἡ
637 3193 815 3270 μνήμη
842 3185 1084 3262 ὀνέσωσε,
1132 3194 1221 3252 καὶ
1255 3200 1412 3254 τοῦτο
1454 3185 1591 3252 εἶπεν
1611 3217 1624 3230 ·
1659 3191 1788 3252 c'01:
1815 3189 1919 3271 ἐγὼ
1966 3189 2137 3268 δόγμα

577 3280 703 3340 ἴδιον
721 3286 814 3341 οὐκ
833 3280 961 3362 ἔχω,
987 3279 1122 3342 ἀλλὰ
1138 3283 1201 3342 τὸ
1218 3283 1386 3343 κοινὸν
1413 3288 1505 3356 τ’ῆς
1531 3282 1846 3355 Ἐκκλησίας
1861 3285 1954 3353 τῆς
1977 3285 2137 3339 καθο-

577 3369 744 3440 λικῆς.
779 3372 860 3429 Οὔ
889 3370 988 3450 γὰρ
1007 3370 1217 3443 ἐκίνησα
1235 3370 1402 3454 φωνὴν
1429 3370 1522 3443 τὴν
1546 3377 1768 3446 ὁιανοῦν,
1782 3369 1866 3430 ἵνα
1883 3367 2012 3434 ἴδιόν
2031 3393 2134 3448 μου

579 3458 795 3537 λέγηται
823 3459 1010 3539 δόγμα.
1043 3463 1151 3523 Καὶ
1173 3461 1303 3540 μετὰ
1327 3463 1420 3535 τὴν
1435 3464 1690 3545 ἀφήγησιν
1707 3458 1945 3541 λέγουσιν

578 3552 658 3608 Οὔ
676 3554 928 3614 κοινωνεῖς
940 3553 1016 3630 τῷ
1035 3547 1194 3632 θρόνῳ
1205 3537 1793 3614 Κωνσταντίνουπόλεως
1814 3548 1958 3632 ;“Καὶ
1971 3537 2129 3606 εἶπεν.

578 3640 659 3696 Οὖ
683 3640 932 3697 κοινωνῶ.
946 3635 1047 3694 Διὰ
1064 3637 1214 3696 ποίαν
1237 3641 1297 3697 οὗ
1314 3643 1568 3704 κοινωνεῖς
1587 3639 1750 3698 αἰτίαν
1767 3661 1783 3710 ;
1805 3626 1967 3695 εἶπον.
1990 3637 2134 3693 Ἇπε-

579 3725 748 3806 κρίθη.
773 3723 903 3784 1⁵Ὀτι
933 3723 1026 3790 τὰς
1055 3725 1202 3803 ἁγίας
1225 3724 1485 3808 τέσσαρας
1528 3725 1765 3791 συνόδους
1793 3722 2027 3792 ἐξέϐαλον
2052 3720 2135 3781 διὰ

579 3817 680 3873 τῶν
711 3815 761 3871 ἐν
788 3811 1144 3894 Ἀλεξανδρείᾳ
1158 3812 1448 3891 γενομένων
1467 3811 1608 3872 ἐννέα
1627 3811 2033 3895 κεφαλαίων.καὶ
2052 3808 2136 3869 διὰ

583 3904 681 3970 τῆς
709 3901 762 3958 ἐν
786 3897 951 3977 ταύτῃ
979 3904 1046 3980 τῇ
1071 3898 1221 3958 πόλει
1247 3899 1523 3979 γενομένης
1539 3899 1680 3982 παρὰ
1697 3899 1918 3981 Σεργίου
1952 3897 2138 3957 Ἐκθέ-

580 4010 732 4055 σεως,
765 3986 852 4045 καὶ
877 3984 959 4045 διὰ
983 3993 1137 4047 τοῦτο
1170 3993 1443 4069 προσεχῶς
1472 3989 1557 4048 ἐπὶ
1580 3993 1674 4061 τῆς
1701 3987 1851 4060 ἕκτης
1876 3988 2134 4046 ἰνδικτιῶ-

579 4099 662 4142 νος
682 4073 967 4142 ἐκτεθέντος
983 4074 1189 4136 Τύπου·
1211 4077 1304 4136 καὶ
1327 4075 1408 4136 ὅτι
1427 4076 1557 4158 ἅπερ
1579 4077 1920 4156 ἐδογμάτισαν
1932 4073 2016 4135 διὰ
2030 4079 2135 4136 τῶν

579 4164 897 4245 κεφαλαίων,
934 4163 1018 4224 διὰ
1055 4169 1149 4237 τῆς
1184 4165 1469 4232 Ἐκθέσεως
1511 4164 1815 4246 κατέκριναν
1835 4189 1851 4204 ο
1889 4165 1978 4224 καὶ
2005 4163 2135 4244 ἅπερ

581 4251 920 4332 ἐδογμάτισαν
933 4251 1015 4313 διὰ
1026 4259 1118 4326 τῆς
1136 4253 1416 4321 Ἐκθέσεως
1425 4252 1526 4326 ,διὰ
1540 4260 1636 4313 τοῦ
1643 4252 1826 4313 Τύπου
1841 4250 2133 4332 ἧκύρωσαν,

579 4343 669 4404 καὶ
691 4345 926 4403 καθεῖλον
953 4341 1160 4410 ἑαυτοὺς
1183 4344 1513 4410 τοσαυτάκις.
1539 4344 1610 4402 Οἱ
1636 4341 1803 4401 τοίνυν
1826 4342 1910 4425 ὑφ’
1939 4343 2136 4401 ἑαυτῶν

579 4429 985 4514 κατακριθέντες,
1029 4431 1118 4491 καὶ
1143 4431 1245 4491 ὑπὸ
1267 4435 1372 4490 τῶν
1413 4427 1720 4507 Ῥωμαίων,
1758 4429 1964 4501 καὶτῆς
2006 4427 2137 4506 μετὰ

578 4529 748 4582 ταῦτα
786 4522 871 4582 ἐπὶ
909 4526 1003 4593 τῆς
1047 4519 1230 4599 ὀγδόης
1275 4522 1579 4585 ἰνδικτιῶνος
1619 4517 1896 4598 γενομένης
1924 4516 2137 4578 συνόδου

579 4609 976 4691 καθαιρεθέντες,
1024 4609 1174 4668 ποίαν
1228 4604 1576 4666 ἐπιτελέσουσι
1633 4605 2044 4685 μυσταγωγίαν;
2099 4603 2135 4677 ἢ

579 4703 726 4756 ποῖον
759 4703 966 4774 πνεῦμα
990 4702 1097 4762 τοῖς
1125 4693 1264 4777 παρὰ
1294 4697 1399 4754 τῶν
1435 4691 1681 4754 τοιούτων
1727 4691 2136 4772 ἐπιτελουμένοις

580 4786 837 4866 ἐπιφοιτᾷ;
856 4785 962 4845 Καὶ
977 4783 1402 4866 λέγουσιν-αὐαιῖὲιῖ)⁸
1428 4781 1506 4843 Σὺ
1535 4781 1688 4862 μόνος
1708 4781 1873 4863 σώζῃ.
1893 4783 1982 4843 καὶ
2005 4781 2131 4843 ποίν-

579 4897 661 4939 τες
677 4864 1038 4946 ἀπώλλυνται;
1070 4874 1176 4935 Καὶ
1195 4864 1333 4934 εἶπεν
1353 4897 1368 4913 ο
1391 4872 1590 4933 Οὐδένα
1616 4872 1916 4955 κατέγριναν
1935 4875 1983 4932 οἱ
2000 4877 2136 4952 τρεῖς

578 4962 754 5027 παῖδες
784 4958 857 5039 μὴ
875 4961 1319 5043 προσκυνήσαντες
1433 4959 1610 5034 εἰκόνι,
1631 4959 1836 5020 πάντων
1863 4957 2136 5042 ἀνθρώπων

577 5047 1016 5130 προσκυνούντων.
1047 5052 1127 5111 Οὔ
1153 5049 1252 5131 γὰρ
1290 5048 1541 5109 ἐσκόπουν
1566 5047 1633 5108 τὰ
1667 5052 1772 5108 τῶν
1799 5048 1992 5124 ἄλλων,
2014 5043 2132 5108 ἀλλ’

579 5135 832 5197 ἐσκόπουν
858 5134 997 5204 ὅπως
1025 5136 1086 5196 ἂν
1107 5138 1254 5198 αὐτοὶ
1287 5135 1361 5216 μὴ
1387 5135 1647 5198 ἐκπέσωσι
1673 5142 1768 5209 τῆς
1795 5140 2018 5208 ἀληθοῦς
2044 5138 2137 5194 εὖ·

579 5224 800 5292 σεϐείας.
849 5224 1008 5286 Οὕτω
1028 5226 1120 5286 καὶ
1145 5224 1342 5297 Δανιὴλ
1371 5226 1572 5304 βληθεὶς
1606 5227 1676 5292 εἰς
1703 5224 1791 5285 τὸν
1814 5223 2009 5284 λάκκον
2031 5226 2136 5283 τῶν

577 5312 818 5386 λεόντων,
845 5317 904 5375 οὗ
921 5313 1240 5397 κατέκρινετέ
1257 5337 1371 5374 τινα
1385 5318 1489 5374 τῶν
1518 5313 1592 5391 μὴ
1619 5310 2039 5395 προσευξαμένων
2060 5315 2136 5394 τῷ

579 5404 704 5464 Θεῶ
730 5401 864 5464 κατὰ
887 5403 950 5462 τὸ
975 5401 1202 5481 θέμισμα
1219 5401 1459 5484 Δαρείου,
1474 5399 1610 5462 ἀλλὰ
1623 5401 1687 5462 τὸ
1702 5401 1829 5462 ἴδιον
1848 5397 2129 5474 ἐσκόπησε.

611 5605 954 5735 δλιηιειιρνθε
980 5601 1120 5675 legit
1154 5601 1388 5673 insuper
1411 5591 1440 5651 ‘o
1467 5589 1750 5661 ἐπιστατης
1783 5611 1906 5666 μου.
1933 5595 2003 5652 Et
2032 5607 2182 5664 mox,

611 5701 642 5735 LE
679 5699 840 5735 ευετε.

582 5699 819 5736 κεΛευετε
826 5721 840 5736 ο

2262 545 2401 603 lum.
2443 549 2489 604 A
2525 566 2637 622 quo
2675 568 2803 610 cum
2849 555 3171 626 exegissent
3205 560 3267 610 ut
3301 557 3506 612 diceret
3543 568 3713 616 contra
3745 578 3839 618 ma-

2263 636 2508 706 gistrum
2527 642 2677 710 quod
2703 641 3065 699 tribulaverit
3089 644 3384 715 Pyrrhum,
3405 648 3670 716 respondit
3686 651 3836 720 quieta

2264 740 2398 782 voce
2429 744 2554 799 quae
2589 731 2852 787 veritatis
2880 739 3059 804 erant,
3097 733 3236 802 quia
3261 747 3418 790 nemo
3443 735 3712 792 honoravit
3732 739 3843 808 Pyr-

2266 815 2434 872 rhum
2485 824 2549 874 ut
2595 819 2896 877 honoravit
2942 822 3212 893 magister
3250 835 3422 893 meus,
3453 823 3719 893 etjubetis
3749 827 3844 882 cla-

2266 905 2460 960 mare?
2487 905 2634 974 Quia
2667 923 2797 965 vero
2829 924 3030 980 passus
3062 925 3172 967 non
3199 916 3333 966 esta
3357 912 3567 967 decenti
3599 915 3844 971 monachos

2265 997 2566 1052 reverenda
2599 1012 2730 1055 voce
2757 1000 3056 1069 divertere,
3082 1001 3316 1069 jubetur
3346 1002 3552 1070 percuti
3578 1002 3640 1056 ab
3669 1002 3744 1058 his
3768 1004 3840 1072 qui

2264 1084 2525 1148 astabant
2547 1094 2632 1156 get
2664 1089 2873 1160 pugnis
2904 1089 3255 1146 submissum
3280 1091 3684 1146 semimortuum
3704 1092 3845 1146 reddi-

2264 1169 2491 1230 derunt.
2520 1175 2743 1243 Quibus
2764 1179 3027 1234 dimissis
3055 1179 3124 1234 ad
3155 1192 3424 1248 carceres,
3453 1179 3598 1234 venit
3619 1179 3678 1233 ad
3703 1193 3844 1234 senem

2268 1264 2518 1336 Mennas,
2565 1266 2764 1323 dicens
2791 1268 2849 1322 in
2881 1269 3180 1338 praesentia
3234 1268 3580 1338 principum:
3637 1269 3773 1323 Misit
3810 1272 3850 1322 te

2266 1353 2436 1424 Deus,
2465 1359 2520 1409 et
2543 1355 2712 1410 duxit
2737 1362 2790 1411 te
2821 1357 2950 1427 huc,
2987 1364 3049 1414 ut
3079 1357 3325 1427 recipias
3354 1356 3747 1426 quacunquein
3767 1355 3851 1410 alio

2270 1439 2479 1514 fecisti,
2523 1445 2800 1502 seducens
2850 1460 3047 1502 omnes
3091 1446 3150 1501 in
3198 1445 3463 1517 Origenis
3506 1445 3752 1515 dogmata.
3791 1444 3850 1498 Ad

2271 1545 2436 1600 quem
2468 1546 2667 1590 servus
2709 1535 2809 1590 Dei
2849 1550 3038 1592 coram
3095 1535 3367 1591 omnibus
3393 1535 3568 1590 dixit:
3607 1533 3854 1588 Anathema

2269 1621 2525 1693 Origeni,
2571 1628 2628 1678 et
2671 1624 3038 1696 dogmatibus
3084 1627 3210 1695 ejus
3257 1631 3314 1680 et
3352 1624 3501 1679 omni
3548 1626 3854 1678 consentaneo

2271 1711 2427 1779 ejus!
2453 1714 2520 1766 Et
2547 1713 2695 1768 dicit
2735 1715 3095 1784 Epiphanius
3127 1714 3447 1784 patricius:
3491 1713 3754 1766 Destructa
3777 1715 3854 1776 est,

2272 1799 2477 1855 domne
2500 1801 2642 1856 abba
2678 1805 2898 1874 Menna,
2939 1803 3304 1874 querimonia
3332 1817 3454 1873 quae
3483 1815 3513 1856 a
3544 1806 3592 1856 te
3617 1800 3856 1854 adversum

2273 1901 2401 1944 eum
2433 1889 2592 1946 illata
2617 1897 2723 1961 est,
2747 1892 3018 1962 quoniam
3049 1899 3105 1948 et
3130 1893 3179 1947 si
3211 1898 3363 1948 esset
3384 1887 3786 1962 Origenianista,
3813 1900 3859 1949 eo

2275 1978 2424 2048 quod
2459 1980 2955 2037 anathematizavit
2984 1996 3131 2050 eum,
3165 1981 3236 2036 ab
3272 1978 3648 2050 hujuscemodi
3673 1989 3774 2031 sese
3804 1974 3863 2028 li-

2275 2066 2494 2123 beravit
2519 2069 2764 2138 querela.
2807 2071 3040 2126 Interim
3091 2085 3223 2142 ergo
3257 2071 3370 2126 tale
3411 2069 3617 2124 dictum
3656 2077 3798 2133 super
3816 2075 3862 2116 eo

2277 2156 2523 2212 ulterius
2553 2171 2663 2213 non
2693 2160 3007 2214 admittam.
3035 2161 3103 2214 Et
3130 2160 3406 2215 inductus
3429 2161 3512 2213 est
3529 2152 3864 2223 unusquisque

2278 2245 2534 2316 ipsorum
2568 2248 2626 2303 in
2658 2249 2846 2305 locum
2889 2250 2947 2305 in
2975 2263 3087 2320 quo
3125 2247 3570 2305 custodiebatur.

2348 2443 2415 2497 Et
2440 2444 2630 2500 eadem
2661 2445 2756 2502 die
2792 2445 2944 2501 circa
2976 2449 3188 2519 tactum
3220 2442 3250 2485 δ
3285 2445 3546 2510 lucernae,
3575 2435 3774 2494 Troilus
3799 2445 3862 2502 pa-

2277 2531 2507 2604 tricius,
2535 2539 2590 2588 et
2625 2534 2860 2606 Sergius
2889 2539 3170 2606 eucratas,
3213 2534 3320 2604 qui
3348 2537 3467 2588 erat
3487 2543 3646 2599 super
3673 2527 3867 2593 impera-

2278 2618 2480 2674 toriam
2522 2635 2790 2692 mensam,
2829 2627 3105 2678 venerunt
3132 2622 3199 2677 ad
3232 2633 3461 2677 servum
3504 2617 3598 2672 Dei
3631 2625 3803 2679 senem,
3827 2613 3865 2661 et

2278 2708 2534 2764 sedentes
2567 2711 2865 2780 jusserunt
2893 2712 3061 2766 etiam
3096 2711 3182 2766 illi
3216 2711 3435 2780 sedere,
3477 2711 3530 2762 et
3556 2704 3790 2760 dixerunt
3818 2695 3866 2749 ad

2277 2809 2404 2851 eum
2432 2816 2444 2851 :
2473 2798 2574 2853 Dic
2606 2799 2791 2870 nobis,
2815 2799 3020 2856 domne
3044 2800 3206 2869 abba,
3249 2800 3553 2854 motionem
3584 2794 3865 2863 dogmaluml

2280 2900 2404 2956 qua":
2446 2886 2594 2942 inter
2625 2895 2677 2944 te
2720 2895 2775 2944 et
2808 2891 3084 2960 Pyrrhum
3133 2889 3329 2944 Romae
3358 2895 3414 2943 et
3458 2887 3514 2941 in
3560 2881 3728 2938 Africa
3764 2875 3872 2930 facta

2279 2981 2395 3029 est:
2429 2980 2485 3030 et
2523 2977 2736 3047 quibus
2755 2979 2806 3034 ei
2841 2979 3028 3034 verbis
3068 2977 3430 3048 persuaseris
3467 2965 3871 3029 anathematizare

2283 3065 2576 3134 Proprium
2621 3067 2842 3139 dogma,
2889 3074 2942 3123 et
2987 3072 3086 3122 tuo
3136 3066 3376 3137 pacisci.
3424 3067 3490 3119 Et
3533 3055 3784 3117 enarravit
3813 3050 3873 3105 eis

2201 3124 2249 3185 Ο
2280 3154 2470 3209 omnia
2527 3169 2625 3224 per
2666 3124 2923 3212 ordinem
2973 3170 3335 3226 quaecunque
3389 3153 3624 3209 retinere
3664 3139 3875 3212 memoria

2281 3242 2482 3298 valuit.
2539 3244 2776 3300 Addidit
2805 3251 2991 3300 autem
3038 3249 3090 3299 et
3141 3244 3271 3313 hoc,
3324 3239 3688 3308 dicenszEgo
3722 3232 3877 3300 dogma

2283 3333 2578 3402 proprium
2602 3348 2711 3390 non
2733 3333 2967 3404 habebo,
2992 3334 3086 3389 sed
3109 3346 3418 3389 commune
3442 3326 3718 3385 catholica:
3739 3315 3879 3374 Eccle-

2283 3420 2403 3476 siae.
2451 3424 2640 3492 Neque
2685 3423 2836 3478 enim
2890 3422 3035 3478 movi
3081 3435 3278 3477 vocem
3314 3417 3642 3491 quamlibet,
3677 3417 3734 3466 ut
3777 3416 3878 3502 ωρ-

2284 3511 2474 3579 prium
2500 3525 2680 3567 meum
2697 3511 2927 3567 dicatur
2949 3513 3170 3583 dogma.
3203 3512 3281 3566 Et
3311 3514 3440 3580 post
3467 3513 3634 3562 totam
3666 3504 3880 3590 narratio-

2285 3611 2408 3654 nem
2441 3600 2643 3655 dicunt
2672 3600 2755 3655 ei:
2782 3603 2904 3657 Non
2940 3600 3340 3657 communicas
3365 3599 3568 3654 throno
3608 3589 3879 3646 Constanti—

2284 3688 2616 3757 nopolitano
2637 3689 2666 3743 ‘2
2685 3691 2753 3744 Et
2771 3690 2959 3744 dixit:
2995 3692 3115 3745 Non
3145 3688 3536 3744 communico.
3570 3675 3879 3752 Quamobrem

2286 3789 2397 3831 non
2421 3791 2540 3830 com
2552 3777 2811 3832 municas
2830 3777 3160 3832 ‘Idixerunt.
3198 3775 3550 3848 Respondit:
3580 3768 3711 3838 Quia
3734 3763 3882 3848 sancta

2287 3868 2532 3934 quatuor
2554 3865 2800 3920 concilia
2847 3866 3135 3934 ejecerunt
3167 3877 3272 3934 per
3306 3845 3408 3920 illa
3443 3873 3631 3918 novem
3661 3845 3883 3943 Capiti“.at

2285 3968 2410 4022 (lum
2444 3952 2590 4010 facta
2632 3959 2767 4010 sunt
2795 3954 3172 4025 AIexandriae,
3205 3960 3264 4010 et
3298 3968 3399 4024 per
3430 3946 3684 4007 Ecthesin
3719 3951 3819 4010 quae
3843 3943 3884 4026 Ill

2286 4041 2390 4097 hac
2430 4043 2570 4098 urbe
2603 4058 2634 4097 a
2675 4044 2871 4114 Sergio
2921 4048 3138 4113 patrata
3183 4049 3294 4114 est,
3331 4049 3388 4098 et
3437 4053 3536 4111 per
3585 4037 3774 4105 Typum
3815 4032 3886 4090 qi“

2287 4145 2484 4202 nuper,
2522 4132 2576 4187 id
2605 4138 2690 4187 est
2711 4146 2808 4202 per
2839 4138 3050 4188 sextam
3077 4139 3165 4188 est
3191 4131 3577 4188 indictionem
3608 4116 3882 4202 exposui”:

2287 4224 2340 4276 et
2381 4201 2536 4293 quia,
2585 4201 2838 4294 qumper
2888 4223 2988 4280 illa
3037 4221 3573 4294 dOgmatizaverunt
3616 4225 3706 4283 per
3730 4201 3890 4294 Ecthcf

2287 4287 2415 4380 Si“;
2447 4287 2546 4381 P8!"
2591 4287 2804 4381 Typu-m
2846 4312 3015 4368 irrita
3055 4287 3411 4380 statuerunt,
3458 4312 3516 4362 et
3560 4287 3889 4381 deposueruni

2289 4379 2838 4468 semetipsosﬁtoties.
2871 4400 2962 4456 Illi
3002 4400 3200 4472 igitur,
3239 4399 3348 4470 qui
3390 4379 3653 4464 aseipsis
3691 4379 3889 4472 damn"

2292 4493 2445 4558 sunt,
2479 4495 2534 4544 et
2575 4503 2606 4546 a
2649 4490 2920 4546 Romanis
2948 4468 3121 4560 atque
3162 4468 3467 4559 asp—modo,
3515 4495 3636 4554 qum
3683 4468 3891 4563 Ροεί,

2291 4591 2390 4647 per
2428 4553 2676 4634 octavam
2715 4553 3088 4635 indictionem
3133 4553 3283 4632 facta
3321 4584 3430 4646 est,
3457 4553 3602 4630 sunt
3627 4554 3836 4635 depositi
3856 4553 3894 4602 el

2289 4666 2607 4737 sacerdotio
2636 4667 2932 4737 denudati,
2966 4666 3159 4738 qualia
3188 4665 3519 4728 celebrant,
3548 4670 3695 4728 rogo,
3732 4648 3895 4738 11155?“

2290 4728 2376 4810 ria
2396 4754 2424 4809 ‘l
2446 4753 2560 4811 Aut
2591 4755 2783 4827 qualis
2813 4728 3076 4826 spiritus,
3120 4754 3189 4810 ad
3231 4767 3298 4808 ea
3341 4766 3470 4824 qum
3501 4763 3534 4804 a
3559 4742 3759 4802 talibus
3795 4728 3895 4827 0819:

2290 4844 2551 4916 brantur,
2575 4814 2807 4901 advenit
2829 4814 2946 4900 Et
2973 4814 3177 4900 dicunt
3200 4844 3252 4899 ei
3279 4860 3292 4896 :
3327 4814 3555 4912 Ergone
3580 4843 3638 4891 tu
3669 4829 3805 4887 solus
3822 4814 3898 4916 sal-

2290 4934 2464 5005 varis,
2496 4908 2552 4990 et
2575 4949 2770 4990 omnes
2810 4932 3166 5004 perhibunt‘?
3204 4934 3270 4986 Et
3301 4908 3497 4986 dixit:
3529 4921 3796 4981 Neminem
3817 4908 3896 4961 da“

2293 5004 2629 5080 mnaverunt
2669 5031 2782 5080 tres
2827 5023 2986 5094 pueri
3036 5036 3147 5078 non
3191 5020 3504 5076 adorantes
3551 5004 3896 5094 iconam,ct‘llIl

2295 5112 2438 5168 hanc
2463 5127 2658 5168 omnes
2684 5083 2942 5169 homines
2981 5113 3304 5168 adorarent.
3338 5110 3468 5163 Non
3497 5103 3648 5159 enim
3691 5083 3900 5150 intende”

2291 5201 2430 5256 bant
2454 5216 2518 5257 ea
2553 5217 2676 5272 qum
2705 5203 2951 5259 aliorum
2995 5205 3177 5272 erant,
3215 5199 3312 5255 sed
3349 5191 3718 5251 intendebant
3746 5179 3902 5272 quat?“

2293 5305 2403 5347 nus
2430 5291 2543 5362 ipsi
2561 5255 2686 5348 inon
2707 5291 3094 5348 deciderentia
3123 5255 3252 5345 vera
3283 5290 3524 5357 pietate.
3560 5281 3651 5336 Sic
3677 5279 3729 5330 et
3748 5255 3900 5362 Daniel

2297 5358 2511 5439 missus
2549 5381 2611 5437 in
2642 5383 2828 5438 lacum
2861 5382 3090 5437 leonum
3130 5393 3241 5435 non
3273 5373 3580 5432 damnavit
3619 5358 3902 5438 quamquam

2368 5609 2397 5654 δ
2427 5595 2538 5648 Hoc
2568 5591 2653 5643 est
2681 5582 3092 5639 accensionem.
