4034 6158
180 267 271 327 643
900 276 988 336 C0
1002 281 1414 343 LLEC'I‘ANEA.
1454 315 1528 327 ——
1573 287 1868 349 RELATIO
1909 293 2238 352 MOTIONIS
2273 298 2346 355 IN
2381 301 2436 356 S.
2479 302 2839 364 MAXIMUM.
3469 318 3576 377 6M

229 410 326 470 Καὶ
347 407 521 470 εὉιετο
539 412 833 480 ἀποθανεῖν,
863 413 952 472 καὶ
980 412 1055 491 μή
1082 421 1404 495 παραπεσεῖν
1430 420 1507 497 τῷ
1534 419 1679 497 Θεῷ,
1706 439 1752 474 κε

1931 431 2126 477 eorum
2157 424 2257 493 qui
2291 439 2402 482 non
2441 427 2823 489 adoraverunt
2849 435 3026 492 Deum
3067 441 3382 498 secundum
3411 445 3574 504 Darii

225 499 440 570 ὑπὸτῆς
464 498 591 565 ἰδίας
621 506 1008 579 μαστιγωῆναι
1031 506 1392 586 συνειδήσεως,
1423 505 1510 564 ἐπὶ
1621 528 1788 586 παρα-

221 587 363 646 ϐάσει
388 592 494 646 τῶν
521 587 668 669 φύσει
693 591 931 669 νομίμων
954 615 968 629 ·
994 593 1155 672 κάμοὶ
1175 585 1267 651 «liv
1297 592 1370 671 μὴ
1395 596 1466 675 δῷ
1493 600 1521 654 6
1547 595 1680 660 Θεὸς
1700 618 1792 652 κα·

219 678 449 757 τακρῖναί
474 701 612 751 τινα,
633 677 668 749 ἣ
689 682 847 738 εἰπεῖν
875 678 954 739 ὅτι
981 679 1085 758 ἐγὼ
1113 705 1265 758 μονος
1295 681 1530 760 σώζομαι
1561 707 1574 722 ·
1606 687 1788 762 αἱροῦ-

221 789 311 843 μαι
334 763 389 824 δὲ
410 768 702 838 ἀποθανεῖν,
724 766 760 840 ἢ
787 767 992 850 θρόησιν
1020 768 1156 848 ἔχων
1176 769 1310 829 κατὰ
1333 771 1394 830 τὸ
1424 773 1670 837 συνειδὸς,
1701 770 1782 830 ὅτι

215 853 332 935 περὶ
352 852 450 925 τὴν
476 857 548 921 εἰς
573 854 711 915 Θεὸν
738 855 912 916 πίστιν
956 858 1294 940 παρεσφσὶλην
1334 861 1449 918 καθ’
1482 859 1779 932 οἱονδήποτε

213 939 426 1022 τρόπον.

287 1205 548 1286 Λέγουσιν
754 1209 925 1270 Καὶτί
949 1209 1092 1290 ἔχεις
1118 1215 1352 1283 ποιῆσαι,
1380 1214 1483 1291 τῶν
1499 1210 1778 1288 Ῥωμαίων

211 1294 496 1373 ἔνουμένων
515 1299 623 1363 τοῖς
655 1288 984 1367 Βυζαντίοις,
993 1288 1123 1358 Ἰδοὺ
1140 1295 1240 1379 γὰρ
1257 1295 1378 1378 χθὲς
1394 1288 1548 1370 ἦλθον
1574 1302 1621 1358 οἱ
1639 1300 1743 1357 ἀπο
1755 1331 1770 1344 ο

209 1381 484 1466 κρισιάριοι
533 1381 768 1459 Ῥώμης,
795 1386 886 1446 καὶ
912 1383 1087 1467 αὔριον
1212 1391 1434 1468 κυριακῇ
1475 1393 1774 1447 κοινωνοῦσι

207 1475 280 1552 τῷ
303 1471 635 1554 πατριάρχῃ,
684 1472 770 1532 καὶ
814 1482 942 1534 πᾶσι
967 1475 1122 1547 δῆλον
1161 1475 1376 1554 γίνεται,
1416 1473 1496 1534 ὅτι
1531 1473 1593 1535 σὺ
1631 1473 1771 1536 διέσ-

206 1580 375 1640 τρεφις
391 1557 513 1626 τοὺς
528 1560 834 1639 Ῥωμαίους.
857 1561 1194 1645 Ἀμέλειᾉσοῦ
1219 1561 1526 1645 ἀπαρθέντος
1554 1567 1767 1640 ἐκεῖθεν,

208 1647 472 1708 συνέθεντο
496 1653 608 1716 τοῖς
631 1652 864 1712 ἐνταῦθα.
897 1651 1007 1711 Καὶ
1041 1643 1153 1711 εἶπε
1178 1653 1307 1732 πρὸς
1333 1643 1522 1722 αὖτοῦς
1539 1671 1554 1684 ⁸
1586 1656 1658 1713 Οἱ
1676 1655 1768 1713 ἐλ-

1931 511 2280 605 sanctionem
2312 517 2408 572 sed
2444 520 2591 589 quod
2636 537 2805 578 suum
2836 531 2958 581 erat
2998 527 3266 600 intendit,
3313 536 3369 588 et
3405 535 3578 605 elegit

1930 597 2073 653 mori
2105 605 2160 655 et
2192 615 2301 658 non
2341 605 2541 662 cadere
2570 621 2602 663 a
2630 610 2764 680 Deo,
2807 617 2863 666 et
2891 626 2923 666 a
2953 628 3056 670 sua
3091 597 3444 676 conscientia
3485 597 3579 678 lla-

1927 687 2128 758 gellari
2174 691 2232 747 in
2279 697 2746 763 praevaricatione
2787 715 2983 758 eorum
3029 720 3155 775 qua;
3192 707 3396 780 legalia
3443 715 3581 766 sunt

1926 781 2148 833 natura.
2183 781 2442 854 Mihique
2465 787 2616 842 Deus
2644 802 2755 844 non
2785 791 2882 845 det
2909 792 3180 850 damnare
3207 811 3573 870 quemquam,

1924 865 2006 920 vel
2047 867 2239 924 dicere
2267 873 2416 942 quod
2458 875 2618 932 solus
2646 891 2750 949 ego
2789 879 3012 936 salverl
3056 865 3344 952 Quantum
3386 865 3578 943 autem

1920 953 2098 1027 valeo,
2122 957 2274 1030 eligo
2303 963 2444 1017 mori
2474 979 2641 1034 quam
2670 971 2942 1024 terrorem
2970 971 3175 1027 habere
3202 973 3261 1028 in
3289 977 3581 1033 conscien-

1919 1041 2000 1097 tia
2023 1046 2171 1114 quod
2198 1047 2257 1102 in
2284 1049 2413 1122 fide,
2441 1067 2567 1122 quae
2595 1055 2653 1109 in
2684 1057 2863 1112 Deum
2889 1063 2993 1130 est,
3025 1075 3124 1130 per
3149 1063 3466 1132 quemlibet
3489 1079 3574 1121 er-

1919 1133 2160 1189 raverim
2197 1137 2445 1194 modum.

1985 1219 2199 1278 Dicunt
2243 1226 2337 1281 ei:
2385 1229 2455 1284 Et
2498 1232 2636 1302 quid
2687 1232 2883 1309 facies,
2935 1252 3066 1294 cum
3117 1239 3356 1298 Romani
3412 1244 3564 1300 uniti

1913 1307 2202 1402 Byzantiis
2232 1313 2494 1373 fuerint?
2520 1321 2659 1377 Ecce
2696 1324 2847 1380 enim
2873 1307 3003 1382 heri
3036 1335 3310 1386 venerunt
3339 1333 3560 1402 apocri-

1914 1395 2080 1452 siarii
2108 1399 2368 1474 Romani,
2395 1412 2451 1460 et
2469 1421 2598 1464 cras
2616 1411 2914 1469 Dominico
2939 1415 3034 1470 die
3051 1395 3560 1477 communicabunt

1913 1487 2274 1561 patriarchae,
2323 1507 2389 1549 ac
2434 1509 2532 1565 per
2589 1498 2695 1554 hoc
2751 1503 3020 1560 omnibus
3069 1506 3435 1565 manifestum
3495 1509 3558 1566 tit

1913 1576 2061 1665 quod
2114 1581 2175 1633 tu
2224 1579 2571 1640 subverteris
2627 1587 2922 1646 Remanos.
2971 1593 3228 1665 Denique
3286 1602 3338 1652 te
3392 1597 3558 1654 illinc

1909 1661 2120 1735 ablato,
2151 1680 2279 1722 mox
2305 1681 2715 1731 consenserunt
2745 1677 2836 1732 his
2865 1680 2962 1750 qui
2997 1681 3091 1737 hic
3123 1661 3275 1738 sunt.
3310 1685 3381 1740 Et
3406 1685 3558 1741 dixit

205 1732 421 1845 66mg,
447 1737 745 1845 οἱανδήποτε
776 1734 1045 1845 πρόκῗμα
1089 1744 1167 1823 τῷ
1207 1739 1367 1845 θρόνιρ
1403 1740 1643 1845 Ῥώμης,
1671 1739 1752 1826 κᾷι

1907 1732 2156 1845 adeas:
2206 1757 2275 1813 Hi
2307 1760 2406 1830 qui
2448 1777 2668 1836 venere,

204 1824 605 1912 κοινωνήσωσιν,
634 1825 757 1887 ἐπὰν
797 1831 890 1888 οὐκ
923 1829 1117 1908 ἤγαγον
1155 1831 1282 1912 πρὸς
1319 1831 1408 1891 τὸν
1441 1824 1766 1912 πατριάρχην

203 1911 501 1991 ἐπιστολὴν,
531 1917 592 1975 οὗ
617 1923 847 1978 ποιοῦσα
876 1918 966 1978 καὶ
990 1921 1050 1980 οὐ
1075 1911 1315 1998 πείθομαι
1339 1920 1570 1988 πάντως.
1605 1919 1683 1980 ὅτι
1716 1925 1764 1982 οἱ

215 1998 475 2086 Ῥωμαῖοι
496 2004 723 2064 ἑνοῦνται
746 2009 854 2071 τοῖς
881 2008 1174 2079 ἐνταῦθα,εῖ
1195 2006 1269 2086 μὴ
1293 2008 1660 2086 ὁμολογήσωσι
1675 2008 1765 2067 τὸν

201 2085 568 2177 Κύριον
590 2091 681 2150 καὶ
696 2091 854 2177 Θεὸν,
867 2095 981 2152 καθ’
1002 2085 1242 2177 ἑκάτερον
1262 2099 1367 2154 τῶν
1393 2095 1445 2164 ἐξ
1471 2085 1568 2167 ῶν,
1591 2099 1643 2154 ἐν
1677 2087 1762 2163 οἶς

203 2198 258 2233 τε
279 2176 375 2236 καὶ
398 2175 523 2258 ἄπέρ
544 2182 706 2256 ἐστιν,
736 2171 860 2240 εἶναι
884 2178 1032 2262 φύσει
1053 2171 1317 2254 θελητικόν
1342 2207 1401 2242 τε
1429 2185 1519 2244 καὶ
1548 2185 1761 2264 ἐνεργη-

197 2264 344 2323 τικὸν
369 2270 460 2338 τῆς
480 2271 632 2343 ἡμῶν
657 2267 936 2350 σωτηρίας.
961 2269 1072 2329 Καὶ
1091 2267 1352 2348 λέγουσιν’
1385 2273 1452 2331 Εἰ
1481 2268 1534 2330 δὲ
1561 2272 1755 2348 συμϐι-

195 2351 426 2414 ϐασθῶσι
450 2361 558 2422 τοῖς
578 2358 796 2416 ἐνταῦτα
810 2349 870 2417 οἱ
892 2354 1170 2436 Ῥωμαῖοι,
1194 2358 1246 2418 τί
1265 2364 1457 2432 ποιεῖς;
1489 2360 1597 2420 Καὶ
1619 2349 1752 2420 εἶπν

194 2440 270 2500 Τὸ
293 2443 525 2522 Πνεῦμα
548 2443 609 2503 τὸ
633 2442 778 2523 ἅγιον
804 2444 887 2505 διὰ
908 2453 1006 2507 τοῦ
1048 2445 1344 2507 ἀποστόλου
1372 2448 1462 2526 καὶ
1502 2446 1755 2526 ἀγγέλους

194 2531 554 2601 ἀναθεματίζει
579 2531 722 2614 παρὰ
743 2533 806 2593 τὸ
829 2533 1071 2614 κήρυγμᾶ
1093 2559 1146 2595 τι
1171 2525 1589 2614 νομοθετοῦντας.

262 2618 382 2679 Καὶ
407 2616 861 2696 λέγουσιοῐισίντοκ
887 2620 1084 2700 ἀνάγκη
1111 2621 1241 2694 ἐστὶ,
1274 2621 1505 2695 θελήσεις
1518 2621 1756 2702 λέγεσθαι

188 2706 268 2765 ἐπὶ
292 2707 536 2786 Χριστοῦ
557 2709 646 2768 καὶ
671 2707 953 2790 ἐνεργείας;
997 2709 1276 2791 Ἀπεκρίθη
1297 2713 1501 2770 ’Πᾶσα
1528 2711 1751 2789 ἀνάγκη,

186 2791 322 2876 εἴπερ
352 2795 582 2855 εὐσεϐεῖν
607 2795 740 2856 κατὰ
779 2797 1015 2868 ἀλήθειαν
1043 2797 1290 2876 θέλωμεν.
1336 2797 1500 2859 Οὐδὲν
1520 2797 1619 2879 γὰρ
1646 2803 1751 2858 τῶν

184 2880 370 2953 ὄνων,
389 2884 551 2964 χωρὶς
564 2885 810 2963 ἐνεργείας
837 2891 1054 2966 φυσικῆς
1079 2885 1463 2969 ὑφέστηκεν.οἱ
1487 2887 1592 2969 γὰρ
1619 2887 1754 2966 ἅγιοι

183 2970 425 3052 Πατέρες
460 2975 692 3052 φανερῶς
733 2964 963 3051 λέγουσι,
997 2964 1133 3052 μήτε
1172 2964 1322 3044 εἶναι,
1413 2964 1750 3054 γινώσκεσθαι

1909 1840 2030 1896 sedi
2062 1842 2346 1918 Romanae,
2379 1851 2641 1919 quamvis
2669 1857 3115 1932 communicent,
3155 1840 3221 1917 eo
3257 1840 3406 1933 quod
3444 1877 3554 1920 non

1906 1928 2240 1988 detulerunt
2265 1936 2335 1991 ad
2371 1939 2753 2006 patriarcham
2792 1928 3114 2018 epistolam,
3150 1928 3551 2008 non—faciunt:

1905 2021 1962 2071 et
1988 2032 2100 2074 non
2125 2022 2293 2078 credo
2319 2024 2633 2094 aliquando
2655 2031 2804 2100 quod
2832 2033 3069 2090 Romani
3100 2038 3379 2094 uniantur
3401 2040 3551 2112 istis,

1906 2106 2022 2162 nisi
2062 2109 2308 2167 confessi
2350 2111 2565 2171 fuerint
2602 2119 2908 2176 Dominum
2951 2129 3211 2181 nostrum
3255 2131 3311 2182 et
3352 2106 3550 2200 Deum,

1905 2198 2220 2255 secundum
2261 2208 2571 2274 utrumque
2607 2219 2803 2263 eorum
2848 2223 2916 2264 ex
2955 2211 3170 2280 quibus
3207 2219 3294 2269 est
3330 2221 3386 2271 et
3427 2198 3554 2287 qua:

1903 2288 2007 2370 est,
2037 2299 2179 2357 esse,
2211 2295 2267 2344 et
2299 2295 2503 2347 natura
2533 2293 2924 2353 voluntarium
2954 2303 3010 2354 et
3039 2303 3426 2370 Operatorium
3461 2305 3554 2360 ha-

1903 2369 2035 2429 bere
2081 2375 2292 2433 salutis
2339 2386 2566 2453 nostrae,
2617 2384 2687 2439 Et
2731 2384 2968 2442 dicunt:
3017 2369 3175 2458 Quod
3216 2391 3266 2446 si
3308 2393 3549 2448 connexi

1902 2458 2122 2518 fuerint
2147 2463 2240 2520 his
2270 2466 2530 2540 Romani,
2566 2471 2706 2541 quid
2737 2471 2911 2529 facies
2931 2474 2958 2528 ‘?
2988 2477 3053 2531 Et
3077 2477 3265 2533 dixit:
3299 2480 3552 2550 Spiritus

1903 2558 2137 2607 sanctus
2189 2554 2362 2610 etiam
2421 2560 2654 2632 angelos
2711 2563 3173 2638 anathematizat,
3234 2574 3437 2638 praater
3492 2569 3549 2624 id

1903 2640 2052 2709 quod
2087 2644 2459 2711 praedicatum
2485 2655 2589 2719 est,
2629 2650 2983 2708 innovantes.

1968 2729 2038 2783 Et
2077 2730 2282 2787 aiunt:
2333 2734 2540 2807 Utique
2585 2739 2893 2796 necessitas
2937 2746 3023 2797 est
3065 2744 3388 2803 voluntates
3431 2747 3549 2804 dici

1901 2815 1960 2871 in
1990 2817 2240 2892 Christo,
2282 2827 2338 2877 et
2379 2826 2789 2894 operationes‘?
2834 2829 3183 2900 Respondit:
3217 2833 3419 2892 Omnis
3460 2851 3551 2892 ne-

1897 2906 2134 2963 cessitas
2163 2916 2268 2980 est,
2302 2912 2351 2966 si
2384 2914 2664 2972 duntaxat
2698 2917 2787 2986 pie
2815 2932 3006 2975 revera
3037 2935 3233 2992 sapere
3261 2924 3544 2982 volumus.

1895 2992 2056 3049 Nihil
2079 2997 2230 3052 enim
2257 3012 2452 3055 eorum
2482 3017 2606 3072 quae
2632 3010 2769 3060 sunt
2792 3006 2918 3063 sine
2937 3011 3267 3078 operatione
3295 3015 3547 3071 naturali

179 3060 345 3139 χωρὶς
386 3062 481 3130 τῆς
524 3062 799 3127 οὖσιωδοῦς
846 3065 1002 3134 αὖτ’-ῆς
1045 3062 1296 3143 ἐνεργείας
1321 3061 1416 3163 τὴν
1453 3064 1752 3137 οἱανδήποτε

1902 3082 2183 3141 subsistit.
2233 3089 2423 3145 Sancti
2470 3060 2714 3163 namque
2755 3060 3292 3157 Patres'rmanifeste
3343 3103 3550 3160 dicunt

179 3146 354 3226 φύσιν·
382 3145 506 3207 εἰδὲ
533 3146 656 3208 οὔτέ
673 3152 832 3211 ἐστιν.
856 3149 973 3210 οὔτε
998 3149 1306 3230 γινώσκεται
1329 3150 1476 3233 φύσις
1507 3152 1626 3211 ἄνευ
1645 3157 1746 3233 τῆς

176 3233 335 3306 αὐτὴν
383 3236 646 3302 οὖσιωδῶς
664 3236 1150 3319 χαρακτηριζούσης
1179 3231 1459 3320 ἐνεργείας,
1488 3243 1600 3306 πῶς
1621 3231 1746 3299 εἶναι

176 3320 259 3378 τὸν
286 3323 544 3402 Χριστὸν,
565 3322 600 3395 ἢ
620 3325 946 3404 γνωρίζεσθαι
971 3326 1107 3385 Θεὸν
1133 3328 1335 3398 ἀληθῶς
1363 3325 1509 3409 φύσει
1537 3328 1624 3387 καὶ
1652 3327 1749 3386 ἄν·

176 3414 405 3489 θρωπον,
431 3409 552 3469 ἄνευ
571 3416 663 3482 τῆς
683 3417 853 3484 θεῖκῆς
881 3414 969 3474 καὶ
997 3414 1312 3493 ἀνθρωπίνης
1341 3414 1618 3496 ἐνεργείας,
1638 3414 1750 3475 ἐστὶ

171 3496 417 3570 δυνατόν;
460 3497 747 3566 Ἀπολέσας
765 3499 884 3582 γὰρ,
901 3499 1037 3561 κατὰ
1058 3498 1176 3568 τοὺς
1193 3500 1459 3582 Πατέρας,
1477 3502 1538 3560 τὸ
1559 3508 1746 3584 βρυχι-

172 3585 257 3644 κὸν
275 3592 304 3646 6
333 3585 482 3646 λέων
507 3590 602 3647 οὐκ
624 3585 735 3648 ἔστι
759 3587 916 3658 λέων,
951 3589 1040 3649 καὶ
1067 3587 1204 3648 κύων
1229 3590 1292 3650 τὸ
1317 3591 1612 3668 ὗλακτικὸν,
1644 3596 1747 3652 οὐκ

170 3673 275 3734 ἔστι
305 3674 478 3735 κύων.
508 3676 599 3736 καὶ
620 3675 751 3736 ἄλλο
777 3676 838 3736 τὸ
867 3674 1060 3736 οἵονοῦν
1085 3677 1147 3736 τὸ
1170 3681 1398 3757 φυσικῶς
1429 3681 1585 3738 αὐτοῦ
1610 3703 1745 3738 συσ-

167 3765 385 3824 τατικὸν
411 3761 696 3835 ἀπολέσαν,
719 3769 814 3826 οὐκ
841 3764 978 3826 ἔστιν
1003 3763 1078 3824 ἔτι
1102 3764 1224 3848 ἕπερ
1253 3757 1334 3837 ἦν.
1368 3766 1473 3825 Καὶ
1504 3765 1742 3844 λέγουσιν

164 3855 303 3933 αὖτῷ
319 3878 339 3892 ⁸
367 3851 602 3930 Οἴδαμεν
627 3853 784 3921 ὅπως
811 3853 891 3914 ὅτι
910 3852 1075 3921 οὕτως
1103 3844 1166 3924 ἦν
1190 3844 1211 3892 ’1
1234 3853 1370 3926 πλὴν
1401 3852 1474 3931 μὴ
1500 3856 1741 3926 λυπήσης

165 3939 248 3999 τὸν
274 3939 530 4018 βασιλέα,
551 3940 634 4000 διὰ
657 3940 752 4013 τὴν
787 3943 985 4024 εἰρήνην
1013 3943 1103 4001 καὶ
1133 3939 1286 4021 μόνον
1330 3942 1623 4014 ποιήσαντα
1650 3942 1739 4001 τὸν

163 4026 345 4099 τύπον,
375 4033 473 4089 οὐκ
499 4031 580 4088 ἐπ’
603 4027 853 4111 ἀναιρέσει
869 4029 1004 4097 τινὸς
1031 4033 1136 4088 τῶν
1161 4031 1244 4088 ἐπὶ
1266 4031 1493 4110 Χριστοῦ
1520 4026 1740 4106 νοουμέ-

161 4140 279 4188 νων,
313 4117 443 4176 ἀλλ⁹
480 4117 564 4176 ἐπὶ
592 4117 793 4198 εἰρήνῃ.
833 4115 928 4188 τὴν
971 4113 1172 4188 σιωπὴν
1219 4119 1322 4177 τῶν
1348 4121 1607 4178 ποιουσῶν
1644 4114 1738 4188 τὴν

159 4203 438 4264 διάστασιν
470 4207 651 4286 φωνῶν
678 4209 1069 4286 οἰκονομοῦντα.

238 4293 352 4354 Καὶ
398 4284 551 4372 ῥίψας
596 4297 626 4352 6
661 4284 756 4353 τοῦ
795 4293 939 4354 Θεοῦ
981 4295 1158 4361 δοῦλος
1208 4293 1386 4354 ἑαυτὸν
1413 4297 1484 4360 εἰς
1508 4293 1603 4366 τὴν
1642 4299 1737 4372 γῆν

1897 3185 2008 3228 non
2040 3187 2181 3246 esse,
2215 3191 2317 3233 nec
2350 3181 2510 3249 sciri,
2560 3181 2686 3236 sine
2727 3183 3096 3242 substantiali
3135 3191 3468 3258 operatione
3499 3207 3539 3265 ι,

1894 3276 2020 3331 qua:
2074 3264 2219 3321 hanc
2271 3267 2703 3326 subtantialiter
2749 3272 3198 3332 characterizet:
3264 3264 3544 3350 quemodo

1892 3364 2015 3406 esse
2051 3352 2367 3427 Christum,
2407 3363 2508 3412 aut
2537 3360 2768 3430 agnosci
2802 3362 2977 3417 Deum
3023 3370 3227 3420 natura
3267 3368 3547 3424 veraciter

1891 3443 1946 3494 et
1985 3442 2273 3499 hominem
2314 3450 2400 3500 est
2445 3447 2767 3515 possibile?
2806 3447 3032 3506 Amisso
3071 3453 3302 3523 quippe,
3348 3469 3547 3512 secun-

1890 3529 2027 3586 dum
2071 3539 2297 3589 sanctos
2329 3536 2542 3607 Patres,
2582 3535 2880 3610 fremibili,
2912 3538 3000 3598 leo
3031 3554 3142 3596 non
3183 3542 3298 3617 jam
3341 3542 3449 3614 leo,
3489 3549 3546 3600 et

1891 3619 2167 3692 latrabili,
2195 3623 2355 3679 canis
2387 3626 2632 3694 nonjam
2661 3627 2858 3698 canis;
2893 3633 2948 3683 et
2973 3629 3132 3684 aliud
3161 3631 3544 3704 quodcunque

1891 3711 2116 3781 perdito
2159 3713 2309 3783 quod
2354 3728 2410 3770 se
2445 3715 2790 3772 naturaliter
2818 3719 3267 3789 commendabat,
3311 3735 3422 3777 non
3463 3722 3545 3779 ul-

1890 3800 2072 3856 terius
2109 3807 2193 3858 est
2234 3804 2382 3872 quod
2424 3810 2564 3859 erat.
2608 3806 2677 3859 Et
2703 3805 2908 3861 dicunt
2947 3807 3044 3862 ei:
3091 3809 3367 3866 Novimus
3415 3825 3544 3867 vere

1888 3890 2037 3959 quod
2083 3891 2164 3946 ita
2204 3892 2318 3961 sit;
2352 3898 2740 3950 verumtamen
2781 3910 2850 3950 ne
2898 3897 3206 3953 contristes
3247 3898 3545 3970 imperato-

1888 3991 2026 4049 rem,
2061 3979 2158 4050 qui
2200 3985 2429 4051 propter
2470 3995 2662 4053 pacem
2703 3987 3097 4042 tantummodo
3129 3985 3267 4043 fecit
3290 3989 3536 4059 Typum:

1888 4079 1998 4122 non
2025 4067 2084 4122 in
2106 4068 2526 4139 ademptionem
2549 4072 2892 4143 cujusquam
2918 4088 3113 4130 eorum
3145 4091 3270 4147 quaa
3297 4076 3356 4132 in
3385 4078 3544 4133 Chri-

1886 4160 1975 4210 sto
2024 4155 2453 4230 intelliguntur,
2501 4161 2596 4216 sed
2642 4161 2711 4216 ad
2758 4176 2949 4232 pacem
2999 4163 3295 4221 silentium
3338 4181 3541 4224 vocum

1886 4257 2013 4314 qua:
2040 4243 2323 4303 faciebant
2349 4248 2789 4320 dissensionem,
2819 4251 3177 4322 dispensans.

1955 4334 2023 4388 Et
2054 4335 2362 4405 projiciens
2393 4351 2453 4393 se
2488 4338 2589 4393 Dei
2622 4352 2820 4396 servus
2851 4339 2910 4395 in
2954 4345 3162 4399 terram
3202 4358 3333 4400 cum
3365 4345 3541 4418 lacry-

157 4377 571 4506 μετζξαξρύωγ
591 4405 606 4420 ·
657 4384 773 4442 Οὐκ
791 4379 988 4506 finit}:
1034 4385 1336 4493 ⁸λυπηθῆνσιιΙ
1359 4387 1389 4441 6
1423 4382 1608 4506 ἀγαθὲ-ς
1649 4383 1737 4506 κὶαὶ

1955 4377 2023 4388 ..-
2055 4377 2105 4404 ιιι
2121 4377 2362 4405 νδιυιυιιυ
2393 4377 2453 4393 υν
2488 4377 2589 4393 uva
2622 4377 2701 4395 ονε
2723 4377 2820 4396 vuo
2852 4377 2910 4395 ιιι
2957 4377 3162 4399 υυιιαιιι
3202 4377 3333 4400 uuln
3365 4377 3540 4418 nihl"

1902 4422 2000 4478 mis
2046 4424 2232 4480 dixit:
2276 4428 2397 4482 Non
2449 4428 2722 4484 debuerat
2773 4430 3108 4486 contristari
3155 4431 3441 4506 benignus
3483 4443 3540 4491 et

154 4469 383 4542 εὐσεϐὴς
406 4469 657 4543 δεσπότης
687 4468 825 4530 κατὰ
848 4476 939 4543 τῆς
965 4473 1098 4549 ἐμῆς
1120 4469 1502 4538 ταπεινώσεως.
1533 4474 1613 4531 Οὐ
1633 4470 1734 4554 γὰρ

153 4559 386 4638 δοξναμσιι
406 4559 638 4630 λυπῆσαι
672 4558 762 4618 τὸν
791 4560 926 4619 Θεὸν
963 4563 1170 4618 σιωπῶν
1215 4559 1347 4641 ἅπερ
1375 4558 1527 4626 αὐτὸς
1554 4561 1732 4619 λαλεῖ-

149 4650 236 4702 θαι
259 4646 357 4704 καὶ
387 4646 748 4723 ὁμολογεῖσθαι
766 4642 1101 4728 προσέταξεν.
1119 4649 1186 4706 Εἰ
1211 4646 1308 4728 γὰρ
1327 4645 1464 4708 κατὰ
1487 4645 1578 4707 τὸν
1604 4652 1734 4708 θεῖον

153 4731 492 4808 ἀπόστολον,
517 4731 671 4801 αὐτός
691 4733 832 4794 ἔστιν
850 4739 878 4794 6
894 4733 1100 4812 θέμενος
1122 4737 1174 4795 ἐν
1273 4733 1734 4817 Ἐκκλησία,πρῶ-

145 4844 238 4880 τον
290 4819 650 4892 ἀποστόλους,
697 4823 929 4902 δερτερον
961 4823 1253 4906 προφήτας,
1291 4823 1461 4906 τρίτον
1484 4823 1730 4883 διδασκοί-

148 4912 297 4975 λους,
323 4905 492 4980 δῆλόν
520 4909 685 4974 ἔστιν.
716 4907 795 4970 ὅτι
831 4909 982 4978 αὐτός
1009 4905 1150 4971 ἔστιν
1175 4917 1203 4971 6
1231 4910 1312 4971 διὰ
1332 4905 1535 4972 τούτων
1559 4913 1732 4984 λαλή-

144 5020 263 5064 σας.
290 4993 403 5055 Διὰ
427 4993 601 5067 πάσης
631 4988 717 5056 οὖν
747 5002 841 5070 τῆς
874 4997 1018 5076 ἁγίας
1047 5004 1272 5082 γραφῆς,
1306 5005 1398 5073 τῆς
1424 5023 1483 5060 τε
1505 5001 1729 5068 παλαιᾶς

142 5088 234 5146 καὶ
257 5084 391 5152 νέας
416 5085 686 5159 διαθήκης,
708 5087 797 5145 καὶ
824 5091 929 5145 τῶν
954 5088 1112 5167 ἁγίων
1136 5089 1455 5150 διδασκάλων
1474 5089 1564 5149 καὶ
1583 5088 1727 5151 συνό-

139 5173 240 5231 δων
267 5169 652 5249 διδασκόμεθα,
683 5173 947 5246 θελητικόν
974 5199 1031 5235 τε
1060 5177 1151 5236 καὶ
1177 5177 1500 5259 ἐνεργητικὸν
1530 5176 1732 5258 θεόρητί

139 5283 197 5319 τε
220 5263 322 5321 καὶ
338 5259 721 5348 ἑνθρωπότητι,
743 5261 833 5348 τὸν
853 5262 1182 5344 σαρκωθέντα
1201 5263 1377 5348 ΘεόνΖΔ
1385 5265 1606 5332 Οὐδενὸς
1629 5264 1729 5348 γὰρ

139 5350 271 5422 τῶν,
306 5339 404 5414 οἶς
427 5339 501 5414 ὧς
528 5348 665 5416 Θεός
691 5339 1022 5432 γινώσκεται,
1048 5353 1136 5412 καὶ
1161 5357 1288 5433 τῶν,
1317 5343 1402 5419 οἶς
1429 5357 1502 5420 ὥς
1532 5339 1723 5436 ἄνθρωί

155 5520 188 5551 ε
218 5511 376 5582 Quae
415 5511 944 5594 interpres__omisit
977 5518 1299 5591 sicsupple
1334 5539 1346 5574 :
1382 5521 1554 5594 ullam
1597 5539 1767 5594 quam

101 5599 309 5654 umque
358 5590 637 5642 naturam.
682 5587 746 5644 Si
789 5594 970 5645 autem
1008 5587 1188 5662 neque
1208 5587 1308 5657 est,
1348 5587 1712 5668 nequezco'gno
1742 5623 1758 5664 ι

1884 4513 2016 4584 pius
2067 4515 2338 4572 dominus
2390 4518 2664 4574 adversus
2713 4519 3096 4575 humilitatem
3149 4536 3363 4578 meam:
3424 4538 3535 4580 non

1881 4603 2034 4658 enim
2086 4619 2314 4674 possum
2358 4608 2701 4664 contristare
2746 4610 2943 4682 Deum,
2997 4616 3189 4666 tacens
3234 4626 3360 4683 quae
3415 4613 3537 4683 ipse

1883 4706 1986 4749 nos
2016 4694 2175 4765 loqui
2210 4699 2266 4750 et
2295 4697 2554 4752 conﬁteri
2601 4699 2886 4769 praecepit.
2922 4699 2981 4754 Si
3022 4701 3175 4758 enim
3220 4703 3536 4760 secundum

1883 4785 2336 4841 sacratissimum
2379 4785 2735 4860 Apostolum,
2786 4789 2908 4860 ipse
2940 4797 3026 4846 est
3066 4792 3191 4862 tqui
3237 4794 3432 4863 posuit
3475 4795 3536 4852 in

1878 4875 2129 4931 Ecclesia
2175 4877 2328 4944 pimo
2361 4877 2666 4948 apostolos,
2715 4880 2964 4935 secundo
3014 4882 3335 4955 prophetas,
3385 4890 3539 4941 terr-

1880 4965 1963 5021 tio
1992 4965 2274 5034 doctores,
2315 4964 2680 5035 perspicuum
2713 4970 2798 5022 est
2837 4968 2986 5038 quod
3029 4969 3150 5038 ipse
3185 4971 3264 5025 sit
3298 4973 3399 5042 qui
3439 4988 3538 5044 per

1882 5053 2026 5109 istos
2081 5053 2310 5110 locutus
2355 5058 2460 5110 est.
2511 5053 2616 5110 Per
2667 5059 2842 5110 totam
2892 5069 3026 5127 ergo
3082 5063 3334 5115 sanctam
3387 5061 3536 5118 Scri-

1880 5148 2134 5215 pturam,
2190 5147 2302 5199 tam
2357 5144 2582 5200 scilicet
2623 5145 2798 5202 Vetus
2847 5159 3015 5216 quam
3074 5148 3290 5204 Novum
3349 5151 3537 5208 Testa-

1884 5237 2154 5304 mentum,
2198 5237 2538 5304 sanctosque
2579 5234 2859 5305 doctores,
2904 5248 2969 5290 ac
3014 5237 3278 5310 synodos,
3344 5239 3536 5298 edoce-

1880 5334 2007 5378 mur
2058 5322 2374 5379 voluntatis
2422 5329 2478 5380 et
2535 5324 2890 5394 operationis
2942 5329 3056 5382 tam
3111 5327 3170 5383 in
3226 5327 3534 5388 divinitate

1881 5423 2050 5481 quam
2093 5411 2153 5466 in
2191 5413 2548 5469 humanitate
2592 5414 2953 5472 incarnatum
2995 5417 3171 5473 Deum
3211 5431 3334 5473 esse
3373 5433 3538 5492 capa.

1887 5521 2058 5593 scitur
2086 5525 2290 5593 natura
2324 5521 2527 5593 absque
2565 5526 2873 5592 operatione
2914 5539 3036 5592 qua:
3072 5526 3246 5593 ipsam
3284 5527 3534 5582 substan-

1893 5591 2099 5647 tialiter
2129 5591 2511 5649 characteriiet
2549 5591 2832 5664 qitomodo,
2869 5591 2976 5649 etc.
3012 5591 3170 5650 Sum.
