4034 6158
415 278 522 346 645

1647 259 2004 319 ANASTASII
2042 254 2581 313 BIBLIOTHECARII
3718 235 3830 294 646

471 437 567 481 πος
593 409 740 494 φύσει
765 406 1082 494 γνωρίζεται.
1132 402 1290 494 χωρὶς
1309 397 1593 494 Διῖιμοιρτίας.
1624 397 1758 454 ἐστὶν
1785 394 1845 494 ἂν
1889 397 1998 452 ἐλλι

2215 415 2316 459 em.
2354 399 2417 457 In
2454 396 2616 455 nullo
2652 393 2806 452 enim
2841 403 3038 449 eorum
3070 385 3289 459 quibus
3327 388 3394 442 ut
3427 385 3580 439 Deus
3618 378 3829 446 scitur,

472 482 695 576 1:754:13]
717 482 990 560 Eisdem;
1021 482 1268 552 ἐστικαθ’
1298 490 1553 567 ἑκάτερον.
1589 489 1657 550 ὡς
1687 482 1883 545 οὐδενὸς
1914 502 2011 538 κατ

476 588 712 667 ἑκάτερον
740 581 976 653 ἐλλιπὴς,
1004 583 1271 660 προφανῶς
1293 577 1353 635 τὸ
1377 577 1493 634 κατ’
1528 572 1680 632 αὐτὸν
1708 572 1827 630 ὅλον
1845 567 2030 626 νοθεύει

479 654 782 756 μυστήριον,
812 677 840 731 6
871 669 945 749 μὴ
974 654 1240 745 ὁμολογῶν
1270 663 1422 756 αὐτὸν
1453 654 1578 720 εἶναι
1599 659 1723 756 ἐπέρ
1746 660 1879 727 ἐστι,
1904 654 2033 733 μετὰ

479 767 582 824 τῶν
602 759 894 845 προσόντων
912 761 1054 838 αὐτῷ
1080 756 1192 814 καθ’
1215 752 1475 830 ἑκάτερον,
1502 751 1553 808 ἐν
1576 739 1660 814 οἶς
1689 739 1768 819 τι,
1801 744 1889 804 καὶ
1908 741 2034 821 ἅπέρ

482 852 612 928 ἐστι,
640 838 846 908 πάντων
871 847 1097 927 φυσικῶν
1126 838 1437 918 ἰδιωμάτων.

566 1213 671 1275 Καὶ
716 1209 893 1290 μικρὸν
936 1207 1315 1279 σιωπήσαντες,
1364 1203 1607 1272 ἀλληλοις
1653 1193 2040 1278 προσνεύσαιτες

484 1285 734 1382 λέγουσιλ
778 1285 942 1358 Πόθεν
969 1295 1175 1355 δύνασαι
1210 1293 1387 1366 δεῖξαι,
1442 1288 1521 1349 ὅτι
1539 1286 1654 1382 μτὰς
1682 1285 1916 1349 συνόδους
1955 1287 2039 1342 ἐκ·

487 1369 763 1450 ϐάλλουσιν
789 1389 837 1444 οἱ
872 1391 1047 1465 θρόνου
1094 1375 1718 1445 Κισ›νσταντινουπο’λεως;
1761 1372 1866 1432 Καὶ
1902 1369 2042 1449 λέγει

488 1483 659 1545 αὐτοῖς
681 1502 695 1517 ·
736 1476 878 1546 ’Ἤδη
905 1459 1153 1533 δέδεικται
1174 1473 1394 1552 μερικῶς
1413 1463 1496 1525 διὰ
1512 1469 1615 1524 τῶν
1645 1466 1697 1522 ἐν
1734 1459 1919 1538 Ῥώμῃ
1948 1463 2033 1517 λα-

490 1565 741 1640 ληθέντων
778 1565 897 1644 παρ’
947 1565 1078 1640 ἐμοῦ
1116 1547 1255 1642 πρὸς-
1275 1557 1363 1618 τὸν
1399 1552 1571 1637 κύριον
1620 1548 1925 1644 ρηγόριον,
1956 1547 2043 1605 τὸν

490 1658 773 1736 ἆσηκρῆτιν
794 1676 809 1692 ο
856 1651 962 1711 Καὶ
986 1656 1091 1723 νῦν,
1122 1636 1171 1709 εἶ
1192 1636 1503 1728 παρίσταται
1529 1646 1606 1723 τῷ
1633 1636 1854 1717 δεσπότῃ
1890 1642 2044 1694 τοῦτο

491 1742 872 1821 δειχθήσεσθαι,
891 1736 1122 1799 κελεύσει
1145 1738 1345 1806 δοθῆναι
1376 1733 1545 1791 ἄδειαν
1573 1722 1650 1811 τῷ
1679 1722 1872 1805 ἀναξίῳ
1902 1727 2046 1799 ὓμῶν

494 1813 686 1913 δούλῳ,
716 1829 804 1888 καὶ
827 1813 963 1887 ποιῶ
989 1830 1175 1905 γνῶσιν
1205 1822 1440 1904 βιϐλίων,
1466 1817 1545 1878 ὅτι
1570 1815 1637 1876 τὰ
1665 1814 1766 1894 ἐμὰ
1791 1813 2015 1895 ἀερηρέθη

495 1941 615 1989 σαν,
634 1902 735 1976 ’καὶ
770 1926 897 1976 πᾶσι
927 1902 1142 1996 φανερὸν
1167 1902 1300 1970 ποιεῖ)
1337 1914 1515 1996 τοῦτο.
1548 1906 1724 1996 χωρξςῗ
1746 1902 2049 1996 οἱασδήποτε

496 1986 829 2076 σκολιότητος
846 1986 1030 2080 λόγων.
1055 1986 1161 2060 Καὶ
1175 1997 1355 2059 λοιπὸν
1376 1994 1551 2054 ἄλλων
1568 1994 1775 2080 πολλῶν
1799 1986 2017 2080 λαληθέν

495 2115 623 2164 των,
653 2094 722 2156 εἷς
748 2076 1000 2172 γραφικὰς
1026 2089 1115 2148 καὶ
1141 2082 1356 2170 φυσικὰς
1384 2083 1475 2172 κοέι
1500 2076 1736 2172 τεχνικδις
1763 2077 2050 2172 ἐτράπησαν

497 2160 971 2257 γυμνασίας-τεκαὶ
996 2160 1231 2255 θεωρίας,
1278 2172 1352 2253 ἐφ’
1396 2160 1485 2235 αἶς
1512 2163 1825 2257 ἡδυνθέντες,
1865 2164 2053 2257 ἱλαρω-

499 2245 685 2347 τέρως,
716 2263 1024 2335 διετέθησαν.
1057 2245 1144 2322 καὶ
1167 2245 1382 2340 ἤρξαντο
1400 2257 1567 2334 λέγειν
1584 2280 1596 2293 ·
1623 2245 1774 2313 Οἶδεν
1794 2257 1822 2311 6
1842 2250 2048 2347 Ιςύριος,

501 2338 861 2436 ὦιρελῆΘημιν,
881 2351 969 2411 καὶ
986 2349 1091 2409 ἀπὸ
1107 2355 1199 2408 τοῦ
1212 2338 1308 2407 νῦν
1330 2348 1559 2424 ἐνοχλεῖν
1581 2347 1698 2419 ὑμῖν
1723 2344 1816 2400 οὐκ
1835 2338 2047 2417 ἔχομεν.

599 2521 666 2579 Ὁ
686 2515 740 2578 δὲ
761 2524 905 2597 κῦρις
924 2513 1138 2596 Σέργιος
1160 2503 1297 2572 εἶπεν
1314 2514 1476 2592 αὐτῷ’
1498 2506 1627 2568 ⁶Οτι
1639 2507 1887 2573 πολλάκις
1904 2496 2056 2576 ἦλθον

507 2610 579 2675 εἷς
604 2606 666 2666 τὸ
693 2595 896 2665 κέλλιόν
922 2595 1016 2662 σου
1045 2604 1112 2667 εἷς
1145 2600 1365 2670 Βέϐϐας,
1394 2598 1482 2658 καὶ
1499 2595 1839 2676 ἠκροασάμην
1867 2600 1954 2665 τῆς
1985 2595 2056 2651 δι-

507 2693 789 2759 δασκαλίας
835 2715 951 2767 σου,
984 2689 1073 2749 καὶ
1098 2695 1126 2748 6
1158 2687 1378 2769 Χριστὸς
1405 2685 1516 2766 ἔχει
1554 2683 1802 2764 βοηθῆσαί
1834 2706 1934 2750 σοι,
1976 2679 2061 2742 καὶ

511 2782 586 2861 μὴ
612 2780 914 2860 ἀγωνιάσῃς.
936 2780 1030 2843 Εἰς
1051 2776 1104 2835 ἓν
1122 2774 1177 2835 δὲ
1208 2773 1359 2853 μόνον
1378 2776 1551 2838 λυπεῖς
1577 2772 1789 2835 πάντας.
1822 2770 1901 2829 ὅτι
1925 2772 2058 2828 πολ-

507 2860 629 2937 λοὺς
654 2874 814 2936 ποιεῖς
833 2871 1150 2947 χωρισθῆναι
1174 2869 1266 2936 τῆς
1292 2862 1551 2947 κοινωνίας
1577 2865 1670 2930 τῆς
1698 2862 1924 2931 ἐνταῦθα]
1942 2860 2062 2917 Ἐκο

511 2958 727 3031 κλησίας
787 2941 944 3016 Ἕξττὶ
971 2978 1047 3020 τις
1077 2959 1105 3013 6
1129 2951 1316 3031 λέγων,
1355 2941 1492 3008 εἶπεν
1519 2954 1547 3007 6
1574 2948 1754 3012 δοῦλος
1778 2953 1870 3005 τοῦ
1897 2947 2061 3018 Θεοῦ,

513 3044 592 3107 ὅτι
606 3036 769 3106 εἶπονο
796 3041 888 3114 Μὴ
907 3040 1224 3120 κοινωνήσῃς
1325 3036 1615 3116 Ἐκκλησία⁵
1626 3038 1734 3093 τῶυ
1752 3035 2062 3106 Βυζαντίων;

530 3132 805 3214 Ἀπεκρίθη
834 3135 862 3190 6
888 3128 1026 3212 κύρις
1055 3119 1267 3209 Σέργιος
1286 3138 1297 3151 ⁸
1335 3123 1475 3185 Αὐτὸ
1502 3130 1680 3193 τοῦτο,
1700 3121 1761 3181 τὸ
1785 3119 1844 3181 σὲ
1872 3120 1944 3200 μὴ
1960 3146 2064 3181 κοι-

513 3208 710 3289 νωνεῖν,
732 3214 938 3298 μεγάλη
956 3208 1088 3297 ’πρὸς
1111 3208 1302 3280 πάντας
1323 3212 1432 3273 ἐστὶ
1449 3209 1613 3298 φωνὴ,
1648 3208 2062 3298 μὴᾹκοινωνῆσαι.

517 3309 627 3369 Καὶ
653 3298 792 3368 εἶπεν
815 3312 843 3366 ὁ
870 3312 961 3365 τοῦ
979 3295 1121 3364 Θεοῦ
1143 3305 1324 3368 δοῦλος
1352 3326 1365 3340 ο
1400 3297 1562 3361 Οὐδὲν
1590 3295 1873 3378 βιαιότερον
1906 3321 2070 3358 συνει-

519 3393 665 3462 δότος
702 3399 1112 3475 κατηγοροῦντος
1139 3390 1230 3449 καὶ
1268 3386 1409 3450 οὐδὲν
1446 3386 1631 3475 τούτου
1676 3393 2068 3466 συνηγοροῦντος

517 3474 1117 3565 παρρησιαστικώτερον.
1143 3477 1397 3544 Ἀκούσας
1417 3474 1472 3535 δὲ
1492 3481 1520 3535 6
1535 3483 1686 3565 ⁸κ’ὗρις
1712 3475 1966 3555 Τρὼϊλος,
1993 3475 2071 3535 ὅτι

520 3576 549 3632 6
567 3560 745 3639 Τύπος
764 3560 1185 3649 ἀναθεματίζεται
1204 3568 1274 3632 εἷς
1302 3573 1473 3623 πᾶσαν
1495 3560 1589 3632 τὴν
1615 3560 1778 3649 δύσιν,
1793 3560 1929 3638 λέγει
1947 3563 2070 3643 πρὸς

518 3658 607 3719 τὸν
634 3661 813 3718 δοῦλον
850 3646 942 3717 τοῦ
979 3657 1153 3716 Θεοῦο
1194 3649 1370 3712 Καλόν
1411 3649 1572 3720 ἔστιν,
1613 3646 1691 3707 ὅτι
1719 3653 1810 3705 τοῦ
1838 3648 2071 3715 εὐσεϐοῦς

520 3751 669 3823 ἡμῶν
696 3743 943 3805 δεσπότου
970 3748 1004 3815 ἡ
1023 3739 1277 3820 ὓπόληψις
1304 3736 1596 3819 ὑϐρίζεται;
1629 3735 1902 3823 Ἀπεκρίθη
1930 3740 1958 3794 6
1984 3743 2072 3795 τοῦ

523 3821 666 3893 Θεοῦ
693 3834 900 3897 δοῦλος·
946 3833 1012 3890 Ὁ
1040 3828 1176 3894 Θεὸς
1215 3824 1571 3907 συγχρρήσεις
1618 3826 1723 3887 τοῖς
1773 3821 2074 3883 ἐκϐιϐάσασι

523 3921 611 3980 τὸν
647 3917 899 3991 δεσπότην
942 3922 1155 3989 ποιῖσαι
1197 3914 1285 3974 τὸν
1324 3911 1506 3989 τύπον,
1546 3910 1635 3969 καὶ
1678 3914 1782 3976 τοῖς
1809 3912 2076 3991 συγχωρή-

525 4031 664 4069 σασι.
698 4006 808 4068 Καὶ
828 4005 991 4086 λέγει,
1030 4005 1159 4071 τίνες
1187 4002 1312 4062 εἰσὶν
1347 4005 1395 4062 οἱ
1424 3997 1800 4067 ἐκίιϐάσαντες,
1831 4000 1921 4058 καὶ
1946 3998 2076 4065 τίνες

526 4100 575 4157 οἱ
600 4097 1063 4180 συγχωρήσαντες;
1101 4093 1397 4173 Ἀπεκρίθη,
1430 4089 1479 4150 οἳ
1504 4094 1595 4180 τῆς
1639 4087 1951 4158 Ἐκκλησίας
1971 4087 2075 4156 ἐξε-

528 4173 769 4258 ϐίϐασαν,
790 4173 801 4180 ’
826 4185 912 4244 καὶ
934 4181 1290 4272 ,οἱᾶρχοντες
1328 4175 1713 4272 συνεᾈώρησαν.
1752 4176 1856 4235 Καὶ
1901 4173 2006 4234 ἰδοὺ
2051 4181 2080 4236 6

532 4271 685 4355 ῥύπος
713 4277 771 4334 ἐκ
811 4276 912 4333 τῶν
934 4263 1228 4332 ἷπευθύνων
1253 4271 1321 4335 εἷς
1345 4266 1433 4326 τὸν
1460 4267 1622 4323 ἀθῶον
1638 4264 1724 4322 καὶ
1742 4263 1956 4342 καθαρὸν
1983 4263 2081 4322 πά-

530 4385 623 4434 σης
643 4361 883 4444 αἱρέσεως
907 4358 1216 4439 ἐξετινάχθη.
1239 4353 1393 4415 Ἀλλὰ
1410 4347 1828 4430 συμϐουλεύσατε
1846 4354 2078 4427 ποιῆσαι,

532 4449 560 4510 ὃ
588 4437 820 4521 ἐποίησεν
856 4454 883 4509 6
915 4437 1130 4518 εὗσεϐἦς
1160 4450 1227 4525 τῇ
1258 4442 1436 4520 μνήμῃ
1463 4437 1728 4518 γενομένος
1757 4441 1909 4496 αὐτοῦ
1937 4441 2083 4498 πάπ-

529 4561 647 4603 πος.
697 4539 924 4603 Ἐκεῖνος
959 4533 1057 4616 γὰρ
1102 4530 1420 4609 αἶσθόμενος,
1456 4526 1534 4586 ὅτι
1559 4524 1718 4605 ψόγον
1759 4528 1918 4584 αὐτοῦ
1958 4552 2085 4595 τινες

530 4624 664 4684 κατὰ
700 4624 793 4697 τὴν
837 4622 975 4683 δύσιν
1017 4618 1354 4700 καταχέουσι,
1387 4615 1467 4675 διὰ
1502 4611 1782 4681 κελεύσεως
1829 4615 2086 4697 ἐλεύθερον

536 4712 715 4771 ἑαυτὸν
736 4710 946 4783 ἐποίησε
969 4714 1060 4781 τῆς
1090 4708 1174 4766 ἐπὶ
1193 4712 1259 4786 τῇ
1278 4703 1567 4785 Ἐκκλησία
1587 4703 1851 4782 μέμψεως,
1866 4704 2081 4784 γράψας.

537 4796 666 4858 "Or:
685 4797 925 4863 ’Έκθεσις
947 4800 1039 4856 οὐκ
1059 4796 1199 4855 ἔστιν
1222 4792 1341 4872 ἐμὴ,
1361 4791 1476 4852 οὔτε
1498 4789 1596 4871 γὰρ
1621 4788 1721 4868 ἐγὼ
1741 4790 2083 4871 ὕπηγόρευσα,

534 4886 571 4961 ἢ
603 4886 845 4948 ἐκέλευσα
881 4883 1113 4964 γενέσθαι
1135 4909 1147 4921 °
1180 4882 1313 4941 ἀλλὰ
1354 4881 1566 4962 Σέργιος
1606 4878 1762 4964 αὐτὴν
1787 4885 1813 4938 6
1841 4881 2087 4959 πατριάρ-

536 5000 637 5057 χης
666 4974 908 5044 συντάξας
941 4973 1042 5057 πρὸ
1075 4971 1225 5032 πέντε
1260 4976 1386 5031 ἐτῶν
1413 4977 1506 5029 τοῦ
1535 4961 1751 5026 ἀνελθεῖν
1780 4991 1844 5044 με
1870 4969 1973 5026 ἀπὸ
1998 4975 2089 5040 τῆς

540 5068 790 5136 ἀνατολῆς
801 5112 821 5145 ,ι
865 5064 1040 5136 ἐδεήθη
1083 5085 1182 5140 μου
1226 5062 1338 5119 κατ’
1382 5054 1538 5128 αὐτὴν
1564 5055 1835 5135 γενομένου
1859 5054 1950 5126 τὴν
1979 5080 2052 5115 πα
2070 5091 2089 5102 ο

538 5152 843 5229 νευῖαίμονα
871 5150 1039 5211 πόλιν.
1072 5148 1288 5225 ὀνόματί
1328 5170 1426 5223 μου
1465 5149 1766 5226 προτεθῆναι
1794 5142 1950 5212 αὐτὴν
1980 5146 2087 5221 μεθ’

541 5244 862 5319 ὑπογραφῆς*
895 5238 983 5297 καὶ
1009 5235 1352 5310 κατεδεξάμην
1389 5229 1480 5302 τὴν
1524 5231 1711 5289 ἐκείνου
1746 5230 2066 5310 παράκλησιν

542 5332 650 5388 Νῦν
678 5325 731 5385 δὲ
775 5333 925 5406 γνοῦς
955 5325 1030 5383 ὅτι
1058 5321 1187 5388 τινὲς
1234 5323 1312 5379 ἐπ’
1364 5317 1520 5389 αὐτὴν
1567 5317 1929 5395 διαμάχονται,
1969 5328 2093 5378 πᾶσι

542 5420 693 5488 δῆλοί
712 5421 862 5483 ποιῶ,
897 5413 974 5473 ὅτι
1002 5417 1093 5472 οὐκ
1122 5411 1257 5470 ἔστιν
1288 5410 1406 5487 ἐμή.
1440 5410 1490 5466 Τ
1493 5407 1651 5477 αὐτην
1680 5405 1957 5477 ἐποιήσατο
2003 5406 2094 5478 τὴν

545 5506 775 5568 κέλευσιν
800 5503 926 5587 πρὸς
955 5501 1041 5563 τὸν
1071 5498 1319 5583 μακάριον
1337 5496 1571 5571 Ἰωάννην
1597 5507 1834 5570 πάππαν,
1850 5496 2094 5580 κατακρί-

2175 491 2260 548 vel
2292 503 2489 547 eorum
2529 485 2746 559 quibus
2786 486 2849 538 ut
2880 481 3050 536 homo
3082 481 3286 534 natura
3316 470 3712 545 cognoscitur,
3742 479 3834 521 ex-

2176 585 2338 652 cepto
2365 580 2645 636 duntaxat
2695 575 2943 644 peccato,
2983 573 3071 626 est
3101 562 3490 636 imperfectus.
3532 559 3594 615 Si
3640 562 3833 613 autem

2178 645 2462 742 perfectus
2506 672 2592 723 est
2643 669 2908 734 utroque,
2954 660 3109 717 sicut
3158 657 3219 712 in
3267 652 3390 710 ullo
3436 664 3506 707 ex
3553 645 3836 704 ambobus

2176 738 2265 817 est
2293 759 2634 827 minoratus,
2666 750 2969 810 manifeste
2999 752 3181 805 totum
3213 744 3404 814 ipsius
3431 738 3725 796 adulterat
3752 748 3840 792 sa-

2179 852 2551 917 cramentum,
2585 824 2686 916 qui
2726 854 2838 898 non
2873 837 3178 896 conﬁtetur
3207 846 3335 888 eum
3375 842 3499 886 esse
3528 824 3684 898 quod
3725 830 3832 894 est,

2179 952 2310 996 cum
2359 913 2742 993 existentibus
2791 929 2906 987 sibi
2957 924 3229 984 omnibus
3276 917 3643 978 naturalibus
3696 913 3842 969 idio-

2183 1027 2453 1098 matibus,
2505 1036 2574 1081 ex
2630 1021 2864 1095 quibus,
2914 1021 2970 1075 et
3024 1016 3084 1071 in
3138 1012 3353 1085 quibus
3413 1013 3470 1065 et
3525 1021 3656 1078 qua:
3716 1016 3840 1061 esse

2186 1116 2478 1188 probatur.

2253 1208 2324 1263 Et
2351 1218 2480 1262 cum
2513 1202 2746 1274 paulum
2778 1197 3114 1267 tacuissent,
3146 1197 3202 1249 et
3238 1191 3307 1246 ad
3341 1187 3584 1245 invicem
3617 1183 3837 1241 innuis-

2188 1301 2335 1367 sent,
2384 1294 2585 1350 aiunt:
2642 1290 2799 1346 Unde
2849 1292 3008 1358 potes
3063 1281 3359 1339 ostendere
3407 1275 3560 1348 quod
3612 1277 3842 1330 sanctas

2189 1362 2436 1460 synodos
2477 1380 2757 1452 abjiciant
2794 1376 2854 1432 hi
2896 1374 2997 1447 qui
3030 1377 3166 1429 sunt
3206 1367 3401 1425 throni
3440 1362 3847 1421 Constantino-

2192 1456 2432 1549 poleos?
2458 1472 2567 1542 Qui
2594 1470 2741 1527 dicit
2764 1467 2883 1523 eis:
2916 1467 3032 1521 Jam
3068 1460 3273 1533 partim
3304 1462 3598 1515 ostensum
3626 1456 3720 1508 est
3752 1465 3847 1521 per

2191 1581 2255 1624 ea
2286 1578 2412 1637 qua:
2440 1541 2628 1618 Romae
2660 1558 2890 1614 locutus
2918 1566 3044 1609 sum
3075 1551 3143 1606 ad
3170 1547 3469 1605 dominum
3497 1541 3846 1614 Gregorium

2192 1669 2226 1713 a
2268 1630 2526 1711 sacretis.
2578 1650 2646 1704 Et
2690 1659 2860 1716 nunc,
2912 1643 2962 1699 si
3009 1641 3192 1712 placet
3234 1632 3582 1692 dominatori
3630 1635 3699 1687 ut
3747 1630 3850 1686 hoc

2115 1743 2550 1812 Bostendatur,
2600 1735 2797 1807 jubeat
2852 1731 2979 1789 dari
3029 1726 3319 1785 licentiam
3372 1722 3613 1793 indigno
3685 1732 3848 1775 servo

2196 1838 2405 1902 vestro,
2450 1834 2504 1886 et
2538 1808 2697 1884 'facio
2746 1821 3011 1880 notitiam
3062 1816 3365 1883 librorum,
3414 1809 3689 1882 quoniam
3742 1808 3849 1864 mei

2197 1922 2374 1981 ablati
2396 1897 2588 1977 sunt:
2622 1921 2677 1973 et
2713 1910 2941 1970 cunctis
2978 1908 3086 1963 hoc
3122 1902 3488 1961 manifestum
3528 1897 3681 1955 facio
3723 1898 3849 1953 sine

2200 2010 2456 2085 qualibet
2504 2005 2781 2079 pravitate
2824 1999 3143 2056 verborum.
3196 1995 3267 2049 Et
3302 1989 3508 2048 deinde
3553 2001 3689 2043 cum
3738 1986 3852 2042 alia

2201 2075 2381 2158 multa
2415 2075 2570 2153 dicta
2608 2092 2876 2159 fuissent,
2920 2088 2979 2143 in
3020 2080 3414 2154 scripturales,
3453 2090 3518 2133 ac
3558 2075 3856 2131 naturales

2201 2195 2258 2247 et
2287 2185 2620 2244 artiﬁciales
2658 2177 2914 2237 conversi
2959 2178 3094 2232 sunt
3130 2167 3569 2228 exercitationes
3606 2171 3665 2220 et
3704 2164 3857 2219 theo-

2205 2279 2342 2349 rias,
2371 2275 2585 2347 quibus
2616 2268 2881 2327 delectati
2913 2263 3221 2321 hilariores
3250 2257 3431 2315 eﬁ'ecti
3468 2258 3624 2323 sunt,
3664 2259 3725 2308 et
3751 2266 3859 2309 cm-

2206 2344 2413 2439 perunt
2450 2363 2674 2420 dicere:
2723 2356 2893 2413 Novit
2939 2351 3229 2421 dominus,
3278 2344 3646 2417 profecimus,
3693 2346 3754 2396 et
3787 2354 3853 2397 ex

2208 2458 2314 2513 hoc
2338 2453 2500 2511 vobis
2522 2447 2839 2507 molestiam
2867 2456 2977 2499 non
3007 2442 3349 2512 ingeremus.

2276 2547 2471 2613 Porro,
2521 2540 2766 2596 domnus
2805 2532 3041 2604 Sergius
3086 2528 3237 2585 dixit
3278 2526 3373 2582 ei:
3415 2523 3570 2593 Saepe
3615 2519 3749 2576 veni
3788 2520 3856 2575 ad

2209 2612 2475 2692 cellulam
2506 2635 2663 2686 tuam
2694 2627 2756 2682 in
2783 2623 2984 2692 Belias,
3013 2624 3067 2676 et
3096 2615 3291 2674 audivi
3318 2612 3639 2670 doctrinam
3666 2614 3849 2677 tuam,

2208 2730 2265 2781 et
2298 2724 2446 2778 Deus
2479 2714 2864 2776 auxiliabitur
2897 2710 3026 2781 tibi,
3070 2721 3140 2764 ne
3170 2703 3458 2762 sollicitus
3495 2701 3597 2757 sis.
3641 2702 3706 2754 In
3748 2710 3860 2753 uno

2209 2826 2342 2870 vero
2396 2805 2752 2866 solummodo
2809 2799 3121 2859 contristas
3164 2807 3381 2864 omnes,
3436 2789 3534 2861 qui
3586 2786 3863 2842 videlicet

2213 2901 2426 2959 multos
2472 2896 2616 2955 facis
2656 2890 2908 2966 separari
2948 2903 2980 2945 a
3018 2882 3420 2943 communione
3459 2878 3635 2947 hujus
3678 2874 3865 2930 Eccle-

2213 2991 2334 3048 siaa.
2374 2991 2473 3046 Est
2511 2962 2738 3058 aliquis
2766 2981 2868 3055 qui
2909 2979 3145 3046 asserat,
3188 2972 3273 3028 ait
3302 2969 3403 3025 Dei
3443 2980 3665 3034 servus,
3710 2962 3863 3035 quod

2132 3076 2181 3140 C
2213 3080 2498 3138 dixerim:
2539 3049 3034 3131 Necomr—nunices
3070 3061 3336 3120 Ecclesia:
3372 3049 3866 3130 Byzantinorum?

2214 3169 2530 3243 Respondit
2571 3166 2818 3223 domnus
2853 3157 3122 3229 Sergius:
3155 3154 3271 3208 Hoc
3305 3149 3517 3219 ipsum.
3564 3142 3862 3214 inquiens,

2219 3233 2484 3336 quoipse
2518 3269 2629 3312 non
2665 3247 3075 3316 communicas,
3116 3253 3317 3313 magna
3359 3241 3445 3293 est
3482 3233 3633 3305 apud
3665 3242 3865 3288 omnes

2221 3321 2417 3425 procul
2456 3344 2636 3404 dubio
2679 3355 2787 3399 vox
2826 3350 2935 3394 non
2975 3325 3458 3391 communicandi.
3505 3324 3574 3379 Et
3611 3321 3715 3376 Dei
3757 3332 3873 3376 ser-

2218 3413 2363 3498 vus:
2396 3437 2513 3508 Nil,
2544 3435 2647 3502 ait,
2680 3429 2898 3487 certius
2925 3428 3010 3482 est
3041 3435 3209 3494 quam
3239 3413 3593 3474 conscientia
3624 3423 3754 3483 quae
3783 3422 3873 3464 ac-

2221 3497 2418 3589 cusat:
2463 3497 2518 3582 et
2564 3497 2648 3579 nil
2697 3532 2783 3590 eo,
2832 3515 2930 3573 cui
2973 3515 3092 3570 haec
3133 3505 3534 3566 testimonium
3584 3497 3871 3572 perhibet,

2222 3620 2492 3689 majorem
2537 3610 2707 3667 habet
2749 3588 3037 3664 ﬁduciam.
3087 3601 3386 3664 Caeterum,
3438 3605 3568 3649 cum
3611 3588 3879 3645 audisset

2221 3675 2467 3766 domnus
2496 3699 2747 3765 Troilus,
2786 3693 2936 3767 quod
2966 3693 3156 3762 Typus
3193 3680 3778 3743 anathematizaretur
3814 3675 3878 3730 in

2222 3803 2342 3854 toto
2363 3792 2712 3862 .Occidente.
2753 3784 2901 3842 dicit
2937 3781 3007 3837 ad
3047 3789 3271 3836 servum
3309 3772 3448 3829 Dei:
3490 3771 3708 3825 Bonum
3767 3770 3877 3834 est,

2225 3887 2362 3961 quia
2393 3882 2475 3954 pii
2511 3873 2894 3937 dominatoris
2924 3869 3104 3926 nostri
3147 3863 3345 3936 Opinio
3388 3858 3629 3931 injuriis
3669 3854 3885 3911 lacera-

2344 3976 2371 4030 ?
2396 3943 2718 4043 'Respondit
2758 3976 2956 4022 servus
2983 3958 3123 4016 Dei:
3162 3959 3311 4012 Deus
3349 3951 3608 4024 ignoscat
3649 3944 3746 4001 his
3777 3943 3882 4014 qui

2226 4033 2573 4126 dominatori
2610 4057 2795 4115 facere
2820 4054 3035 4124 Typum
3069 4038 3523 4118 persuaserunt?
3552 4042 3608 4093 et
3644 4035 3742 4092 his
3779 4033 3884 4105 qui

2229 4152 2632 4230 permiserunt.
2679 4146 2752 4202 At
2797 4142 2933 4200 ille:
2986 4137 3119 4209 Qui,
3168 4135 3272 4206 ait,
3322 4134 3460 4189 sunt
3500 4126 3598 4198 qui
3650 4135 3884 4195 persua-

2229 4212 2447 4314 serunt,
2492 4246 2550 4297 et
2582 4236 2682 4310 qui
2729 4238 2865 4292 sunt
2911 4229 3012 4301 qui
3062 4218 3487 4297 permiserunt?
3526 4212 3880 4285 Respondit:

2228 4337 2297 4393 lli
2340 4305 2633 4407 quierant
2662 4321 2926 4383 Ecclesia:
2963 4318 3289 4374 suaserunt,
3331 4315 3387 4366 et
3424 4305 3721 4378 principes
3768 4314 3888 4372 pcr-

2145 4400 2201 4463 D
2234 4394 2534 4483 miserunt.
2572 4419 2643 4474 Et
2669 4427 2794 4471 ecce
2822 4408 3019 4468 sordes
3046 4419 3079 4461 a
3110 4400 3376 4461 sontibus
3412 4398 3472 4453 in
3505 4396 3797 4451 insontem
3831 4394 3887 4446 et

2233 4514 2390 4575 omni
2420 4508 2622 4568 haeresi
2654 4515 2853 4578 parum
2883 4508 3122 4555 excussa
3147 4499 3250 4549 est.
3284 4488 3388 4546 Sed
3415 4485 3727 4543 consilium
3754 4481 3888 4537 date

2231 4661 2373 4769 ejus.
2419 4691 2519 4749 Ille
2558 4661 2769 4758 quippe
2804 4678 3056 4737 sentiens
3094 4671 3242 4744 quod
3273 4670 3331 4725 in
3362 4663 3714 4736 vituperium
3761 4661 3888 4731 ejus

2236 4750 2639 4844 iur—Occidente
2665 4750 2910 4844 quidam
2947 4765 3402 4837 prorumperent,
3448 4768 3546 4826 per
3579 4750 3887 4822 epistolam

2236 4875 2481 4932 liberum
2511 4881 2571 4925 se
2602 4839 2737 4921 fecit
2769 4859 2840 4916 ab
2868 4852 3136 4913 Ecclesiae
3166 4844 3548 4920 querimonia,
3583 4839 3885 4898 scribens:

2241 4986 2268 5019 ι(
2313 4958 2594 5026 Ecthesis,
2642 4950 2857 5022 inquit,
2892 4958 3003 5002 non
3033 4947 3120 4998 est
3164 4952 3304 5008 mea,
3354 4947 3533 5008 neque
3582 4931 3739 4986 enim
3788 4940 3890 5000 ego

2238 5054 2324 5113 vel
2361 5021 2594 5120 dictavi,
2635 5021 2905 5111 velijussi
2948 5038 3012 5092 ut
3051 5033 3227 5089 ﬁeret.
3268 5026 3372 5083 Sed
3412 5039 3541 5080 cum
3584 5023 3733 5077 hanc
3771 5021 3894 5076 Ser-

2240 5145 2373 5219 gius
2410 5115 2735 5211 patriarcha
2772 5123 3185 5197 composuisset
3223 5121 3353 5174 ante
3384 5115 3641 5185 quinque
3682 5124 3890 5177 annos,

2240 5204 2606 5308 prius-quam
2635 5222 2706 5279 ab
2744 5218 2975 5275 Oriente
3006 5210 3367 5283 repedassem
3421 5204 3765 5272 deprecatus
3804 5205 3895 5256 est

2243 5289 2351 5393 ine,
2387 5289 2516 5377 cu‘m
2559 5315 2629 5371 ad
2669 5312 2817 5366 hanc
2864 5305 3086 5361 felicem
3125 5294 3508 5370 pervcnissem
3556 5289 3785 5362 urbem,
3836 5296 3898 5346 ut

2245 5378 2473 5469 nomine
2521 5416 2643 5461 meo
2686 5397 3095 5470 proponeretur
3139 5400 3271 5442 cum
3315 5378 3791 5450 subscriptione:
3843 5383 3899 5433 et

2245 5498 2470 5571 suscepi
2496 5488 2948 5565 deprecationem
2977 5480 3159 5536 illius.
3193 5478 3358 5531 Nunc
3382 5484 3512 5528 vero
3540 5481 3902 5540 cognoscens

2249 5554 2653 5669 quid'quidam
2693 5589 2865 5648 super
2893 5585 2959 5631 ea
2996 5568 3429 5634 altercarentur,
3471 5556 3702 5616 cunctis
3741 5554 3900 5613 facio
