4034 6158
429 281 534 340 619

483 439 644 519 λέγει’
658 441 763 503 Καὶ
779 439 856 507 τίς
885 439 1054 513 ὄνησις
1074 440 1362 520 ὀνομάτων,
1374 445 1478 502 τῶν
1497 441 1768 522 δογμάτων
1786 445 2032 518 ἐκϐεϐλη-
2087 402 2145 461 Α

481 527 679 608 μένων;
716 528 838 590 Καὶ
880 527 1111 604 δύνασαι,
1142 529 1262 614 ἔφη,
1300 535 1454 590 τοῦτο
1499 531 1682 600 δεῖξαις
1722 533 1808 593 καὶ
1849 523 1985 592 εἶπεν
2019 557 2032 569 ·

491 614 618 677 Ἐὰν
643 616 792 700 λάϐῳ
817 617 1012 697 ἄδειαν,
1043 620 1130 680 καὶ
1157 619 1422 693 κελεύητε,
1449 621 1704 700 δειχθῆναι
1740 621 1854 700 ἔχω
1879 628 2031 681 τοῦτο

477 705 610 766 πάνυ
628 709 872 790 εὐχερῶς.
894 708 999 769 Καὶ
1025 707 1399 782 σιωπησάντων
1436 712 1629 783 αὐτῶν,
1658 707 1797 788 λέγει
1837 713 1978 792 αὐτῷ
2006 716 2034 770 6

477 794 809 877 σακελλάριος
836 819 851 834 ⁸
875 793 974 855 Διὰ
998 797 1050 855 τί
1075 800 1277 878 ἀγαπᾷς
1311 794 1430 864 τοὺς
1463 794 1774 875 Ῥωμαίους,
1801 798 1888 858 καὶ
1901 797 2030 878 τοὺς

475 876 722 964 Γραικοὺς
753 889 947 963 μισεῖςς
986 876 1306 964 Ἀποκριθεὶς
1334 890 1363 944 6
1389 891 1480 943 τοῦ
1507 885 1650 944 Θεοῦ
1677 885 1854 950 δοῦλος
1880 876 1990 944 εἶπε
2012 909 2026 924 ο

475 972 838 1054 Παραγγελίαν
857 969 1070 1051 ἔχομεν,
1099 980 1194 1032 τοῦ
1215 970 1289 1050 μὴ
1311 971 1525 1052 μισῆσαί
1543 995 1655 1032 τινα
1672 996 1685 1011 ο
1712 972 1896 1050 ἀγαπῶ
1913 971 2031 1039 τοὺς

487 1061 809 1139 Ῥωμαίους,
863 1064 934 1128 ὥς
986 1061 1318 1136 ὁμοπίστους,
1374 1058 1492 1127 τοὺς
1544 1059 1598 1120 δὲ
1645 1059 1914 1140 Γραικοὺς,
1962 1065 2031 1128 ὡς

474 1147 843 1229 ὁμογλώσσους
869 1171 884 1190 ⁸
931 1150 1037 1210 Καὶ
1076 1149 1230 1208 πάλιν
1254 1147 1394 1228 λέγει
1431 1151 1570 1232 αὐτῷ
1595 1155 1623 1210 6
1651 1150 1979 1230 σακελλάριος
2007 1175 2022 1190 ο

471 1236 663 1298 Πόσων
687 1240 812 1297 ἐτῶν
845 1232 1012 1317 λέγεις
1038 1235 1244 1317 ἑαυτόνξς
1293 1237 1591 1319 Ἀπεκρίθη,
1647 1235 1726 1299 οέ.
1757 1237 1864 1299 Καὶ
1889 1237 2026 1317 λέγει

470 1329 632 1408 αὐτῷ.
666 1324 868 1393 Πόσους
901 1325 1114 1408 χρόνους
1144 1325 1254 1406 ἔχει
1284 1325 1416 1408 μετᾲ
1451 1333 1543 1386 σοῦ
1581 1331 1610 1386 6
1640 1326 1872 1405 μαθητής
1898 1347 2021 1402 σου;

481 1405 784 1494 Ἀπεκρίθη,
808 1405 1077 1486 λζ¹ξΤότε
1103 1405 1337 1497 ἀνέκραξε
1357 1405 1438 1482 εἶς
1460 1412 1728 1495 κληρικόςο
1763 1413 2028 1475 Ἀπέδωκέ

470 1526 552 1565 σοι
578 1509 606 1563 6
631 1503 838 1584 Κύριος,
870 1502 967 1566 ὅσα
993 1503 1236 1577 ἐποίησας
1264 1507 1342 1588 τῷ
1371 1503 1608 1587 μακαρίῳ
1634 1500 1852 1587 Πύῤῥῳ.
1885 1503 2026 1585 Πρὸς

470 1591 526 1652 ὃν
555 1589 694 1652 οὐδὲν
714 1592 959 1676 ἀπεκρίθη
982 1591 1141 1660 ὅλως.

2091 1737 2148 1800 Β

548 1949 830 2012 Τοσούτων
849 1947 904 2011 δὲ
919 1947 1250 2022 λαληθέντων
1271 1946 1324 2010 ἓν
1337 1951 1415 2032 τῷ
1434 1946 1860 2032 σεκρέτῳ,οὖδεὶς
1882 1944 2022 2008 οὐδὲν

469 2045 573 2100 τῶν
598 2042 934 2121 πατριαρχῶν
977 2036 1266 2120 ἐφθέγξατο.
1315 2038 1408 2099 Ἐν
1443 2035 1497 2097 δὲ
1522 2038 1601 2118 τιξῖ
1641 2041 1881 2096 κινεῖσθαι
1907 2035 2026 2117 περὶ

467 2133 561 2200 τῆς
585 2126 796 2188 συνόδου
832 2123 1044 2204 Ῥώμης
1079 2124 1257 2205 λόγον,
1286 2124 1457 2207 κράζει
1487 2131 1515 2185 6
1544 2124 1876 2205 Δημοσθένης
1897 2149 1911 2165 ο
1944 2127 2024 2184 Οὐ

469 2214 812 2297 κεκύρωταιὴ
835 2213 1060 2288 σύνοδος,
1085 2220 1175 2274 τοῦ
1204 2213 1644 2295 συγκροτήσαντος
1665 2211 1821 2286 αὐτὴν
1844 2218 2026 2274 καθαι-

471 2301 714 2383 ρεθέντος.
748 2304 856 2364 Καὶ
881 2301 1020 2378 λέγει
1046 2307 1075 2362 6
1101 2307 1191 2362 τοῦ
1223 2302 1363 2363 Θεοῦ
1396 2304 1598 2370 δοῦλοςο
1629 2305 1710 2362 Οὔ
1746 2301 2021 2382 καθῃρέθη,

467 2391 584 2448 ἀλλ’
606 2388 846 2470 ἐδιώχθη.
870 2389 1008 2449 Ποία
1027 2389 1230 2468 γέγονεν
1258 2390 1340 2448 ἐπὶ
1365 2395 1472 2455 τοῖς
1500 2387 1877 2471 πεπραγμένοις
1908 2413 2023 2448 συνο

469 2475 614 2548 οδικὴ
641 2477 726 2537 καὶ
754 2475 994 2548 κανονικὴ
1028 2477 1204 2557 πρᾶξις
1230 2479 1473 2557 ἀσφαλῶς
1513 2474 1711 2557 ἔχουσα
1749 2479 1901 2535 αὐτοῦ
1927 2477 2022 2548 τὴν

468 2563 785 2646 καθαίρεσιν;
813 2563 964 2636 Πλὴν
988 2563 1070 2624 ἵνα
1095 2565 1182 2624 καὶ
1207 2567 1484 2630 κανονικῶς
1508 2562 1782 2645 καθῃρέθη,
1805 2567 1862 2622 οὖ
1888 2569 2024 2623 ποιεῖ

469 2657 621 2711 τοῦτο
647 2649 909 2734 πρόκριμα
938 2657 1044 2734 τοῖς
1073 2650 1341 2732 δρθοδόξως
1367 2649 1504 2712 κατὰ
1526 2649 1644 2717 τοὺς
1673 2650 1835 2717 θείους
1863 2652 2018 2712 κανό-

468 2763 555 2806 νας
579 2730 896 2820 κυρώθεῗσιν,
916 2730 991 2806 οἶς
1018 2730 1117 2799 καί
1132 2738 1198 2798 τὰ
1222 2738 1474 2823 γραφέντα
1498 2737 1636 2821 παρὰ
1662 2744 1756 2797 τοῦ
1785 2741 1836 2797 ἐν
1867 2741 2026 2818 ἁγίοις

467 2827 618 2887 πάπα
639 2825 912 2907 Θεοδώρου
932 2827 1401 2907 συμϐαίνουσι.ξςαὶ
1424 2824 1563 2906 λέγει
1581 2824 1775 2886 τούτων
1797 2829 2024 2894 ἀκούσας

469 2912 703 2994 Τρώιλος
727 2919 756 2974 6
787 2904 1053 2997 πατρίκιος
1073 2939 1088 2957 ο
1129 2916 1244 2978 Οὐκ
1284 2904 1424 2981 οἶδας
1455 2904 1507 2975 τί
1529 2912 1720 2994 λέγεις,
1758 2913 1914 2978 ἀϐϐᾶ.
1945 2915 2026 2977 Τὸ

469 3000 762 3082 γενόμενον,
788 2999 984 3083 γέγονε.

2089 3055 2139 3118 C

546 3266 749 3347 Ταῦτα,
781 3267 878 3329 ὅσα
902 3273 938 3342 ἡ
967 3269 1146 3349 μνήμη
1171 3267 1406 3351 κατέχει,
1434 3267 1502 3330 τὰ
1526 3267 1830 3349 κεκινημένα
1857 3293 1915 3330 τε
1933 3267 2023 3328 καὶ

467 3354 728 3436 εἰρημένα·
777 3357 864 3417 καὶ
905 3359 976 3424 εἷς
1024 3363 1252 3417 τοιοῦτον
1297 3356 1365 3416 τὰ
1403 3359 1518 3418 κατ’
1554 3356 1736 3424 αὐτοὺς
1775 3355 2021 3428 κατέληξε

465 3441 634 3509 τέλοςδ
653 3442 998 3512 ἀπολύσαντες
1022 3446 1110 3505 καὶ
1123 3446 1210 3506 τὸν
1233 3444 1376 3526 ἅγιον
1402 3445 1618 3528 γέροντα
1643 3451 1732 3505 τοῦ
1755 3443 2019 3526 σεκρέτου,

466 3534 518 3590 ἐν
626 3543 841 3616 φρουρᾷ.
866 3533 1053 3614 Καὶ
1078 3525 1344 3614 ἐπαύριον,
1376 3534 1412 3605 ἥ
1437 3525 1512 3600 τις
1537 3525 1599 3606 ἦν
1627 3525 1869 3615 κυριοοιὴ,
1893 3557 2025 3611 συμ-

464 3618 668 3679 ϐούλιον
687 3623 991 3693 ποιήσαντες
1012 3625 1060 3681 οἱ
1076 3628 1168 3693 τῆς
1187 3617 1522 3692 Ἐκκλησίας,
1548 3622 1753 3681 ἔπεισαν
1766 3621 1854 3680 τὸν
1875 3627 2025 3700 βασι-

463 3704 582 3779 λέα,
607 3707 799 3780 ταύτην
822 3708 1001 3774 αὐτοὺς
1023 3713 1320 3789 κατακρῖναι
1335 3707 1429 3778 τὴν
1446 3707 1627 3790 πικρὰν
1647 3707 1734 3767 καὶ
1753 3707 2024 3787 ἀπάνθρω-

463 3818 560 3853 πον
579 3795 786 3876 ἐξορίαν·
805 3797 886 3874 διῇ
897 3794 1142 3876 ρημένους
1156 3796 1419 3868 ἀλλήλων,
1431 3795 1518 3854 τὸν
1540 3792 1631 3872 μὲν
1651 3794 1794 3872 ἅγιον
1809 3793 2024 3877 γέροντα

465 3883 534 3946 εἷς
563 3883 749 3952 Βιζύην
776 3881 997 3962 κάστρον
1023 3887 1118 3954 τῆς
1147 3881 1380 3963 Θρᾴκης,
1409 3882 1496 3941 τὸν
1527 3880 1580 3941 δὲ
1612 3881 1835 3960 μαθέτην
1866 3887 2022 3944 αὐτοῦ

465 3971 534 4033 εἷς
561 3967 829 4049 Πέρϐεριν,
862 3969 890 4028 ὃ
918 3973 1012 4029 οὐκ
1038 3969 1149 4049 ἔχει
1185 3968 1425 4052 ἐξώτερον
1457 3975 1604 4050 βῆμα
1636 3971 1796 4038 ποδὸς
1816 3976 1850 4044 ἡ
1884 3973 2023 4032 Ῥω-

466 4055 629 4132 μαίων
653 4056 904 4142 βασιλεία,
920 4058 1284 4139 ἀπρονοήτους,
1299 4058 1540 4138 γυμνοὺς,
1566 4057 1838 4142 ἀτρόφους,
1851 4059 2020 4134 πάσης

463 4145 554 4213 τῆς
579 4141 707 4229 πρὸς
731 4143 793 4203 τὸ
819 4147 908 4224 ζῇν
940 4147 1175 4229 ἀφορμῆς
1206 4145 1598 4229 ἐστερημένους,
1733 4149 2022 4226 ἐγγίζοντας

463 4228 722 4310 θαλάσσῃ,
766 4231 849 4292 ἵνα
872 4231 946 4312 μὴ
982 4228 1171 4314 ἔχωσιν
1199 4238 1258 4295 ἐκ
1282 4228 1386 4296 τῶν
1412 4235 1702 4310 ἐλεημόνων
1731 4237 2016 4316 ἐπίσκεψιν.

462 4318 571 4379 Καὶ
597 4317 757 4386 οὕτως
779 4322 876 4381 εἰσὶ
901 4324 1086 4402 γυμνοὶ
1113 4324 1201 4382 καὶ
1227 4322 1460 4405 ἄτροφοι,
1489 4321 1648 4399 μόνην
1675 4320 1881 4402 ἔχοντες
1925 4323 2020 4395 τὴν

461 4408 643 4467 ἐλπίδα
657 4415 752 4468 τοῦ
769 4399 948 4470 Θεοῦ)
971 4399 1391 4491 παρακαλοῦντες
1413 4411 1606 4477 πάντας
1633 4399 1751 4478 τοῖλς
1777 4414 2021 4492 Χριστιαο
2081 4399 2136 4461 Ῑ)

459 4494 596 4568 νοὺς,
623 4502 774 4558 τοῦτο
803 4501 1020 4578 βοῶντες
1039 4523 1053 4539 ·
1086 4498 1340 4567 Εὕξασθαι
1365 4497 1448 4558 διὰ
1473 4498 1562 4557 τὸν
1591 4497 1802 4580 Κύριον,
1821 4499 1902 4559 ἵνα
1927 4525 2018 4561 τε·

459 4582 650 4664 λειώσῃ
677 4590 706 4645 6
729 4585 866 4653 Θεὸς
891 4587 954 4646 τὸ
983 4586 1126 4652 ἔλεος
1163 4588 1317 4644 αὐτοῦ
1356 4584 1489 4663 μετά
1527 4591 1621 4658 τῆς
1661 4586 2015 4658 ταπεινώσεως

459 4675 630 4747 ἡμῶν,
674 4674 764 4760 καὶ
803 4673 974 4753 διδάξῃ
1020 4679 1174 4752 ἡμᾶς.
1214 4671 1341 4734 ⁶Οτι
1369 4677 1417 4733 οἱ
1452 4671 1802 4753 συμπλέοντες
1846 4681 2009 4760 αὐτῷ,

458 4757 778 4838 ἠγριωμένης
813 4765 990 4842 πεῖραν
1016 4760 1336 4838 λαμϐάνουσι
1370 4763 1652 4835 θαλάσσης,
1699 4763 1900 4842 ἀνέμοις
1927 4757 2015 4825 καὶ

457 4845 652 4924 κύμασι
690 4849 991 4927 δονουμένου
1020 4848 1112 4928 μὲν
1139 4857 1234 4910 τοῦ
1270 4850 1518 4932 σκάφους,
1559 4854 1931 4912 ἀκατασείστου
1959 4853 2014 4912 δὲ

457 4931 802 5010 διαμνοντος.
842 4937 1121 5017 Συγχωρεῖ
1159 4936 1258 5020 γὰρ
1297 4931 1535 5005 κλύδονος
1579 4942 1806 5020 μεγάλου
1835 4940 2013 5007 αὖτοὺς

455 5027 772 5102 πειραθῆναι,
802 5025 1091 5102 δοκιμάζων
1127 5030 1294 5086 αὐτῶν
1319 5025 1414 5098 τὴν
1441 5030 1556 5110 περὶ
1592 5029 1743 5089 αὐτὸν
1770 5029 2008 5104 διάθεσιν,

454 5108 539 5169 ἵνα
569 5110 771 5192 μεγάλῃ
1075 5113 1299 5195 κράξωσι
1326 5139 1341 5154 ·
1375 5137 1407 5174 (ι
1428 5108 1604 5196 Κύριε,
1657 5120 1823 5176 σῶσον
1853 5123 2008 5196 ἡμᾶς,

457 5199 811 5276 ἀπολλύμεθα,
827 5225 849 5252 υ
874 5203 963 5260 καὶ
979 5203 1177 5279 μάθωσι
1192 5203 1359 5261 πάντα
1382 5203 1523 5286 μόνῳ
1543 5209 1683 5285 αὖτῷ
1699 5205 2008 5294 ἐπιγράφειν,

452 5287 520 5347 τὰ
543 5291 639 5359 τῆς
665 5289 832 5348 αὐτῶν
865 5291 1150 5375 σωτηρίας.
1186 5291 1290 5353 Καὶ
1318 5290 1392 5367 μὴ
1435 5291 1732 5359 πεποιθότες
1767 5287 1892 5351 ὦσιν
1932 5295 2008 5375 ἐφ’

453 5377 678 5452 ἑαυτοῖς,
700 5377 790 5436 καὶ
813 5373 1012 5456 τύχωσι
1039 5378 1272 5458 χαλήνης
1304 5379 1554 5456 μεγάλης,
1582 5386 1676 5438 τοῦ
1707 5377 1898 5457 ἀνέμου
1927 5373 2012 5441 καὶ

451 5462 556 5524 ’νῦν
601 5462 844 5543 κυμάτων
887 5464 1329 5525 κατευνασθέντων
1356 5491 1370 5504 ο
1413 5466 1501 5526 καὶ
1541 5471 1608 5533 εἰς
1650 5465 1806 5547 μέσον
1839 5469 2009 5529 λύκων

453 5553 636 5621 αὐτοὺς
666 5554 921 5634 ἐκδίδωσι,
962 5554 1050 5614 καὶ
1087 5555 1168 5615 διὰ
1196 5560 1288 5629 τῆς
1315 5561 1490 5630 στενῆς
1527 5559 1694 5629 πύλης
1743 5560 2004 5633 εἰσελθεῖν,

1705 282 1746 334 Α
1758 282 2066 336 NASI‘ASII
2093 281 2656 337 BlBLlU'l‘lllECAlllI

2174 403 2231 458 Si
2255 403 2427 473 foras,
2460 407 2671 478 inquit,
2703 408 2873 476 ejecit
2901 411 3166 481 synodos,
3193 413 3478 482 quomodo
3525 413 3583 467 in
3629 413 3838 484 dipty—

2175 494 2301 549 chis
2329 495 2644 551 recitantur
2665 497 2694 550 ‘?
2723 499 2790 552 Et
2817 498 2963 553 dicit
2995 517 3008 553 :
3039 501 3106 554 Et
3129 501 3228 570 qui
3262 501 3549 570 profectus
3583 507 3674 556 est
3725 517 3837 558 no—

2178 583 2416 652 minum,
2448 599 2577 640 cum
2603 586 2866 657 dogmata
2889 587 3008 642 sint
3037 589 3213 656 ejecta
3239 589 3268 641 ‘?
3299 590 3362 644 Et
3387 595 3565 661 potes,
3592 592 3698 661 ait,
3729 592 3836 647 hoc

2175 673 2469 729 ostendere
2490 673 2517 726 '?
2545 676 2614 728 Et
2635 675 2788 730 dixit
2815 693 2826 728 :
2856 677 2914 732 Si
2945 690 3211 746 accepero
3234 678 3550 750 licentiam,
3591 689 3646 735 et
3694 682 3836 748 jus-

2177 761 2392 831 seritis,
2419 763 2752 818 ostendetur
2782 765 2886 820 hoc
2919 765 3130 836 oppido
3163 765 3349 822 facile.
3391 770 3458 822 Et
3505 769 3834 826 tacentibus

2174 851 2460 917 omnibus,
2485 852 2701 907 dicitei
2718 854 3502 927 sacellarins:Quarediligis
3522 858 3830 935 Romanos,

2173 945 2230 994 et
2253 939 2478 996 Graecos
2507 942 2638 997 odio
2664 942 2878 997 habes?
2903 945 3268 1013 Respondens
3284 951 3474 1000 autem
3501 947 3599 1001 Dei
3629 961 3833 1004 servus

2173 1029 2294 1084 ait:
2327 1031 2670 1101 Praeceptum
2702 1031 2972 1088 habemus
3026 1047 3093 1088 ne
3147 1047 3486 1104 quemquam
3531 1037 3668 1091 odio
3724 1037 3834 1092 ha—

2174 1117 2425 1174 beamus.
2455 1119 2647 1190 Diligo
2673 1120 2954 1176 Romanos
2986 1126 3049 1176 ut
3074 1135 3244 1177 unam
3282 1137 3500 1179 mecum
3557 1124 3832 1182 habentes

2174 1208 2338 1264 ﬁdem
2383 1225 2396 1260 :
2457 1210 2682 1263 Graecos
2725 1215 2935 1279 autem,
2987 1214 3050 1265 ut
3091 1210 3282 1265 eadem
3325 1225 3436 1281 qua
3479 1225 3584 1284 ego
3629 1213 3832 1285 lingua

2175 1297 2487 1368 loquentes.
2533 1300 2601 1352 Et
2631 1299 2836 1354 iterum
2867 1299 3015 1354 dicit
3050 1299 3102 1354 ei
3148 1299 3484 1356 sacellarius
3513 1319 3524 1354 :
3558 1303 3712 1371 Quot
3737 1317 3833 1358 an-

2175 1400 2377 1442 norum
2408 1387 2560 1442 dicis
2579 1401 2702 1443 esse
2724 1389 2971 1456 teipsum
2996 1388 3024 1442 ‘1
3071 1389 3403 1460 Respondit,
3459 1391 3830 1464 septuaginta

2173 1478 2447 1548 quinque.
2472 1479 2541 1532 Et
2565 1478 2710 1534 dicit
2738 1478 2789 1533 ei
2821 1496 2833 1531 :
2866 1478 3014 1547 Quot
3053 1492 3233 1533 annos
3250 1477 3417 1534 habet
3446 1486 3629 1536 tecum
3651 1481 3832 1536 disci-

2177 1567 2347 1636 pulus
2375 1572 2513 1622 tuus
2532 1567 2559 1620 ‘?
2582 1567 2913 1638 Respondit,
2942 1567 3182 1640 triginta
3213 1574 3444 1638 septem.
3473 1570 3632 1625 Tunc
3675 1585 3828 1626 unus

2173 1657 2514 1713 clericorum
2571 1656 2957 1712 exclamavit:
2996 1657 3286 1713 Retribuit
3341 1657 3446 1713 tibi
3499 1660 3651 1715 Deus
3701 1675 3826 1730 qua:

2175 1759 2400 1817 cunque
2430 1745 2617 1802 fecisti
2643 1745 2806 1802 beato
2832 1746 3066 1817 Pyrrho.
3095 1746 3179 1803 Ad
3209 1761 3372 1818 quem
3406 1748 3554 1804 nihil
3587 1750 3826 1806 omnino

2179 1836 2490 1908 respondit.

2241 1927 2382 1983 Cum
2426 1932 2614 1982 autem
2664 1931 2820 1983 tanta
2870 1927 2928 1984 in
2981 1926 3288 1983 secretario
3339 1926 3496 1983 dicta
3553 1926 3823 1996 fuissent,

2174 2015 2370 2074 nullus
2399 2017 2628 2086 penitus
2651 2017 3104 2087 patriarcharum
3135 2017 3450 2087 quidquam
3485 2017 3690 2074 effatus
3715 2025 3821 2074 est.

2169 2107 2422 2176 Cumque
2444 2119 2627 2162 sermo
2652 2107 2720 2162 de
2741 2105 2958 2177 synodo
2983 2106 3231 2161 Romana
3260 2111 3447 2162 motus
3480 2107 3821 2177 exstitisset,

2171 2194 2376 2250 clamat
2399 2195 2833 2250 Demosthenes:
2864 2197 2986 2250 Non
3013 2199 3098 2250 est
3121 2195 3280 2249 ﬁrma
3311 2196 3582 2265 synodus,
3607 2209 3694 2263 eo,
3721 2195 3822 2266 qui

2173 2283 2316 2340 hanc
2340 2284 2666 2353 celebravit,
2692 2283 2972 2354 deposito.
2993 2283 3074 2339 Ad
3101 2284 3249 2354 quod
3283 2298 3479 2339 servus
3505 2285 3638 2339 Dei:
3675 2287 3820 2354 Non,

2172 2373 2383 2444 inquit,
2419 2375 2716 2444 depositus
2745 2378 2847 2442 est,
2898 2373 2992 2429 sed
3041 2374 3334 2443 expulsus.
3389 2375 3527 2428 Nam
3557 2389 3685 2445 qua:
3716 2374 3825 2431 sub

2172 2469 2458 2533 gestorum
2492 2464 2640 2518 serie
2665 2463 2938 2533 synodica
2961 2468 3017 2518 et
3045 2463 3318 2518 canonica
3345 2460 3490 2518 facta
3536 2469 3622 2518 est
3669 2464 3823 2519 actio

2169 2552 2470 2607 continens
2507 2552 2632 2621 ejus
2686 2551 2954 2623 diligenti
3024 2552 3300 2607 relatione
3344 2551 3766 2621 depositionem
3795 2552 3822 2605 ?

2171 2641 2586 2707 Verumtamen,
2615 2641 2841 2696 etiamsi
2863 2641 3135 2696 canonice
3159 2640 3457 2710 depositus
3476 2641 3824 2710 exstitisset,

2172 2742 2283 2784 non
2336 2727 2544 2785 faceret
2588 2729 2693 2785 hoc
2744 2730 3142 2800 praejudicium
3199 2730 3290 2784 his
3337 2743 3462 2800 qua:
3504 2730 3827 2785 orthodoxe

2169 2819 2478 2875 secundum
2503 2819 2932 2892 sacrasregulas
2949 2825 3086 2875 sunt
3109 2819 3324 2874 ﬁrmata
3349 2836 3362 2873 :
3391 2819 3604 2889 quibus
3620 2821 3821 2890 etiam,

2169 2924 2293 2979 qua:
2319 2909 2531 2979 scripta
2555 2914 2740 2966 sunta
2773 2914 2981 2966 sancta:
3012 2910 3295 2964 memoria:
3330 2923 3468 2979 papa
3499 2909 3821 2980 Theodoro,

2167 3003 2509 3071 congruunt.
2541 3001 2610 3054 Et
2644 2999 2810 3071 dicit,
2847 2999 2940 3054 his
2967 2999 3206 3066 auditis,
3243 2999 3489 3054 domnus
3539 2999 3774 3056 Troilus
3805 3019 3820 3053 :

2168 3089 2364 3144 Nescis
2421 3089 2560 3159 quid
2629 3089 2789 3145 dicas
2844 3087 3008 3150 abba,
3067 3087 3226 3158 Quod
3286 3085 3499 3143 factum
3564 3093 3669 3158 est,
3743 3087 3828 3143 fa-

2168 3185 2322 3234 ctum
2353 3185 2456 3235 est.

2239 3270 2362 3324 Ilzec
2399 3273 2552 3341 sunt,
2595 3274 2872 3340 quantum
2905 3266 3175 3323 memoria
3208 3266 3433 3338 retinet,
3487 3281 3614 3338 quae
3666 3273 3822 3324 mota

2168 3362 2224 3413 et
2251 3357 2404 3414 dicta
2436 3365 2590 3430 sunt,
2621 3363 2676 3414 et
2708 3358 2809 3413 tali
2838 3371 2902 3413 ea
2933 3370 3057 3427 quae
3089 3356 3146 3411 in
3175 3355 3310 3411 illos
3339 3361 3494 3427 gesta
3529 3354 3686 3411 fuere
3715 3362 3825 3411 ter-

2169 3449 2382 3504 minata
2411 3441 2547 3504 sunt
2571 3447 2700 3516 ﬁne,
2743 3447 2988 3504 dimisso
3013 3459 3239 3516 quoque
3271 3450 3467 3500 sancto
3498 3459 3630 3500 sene
3659 3459 3689 3500 a
3722 3459 3824 3500 se-

2167 3545 2322 3593 creto
2345 3537 2403 3592 in
2429 3549 2731 3592 carcerem.
2759 3536 2985 3591 Postera
3009 3547 3140 3590 vero
3182 3534 3277 3589 die
3311 3548 3438 3604 qua:
3477 3531 3590 3589 fuit
3615 3534 3822 3590 Domi—

2169 3625 2316 3696 nica,
2337 3623 2585 3680 concilio
2612 3621 2778 3692 facto,
2820 3622 2880 3678 hi
2913 3621 3013 3693 qui
3039 3629 3201 3677 erant
3233 3621 3498 3676 Ecclesiae
3530 3635 3822 3690 persuase.

2169 3719 2304 3768 runt
2326 3713 2590 3783 piissimo
2609 3710 2962 3782 imperatori,
2984 3710 3088 3766 hoc
3105 3726 3200 3766 eos
3216 3724 3407 3766 amaro
3424 3716 3480 3765 et
3501 3711 3819 3768 inhumano

2167 3801 2372 3858 exsilio
2415 3800 2873 3859 condemnandos
2917 3804 2974 3855 et
3010 3799 3080 3854 ab
3134 3799 3375 3855 invicem
3435 3799 3816 3868 dividendos;

2167 3897 2425 3948 sanctum
2475 3890 2705 3960 quidem
2755 3902 2944 3945 senem
3017 3902 3184 3958 penes
3244 3888 3498 3958 Bysohen
3563 3896 3819 3945 castrum

2163 3981 2422 4038 Thracia:
2449 3979 2790 4051 provinciae;
2816 3992 2985 4049 porro
3010 3977 3361 4047 discipulum
3380 3979 3504 4047 ejus
3529 3979 3679 4048 apud
3696 3979 3822 4033 Per-

2165 4072 2368 4142 berim,
2407 4084 2520 4143 quo
2547 4069 2802 4126 exterius
2828 4082 2930 4124 nec
2977 4080 3178 4137 passus
3223 4067 3386 4138 pedis
3429 4068 3816 4123 Romanorum

2166 4162 2334 4218 habet
2357 4161 2681 4232 imperium,
2711 4159 2914 4228 nudos,
2947 4157 3072 4214 sine
3095 4156 3438 4228 provisione,
3470 4157 3593 4213 sine
3616 4171 3813 4226 causa,

2164 4257 2335 4320 atque
2359 4248 2514 4306 omni
2564 4248 2633 4304 ad
2668 4247 2970 4303 vivendum
3020 4245 3316 4302 occasione
3361 4249 3639 4314 carentes,
3702 4258 3816 4301 non

2164 4338 2688 4410 apprOpinquantes
2705 4335 2870 4407 mari,
2889 4349 2955 4390 ne
2973 4332 3244 4391 haberent
3258 4348 3325 4390 ex
3340 4333 3818 4389 misericordibus

2165 4427 2570 4484 visitationem.
2604 4427 2672 4482 Et
2706 4425 2786 4480 ita
2820 4429 2957 4480 sunt
2995 4423 3159 4490 nudi,
3208 4428 3264 4479 et
3318 4422 3444 4478 sine
3494 4421 3812 4492 alimentis,

2163 4516 2342 4573 solam
2372 4514 2640 4570 habentes
2666 4527 2819 4584 spem
2845 4512 2945 4567 Dei
2978 4529 2990 4564 :
3026 4511 3210 4567 ethoc
3235 4525 3430 4566 omnes
3449 4509 3817 4566 Christianos

2165 4611 2428 4678 rogantes
2456 4608 2628 4674 atque
2652 4601 2961 4656 clamantes
2988 4617 3000 4654 :
3031 4599 3200 4655 Orate
3225 4604 3455 4669 propter
3478 4599 3810 4666 Dominum,

2163 4702 2228 4752 ut
2251 4696 2604 4752 consummet
2632 4693 2780 4747 Deus
2798 4689 3250 4746 misericordiam
3276 4703 3438 4745 suam
3467 4701 3597 4744 cum
3626 4687 3813 4743 humi-

2164 4786 2323 4841 litate
2353 4789 2565 4852 nostra,
2592 4787 2649 4838 et
2676 4781 2874 4836 doceat
2904 4793 3025 4834 nos.
3062 4781 3200 4834 Nam
3227 4784 3282 4834 et
3309 4779 3419 4847 ipsi
3449 4777 3549 4847 qui
3575 4791 3707 4832 cum
3747 4790 3814 4832 eo

2162 4873 2594 4948 naviganteiferi
2617 4870 3068 4940 experimentum
3085 4869 3378 4939 accipiunt
3401 4867 3594 4937 maris,
3622 4867 3814 4923 ventis

2161 4967 2392 5037 quidem
2418 4970 2474 5020 et
2499 4961 2774 5019 ﬂuctibus
2798 4958 3007 5029 scapha
3037 4972 3332 5020 concussa,
3362 4957 3457 5013 sed
3490 4956 3688 5011 stabili
3725 4969 3815 5026 pe-

2163 5057 2321 5112 nitus
2342 5056 2720 5125 permanente.
2752 5048 3273 5118 Permittitquippe
3305 5046 3526 5119 magnis
3545 5059 3644 5101 eos
3679 5052 3816 5100 ten-

2129 5125 2269 5202 tari
2322 5142 2609 5214 procellis,
2665 5153 2861 5197 eorum
2909 5152 3042 5210 erga
3084 5151 3144 5193 se
3212 5136 3458 5207 probans
3518 5134 3809 5205 aﬂ‘eetum,

2161 5238 2442 5307 quatenus
2465 5245 2598 5287 voce
2629 5230 2829 5303 grandi
2853 5228 3169 5284 exclament
3191 5247 3206 5283 :
3233 5230 3476 5289 Domine,
3503 5228 3661 5281 salva
3687 5243 3808 5289 nos,

2149 5326 2413 5394 perimus,
2449 5321 2788 5390 discantque
2811 5317 3002 5374 omnia
3043 5317 3132 5372 illi
3187 5316 3296 5372 soli
3345 5315 3650 5385 ascribere,
3682 5329 3812 5386 qua:

2159 5428 2276 5472 suae
2307 5416 2623 5471 noscuntur
2646 5423 2769 5466 esse
2788 5407 3028 5484 salutis:
3053 5413 3109 5464 et
3135 5421 3204 5462 ne
3228 5407 3574 5464 confidentes
3600 5405 3723 5462 sint
3747 5406 3808 5461 in

2158 5503 2235 5575 s’e,
2260 5498 2852 5575 tranquillitatemque
2867 5499 3294 5568 cbnsequantur
3309 5509 3586 5568 magnam,
3615 5495 3811 5552 ventis

2159 5593 2373 5650 sedatis
2397 5598 2452 5647 et
2477 5585 2749 5649 ﬂuctibus
2780 5607 2792 5641 :
2819 5592 2874 5646 et
2897 5587 3228 5644 inmedium
3255 5599 3351 5640 eos
3389 5585 3653 5656 luporum
3681 5585 3807 5640 dati
