4034 6158
421 295 530 354 623

1713 301 2068 358 ANASTASII
2109 304 2646 361 BlBLIOTHECARII

3735 310 3837 368 624

478 461 568 510 κα,
597 437 911 517 παρακαλῶν
939 441 1014 515 τῷ
1034 436 1193 519 κυρίῳ
1220 435 1384 518 Θείῳ,
1418 437 1502 494 καὶ
1521 441 1624 501 τοῖς
1655 437 1759 494 ἐκεῖ
1785 437 1872 493 σὺν
1895 439 2034 516 αὐτῷ

2179 429 2293 485 sibi
2320 431 2559 502 gloriam
2590 437 2720 487 ante
2745 446 2910 488 omne
2931 433 3202 488 sazculum
3247 435 3472 505 scitam,
3513 435 3658 507 illis,
3711 450 3838 492 cum

479 524 744 602 Πατράσιν
773 528 920 602 ἡμῶν
941 524 1099 601 ἁγίοις
1127 523 1361 605 γνώριμα
1389 528 1715 594 καταστῆσαι
1737 531 1921 594 ταῦτα,
1945 527 2035 592 τῆς

479 615 637 682 αὐτῆς
664 610 822 691 χάριν
850 611 1018 679 αἰτίας
1033 657 1049 673 .

2180 519 2298 575 h:ec
2318 521 2599 586 audirem,
2627 521 3054 590 respondebam.
3089 524 3157 577 Et
3183 527 3246 577 ut
3265 537 3575 594 cognoscas
3599 530 3655 579 et
3680 524 3838 580 addi-

2179 614 2489 664 tamentum
2523 611 2803 666 orationis
2829 617 2883 665 et
2903 612 3325 681 deprecationis
3357 611 3534 668 facias
3553 615 3686 677 Deo,
3714 627 3838 668 ma—

2179 697 2507 752 nifestatibi
2523 713 2647 768 quae
2665 699 3001 754 denuntiata
3023 705 3159 755 sunt
3177 700 3318 755 mihi
3339 701 3578 756 exhibui
3601 720 3612 754 :
3635 717 3843 774 rogans

2177 792 2460 856 quatenus
2485 787 2602 842 haec
2633 788 2844 843 domno
2887 789 3052 857 Thio,
3085 795 3140 844 et
3183 789 3400 844 sanctis
3441 791 3710 846 Patrihus
3737 793 3836 862 qui

2177 876 2301 931 illic
2339 876 2512 932 simul
2553 890 2683 931 cum
2723 890 2788 932 eo
2832 881 2986 946 sunt,
3035 883 3165 933 nota
3221 878 3541 934 constituas
3579 881 3836 949 ejusdem

2174 965 2256 1020 rei
2289 967 2492 1036 gratia.

1831 1217 1892 1313 A
1915 1180 2459 1354 nastasius

485 1395 814 1465 lizecjussit
839 1396 984 1452 mihi
1011 1396 1393 1453 transcribere
1422 1403 1478 1453 et
1523 1403 1654 1453 nota
1701 1396 1882 1452 facere
1931 1411 2072 1453 san-

415 1484 695 1540 ctissimis
733 1483 896 1540 vobis
928 1501 941 1537 :
976 1500 1089 1555 quo
1132 1491 1187 1540 et
1229 1500 1295 1540 ex
1343 1485 1434 1541 his
1468 1485 1716 1542 motione
1758 1491 2064 1554 comperta,

414 1587 768 1630 communem
802 1587 996 1628 omnes
1030 1589 1128 1644 pro
1153 1575 1442 1630 communi
1479 1587 1656 1630 matre
1702 1581 1915 1644 nostra,
1965 1587 2069 1629 ca-

416 1663 629 1718 tholica
659 1662 926 1718 videlicet
966 1664 1240 1733 Ecclesia,
1293 1670 1349 1719 et
1378 1663 1548 1719 nobis
1598 1663 1856 1734 indignis
1885 1663 2067 1720 servis

2182 1397 2554 1453 orthodoxam
2604 1399 2787 1454 ﬁdem.
2832 1402 3069 1469 Magnus
3111 1398 3262 1453 enim
3325 1397 3381 1453 in
3441 1403 3559 1454 toto
3625 1399 3846 1456 mundo

2182 1487 2354 1542 timor
2385 1486 2644 1558 habetur,
2673 1502 2802 1543 cum
2833 1488 2950 1542 hare
2982 1487 3429 1556 persecutionem
3459 1495 3848 1542 consonanter

2180 1574 2249 1628 ab
2279 1573 2548 1630 omnibus
2577 1575 2846 1645 patiatur,
2874 1575 2986 1630 nisi
3020 1589 3122 1630 sua
3165 1575 3348 1644 gratia
3391 1582 3661 1631 consuete
3689 1591 3847 1645 pra:—

2180 1667 2290 1717 stet
2312 1663 2598 1718 auxilium
2633 1664 2683 1718 is
2713 1668 2813 1734 qui
2843 1677 3064 1732 semper
3103 1663 3441 1733 auxiliatur,
3485 1677 3675 1719 semen
3711 1666 3847 1733 pie—

414 1751 620 1808 vestris
675 1751 928 1807 alteratis
973 1752 1214 1808 Domino
1275 1765 1516 1821 precem,
1565 1752 1632 1806 ad
1682 1751 2062 1808 roborandum
2091 1754 2141 1813 13
2179 1751 2315 1806 tatis
2359 1751 2558 1807 saltem
2598 1753 2812 1807 seniori
2871 1755 3059 1807 Romae.
3107 1752 3459 1822 relinquens,
3515 1753 3686 1808 nobis
3725 1768 3843 1809 non

414 1853 609 1896 omnes
629 1844 685 1895 et
707 1853 809 1895 nos
835 1854 1062 1910 quoque
1095 1840 1152 1894 in
1184 1840 1284 1895 illa
1302 1839 1599 1895 vobiscum
1620 1846 2062 1911 perseverantes,

414 1927 727 1984 secundum
751 1927 842 1997 pie
875 1927 933 1982 in
963 1927 1086 1998 ipsa
1111 1927 1475 1998 przedicatam
1493 1941 1525 1982 a
1552 1927 1769 1983 sanctis
1800 1927 2067 1984 Patribus

2180 1840 2541 1895 mentientem
2569 1840 2637 1894 ad
2666 1840 3056 1910 apostolorum
3102 1839 3352 1895 habitam
3386 1841 3707 1912 principem
3739 1856 3847 1898 re-

2183 1929 2618 1998 promissionem
2651 1943 2810 1985 suam
2834 1928 3198 1985 confirmans.

1916 2062 2308 2070 ——————.

1344 2170 1722 2241 EJUSDEM
1803 2171 1884 2240 S.

1991 2170 2438 2241 ANASTASII
2534 2170 2922 2242 MONACIII

1576 2301 1906 2380 Discipuli
1955 2303 2018 2362 S.
2080 2301 2345 2364 abbatis
2388 2304 2669 2365 Maximi

798 2437 907 2501 Ad
968 2453 1305 2500 commune
1350 2435 1824 2497 monac/lorum
1870 2437 2059 2515 apud
2109 2437 2418 2499 Caralim
2475 2438 2999 2500 constitutorum
3064 2437 3445 2520 collegium,

484 2573 660 2630 Multa
692 2571 942 2628 scribere
978 2584 1082 2625 nos
1109 2569 1282 2624 etiam
1339 2574 1543 2637 praeter
1594 2573 1785 2624 votum
1847 2575 2068 2638 tempus

414 2661 734 2736 prohibuit.
761 2658 965 2715 Omnia
996 2671 1126 2712 vero
1175 2657 1234 2711 in
1263 2670 1374 2711 uno
1426 2661 1554 2710 nota
1609 2655 1852 2710 facimus
1895 2656 2066 2713 verbo

412 2749 798 2809 sanctissimis
825 2745 1004 2802 vobis.
1032 2745 1097 2800 Hi
1127 2745 1246 2814 qui.
1269 2743 1511 2799 alterius
1541 2750 1676 2798 sunt
1709 2745 1916 2817 partis;
1940 2745 2067 2800 dif-

412 2840 676 2897 ﬁnitione
707 2834 1012 2905 immobili,
1048 2839 1109 2889 ut
1139 2839 1244 2902 est,
1279 2837 1334 2887 et
1374 2833 1617 2902 propriae
1659 2833 1899 2888 maxime
1927 2849 2066 2903 pro-

409 2927 685 2985 fessionis
708 2924 986 2981 constitui
1016 2929 1307 2992 paternam
1336 2935 1447 2976 nou
1482 2921 2059 2995 maluntdoctrinam,

410 3018 505 3074 sed
533 3015 776 3071 alterius
807 3011 1187 3082 impelluntur
1213 3009 1588 3080 opinionibus
1619 3025 1762 3079 quas
1783 3017 1838 3065 et
1878 3011 2062 3066 dinu—

411 3118 628 3162 merare
652 3060 950 3174 operosuin
979 3100 1050 3155 de
1101 3104 1301 3154 caetera
1360 3099 1530 3153 duco.
1590 3099 1754 3164 Modo
1808 3113 1941 3171 ergo
1989 3099 2059 3155 ab
2089 3060 2138 3122 Ο

412 3193 780 3250 inexistentia
809 3190 877 3246 ad
927 3187 1442 3245 inconvenientiam
1477 3187 1739 3242 translati
1789 3195 1964 3244 sunt:
2001 3189 2056 3245 id

409 3289 513 3354 est,
546 3297 613 3339 ex
643 3295 708 3337 eo
732 3281 880 3351 quod
909 3292 1090 3349 neque
1112 3291 1304 3347 unam,
1329 3290 1509 3347 neque
1538 3276 1683 3332 duas
1720 3277 1942 3350 dicunt,
1988 3279 2057 3334 ad

409 3372 833 3444 praedicandum
882 3369 1029 3425 duas
1070 3372 1126 3423 et
1176 3380 1362 3434 unam,
1426 3366 1482 3421 id
1527 3372 1612 3422 est
1666 3373 1780 3422 tres
1829 3369 1886 3422 in
1947 3383 2060 3425 uno

407 3462 716 3532 eodemque
744 3457 972 3514 Christo
987 3456 1309 3512 voluntates
1333 3461 1389 3510 et
1406 3455 1764 3524 operationes
1786 3456 2056 3527 traducti,

407 3550 557 3623 quod
583 3563 764 3620 neque
787 3547 1029 3618 patrius,
1063 3558 1245 3614 neque
1275 3544 1603 3614 synodicus,
1630 3559 1813 3614 neque
1853 3545 2060 3615 physi—

404 3654 509 3696 cus
529 3652 714 3695 sermo
742 3635 993 3691 decrevit
1024 3652 1038 3702 ;
1071 3633 1164 3688 sed
1213 3645 1393 3701 neque
1426 3632 1745 3700 priscorum
1798 3637 1854 3687 et
1881 3633 2056 3688 dein-

403 3743 536 3799 ceps
567 3726 964 3782 haereticorum
1000 3720 1162 3776 furor
1209 3725 1445 3774 eatenus
1491 3720 1806 3788 adinvenit,
1868 3722 2058 3777 sciens

407 3818 632 3872 inanem
658 3820 927 3882 tanquam
971 3809 1114 3864 vitio
1142 3807 1373 3877 proprio
1415 3813 1741 3876 corruptam
1802 3811 2055 3866 eamdem

403 3903 751 3973 opinionem.
786 3898 845 3953 Si
871 3897 1022 3952 enim
1049 3895 1287 3952 diversae
1312 3909 1379 3950 ex
1407 3895 1654 3951 diversis
1675 3899 2055 3967 compositum

403 3989 748 4047 substantiis
789 3985 1239 4042 characterizant
1269 3983 1610 4040 naturaliter
1655 3986 2052 4061 proprietates,

402 4082 601 4150 utpote
649 4076 979 4132 nullatenus
1026 4073 1287 4143 adempta
1332 4077 1667 4130 naturarum
1723 4075 2056 4133 diversitate

402 4172 633 4240 propter
686 4164 1026 4233 unitionem,
1086 4163 1181 4218 sed
1246 4162 1400 4217 salva
1459 4163 1654 4232 potius
1710 4163 2056 4232 proprietate

400 4255 708 4327 utriusque
733 4259 950 4310 natura;
967 4257 1022 4309 et
1045 4253 1105 4308 in
1133 4264 1304 4308 unam
1329 4265 1625 4321 personam
1648 4257 1703 4306 et
1726 4266 1891 4308 unam
1925 4253 2056 4308 sub-

2177 2576 2554 2642 cognoscatur
2577 2571 2916 2638 existentize,
2947 2577 3006 2627 et
3051 2573 3129 2627 sit
3161 2573 3305 2628 idem
3338 2572 3561 2629 duabus
3606 2587 3744 2645 una,
3781 2574 3841 2629 id

2175 2664 2261 2714 est
2299 2659 2598 2714 alterutris
2644 2664 2778 2730 tres,
2827 2661 2947 2716 sive
3017 2661 3328 2732 naturales,
3383 2663 3502 2717 sive
3558 2661 3850 2717 substan-

2177 2747 2362 2802 tiales.

2249 2839 2470 2906 Verum,
2522 2838 2813 2893 naturales
2861 2839 3092 2909 quidem
3145 2854 3276 2910 non,
3334 2841 3452 2908 sed,
3513 2842 3842 2897 secundum

2176 2925 2327 2994 illos,
2352 2924 2839 2996 subsistantiales,
2865 2933 3282 2999 aggregentque
3313 2927 3383 2983 ob
3417 2929 3520 2983 hoc
3559 2929 3846 2985 adversus

2170 3027 2296 3069 eum
2325 3014 2554 3083 jamaut
2574 3019 2688 3070 tres
2709 3015 3082 3087 substantias,
3107 3022 3207 3071 aut
3236 3017 3470 3072 totidem
3518 3017 3845 3074 subsisten-

2171 3102 2302 3172 tias,
2326 3107 2384 3158 et
2421 3104 2733 3159 secundum
2757 3104 2943 3173 ipsum
2976 3105 3124 3175 ωψιὶ
3171 3106 3392 3160 numeri
3429 3107 3836 3175 proprietates,

2173 3191 2479 3247 increatam
2509 3192 2778 3248 videlicet
2805 3199 2860 3247 et
2899 3200 3164 3261 creatam,
3210 3199 3267 3248 et
3311 3199 3589 3263 neutram,
3640 3195 3696 3249 id
3744 3200 3843 3249 est

2173 3280 2590 3335 inexistentem.
2625 3282 2944 3336 Inexistens
2966 3284 3118 3337 enim
3149 3289 3236 3338 est
3262 3284 3408 3352 quod
3435 3283 3703 3338 neutrius
3731 3297 3843 3352 per

2173 3373 2434 3424 naturam
2467 3369 2870 3440 participatur,
2896 3371 2974 3425 ita
2999 3375 3062 3426 ut
3081 3371 3252 3425 etiam
3278 3371 3578 3425 identitate
3605 3386 3734 3440 qua:
3759 3372 3834 3426 ad

2169 3470 2312 3522 eam,
2344 3457 2399 3512 id
2433 3463 2519 3513 est
2551 3459 2798 3529 tertiam,
2827 3464 2931 3528 est,
2951 3460 3262 3515 secundum
3295 3459 3429 3514 illos
3455 3460 3838 3516 inexistentes

2169 3545 2288 3600 sint
2317 3551 2373 3600 et
2400 3546 2527 3601 dum
2551 3553 2786 3618 naturze,
2814 3553 2868 3602 et
2891 3548 3181 3603 naturales
3210 3548 3396 3616 ipsius
3422 3547 3750 3604 voluntates
3775 3554 3838 3604 et

2169 3633 2547 3704 operationes.
2575 3633 2650 3690 At
2676 3648 2807 3691 vero
2837 3635 3013 3690 sinon
3045 3635 3258 3700 eadem,
3285 3636 3380 3690 sed
3403 3635 3539 3706 alia,
3572 3637 3836 3706 exceptis

2170 3721 2263 3776 his
2314 3735 2381 3777 ex
2439 3721 2654 3792 quibus
2701 3729 2787 3778 est
2834 3724 3172 3795 credendus,
3221 3725 3277 3779 in
3327 3738 3391 3779 eo
3451 3738 3550 3794 per
3597 3725 3831 3780 tertiam

2167 3810 2351 3880 aiunt,
2380 3812 2639 3866 eumdem
2660 3813 2998 3882 secundum,
3051 3813 3325 3884 eamdem,
3370 3828 3575 3869 rursus
3631 3813 3837 3882 profe-

2168 3905 2303 3955 runt
2324 3898 2748 3955 inexistentiam
2765 3942 2780 3970 ,
2797 3901 2881 3956 vel
2894 3905 2952 3956 ut
2972 3902 3022 3957 is
3035 3901 3135 3971 qui
3157 3902 3380 3957 medius
3396 3902 3547 3956 inter
3565 3907 3831 3957 neutram

2167 3987 2369 4043 harum
2400 3988 2628 4058 existat,
2684 3990 2993 4045 ihcreatam
3051 3989 3274 4044 scilicet
3326 3996 3530 4046 natura
3579 4004 3706 4052 sua.
3765 3996 3821 4046 et

2164 4081 2408 4131 creatam
2466 4077 2848 4133 substantiam
2901 4081 3072 4148 atque
3128 4078 3397 4133 virtutem
3447 4095 3459 4131 :
3510 4085 3612 4133 aut
3669 4077 3828 4134 enim

2165 4164 2654 4221 subsistentialem
2687 4166 2888 4222 volunt
2915 4167 3060 4221 hanc
3098 4180 3242 4236 esse,
3277 4171 3379 4221 aut
3422 4167 3824 4237 compositam,

2163 4259 2264 4308 aut
2292 4253 2640 4324 deivirilem,
2667 4259 2769 4310 aut
2797 4255 3112 4311 unitoriam
3136 4260 3366 4324 propter
3389 4255 3455 4309 ad
3468 4255 3823 4310 unationem.

399 4345 721 4403 sistentiam
752 4347 1145 4412 concurrente,
1175 4339 1652 4412 quemadmodum
1675 4347 1869 4396 sancta
1889 4341 2054 4397 Chal-
2077 4381 2131 4441 D
2161 4345 2300 4397 Nam
2327 4357 2439 4399 non
2469 4343 2677 4415 solum,
2709 4349 2775 4399 ut
2796 4344 3014 4400 dictum
3041 4348 3146 4415 est,
3174 4344 3318 4398 hanc
3340 4358 3451 4399 non
3474 4344 3818 4398 existentem

396 4432 732 4492 cedonensis
757 4431 1008 4501 synodus
1038 4431 1121 4486 ait
1149 4448 1161 4484 :
1193 4435 1249 4484 et
1280 4429 1330 4483 is
1355 4430 1503 4483 Deus
1533 4441 1600 4482 ex
1631 4429 1743 4484 Deo
1782 4431 1964 4500 Patre,
1995 4436 2053 4486 et

329 4517 338 4538 ’·
398 4525 567 4582 homo
596 4537 665 4579 ex
705 4521 936 4578 homine
964 4532 1184 4588 semper
1224 4517 1448 4588 virgine
1494 4524 1690 4589 matre,
1748 4517 1894 4573 idem
1931 4519 2052 4589 ipse

398 4614 651 4671 existens
679 4609 1050 4684 c0gnoscitur
1089 4608 1254 4676 juxta
1305 4610 1566 4662 naturam
1617 4611 1805 4678 natus,
1861 4622 2053 4678 quan—

400 4715 568 4773 quam
615 4697 1055 4768 incorporaliter
1095 4700 1151 4750 et
1211 4693 1336 4750 sine
1405 4709 1610 4766 causa;
1678 4697 2053 4766 corporaliter

399 4795 588 4847 autem
644 4802 713 4843 ex
767 4787 871 4841 hac
923 4789 1150 4855 propter
1197 4797 1447 4855 causam,
1505 4785 1746 4841 salutem
1784 4785 2051 4841 videlicet

397 4883 651 4935 nostram
686 4895 699 4930 :
738 4874 1022 4945 quomodo
1053 4872 1328 4942 possibile
1349 4879 1434 4929 est
1469 4888 1640 4929 unam
1685 4875 2050 4944 eamdemque

398 4978 717 5038 personam,
751 4963 810 5019 id
836 4969 922 5018 est
944 4976 1118 5019 unum
1142 4962 1519 5033 eumdemque
1542 4963 1837 5018 Christum
1863 4963 2051 5018 Domi-

399 5069 535 5112 num
569 5058 822 5110 nostrum
851 5057 909 5108 et
929 5053 1126 5123 Deum,
1155 5065 1326 5121 super
1349 5052 1494 5106 duas
1523 5052 1694 5106 etiam
1713 5050 1827 5106 alia
1850 5065 2050 5107 secun-

399 5147 536 5202 dum
569 5143 725 5214 ipsos
750 5142 1094 5212 proprietate
1131 5140 1472 5196 naturaliter
1502 5139 1759 5211 ﬁgurari,
1783 5140 1851 5194 ad
1879 5141 2051 5197 certi-

400 5233 659 5290 tudinem
692 5244 884 5287 eorum
912 5244 981 5286 ex
1005 5229 1236 5301 quibus,
1269 5233 1324 5284 et
1351 5229 1408 5283 in
1440 5227 1654 5298 quibus
1683 5233 1740 5284 et
1763 5243 1889 5298 qua:
1917 5231 2050 5286 est?

399 5322 458 5379 Si
485 5321 639 5377 enim
659 5321 866 5376 eaedem
908 5319 1224 5374 creduntur
1269 5318 1442 5373 etiam
1475 5331 1574 5387 per
1602 5317 1796 5387 aliam,
1849 5319 1904 5374 id
1963 5326 2050 5376 est

402 5425 502 5484 per
541 5409 789 5480 tertiam,
837 5421 962 5478 qua:
1009 5412 1064 5461 et
1121 5420 1219 5476 per
1263 5406 1572 5462 dualitates
1627 5407 1949 5464 voluntates
1994 5415 2052 5465 et

400 5499 764 5572 Operationes
815 5498 941 5567 ejus
985 5509 1110 5567 quae
1162 5495 1474 5550 secundum
1529 5500 1792 5552 naturam
1865 5501 2044 5554 sunt:

401 5602 629 5648 necesse
648 5592 735 5645 est
759 5591 823 5644 ut
851 5585 1192 5643 indentitate
1219 5583 1600 5644 exhibitionis
1618 5586 2053 5645 indissimilitas

2164 4431 2556 4500 introducunt,
2591 4433 2740 4502 quod
2765 4432 3078 4488 secundum
3108 4432 3257 4487 nihil
3281 4447 3476 4488 eorum
3509 4446 3578 4488 ex
3601 4432 3827 4502 quibus

2162 4527 2249 4575 est
2279 4524 2540 4575 naturam
2571 4519 2723 4575 hunc
2745 4519 3153 4576 characterizet
3184 4538 3196 4574 :
3234 4535 3428 4576 verum
3459 4521 3632 4576 etiam
3655 4534 3688 4576 a
3716 4535 3828 4576 na-

2163 4608 2337 4665 turali
2378 4608 2736 4680 cognatione,
2783 4622 2953 4678 quam
3000 4609 3332 4665 habetcum
3375 4611 3489 4665 Deo
3533 4614 3589 4665 et
3629 4611 3816 4678 Patre,

2162 4698 2409 4753 reddunt
2437 4702 2752 4754 externum.
2777 4698 2970 4753 Minus
2992 4699 3144 4753 enim
3175 4699 3512 4769 dicendum,
3531 4698 3674 4768 quia
3704 4711 3825 4767 per-

2161 4786 2362 4842 hibent
2398 4801 2548 4855 eum,
2604 4787 2776 4842 etiam
2830 4799 2863 4840 a
2905 4787 3208 4858 congenita
3263 4787 3609 4857 proprietate
3650 4799 3821 4857 quam

2161 4875 2412 4930 habetad
2439 4876 2830 4930 intemeratam
2859 4880 3095 4930 matrem
3121 4880 3177 4930 et
3200 4875 3499 4947 virginem,
3523 4875 3816 4930 alienum:

2159 4965 2323 5034 quasi
2348 4965 2661 5020 secundum
2686 4969 2950 5020 neutrum
2971 4965 3172 5020 horum
3196 4963 3400 5020 habeat
3415 4965 3817 5033 compositam,

2157 5058 2256 5108 aut
2278 5053 2912 5123 subsistentialem,aut
2953 5053 3299 5126 deivirilem,
3347 5059 3448 5109 aut
3500 5053 3819 5109 unitoriam

2159 5142 2448 5211 propriam
2474 5141 2822 5197 voluntatem
2852 5148 2909 5198 et
2931 5143 3338 5213 operationem.
3387 5144 3593 5199 Verum
3629 5140 3820 5196 Patris

2159 5230 2388 5300 quidem
2422 5229 2859 5299 incompositam
2886 5231 3011 5286 sine
3034 5231 3322 5301 principio
3355 5231 3526 5287 habet
3596 5237 3655 5286 et
3684 5229 3821 5289 sub-

2159 5318 2482 5374 stantialem
2511 5323 2685 5389 atque
2713 5319 2966 5374 divinam
2991 5338 3006 5390 ;
3037 5320 3236 5376 matris
3256 5334 3387 5377 vero
3412 5327 3657 5376 creatam
3708 5336 3820 5379 na—

2161 5415 2288 5464 tura
2309 5413 2361 5463 et
2387 5408 2710 5463 humanam.

2229 5497 2444 5554 Deinde
2462 5497 2634 5552 etiam
2663 5497 2880 5554 divisas
2927 5503 3164 5554 naturas
3200 5513 3269 5555 ex
3308 5499 3521 5570 quibus
3553 5501 3677 5571 ipse
3729 5503 3814 5558 est

2166 5585 2439 5659 inferunt,
2481 5587 2646 5658 quasi
2689 5601 2788 5658 per
2830 5587 3237 5660 operationem,
3271 5593 3327 5644 et
3357 5603 3466 5646 non
3518 5603 3618 5659 per
3667 5591 3816 5650 sub—
