4034 6158
197 267 309 326 625

897 263 1405 321 COLLECTANEA.
1445 291 1520 306 —-
1553 263 1811 320 DISPUT.
1859 264 2062 320 INTER
2101 264 2156 320 S.
2199 265 2452 320 MAXIM.
2496 266 2583 321 ET
2619 264 2863 322 THEOD.

3501 267 3608 326 626

197 389 518 449 sistentiam
540 388 652 444 sibi
675 387 866 445 unitas
891 387 1225 459 innotescat,
1250 388 1301 444 si
1321 393 1548 458 propter
1571 388 1846 444 unitatem
1873 389 1932 450 A
1959 388 2434 459 quemadmodum
2459 391 2515 444 et
2547 389 2642 445 isti
2671 389 2835 445 (idem
2867 404 2934 446 ex
2961 391 3108 447 bono
3145 396 3202 447 et
3231 393 3378 448 malo
3413 392 3610 462 profe-

197 495 369 538 unam
394 478 778 548 operationem
809 477 1225 548 dogmatizent:
1253 477 1402 548 quod
1434 478 1492 532 hi
1537 477 1637 548 qui
1665 477 1722 533 in
1747 478 1851 533 di-

195 571 416 624 visione
436 567 692 636 corrupti
721 572 855 622 sunt
879 566 1103 636 dicunt,
1131 565 1494 622 aﬂectuosam
1538 567 1681 622 hanc
1724 580 1848 622 esse

193 659 580 731 operationem
628 655 887 712 fabuloso
927 656 1220 727 ﬁngentes.
1264 656 1358 711 Sic
1382 662 1570 712 autem
1602 661 1658 711 et
1703 671 1850 712 con-

195 748 413 804 fusioni
470 746 655 802 locum
689 745 1010 800 tribuentes
1055 750 1110 800 et
1155 745 1477 800 deivirilem
1533 745 1846 801 secundum

191 838 457 892 Severum
505 833 648 889 male
685 834 1154 904 interpretantur,
1191 847 1358 889 unam
1394 833 1558 904 hanc,
1609 834 1702 888 sed
1737 847 1846 889 non

189 927 334 982 duas
361 923 677 980 secundum
708 923 1024 978 unitioncm
1055 922 1308 978 divinam
1335 926 1536 978 natura
1551 921 1848 977 etvirilem

191 1013 522 1086 signiﬁcare
565 1013 986 1079 contendentes,
1019 1018 1074 1066 et
1106 1011 1249 1066 hanc
1292 1011 1509 1066 Deiviri
1545 1009 1845 1082 quamdam

194 1109 478 1171 naturam,
513 1101 608 1156 sed
634 1115 744 1155 non
776 1101 962 1156 virum
992 1098 1202 1154 factum
1229 1100 1405 1155 Deum
1441 1099 1675 1154 sibimet
1705 1098 1851 1154 sub-

192 1192 483 1261 indicunt,
521 1189 832 1260 praesertim
867 1203 994 1244 cum
1030 1188 1135 1243 hoc
1167 1187 1482 1257 praevidens
1507 1187 1677 1242 etiam
1724 1201 1850 1243 vere

192 1281 539 1351 deiphantor
569 1278 879 1348 Dionysius
899 1291 946 1344 a,
973 1291 1082 1332 non
1140 1290 1308 1332 unam
1355 1276 1638 1331 vocaverit
1681 1276 1846 1346 hanc,

193 1372 282 1426 sed
317 1383 466 1425 nova
497 1369 740 1438 quadam
767 1366 1023 1422 deivirili
1051 1365 1214 1421 nobis
1239 1379 1367 1421 eum
1393 1365 1609 1420 dixerit
1642 1379 1851 1435 opera—

195 1462 340 1517 tione
363 1464 788 1514 conversatum.
828 1455 1146 1512 Ostendens
1191 1469 1299 1512 non
1321 1454 1558 1509 alteram
1577 1453 1647 1509 ab
1668 1454 1848 1509 altera

193 1551 566 1618 disjunctam,
599 1547 695 1602 sed
723 1546 917 1601 ambas
944 1560 1040 1615 per
1069 1545 1376 1600 alterutras
1396 1543 1851 1599 connaturaliter

193 1640 494 1708 adunatas,
527 1637 585 1692 in
617 1649 811 1692 eorum
839 1649 906 1690 ex
933 1634 1166 1705 quibus,
1196 1639 1250 1688 et
1276 1633 1334 1688 in
1377 1631 1591 1703 quibus
1631 1636 1688 1687 et
1723 1645 1851 1702 quae

1959 482 2095 532 runt
2118 475 2536 532 affectantibus.
2571 477 2728 533 Unde
2758 483 2814 532 et
2857 477 3072 534 talibus
3095 479 3608 537 circumvenientes

1960 564 2172 620 litteris
2201 566 2251 620 ei
2288 566 2386 636 qui
2418 565 2650 622 miserat
2679 565 2936 622 mittunt.
2968 567 3114 635 Quia
3139 581 3273 638 ergo
3305 568 3362 622 in
3406 582 3608 638 magno

1958 659 2187 724 propter
2210 656 2324 710 hzec
2353 656 2607 725 periculo
2630 661 2766 712 sunt
2795 670 2884 712 res
2927 669 3067 726 pene
3101 656 3284 712 totius
3312 657 3607 714 catholica.I

1957 748 2014 798 et
2037 743 2365 812 apostolica:
2386 745 2484 799 Dei
2517 744 2780 800 Ecclesiae
2805 744 3152 814 constitutae,
3189 759 3288 814 pro
3309 759 3372 800 ea
3399 745 3610 816 depre-

1957 845 2156 887 camur
2183 839 2238 886 et
2285 831 2649 889 obsecramus
2695 833 3092 889 sanctissimos
3137 834 3311 901 viros,
3346 849 3414 890 ne
3463 835 3609 892 hanc

1957 921 2296 990 despiciatis
2319 921 2757 991 periclitantem,
2791 923 2886 978 sed
2927 922 3210 992 adiuvetis
3250 924 3610 993 tempestati-

1958 1008 2067 1063 bus
2102 1009 2470 1074 laborantem,
2514 1011 2760 1066 scientes
2812 1011 2871 1066 in
2921 1016 3171 1082 tempore
3210 1012 3610 1068 tribulationis

1956 1097 2344 1170 dilectionem,
2375 1114 2499 1170 quae
2527 1100 2584 1154 in
2610 1100 2832 1169 Spiritu
2872 1106 3068 1156 sancto
3105 1105 3211 1168 est,
3245 1101 3400 1157 nasci
3432 1118 3445 1154 :
3475 1106 3532 1156 et
3555 1101 3606 1156 si

1960 1187 2233 1256 possibile
2261 1193 2346 1243 est
2371 1202 2469 1244 vos
2486 1187 2731 1244 transire
2746 1189 2946 1260 citius,
2971 1189 3136 1260 quasi
3157 1189 3273 1245 alia
3293 1204 3392 1259 pro
3413 1203 3604 1259 causa,

1956 1276 2025 1330 ad
2053 1276 2301 1331 senioris
2333 1279 2518 1332 Roma:
2572 1278 2697 1347 pios
2739 1284 2795 1333 et
2821 1279 3014 1334 ﬁrmos
3046 1284 3108 1334 ut
3153 1284 3362 1348 petram
3408 1278 3605 1349 viros;

1959 1364 2058 1433 qui
2089 1365 2357 1421 videlicet
2400 1366 2693 1423 vobiscum
2738 1371 2956 1422 tutores
2987 1368 3167 1423 nostri
3201 1373 3336 1423 sunt
3363 1381 3606 1438 semper,

1958 1458 2013 1507 et
2037 1459 2484 1524 pmpugnatores
2522 1453 2927 1511 ferventissimi
2982 1456 3262 1518 veritatis.
3311 1455 3610 1512 obsecrare

1961 1539 2063 1596 hos
2089 1543 2524 1611 supplicatoriis
2550 1543 2788 1600 vocibus
2811 1550 2867 1599 et
2897 1545 3164 1614 lacrymis
3204 1559 3305 1615 pro
3339 1545 3610 1602 omnibus

1956 1629 2324 1702 Christianis,
2355 1638 2637 1702 quatenus
2665 1634 2973 1689 mercedem
3003 1648 3034 1688 a
3068 1635 3309 1690 Domino
3353 1635 3612 1690 sortian—

193 1733 322 1797 erat,
351 1726 767 1782 certitudinem
793 1722 1176 1794 proferendas,
1203 1728 1276 1787 et,
1307 1726 1371 1778 ut
1403 1726 1434 1773 b
1479 1726 1709 1791 paterne
1750 1721 1852 1776 di—
1881 1712 1928 1772 Β
1962 1723 2093 1774 tur:
2125 1720 2394 1776 omnibus
2432 1721 2708 1778 similiter
2731 1728 2788 1778 et
2825 1722 3059 1778 sibimet
3095 1723 3311 1794 absque
3348 1725 3612 1785 novitate

194 1831 380 1871 camus
405 1830 460 1883 ο,
481 1828 610 1870 cum
631 1814 872 1869 alterius
884 1811 1282 1867 communione
1302 1810 1504 1864 horum
1521 1815 1844 1878 utrumque.

196 1908 266 1960 Ita
317 1910 380 1959 ut
436 1902 738 1958 mirabiles
786 1901 1016 1972 quidem
1063 1899 1374 1969 passiones,
1421 1897 1852 1966 compassibilia

197 2008 336 2051 vero.
374 1992 585 2062 procul
608 1991 786 2047 dubio
819 1989 1094 2044 miracula
1144 1993 1562 2059 cognoscantur
1594 2001 1691 2056 per
1737 2000 1857 2041 om-

198 2084 487 2142 nimodam
504 2080 919 2150 coaptationem
942 2091 1160 2146 eorum,
1184 2090 1308 2146 quae
1328 2075 1399 2130 ab
1419 2089 1484 2130 eo
1512 2074 1852 2131 naturaliter

197 2179 336 2246 gesta
368 2177 536 2228 sunt.
573 2169 753 2239 Dupla
785 2167 935 2223 enim
985 2166 1197 2234 omnia,
1256 2169 1312 2220 et
1353 2177 1484 2219 vera
1527 2163 1743 2232 omnia,
1796 2168 1853 2218 et

201 2264 346 2320 unita
369 2262 578 2318 omnia
613 2258 922 2330 przedicant
946 2256 1003 2310 in
1033 2268 1098 2310 eo
1115 2254 1216 2324 qui
1242 2254 1463 2324 duplici
1505 2258 1591 2308 est
1621 2257 1848 2323 natura,

197 2368 252 2410 ea
271 2367 398 2424 quae
438 2349 758 2408 secundum
789 2352 1046 2402 naturam
1074 2348 1212 2399 sunt
1229 2343 1328 2398 Dei
1359 2356 1644 2413 praecones
1673 2346 1730 2396 et
1759 2343 1854 2396 Pa-

199 2450 301 2499 tres
332 2441 549 2498 nostri.
581 2437 822 2508 Quibus,
853 2439 918 2491 ut
953 2434 1173 2489 dictum
1212 2437 1318 2502 est,
1352 2445 1518 2486 suum
1566 2430 1853 2502 corrigere

201 2533 456 2588 nolentes
483 2541 824 2595 sermonem,
844 2525 1031 2580 adhuc
1048 2528 1102 2578 et
1127 2521 1375 2578 senioris
1400 2521 1588 2575 Romae
1611 2519 1854 2589 propria:

200 2621 522 2677 consentire
545 2622 711 2674 sectae
735 2617 1042 2686 coegerunt
1072 2610 1502 2682 apocrisiarios,
1550 2623 1721 2664 unam
1767 2623 1858 2664 su-

204 2725 290 2780 per
311 2710 492 2778 duas,
531 2708 588 2763 id
633 2712 720 2762 est
772 2711 888 2760 tres
936 2715 1126 2758 secum
1173 2698 1518 2769 praedicandi
1563 2697 1621 2752 in
1661 2696 1855 2752 eodem

201 2799 437 2855 Domino
504 2800 698 2853 nostro
735 2795 865 2848 Jcsu
906 2790 1136 2846 Christo
1189 2787 1513 2844 voluntates
1555 2790 1612 2841 et
1651 2798 1861 2854 opera—

203 2889 393 2956 tioncs,
428 2885 689 2942 similem
711 2881 967 2938 scientia:
985 2879 1142 2952 ligno
1154 2880 1386 2948 gustum
1404 2873 1855 2946 commiscentes,

262 3019 290 3052 ι
312 2995 510 3064 Epist.
540 2992 610 3048 ad
640 2989 861 3046 Caium.

261 3093 293 3142 b
319 3086 584 3138 Paterne.
613 3080 846 3136 Patrum
868 3090 1021 3133 more
1048 3075 1166 3131 sive
1193 3072 1398 3129 verbis.

1962 1822 2156 1864 recens
2182 1823 2353 1879 super
2377 1823 2440 1865 ea
2459 1811 2651 1866 minus
2683 1811 2879 1880 plusve
2907 1813 3289 1882 suscipientes
3303 1813 3388 1868 vel
3413 1827 3615 1884 appro-

1961 1899 2179 1968 bantes,
2211 1904 2414 1968 praeter
2434 1913 2560 1968 quae
2584 1898 2835 1955 difﬁnita
2868 1906 3005 1956 sunt
3024 1915 3055 1956 a
3082 1902 3298 1957 sanctis
3347 1903 3612 1958 Patribus

1959 2001 2025 2043 ac
2055 1987 2310 2058 synodis,
2341 1992 2404 2042 ut
2435 1986 2568 2043 boni
2602 1988 2784 2043 studii
2807 1989 2898 2044 sui
2921 1989 3284 2045 aemulatione
3312 1990 3416 2046 hoc
3438 1991 3615 2046 maxi-

1962 2091 2114 2132 mum
2157 2090 2285 2132 cum
2316 2077 2428 2131 Deo
2457 2075 2680 2131 auxilio
2725 2077 2942 2132 directe
2988 2082 3391 2148 prosequentes
3441 2091 3607 2148 opus,

1959 2179 2086 2222 cum
2121 2165 2243 2220 illis
2266 2165 2384 2220 sive
2416 2179 2586 2229 nunc.
2633 2165 2752 2220 sive
2797 2165 2854 2221 in
2897 2166 3251 2235 diejudicii,
3303 2167 3607 2222 Dominum

1962 2253 2203 2308 habeant
2253 2253 2589 2324 debitorem,
2631 2267 2796 2324 quem
2853 2255 3128 2311 nimirum
3180 2256 3501 2314 habuerunt
3550 2257 3610 2313 in

1959 2342 2176 2398 talibus
2213 2343 2572 2413 creditorem,
2606 2358 2716 2400 non
2742 2345 2901 2400 aliud
2953 2346 3091 2416 quid
3127 2352 3329 2416 praeter
3379 2363 3457 2419 se,
3513 2350 3608 2406 sed

1965 2431 2150 2500 ipsum
2177 2437 2378 2501 totum,
2405 2434 2542 2488 totis
2565 2433 2728 2490 vobis
2757 2441 2927 2505 atque
2954 2434 3075 2490 illis
3100 2435 3157 2491 in
3188 2441 3429 2494 :eternas
3457 2439 3617 2494 deli-

1963 2522 2084 2576 cias
2105 2525 2162 2575 et
2192 2519 2553 2577 refectionem
2585 2523 2886 2578 donantem
2922 2541 2934 2576 :
2971 2537 3136 2593 quem
3168 2530 3223 2579 et
3263 2538 3364 2581 nos
3414 2525 3620 2582 habere

1965 2610 2238 2665 adversus
2259 2608 2504 2665 Arianos
2537 2611 2637 2681 qui
2687 2611 3102 2668 continuantur
3144 2614 3259 2683 hic,
3301 2614 3624 2684 supplicate

1969 2699 2099 2768 Deo,
2130 2698 2278 2753 beati
2320 2705 2376 2754 et
2414 2704 2620 2754 nostra:
2667 2700 2734 2755 ad
2785 2701 2960 2756 Deum
2991 2701 3359 2757 deductionis
3402 2703 3618 2775 pr:evii,

1968 2800 2097 2842 cum
2123 2786 2307 2842 simus
2327 2788 2509 2858 egeni,
2546 2801 2839 2859 pauperes,
2869 2794 2924 2844 et
2969 2789 3194 2862 indigni
3231 2791 3377 2848 servi
3424 2793 3618 2848 vestri.

2041 3004 2068 3040 c
2096 2981 2204 3037 Leo
2233 2995 2372 3053 papa
2399 2981 2566 3053 epist.
2599 2983 2665 3039 ad
2701 2983 3051 3040 Flavianum.

262 3334 535 3398 ΤΟΜΟΣ
578 3331 656 3390 Β’.
682 3332 833 3390 ΤΟΥ
875 3330 970 3388 EN
1003 3328 1246 3387 ΛΙἸΟΙΣ
1276 3321 1577 3382 ΠΛΤΡΟΣ
1617 3317 1828 3376 ΗΜΩΝ

1976 3295 2260 3359 Tal/["8
2289 3328 2317 3361 τι
2356 3301 2662 3360 continens
2709 3302 3058 3363 relationem
3106 3303 3177 3364 de
3227 3303 3621 3387 dogmatibus,

337 3424 433 3484 καὶ
473 3422 793 3498 ὁμολεγητοῢ
834 3416 1093 3490 Μαξίμου,
1132 3413 1250 3494 περὶ
1289 3416 1390 3470 τῶν
1431 3405 1752 3498 πραχθέντων
1779 3406 1829 3498 ἐν

336 3517 402 3590 τῇ
684 3509 836 3566 αὐτοῦ
865 3488 1048 3585 ἐξοριᾲ,
1097 3488 1216 3574 ἤτοι
1256 3502 1308 3558 ἐν
1337 3495 1497 3590 βιζύῇ
1521 3519 1542 3590 ’ξ
1585 3492 1650 3590 τα
1694 3488 1830 3590 παρα

335 3578 430 3660 τᾶτ
465 3578 752 3656 Θεοδοσίου
782 3578 1062 3652 ἐπισκοπου
1107 3586 1414 3667 Καισαρείας
1464 3582 1714 3656 Βιθυνίας,
1746 3578 1831 3638 καὶ

339 3693 506 3750 αὐτοῦ
527 3682 878 3764 διαλεχθέντα.

339 3836 431 3899 Τὰ
463 3833 778 3913 ηκινηῷνα
805 3832 1034 3913 περὶτῆς
1065 3826 1354 3907 ἀμώμητου
1383 3827 1532 3903 ἡμῶν
1561 3825 1663 3881 τῶν
1699 3821 1828 3913 ΔΧειιο

269 3930 490 3986 στιανῶν
517 3924 760 3990 πίστεωᾳ
794 3921 881 3980 καὶ
904 3924 995 3991 τῆς
1024 3922 1124 3977 τῶν
1152 3917 1213 3974 δι’
1244 3914 1466 3978 ἐναντίοις
1493 3909 1832 3989 παιςεισάκτου

269 4013 626 4091 καινοτομίας.
665 4009 848 4088 μεταξὺ
872 4013 962 4066 τοῦ
989 4005 1122 4064 ἀϐϐᾶ
1150 4002 1408 4078 Μαξίμου,
1443 4001 1528 4058 καὶ
1554 3996 1833 4056 Θεοδοσίου

271 4085 557 4161 ἐπισκόπου
595 4085 901 4178 Κάισαρείας
929 4097 1207 4172 ἀναγκαῖον
1241 4089 1518 4168 ἡγησάμην
1547 4085 1834 4178 κατάδηλον

270 4198 484 4262 ποιῆσαι
513 4199 671 4248 πᾶσιν
711 4192 828 4265 ὓμῖν
867 4187 973 4251 τοῖς
1007 4187 1058 4242 ἐν
1085 4181 1340 4263 ὀθθοδοζία
1386 4179 1724 4249 διατελοῦσιν,
1755 4173 1834 4232 ἵνα

272 4280 637 4361 ἀκριϐέστερον
663 4275 728 4335 τὰ
746 4263 870 4356 περὶ
897 4271 1090 4334 τούτων
1128 4268 1309 4330 εἰδέναι
1337 4266 1564 4346 ἔχοντες,
1597 4263 1834 4332 δοξάζητε

275 4350 473 4442 μᾶλλον
516 4350 607 4426 τον
635 4350 987 4446 φιλοίκνθιοωπον
1031 4359 1188 4427 Θεὸν,
1235 4356 1324 4415 τὸν
1361 4352 1558 4413 διδόντα
1601 4350 1754 4426 λόγον
1785 4353 1834 4407 ἐν

273 4456 455 4524 ἆνοξει
484 4460 579 4514 τοῦ
608 4438 867 4529 στόματος
894 4453 996 4508 τῶν
1041 4444 1369 4528 φοϐουμένων
1416 4438 1587 4500 αὐτόν.
1639 4438 1835 4509 Μήπως

276 4544 505 4615 συνήθως
536 4545 587 4600 οἱ
616 4525 786 4621 £16901
812 4544 902 4609 τῆς
931 4525 1188 4608 ἀληθείας,
1209 4620 1213 4621 γ
1234 4531 1475 4621 τάναντία
1500 4525 1690 4598 ταύτης
1722 4527 1802 4583 δια
1826 4559 1832 4565 -

275 4631 605 4709 φημζοντες,
638 4619 977 4707 ἐκταράξωσιν
1005 4627 1147 4700 ὑμῶν
1170 4620 1259 4688 τὰς
1285 4619 1509 4701 καρδίας.

347 4720 648 4798 Τοιγαροῦν
697 4721 762 4794 τῇ
814 4717 1023 4790 εἰκοστῇ
1087 4713 1305 4790 τεταρτῇ
1371 4714 1464 4766 τοῦ
1535 4700 1834 4780 Αὐγούστου

277 4807 432 4882 μηνὸς
461 4813 555 4878 τῆς
603 4807 707 4865 νυνὶ
750 4800 1097 4883 παρελθούσης
1142 4794 1691 4879 τεσσαεεσκαιδεκάτης
1723 4794 1836 4849 ἐπι--

273 4879 540 4972 νεμήσεως
567 4941 580 4950 .
640 4893 811 4963 ἐξῆλθε
864 4889 989 4971 πρὸς
1043 4888 1192 4947 αὐτὸν
1238 4890 1286 4945 ἐν
1419 4879 1832 4964 ﬂammam-sto

277 4968 439 5063 ἐξορίοι
465 5029 480 5056 ,
537 4979 802 5040 τουτέστιν
859 4968 920 5037 ἐν⁷
958 4976 1168 5063 χάσέριε)
1227 4974 1432 5044 Βιζύης,
1485 4977 1518 5063 Δὃ
1572 4968 1835 5063 προρςηθεὶς

279 5055 559 5134 iniciam:
600 5066 899 5131 Θεοδόσιος.
935 5068 1004 5130 ὡς
1032 5055 1189 5132 εἶπεν,
1235 5067 1285 5121 ἐν
1330 5057 1607 5142 προσώπου
1639 5055 1836 5136 Πέτρου

275 5163 367 5215 τοῦ
391 5155 651 5237 προέδεου
673 5149 1256 5215 Κωνσταντινουπόλεως
1283 5147 1547 5237 πεμφθείς·
1581 5145 1667 5205 καὶ
1697 5148 1833 5237 [lad-

276 5245 384 5311 λος.
431 5235 523 5305 παὶ
555 5235 834 5308 Θεοδόσιος
883 5245 930 5300 οἱ
955 5239 1161 5310 ὕπατοι,
1209 5243 1278 5306 ὥς
1307 5235 1448 5298 εἷπον
1473 5237 1562 5296 καὶ
1605 5235 1748 5293 αὐτοὶ
1780 5235 1838 5291 ἐκ

278 5333 556 5413 προσώπου
598 5331 850 5413 βασιλέως
887 5327 1218 5410 πεμφθέντες.
1255 5329 1358 5413 καὶ
1384 5322 1836 5413 ἀνελθόντες-πρὸ·

282 5421 365 5480 τὸν
393 5421 663 5503 εἰρημένον
692 5419 920 5500 μοναχὸν
950 5417 1206 5494 Μάξιμον,
1231 5407 1343 5498 ἐνῷ
1366 5413 1510 5495 τόπῳ
1540 5408 1838 5470 ἀπεκέκλει-

347 5559 376 5592 a
400 5537 594 5589 Tomus
616 5532 757 5585 alter
781 5528 960 5583 sancti
981 5525 1162 5579 Patris
1187 5523 1358 5576 nostri
1389 5519 1620 5592 Macci-Ini
1639 5533 1706 5592 ac
1721 5531 1857 5592 cane

286 5589 507 5676 fessoris
531 5624 547 5659 :
575 5606 869 5675 qua:_gesta
897 5602 1025 5652 sunt
1050 5599 1106 5650 in
1122 5597 1298 5667 primo
1315 5593 1432 5661 ejus
1458 5589 1748 5661 exsiliohid
1775 5591 1853 5642 est

2049 3420 2180 3482 qum
2220 3409 2378 3459 mota
2409 3409 2544 3460 sunt
2577 3401 2736 3460 inter
2763 3400 2835 3460 S.
2885 3400 3219 3461 Maximum
3265 3413 3322 3463 et
3371 3403 3628 3464 Theodo-

2051 3500 2204 3558 sium
2233 3500 2536 3579 epz'copum
2567 3497 2821 3560 Ceesara:
2852 3497 3178 3580 Bithynia,
3217 3519 3315 3561 seu
3367 3502 3627 3562 consules

2053 3599 2164 3677 qui
2187 3617 2318 3657 cum
2356 3616 2420 3657 eo
2450 3607 2644 3658 erant.

2045 3804 2179 3874 Quae
2207 3808 2354 3860 mota
2380 3809 2514 3860 sunt
2540 3804 2609 3860 de
2638 3803 3002 3861 immaculata
3042 3809 3234 3861 nostra
3261 3804 3630 3862 Christiano—

1976 3907 2100 3949 rum
2122 3894 2249 3962 tlde,
2282 3898 2452 3964 atque
2477 3893 2916 3950 subintroducta
2937 3894 3362 3950 contrariorum
3381 3895 3630 3951 novitate

1977 3983 2126 4038 inter
2153 3982 2410 4038 abbatem
2440 3983 2745 4038 Maximum
2785 3989 2841 4038 et
2883 3984 3264 4041 Theodosium
3298 3985 3629 4056 episcopum

1974 4071 2189 4126 Cesara:
2261 4071 2560 4141 Bithynize,
2653 4073 3036 4128 necessarium
3113 4073 3254 4128 duxi
3332 4072 3631 4129 manifesta

1978 4158 2161 4214 facere
2186 4159 2456 4214 omnibus
2475 4159 2636 4214 vobis
2667 4159 2766 4230 qui
2804 4160 2860 4214 in
2889 4161 3230 4216 orthodoxia
3258 4161 3584 4218 consistitis
3614 4179 3627 4216 :

1983 4254 2064 4317 ut,
2092 4263 2221 4303 cum
2247 4248 2465 4304 certius
2489 4248 2559 4303 de
2587 4249 2678 4304 his
2703 4248 2851 4304 scire
2881 4249 2991 4304 visi
3013 4247 3263 4321 fueritis,
3298 4250 3634 4322 gloriﬁcetis

1983 4338 2165 4409 magis
2194 4351 2260 4393 ac
2290 4338 2474 4409 magis
2502 4343 2809 4392 amatorem
2845 4337 3142 4394 hominum
3174 4340 3347 4393 Deum
3393 4339 3492 4410 qui
3536 4339 3636 4394 dat

1981 4426 2212 4482 verbum
2249 4427 2306 4482 in
2338 4427 2630 4496 apertione
2673 4426 2794 4482 oris
2843 4426 3172 4482 timentium
3221 4440 3316 4481 se:
3350 4441 3418 4482 ne
3465 4425 3630 4499 forte,

1983 4529 2138 4571 more
2163 4516 2336 4570 solito
2361 4515 2621 4570 veritatis
2640 4514 2864 4570 inimici
2884 4515 3019 4570 huic
3039 4513 3326 4570 contraria
3342 4513 3638 4571 ditt‘aman-

1907 4633 1961 4693 ι)
1983 4611 2088 4673 tes,
2117 4604 2288 4660 corda
2309 4609 2494 4658 vestra
2524 4602 2882 4693 conturbent.

2054 4693 2238 4764 Igitur
2268 4706 2415 4747 nono
2433 4693 2556 4746 Kal.
2583 4691 2986 4762 Septembrias,
3012 4707 3138 4763 quae
3162 4705 3314 4748 nunc
3348 4697 3636 4750 transacta

1983 4790 2069 4840 est
2099 4789 2315 4854 quarta}
2355 4781 2591 4858 decimae
2643 4782 3001 4854 indictionis,
3057 4782 3237 4838 exivit
3285 4783 3352 4838 ad
3397 4796 3527 4840 eum
3578 4783 3637 4840 In

1983 4872 2277 4942 exsilium,
2305 4871 2362 4926 in
2386 4883 2499 4941 quo
2530 4869 2753 4940 positus
2793 4869 3147 4942 servabatur,
3201 4871 3254 4926 id
3300 4875 3386 4927 est
3427 4871 3495 4928 ad
3536 4885 3642 4928 ca-

1984 4969 2166 5019 strum
2213 4962 2410 5033 Bizytc,
2459 4960 2767 5030 praedictus
2809 4960 3114 5030 episcopus
3153 4961 3530 5033 Theodosius,
3571 4976 3640 5018 ex

1989 5064 2246 5122 persona,
2273 5054 2336 5106 ut
2360 5049 2531 5119 dixit,
2558 5048 2706 5105 Petri
2725 5047 3344 5119 ConstantinOpolitani
3379 5050 3642 5122 praesulis

1990 5140 2223 5207 missus,
2260 5151 2475 5195 necnon
2508 5141 2563 5193 et
2590 5137 2804 5194 Paulus
2841 5150 2906 5191 ac
2945 5137 3306 5195 Theodosius
3351 5137 3634 5208 consules,

1991 5236 2056 5285 ut
2085 5227 2224 5284 fassi
2257 5233 2410 5299 sunt,
2434 5232 2488 5282 et
2523 5227 2633 5297 ipsi
2660 5239 2726 5281 ex
2752 5239 2988 5296 persona
3022 5226 3384 5296 imperatoris
3407 5225 3642 5282 directi.

1990 5318 2078 5388 Et,
2109 5330 2235 5374 cum
2267 5315 2660 5372 ascendissent
2683 5315 2750 5371 ad
2781 5315 3115 5386 przedictum
3149 5314 3486 5371 monachum
3518 5314 3645 5369 Ma-

1995 5407 2212 5464 ximum
2243 5406 2302 5463 in
2351 5405 2536 5462 locum
2581 5405 2638 5460 in
2671 5417 2784 5475 quo
2828 5409 3089 5461 retrusus
3123 5401 3453 5474 habebatur,
3494 5399 3643 5456 sede-

1997 5516 2206 5580 Bizyae:
2245 5529 2364 5581 quae
2393 5513 2593 5565 scilicet
2622 5514 2762 5567 inter
2791 5511 3140 5581 Theodosium
3168 5507 3420 5581 (ἔδεαι-ξε
3462 5503 3646 5573 Bithy-

2001 5577 2111 5641 niae
2135 5577 2439 5655 episiwpum
2463 5585 2745 5654 ipsumque
2763 5585 2991 5649 fuerunt
3017 5580 3315 5649 disputata.
3339 5577 3500 5633 Stal.
