4034 6158
203 260 299 321 629

321 702 545 762 ΘΕΟΔ.
576 703 889 783 Παρακαλεῖ
905 706 932 762 6
954 700 1192 781 βασιλεὺς
1218 703 1306 763 καὶ
1330 707 1360 763 6
1385 700 1712 783 πατριάρχης
1736 703 1797 761 δι’

242 793 418 867 ἡμῶν,
451 793 630 867 μαθεῖν
650 789 792 871 παρά
819 813 933 864 σου,
966 787 1048 848 διὰ
1078 790 1227 850 ποίαν
1263 790 1425 850 αἰτίαν
1465 793 1524 849 οὗ
1550 793 1803 853 κοινωνεῖς

239 882 315 960 τῷ
340 875 508 960 θρόνῳ
556 875 1143 945 Κωνσταντινουπόλεως
1185 902 1203 951 ;
1233 880 1414 938 ΜΑΞ.
1455 877 1647 958 Ἔχετε
1684 871 1802 956 περὶ

237 970 426 1026 τούτου
477 964 758 1047 ἐπιτροπὴν
806 965 1055 1049 ἔγγραφον
1107 965 1245 1049 παρὰ
1290 972 1381 1027 τοῦ
1433 963 1801 1026 εὐσεϐεστάτου

238 1050 516 1131 βασιλέως,
545 1053 580 1125 ἢ
604 1052 746 1133 παρὰ
769 1061 865 1113 τοῦ
892 1053 1253 1135 πατριάρχου;
1284 1054 1500 1114 ΘΕΟΔ.
1527 1056 1646 1112 Οὐκ
1661 1049 1800 1130 ὤρε-

236 1143 346 1214 λες,
376 1139 633 1214 δέσποτα,
661 1143 944 1213 ἀπιστῆσαι
968 1146 1094 1220 ἡμῖν
1113 1165 1128 1180 ο
1159 1140 1253 1224 κᾷν
1277 1140 1379 1223 γὰρ
1405 1138 1640 1205 ταπεινός
1668 1142 1795 1215 εἶμι,

237 1228 518 1296 ἐπίσκοπος
549 1232 743 1301 ἀκούω,
775 1230 862 1289 καὶ
881 1233 930 1290 οἱ
948 1228 1192 1290 δεσπόται
1215 1253 1315 1308 μου
1336 1228 1627 1308 συγκλήτου

236 1316 571 1397 τυγχάνουσι,
594 1318 683 1377 καὶ
699 1321 793 1378 οὐκ
810 1318 1032 1391 ἤλθοπεν
1051 1317 1289 1398 πειράσαι
1306 1341 1367 1377 σε
1383 1341 1397 1355 ο
1425 1315 1499 1394 μὴ
1517 1313 1624 1397 δῴη
1641 1311 1791 1379 Θεός.

235 1405 418 1463 ΜΑΞ.
488 1406 797 1485 Οἰοβήποτε
847 1405 1024 1485 τρόπῳ
1076 1406 1267 1478 ἤλθατε
1309 1404 1437 1485 πρὸς
1489 1404 1577 1463 τὸν
1621 1404 1799 1461 δοῦλον

355 1428 418 1463 ῗ-ι.
488 1428 797 1466 υιωοτιποτε
847 1430 1024 1466 τοοπω
1076 1428 1267 1466 ῆΑυατε
1309 1429 1349 1464 π

235 1429 418 1463 ουλε...
488 1429 797 1488 υιῳοηποτε
847 1430 1024 1488 τροπῳ
1076 1429 1267 1478 ηΑυατε
1309 1429 1437 1485 προς
1489 1429 1577 1463 τον
1621 1429 1794 1461 οουΛον

234 1495 397 1575 ἐμῶν’
429 1491 536 1573 ζγὼ
560 1495 720 1575 χωρὶς
744 1493 913 1565 πάσης
937 1496 1224 1566 ῧποστολῆς
1242 1492 1380 1571 λέγω
1401 1491 1494 1564 τὴν
1512 1491 1702 1562 αἰτίαν,
1732 1490 1794 1547 δι’

234 1570 295 1649 ἦν
311 1584 371 1640 οὗ
720 1580 879 1665 θρόνῳ
898 1570 1508 1648 Κωνσταντινουπόλεως.
1531 1577 1679 1650 Πλὴν
1703 1576 1795 1661 κᾷν

235 1667 403 1728 τίλλων
428 1660 495 1742 ἦν
520 1668 582 1729 τὸ
902 1669 985 1730 διὰ
1001 1670 1151 1730 ποίαν
1169 1669 1358 1742 αἰτίαν,
1382 1672 1526 1747 ὑμῶν
1550 1672 1643 1728 οὐκ
1660 1665 1787 1727 ἔστι.

234 1760 332 1816 ira
356 1756 718 1836 γινωσκόντων
744 1761 989 1842 ἀσφαλῶς
1016 1762 1191 1818 πλεῖον
1219 1761 1349 1837 ἐμοῦ
1375 1756 1468 1829 τὴν
1496 1755 1682 1816 αἰτίαν.

309 1848 355 1905 Γ
358 1870 604 1907 ινωσκετε
625 1845 716 1915 τὰς
743 1846 1015 1927 γενομένας
1042 1846 1367 1924 καινοτομίας
1394 1845 1497 1905 ἀπὸ
1528 1850 1621 1916 τῆς
1648 1842 1794 1914 ἵκτης

232 1933 580 2011 ἔπινεμήσειιις
635 1942 728 1994 τοῦ
768 1934 1047 2002 διελθόντος
1094 1937 1310 2003 κύκλου,
1363 1932 1644 2014 ἄρξαμένας
1693 1932 1796 1991 ἀπὸ

231 2016 624 2102 Ἀλεξανδρείας
643 2020 724 2081 διὰ
745 2026 847 2082 τῶν
876 2021 1179 2083 ἐκτεθέντων
1195 2020 1335 2081 ἐννέα
1352 2020 1635 2102 κεφαλαίων
1656 2016 1796 2100 παρὰ

228 2110 432 2190 Κύρου,
459 2116 555 2170 τοῦ
581 2114 673 2170 οὐκ
714 2102 828 2170 οἶδα
851 2115 962 2179 πῶς
1004 2109 1273 2191 γεγονότος
1318 2113 1481 2170 ἐκεῖσε
1525 2107 1789 2192 προέδρου,

228 2200 328 2257 τῶν
348 2198 733 2276 βεϐαιωθέντων
750 2199 851 2260 ὑπὸ
864 2207 958 2261 τοῦ
978 2198 1154 2282 θρόνου
1175 2195 1789 2264 Κωνοταντινουπόλεως’

225 2283 435 2353 καὶτὰς
468 2288 633 2353 ἄλλας
660 2286 984 2359 ἀλλοιώσεις,
1011 2287 1304 2369 προσθήκας
1332 2309 1390 2345 τε
1412 2287 1502 2345 καὶ
1530 2282 1788 2365 μειώσειςο

225 2371 314 2440 τὰς
333 2372 618 2452 γενομένας
646 2377 920 2442 συνοδικῶς
954 2375 1055 2435 ὑπὸ
1090 2377 1193 2434 τῶν
1221 2374 1666 2456 προεδρευσάντων
1699 2378 1791 2444 τῆς

223 2462 326 2519 τῦν
349 2460 648 2530 Βυζαντίων
675 2462 1013 2535 Ἐκκλησίας,
1034 2460 1422 2545 Σεργίουλέγω.
1442 2463 1532 2522 καὶ
1554 2464 1790 2545 Πύῤῥου,

225 2547 311 2607 καὶ
335 2550 587 2628 Παύλου,
638 2549 700 2618 ἅς
746 2574 884 2619 τινας
927 2550 1256 2630 καινοτομίας
1300 2558 1444 2610 πᾶσα
1488 2547 1728 2628 γινώσκει
1752 2551 1788 2621 ἦ

224 2635 529 2712 οἰκουμένη.
558 2635 659 2698 Διὰ
684 2643 876 2712 ταύτην
900 2637 996 2710 τὴν
1022 2639 1187 2698 αἰτίαν
1215 2641 1273 2697 οὗ
1301 2641 1528 2697 κοινωνῶ
1553 2641 1580 2697 6
1608 2638 1788 2703 δοῦλος

222 2726 366 2801 {by-53v
524 2726 816 2809 Ἐκκλησία
840 2724 1456 2792 Κωνσταντινουπολέως.
1490 2727 1709 2807 Ἀρθῶσι
1726 2723 1791 2783 τὰ

222 2811 616 2893 προσκόμματα
644 2812 709 2874 τὰ
735 2814 939 2875 τεθέντα
970 2814 1071 2873 ὑπὸ
1108 2818 1211 2874 τῶν
1247 2813 1530 2896 εἰρημνων
1568 2815 1781 2896 ἀνδρῶν,

223 2891 336 2976 μετ’
370 2905 545 2961 αὐτῶν
572 2903 776 2963 ἐκείναιν
802 2907 907 2963 τῶν
933 2902 1157 2981 θεμένων
1200 2891 1350 2973 αὖτᾶ,
1384 2898 1549 2968 καθὼς
1595 2891 1732 2960 εἶπεν
1760 2904 1788 2960 6

220 2986 356 3055 Θεὸς
386 3013 405 3029 ⁸
441 3011 467 3044 σι
488 2991 597 3051 Καὶ
623 2989 741 3059 τοὺς
765 2991 937 3058 λίθους
963 2994 1021 3051 ἐκ
1037 2996 1130 3064 τῆς
1156 2992 1275 3051 ὁδοῦ
1302 2991 1624 3072 διαρρίψατεε
1649 3013 1672 3039 ιο
1696 2990 1789 3050 καὶ

218 3074 309 3148 τὴν
335 3077 484 3137 λείαν
509 3078 599 3138 καὶ
622 3079 980 3160 τετριμμένην..
993 3079 1086 3137 καῖ
1109 3077 1277 3151 πάσης
1306 3076 1622 3144 ἀκανθώδους
1650 3080 1786 3157 αἶρε-

389 3165 579 3230 κακίας
618 3165 877 3246 ἐλευθέραν
918 3166 1031 3226 ὁδὸν
1057 3173 1151 3225 τοῦ
1184 3163 1531 3245 Εὖαγγελίου,
1562 3164 1786 3246 καθάπερ

218 3252 304 3311 καὶ
323 3243 389 3325 ἧν
417 3251 689 3333 εὗρίσκων,
720 3243 883 3314 ὁδεύω
911 3254 1080 3325 πάσης
1109 3253 1232 3333 δίχα
1257 3243 1550 3335 προτροπῆς
1587 3243 1782 3333 ἄνθρωὲ

217 3339 382 3421 πίνῃς.
416 3339 562 3407 Ἕως
587 3339 642 3402 δὲ
665 3339 727 3401 ἂν
758 3346 864 3408 τοῖς
892 3347 1074 3401 τεθεῖσι
1118 3339 1515 3425 προσκόμμασι,
1564 3340 1651 3397 καὶ
1678 3343 1785 3404 τοῖς

218 3427 496 3489 τεθεικόσιν
520 3428 648 3489 αὐτὰ
675 3433 1019 3508 σεμνύνιοινται
1046 3433 1093 3489 οἱ
1118 3427 1352 3511 πρόεδροι
1372 3431 1784 3487 Κωνσταντινου-

217 3514 440 3584 πόλεως.
473 3519 634 3582 οὐδείς
662 3521 799 3577 ἐστιν
827 3522 855 3577 6
881 3517 1066 3578 πείθων
1110 3541 1175 3596 με
1210 3516 1363 3596 λόγος
1388 3515 1423 3588 ἣ
1450 3513 1635 3599 τρόπος
1666 3539 1781 3575 κοι-

216 3609 386 3664 πωνεῖν
412 3608 608 3672 αὐτοῖς.

291 3694 521 3753 θΕΟΔ.
554 3695 606 3753 Τ
608 3693 626 3752 ί
651 3690 750 3773 γὰρ
778 3692 937 3752 κακὸν
981 3694 1361 3772 ὁμολογοῦμεν,
1398 3689 1483 3750 ἵνα
1518 3694 1782 3772 χωρισθῇς

214 3784 305 3851 τ’ἤς
326 3780 596 3848 κοινωνίας
613 3784 786 3859 ἡμῶη
806 3779 1127 3841 ΜᾹΞ.”Οτι
1140 3781 1262 3855 μίαν
1283 3780 1532 3862 ἐνέργειαν
1546 3778 1782 3857 λέγοντες

214 3867 487 3941 θεότητος,
540 3870 630 3929 καὶ
671 3868 1061 3950 ἄνθρονπότητος
1106 3874 1196 3928 τοῦ
1236 3870 1376 3927 θεοῦ
1425 3867 1513 3926 καὶ
1552 3872 1780 3947 σωτῆρος

211 3960 366 4032 ἡμῶν
409 3958 590 4028 Ἰησοῦ
620 3957 872 4037 Χριστοῦ,
906 3954 1154 4036 συγχίετε
1181 3954 1268 4014 τὸν
1295 3979 1354 4015 τε
1380 3960 1472 4025 τ’ἧς
1490 3955 1776 4035 θεολογίας,

212 4048 419 4119 καὶτῆς
446 4048 741 4125 οἰκονομίις
786 4046 956 4126 λόγον.
1105 4045 1203 4128 γὰρ
1251 4051 1518 4118 πεισθῆναι
1563 4048 1641 4105 δεῖ
1676 4051 1782 4113 τοῖς

213 4134 374 4213 ἇγίοις
398 4134 665 4216 Πατράσι,
695 4125 955 4213 λέγουσιν,
1001 4125 1073 4193 ὧν
1107 4138 1143 4205 ἠ
1174 4125 1399 4214 ἐνέργεια
1427 4134 1541 4212 μία,
1585 4138 1782 4194 τούτων

213 4224 301 4282 καὶ
326 4228 364 4295 ἡ
391 4224 541 4283 οὗσίτ
569 4222 663 4301 μία
680 4246 695 4261 ·
727 4222 946 4302 τετράδα
970 4227 1162 4282 ποιεῖτε
1182 4221 1277 4291 τὴν
1303 4221 1455 4299 ἁγίαν
1477 4221 1676 4302 τριάδα.
1708 4226 1780 4290 ὥς

215 4316 479 4393 ὃμοφυοῖῑς
506 4316 584 4393 τῷ
611 4310 756 4393 λόγῳ
799 4309 1078 4389 γενομένης
1124 4316 1214 4384 ἧς
1250 4315 1406 4371 αὐτοῦ
1455 4311 1665 4391 σαρκὸς,
1694 4313 1781 4372 καὶ

215 4401 469 4473 ἐπιστάσης
495 4405 589 4472 τῆς
617 4407 746 4480 προς
773 4404 938 4477 ἡμᾶς,
967 4400 1168 4474 καὶτῆς
1194 4398 1347 4460 αὐτὸν
1371 4402 1621 4472 τεκούσης
1649 4424 1779 4479 συγ·-

214 4496 385 4565 γινοῧς
413 4486 554 4548 κατὰ
573 4490 722 4568 φύσιν

292 4702 406 4763 Καὶ
428 4701 610 4775 πάλιν,
640 4704 960 4783 ἀναιροῦντες
986 4698 1078 4767 τὰς
1118 4698 1388 4780 ἐνεργείας,
1422 4696 1500 4757 κα’
1536 4695 1656 4774 μίαν
1682 4720 1778 4754 κυ-

221 4796 417 4871 piam:
448 4788 660 4862 θέλησιν
686 4788 917 4862 θεότηεος
948 4795 1043 4849 τοῦ
1072 4790 1232 4847 αὐτοῦ
1259 4788 1346 4847 καὶ
1373 4784 1776 4868 ἀνθρωπότητος,

216 4880 500 4958 ἀφαιρεῖσθε
529 4881 689 4937 αὐτοῦ
714 4875 809 4947 τὴν
848 4881 954 4936 τῶν
992 4879 1194 4952 ἀγαθῶν
1219 4874 1485 4950 διανομήν.
1537 4872 1658 4931 Ἐὰν
1684 4871 1780 4951 γὰρ

217 4964 468 5047 ἐνέργειαν
496 4968 591 5024 οὐκ
616 4965 744 5045 ἔχῃ,
767 4963 901 5024 κττὰ
926 4961 1043 5024 τοὺς
1074 4969 1223 5023 τοῦτο
1253 4961 1607 5027 ’κοπίς-απαξ.
1627 4962 1780 5031 δῆλον

221 5050 296 5111 ὅτι
322 5052 418 5136 κᾷν
453 5054 609 5133 θέλῃ.
641 5055 849 5125 ἐλεῆσαι
891 5056 950 5112 οὗ
990 5053 1195 5111 δὶνατιι
1264 5050 1615 5131 ἀφαιρεθείσης
1641 5052 1779 5130 αὐτῷ

219 5145 309 5213 τῆς
334 5147 438 5201 τῶν
460 5144 667 5220 ἀγαθῶν
695 5142 962 5222 ἐνεργείας.
1001 5139 1140 5220 εἴπερ
1170 5140 1415 5219 ἐνεργείας
1443 5142 1631 5218 ἀγαθῆς
1659 5162 1777 5219 χιο-

224 5229 318 5308 ρὶς,
346 5229 489 5290 οὐδὲν
514 5234 620 5289 τῶν
647 5229 807 5290 ὄντων
837 5233 1049 5309 ἐνεργεῖν
1072 5234 1107 5299 ἢ
1135 5228 1375 5308 πράττειν
1403 5228 1642 5309 πέφυκεν.

300 5397 518 5464 Ἄλλως
559 5422 612 5458 τε
656 5397 730 5456 δὲ.
763 5397 852 5455 καὶ
896 5394 988 5464 τὴν
1021 5395 1188 5476 σάρκα
1212 5400 1401 5454 ποιεῖτε
1429 5397 1504 5475 τῷ
1530 5393 1780 5471 θελήματι

226 5486 624 5566 ουνδημιουργὸν
657 5484 858 5543 κάπροι-ι
886 5488 985 5542 τῶν
1017 5483 1235 5551 ιῖώνων,
1265 5484 1479 5542 καὶτῶν
1522 5486 1572 5541 ἐν
1609 5486 1777 5549 αὐτοῖς

226 5573 395 5655 Πατρί
415 5598 474 5634 τε
499 5574 590 5633 καὶ
611 5574 724 5656 Υἱῷ
750 5572 839 5631 καὶ
864 5574 1132 5649 llas-331.17:
1152 5595 1166 5609 ο
1305 5569 1358 5629 δὲ
1380 5574 1525 5653 φύσει
1544 5569 1752 5638 κτιστιίν

953 265 1457 331 COLLECTANEA.
1497 303 1571 317 -—
1604 276 1866 335 DISPUT.
1906 278 2115 337 INTER
2151 280 2209 336 S.
2248 279 2502 335 MAXIM.
2540 281 2625 336 ΕΤ
2662 281 2910 338 THEOD.
3493 280 3600 341 630

1855 406 1918 467 Α
1945 404 2285 476 patriarchae
2331 416 2399 459 ac
2432 403 2517 474 pii
2565 404 2787 460 domini
2834 404 2995 461 orbis
3041 404 3391 464 audivimus.
3434 409 3593 466 Max.

1939 494 2158 565 Jubete,
2185 493 2406 552 domini
2431 492 2776 566 mei,dicere
2819 508 2946 565 qua:
2984 494 3162 551 vultis
3211 499 3268 552 et
3318 511 3444 568 qum
3485 511 3600 554 au-

1940 583 2136 641 distis.

2012 677 2216 732 Tusco.
2260 675 2440 749 Rogat
2499 676 2809 743 imperator
2860 681 2916 732 et
2964 676 3290 748 patriarcha
3336 692 3437 749 per
3470 692 3595 752 nos,

1941 779 2282 838 cognoscere
2323 778 2357 821 a
2406 770 2478 835 te,
2531 779 2641 836 qua
2691 780 2794 836 pro
2840 779 3015 823 causa
3059 780 3171 824 non
3213 769 3601 827 communices

1942 854 2149 912 throno
2196 854 2877 925 Constantinopolitano?
2925 857 3076 911 Max.
3145 856 3375 913 Habetis
3427 872 3601 930 super

1941 943 2047 1000 hoc
2065 943 2495 1014 praeceptionem
2525 944 2584 999 in
2614 944 2849 1014 scriptis
2872 958 2905 1000 a
2937 944 3204 1015 piissimo
3234 945 3595 1019 imperatore,

1939 1031 2026 1087 vel
2055 1032 2380 1102 patriarcha
2401 1032 2429 1086 ‘I
2456 1032 2660 1087 Tnsoo.
2680 1034 2802 1088 Non
2822 1032 3121 1104 debueras,
3148 1034 3400 1103 domine,
3430 1034 3600 1091 nobis

1942 1120 2277 1178 incredulus
2299 1134 2440 1177 esse.
2469 1121 2624 1178 Licet
2647 1122 2799 1177 enim
2819 1122 3067 1195 exiguus
3091 1123 3221 1194 sim,
3247 1122 3343 1179 sed
3366 1124 3598 1195 episco-

1940 1224 2051 1282 pus
2068 1211 2298 1282 audior,
2324 1216 2381 1267 et
2402 1210 2500 1267 isti
2521 1210 2744 1267 domini
2777 1212 2885 1268 mei
2912 1225 3042 1282 pars
3062 1215 3293 1269 senatus
3313 1213 3590 1270 existunt.

1938 1302 2053 1357 Nec
2075 1300 2338 1357 venimus
2366 1302 2435 1358 ad
2470 1302 2803 1358 tentandum
2829 1304 2903 1371 te,
2934 1301 3106 1358 absit.
3136 1300 3286 1358 MAx.
3332 1303 3596 1374 Quoquo-

1941 1390 2108 1446 modo
2150 1389 2454 1446 venissetis
2502 1390 2573 1445 ad
2622 1403 2847 1446 servum
2912 1396 3184 1462 vestrum,
3238 1404 3341 1464 ego
3376 1391 3595 1463 absque

1938 1479 2095 1535 omni
2127 1478 2440 1535 reverentia
2466 1478 2598 1536 dico
2619 1492 2847 1536 causam
2878 1478 2950 1536 ob
2975 1494 3145 1551 quam
3176 1494 3289 1539 non
3327 1494 3596 1537 commu-

1939 1568 2073 1625 nico
2116 1568 2324 1625 throno
2353 1567 3002 1639 Constantinopolitano.
3046 1568 3446 1626 Verumtamen
3475 1570 3590 1626 etsi

1936 1656 2184 1713 aliorum
2204 1660 2355 1714 esset
2373 1655 2459 1713 fas
2473 1657 2842 1727 percontandi
2863 1671 2976 1729 qua
2996 1672 3099 1729 pro
3117 1671 3310 1729 causa,
3339 1662 3590 1714 vestrum

1856 1732 1911 1794 Β
1937 1759 2049 1803 non
2075 1751 2227 1804 esset
2245 1747 2345 1818 qui
2379 1761 2466 1803 me
2485 1761 2716 1805 causam
2746 1748 2964 1806 certius
2980 1749 3180 1806 nostis.

2004 1836 2180 1892 Scitis
2206 1836 2486 1893 novitates
2507 1851 2633 1907 quae
2671 1835 2832 1894 facta:
2866 1841 3003 1894 sunt
3026 1851 3059 1894 a
3083 1842 3242 1895 sexta
3272 1838 3593 1895 indictione

1934 1926 2211 1983 transacti
2235 1926 2467 1996 circuli,
2496 1926 2776 1996 incceptas
2803 1926 2875 1982 ab
2894 1927 3239 1984 Alexandria
3265 1942 3365 1999 per
3394 1940 3587 1985 novem

1931 2014 2195 2084 Capitula
2211 2028 2243 2069 a
2272 2014 2416 2085 Cyro
2442 2014 2566 2085 qui,
2600 2015 2793 2071 nescio
2810 2029 2924 2086 quo
2944 2019 3129 2087 pacto,
3159 2015 3283 2071 illis
3302 2014 3491 2073 factus
3504 2019 3592 2072 est

1933 2102 2164 2174 praesul,
2198 2116 2325 2173 qua;
2376 2102 2645 2159 videlicet
2676 2101 2896 2159 iirmata
2944 2107 3079 2160 sunt
3106 2116 3140 2159 a
3182 2103 3390 2159 throno
3434 2104 3592 2161 Con-

1932 2191 2488 2263 stantinopolitano;
2551 2203 2770 2248 necnon
2815 2196 2875 2248 et
2932 2192 3080 2248 alias
3132 2192 3583 2264 immutationes,

1932 2281 2371 2351 additionesque
2399 2294 2466 2336 ac
2501 2279 2943 2351 diminutiones,
2984 2294 3113 2351 quae
3154 2277 3316 2336 factae
3359 2281 3587 2338 suntin

1931 2369 2181 2426 concilio
2205 2368 2478 2440 aSergio,
2532 2368 2769 2440 Pyrrho,
2812 2381 2880 2426 ac
2927 2369 3120 2436 Paulo,
3169 2369 3269 2441 qui
3316 2368 3588 2426 Ecclesia;

1930 2456 2187 2528 Byzantii
2225 2455 2615 2526 praefuerunt:
2642 2470 2785 2529 quas
2811 2456 3083 2514 videlicet
3105 2469 3281 2514 novas
3301 2456 3589 2514 adiuven—

1933 2547 2119 2602 tiones
2156 2559 2279 2602 esse
2318 2545 2511 2602 omnis
2554 2550 2749 2603 noster
2796 2543 2958 2602 orbis
3003 2545 3281 2619 agnoscit.
3324 2546 3437 2603 Hac
3483 2560 3587 2617 pro

1931 2650 2103 2693 causa
2135 2650 2245 2693 non
2284 2636 2645 2693 communico
2691 2648 2795 2707 ego
2846 2648 3046 2692 servus
3089 2639 3274 2692 vester
3317 2635 3585 2692 Ecclesia:

1929 2723 2598 2794 Constantinopolitanae.
2682 2721 2982 2779 Tollantur
3054 2721 3398 2780 oil‘endicula
3456 2736 3586 2793 quae

1932 2812 2118 2885 posita
2140 2817 2279 2870 sunt
2300 2827 2333 2869 a
2364 2812 2657 2883 praedictis
2679 2811 2846 2882 viris,
2869 2825 2998 2869 cum
3040 2811 3257 2868 eisdem
3297 2810 3444 2884 ipsis
3480 2811 3584 2882 qui

1929 2908 2248 2976 posuerunt
2272 2903 2410 2974 haec,
2437 2902 2911 2973 quemadmodum
2936 2901 3090 2958 dixit
3112 2902 3265 2958 Deus
3291 2919 3306 2956 :
3334 2902 3405 2956 Et
3436 2901 3591 2972 lapi—

1930 2994 2196 3049 desavia
2216 2993 2623 3063 projicite(Jer.
2668 3005 2720 3053 ι,
2752 2990 2859 3063 26),
2913 2996 2972 3047 et
3016 2991 3243 3062 planam
3290 2995 3349 3048 et
3391 2990 3586 3050 detri—

1850 3057 1901 3121 α
1930 3087 2064 3153 tam,
2088 3057 2260 3153 atqu-e
2285 3057 2358 3139 ob
2386 3057 2542 3138 omni
2569 3057 3121 3151 spinosze'ha'reseos
3149 3080 3428 3150 pravitate
3448 3079 3587 3136 libe-

1929 3185 2049 3228 ram
2087 3172 2237 3228 viam
2280 3170 2571 3242 Evangelii
2611 3169 2951 3242 gradiantur
2978 3188 2991 3224 :
3016 3174 3074 3224 et
3120 3176 3240 3225 tum
3286 3168 3585 3225 inveniens

1928 3261 2404 3333 quemadmodum
2448 3263 2591 3324 erat,
2644 3258 2844 3315 incedo
2890 3262 2948 3314 et
2994 3258 3117 3329 ipse
3152 3257 3372 3329 absque
3420 3258 3581 3313 omni

1928 3350 2160 3406 hortatu
2205 3349 2469 3405 humano.
2514 3349 2702 3404 Donec
2743 3351 2932 3403 autem
2990 3360 3163 3416 super
3212 3344 3582 3401 olfendiculis

1928 3438 2157 3509 positis,
2178 3442 2235 3493 et
2261 3438 2354 3492 his
2375 3435 2474 3507 qui
2499 3438 2816 3507 posuerunt
2837 3447 2902 3490 ea
2932 3433 3258 3507 gloriantur
3305 3431 3580 3502 praesules

1926 3524 2569 3596 Constantinopolitani,
2611 3521 2808 3580 nullus
2854 3536 3038 3580 sermo
3084 3522 3171 3578 vel
3239 3520 3449 3577 modus
3491 3523 3581 3576 est

1928 3617 2029 3688 qui
2063 3615 2208 3672 mihi
2240 3615 2578 3686 persuadeat
2607 3611 2730 3668 illis
2752 3612 3193 3668 communicare.

1997 3706 2202 3760 Tusco.
2229 3702 2504 3774 Nunquid
2551 3700 2763 3758 malum
2789 3699 2930 3771 quid
2969 3699 3327 3770 conﬁtemur,
3361 3704 3428 3756 ut
3480 3710 3581 3755 se-

1929 3807 2130 3867 parare
2156 3799 2209 3849 te
2239 3792 2415 3863 hujus
2441 3791 2523 3847 rei
2550 3803 2721 3846 causa
2767 3789 3069 3872 conveniat
3106 3802 3140 3844 a
3176 3789 3581 3845 communione

1927 3883 2170 3943 nostra?
2222 3885 2372 3939 Max.
2430 3881 2597 3951 Quia,
2650 3891 2822 3935 unam
2878 3877 3268 3949 operationem
3312 3877 3582 3934 docentes

1923 3973 2160 4031 deitatis
2184 3975 2242 4028 et
2266 3968 2648 4027 humanitatis
2670 3968 2771 4023 Dei
2792 3973 2850 4024 et
2883 3967 3198 4023 Salvatoris
3238 3966 3421 4022 nostri
3450 3968 3583 4021 Iesu

1923 4061 2161 4131 Christi,
2209 4057 2569 4116 confunditis
2588 4062 2704 4113 tam
2724 4056 3027 4129 theologia
3056 4067 3226 4126 quam
3276 4055 3585 4125 dispensa-

1924 4150 2105 4208 tionis
2132 4162 2468 4207 sermonem.
2502 4148 2562 4203 Si
2583 4147 2737 4204 enim
2779 4146 3010 4203 credere
3044 4149 3269 4216 Oportet
3290 4144 3581 4202 Patribus,

1925 4241 2027 4314 qui
2049 4243 2335 4309 asserunt,
2363 4251 2609 4310 quorum
2634 4240 2721 4292 est
2774 4235 3033 4307 operatio
3081 4247 3216 4305 una,
3268 4234 3475 4291 horum
3528 4239 3587 4290 et

1926 4330 2253 4388 substantia
2277 4342 2413 4398 una,
2442 4325 2881 4398 quaternitatem
2919 4324 3113 4381 facitis
3151 4327 3402 4379 sanctam
3448 4322 3588 4378 Tri-

1846 4394 1902 4456 D
1930 4422 2166 4478 nitatem
2188 4418 2354 4490 quasi
2390 4394 2691 4489 congenita
2738 4414 2919 4471 Verbo
2956 4412 3104 4469 facta
3148 4425 3318 4469 carne
3345 4411 3534 4482 ipsius
3570 4429 3585 4467 :

1928 4524 2055 4583 quae
2074 4510 2247 4565 etiam
2277 4511 2468 4563 careat
2487 4508 2725 4578 cognata
2744 4504 3063 4573 identitate,
3089 4515 3259 4575 quam
3283 4500 3582 4557 nobiscum

1925 4606 1983 4658 et
2002 4597 2227 4657 cnm'ea
2250 4611 2375 4668 quae
2396 4609 2454 4651 se
2482 4593 2720 4668 peperit,
2750 4592 3094 4650 naturaliter
3119 4590 3305 4648 habet.

1994 4691 2066 4746 Et
2085 4664 2289 4744 rursus
2310 4664 2653 4757 perimentes
2673 4664 3052 4755 operationes,
3075 4686 3133 4738 et
3158 4694 3334 4737 uuam
3367 4681 3587 4738 volun-

1927 4783 2097 4835 tatem
2128 4777 2513 4832 asseverantes
2559 4771 2797 4828 deitatis
2846 4771 3034 4842 ipsius
3070 4776 3128 4827 et
3179 4770 3587 4843 humanitatis,

1925 4863 2190 4923 adimitis
2226 4864 2352 4933 ejus
2375 4860 2655 4917 bonorum
2682 4860 3177 4916 distributionem.
3206 4859 3264 4915 Si
3288 4860 3441 4916 enim
3465 4860 3591 4916 nul-

1927 4956 2040 5012 lam
2073 4953 2261 5025 habet,
2289 4950 2604 5008 secundum
2632 4948 2767 5006 illos
2797 4950 2898 5020 qui
2927 4949 3035 5005 hoc
3069 4954 3403 5021 sanxerunt,
3443 4962 3589 5021 ope—

1928 5046 2229 5113 rationem,
2264 5041 2630 5112 perspicuum
2660 5044 2748 5095 est
2772 5039 2945 5110 quod,
2971 5038 3106 5094 licet
3154 5038 3314 5111 velit,
3360 5039 3592 5096 misere-

1928 5137 1981 5193 ri
2008 5148 2121 5191 non
2149 5135 2366 5205 possit;
2400 5131 2735 5187 detruncata
2775 5128 3052 5185 nimirum
3091 5129 3219 5200 ejus
3257 5129 3587 5202 Operatione

1928 5226 2235 5294 bonorum,
2268 5220 2364 5277 sed
2390 5221 2672 5277 duntaxat
2694 5218 3026 5290 Operatione
3046 5219 3296 5275 naturali
3331 5220 3581 5287 excepta,

1930 5313 2083 5370 nihil
2105 5325 2303 5369 corum
2333 5322 2457 5382 quae
2483 5313 2621 5365 sunt
2643 5307 2868 5379 operari
2892 5307 2979 5364 vel
2999 5321 3167 5380 agere
3190 5311 3426 5364 constat.

2000 5402 2161 5459 Alias
2180 5405 2369 5457 autem
2411 5402 2467 5455 et
2504 5411 2730 5454 carnem
2778 5395 2972 5454 facitis
3014 5397 3307 5453 voluntate
3353 5393 3582 5466 quidem

1934 5489 2377 5548 concreatricem
2411 5488 2670 5544 omnium
2720 5486 3081 5553 saeculorum,
3126 5488 3184 5539 et
3231 5494 3425 5539 eorum
3456 5491 3583 5548 quae

1936 5584 2075 5637 sunt
2100 5580 2160 5634 in
2187 5578 2291 5649 eis,
2314 5577 2493 5648 Patri,
2524 5581 2580 5632 et
2600 5574 2748 5631 Filio
2767 5588 2832 5629 ac
2848 5571 3092 5643 Spiritui
3124 5575 3355 5635 sancto;
3382 5570 3586 5621 natura
