4018 6160
447 285 545 348 631
1725 291 2083 351 ANASTASII
2117 295 2661 362 BIBLIOTHECARII
3701 316 3789 375 632

514 427 551 504 ἢ
575 426 638 487 τὸ
675 412 1011 508 ἇῆθέστερον
1059 425 1239 497 εἰπεῖν,
1267 421 1486 503 ἄναρχον
1606 417 1828 509 θελήσει,
1863 415 2064 509 ἐπείπερ

2219 438 2343 482 vero
2364 434 2629 501 creatam,
2652 432 2758 506 vel,
2794 437 2859 491 ut
2881 434 3075 492 verius
3098 431 3373 509 dicamus,
3398 447 3503 497 non
3540 439 3789 498 habentem

510 520 559 609 ᾖ.
577 513 687 609 θεία
713 503 1164 609 θέλησιςᾶναρχός
1186 514 1437 609 gemma:
1466 506 1690 609 ἀναρχου
1716 503 1983 609 θεότητοςζ

511 600 567 663 δὲ
593 600 741 686 φύσει
761 590 1108 745 πρόσφατοπξξί
1132 597 1255 680 ὅπερ
1300 607 1469 657 πᾶσαν
1496 600 1590 657 οὐκ
1619 594 1788 654 ἄνοιαν
1823 590 2069 674 ὓπερϐαί-

511 713 585 745 νιι
606 687 780 745 μόνον-
812 686 948 745 ἀλλὰ
992 696 1062 745 κά
1109 686 1361 745 ἀσέϐειαν.
1411 686 1490 745 Οὐ
1536 682 1636 745 γὰο
1676 679 1853 745 λέγετε
1896 681 2069 745 ἁπλῶς

511 713 585 750 νει
605 679 780 769 μόνον,
807 679 948 747 αλλὰ
992 679 1083 747 κάλ
1109 679 1361 747 ἀσέϐειαν.
1411 686 1490 746 Οὐ
1536 682 1636 765 γὰρ
1676 679 1853 760 λέγετε

515 765 669 859 μόνον
689 776 742 838 ἓν
768 774 989 855 θέλημα,
1022 774 1157 835 ἀλλὰ
1178 776 1266 835 καὶ
1291 780 1443 834 τῶτο
1466 772 1652 840 θεῖκὸν,
1679 770 1815 859 θείας
1844 765 1898 859 ᾷὲ
1923 766 2069 859 θελή-

514 853 647 933 σεως
676 866 835 932 οὐδεὶς
865 853 1074 924 δῦναται
1088 861 1254 945 ἀρχὴν
1274 865 1538 945 ἐπινοῆσαι
1556 855 1818 943 χρονικὴν,
1840 853 2062 945 ἢτέλος,

468 1040 475 1050 ⁸
513 951 687 1102 algam-6
732 951 864 1034 μηδὲ
905 958 998 1027 τῆς
1044 941 1192 1019 θείοις
1221 954 1442 1035 φύσεως,
1473 942 1533 1025 ἧς
1576 941 1712 1011 ἐστιν
1756 941 2002 1016 οὖσιώδης
2028 945 2064 1015 ἡ

601 1067 741 1102 ησις.

601 1067 717 1117 ησις
728 1087 741 1103 .

588 1206 764 1273 Πάλιν
790 1208 846 1272 δὲ
871 1209 1045 1295 ἑτέραν
1073 1211 1357 1291 εἰσάγοντες
1386 1204 1739 1295 καινοτομίαν,
1777 1205 2069 1295 ἀφαιρεῖσθε

513 1299 808 1360 παντάπασι
857 1289 1027 1360 πάντα
1059 1298 1126 1360 τὰ
1168 1289 1475 1382 γνωριστικὰ
1520 1296 1610 1355 καὶ
1653 1289 1951 1382 συστατικὰ.
1973 1294 2067 1364 τῆς

513 1386 753 1460 θεότητος
794 1388 1003 1461 καὶτῆς
1031 1376 1419 1471 ἀνθρώπότητος
1462 1390 1556 1444 τοῦ
1602 1376 2068 1471 Χριστοῦηνόμοις

513 1477 601 1537 καὶ
624 1475 802 1546 τύποις
830 1469 1146 1547 θεσπίζοντες
1190 1477 1321 1554 μήτε
1350 1474 1489 1554 μίαν,
1524 1472 1655 1551 μήτε
1682 1473 1772 1528 δύο
1799 1469 1879 1528 ἐπ’
1910 1471 2068 1527 αὐτοῦ

513 1563 802 1638 θελήσειςῆ
829 1565 1077 1647 ἐνεργείας
1121 1563 1393 1643 λέγεσθαι·
1446 1559 1571 1641 ὅπέρ
1606 1562 1726 1647 ,ἐστι
1769 1555 2067 1647 πρᾴγματος

514 1652 859 1735 ἀνυπάρκτου.
892 1642 1053 1715 Οὐδὲν
1080 1642 1316 1733 γὰρίτῶν
1344 1650 1524 1722 ὄντων,
1565 1646 1667 1706 εἴτε
1705 1642 1879 1735 νοερόν
1908 1647 2065 1735 ἐστιν,

517 1731 771 1823 ἆφήρηται
790 1744 1056 1814 θελητικῆς
1073 1731 1331 1818 δυνάμεως
1348 1738 1439 1797 καὶ
1466 1735 1735 1818 ἐνεργείας,
1748 1731 1867 1823 ,εἴτε
1894 1733 2071 1823 αἰσθηξ

515 1820 656 1888 τικὸν
680 1833 973 1902 αἰσθητίκῆς
1000 1828 1270 1912 ἐνεργείας,
1298 1829 1403 1887 εἴτε
1430 1824 1663 1907 φυτικὸν,
1683 1820 2070 1912 αὖξητικῆςικαὶ

514 1921 789 1997 θρεπτικῆς
810 1918 1056 1999 ἐνεργείας
1079 1906 1096 1957 λ
1123 1906 1228 1976 εἴτε
1249 1916 1508 1981 παντελῶς
1537 1913 1757 1993 ἄψυχον,
1788 1910 1876 1999 καί
1899 1906 2069 1999 πάσης

516 1995 729 2086 ἄμοιρον
756 1995 908 2078 ζωῆς,
934 1995 1046 2079 τῆς
1092 2008 1201 2066 καθ’
1246 2004 1340 2074 ἐξιν
1377 2000 1657 2081 λεγομένης
1686 1996 1933 2086 ἐνεργείας
1972 1995 2070 2086 ,καὶ

516 2085 940 2167 ἐπιτηδειότητος.
978 2096 1083 2155 Καὶ
1107 2096 1317 2167 δηλοῦσι
1343 2092 1510 2151 πάντα
1536 2092 1603 2149 τὰ
1625 2087 1786 2153 οὕτως
1816 2085 2071 2158 ὄντα,ξᾶν-

513 2183 739 2256 τιληπτά
777 2184 1098 2265 τυγχάνοντα
1135 2188 1245 2250 ταῖς
1274 2186 1376 2241 τῶν
1412 2181 1715 2251 αἰσθητικῶν
1751 2174 2063 2248 αἰσθήσεσιν.

531 2270 798 2353 Ἐνέργεια
955 2275 1060 2331 τῶν
1106 2275 1374 2339 τοιούτων,
1423 2268 1484 2328 τὸ
1526 2265 1826 2353 ὕποπίπτειν
1864 2261 2068 2353 ποίντως

517 2347 723 2437 ὁράσεσι
756 2347 846 2418 διὰ⁷
864 2347 957 2432 τὴς
997 2360 1125 2425 ἰδίας
1171 2356 1457 2438 ἐπιφανείας
1476 2379 1490 2394 ο
1529 2356 1689 2432 ἀκοῇ,
1717 2349 1807 2438 διὰ,
1828 2347 2065 2438 κτύπουξ

516 2434 787 2526 ὀσφρήσει,
835 2447 898 2505 δι’
931 2449 1098 2524 ἀτμοῦ
1150 2434 1284 2510 τινος
1331 2448 1626 2525 προσφυοῦς
1649 2464 1663 2479 ο
1721 2436 1914 2526 γεύσει,
1945 2434 2069 2526 ,τισὶ

515 2521 705 2609 χυμοῖς
720 2556 735 2573 ο
763 2533 851 2592 καὶ
867 2521 1106 2614 ἀφῇ,δὼ
1130 2538 1223 2604 τῆς
1249 2521 1560 2596 ἀντιτυπίας.
1584 2526 1794 2614 ’Ὠσπερ
1815 2522 1915 2614 γὰρ
1933 2521 2070 2614 ἐνέρ-

514 2639 658 2695 γειαν
691 2611 924 2699 λέγομεν
937 2625 1030 2691 τῆς
1076 2618 1295 2697 ὁράσεως
1341 2617 1402 2676 τὸ
1442 2622 1585 2699 ὁρᾷν,
1637 2613 1795 2679 οὕτως
1840 2611 1937 2699 καὶᾷ
1966 2613 2068 2699 τῶν

515 2705 785 2786 δρωμένων
818 2697 882 2769 τὸ
906 2713 1113 2788 ὁρᾶσθαι
1132 2731 1147 2747 ’
1189 2707 1277 2766 καὶ
1319 2703 1385 2765 τὰ
1426 2697 1584 2764 λοιπὰ
1626 2702 1794 2762 πάντα
1824 2697 1958 2788 κατὰ
1980 2698 2070 2758 τὸν

515 2794 668 2855 αὗτὸν
688 2786 972 2878 θεωροῦμεν
997 2793 1244 2875 γενόμενα
1267 2792 1476 2875 τρόπον.
1510 2794 1577 2851 Εἰ
1610 2790 1775 2851 τοίνυν
1804 2786 1945 2850 οὐδὲν
1965 2791 2070 2878 τῶν

514 2882 673 2943 ὄντων
700 2875 809 2945 ἐστὶ
834 2875 1006 2958 πάσης
1032 2883 1229 2966 ἔρημον
1253 2883 1514 2947 παντελῶς
1548 2883 1765 2962 φυσικῆς
1794 2875 2065 2966 ἐνεργείας,

515 2975 545 3030 ὃ
570 2969 626 3031 δέ
653 2974 845 3053 Κύριος
870 2976 1021 3050 ἡμῶν
1049 2962 1139 3031 καὶ
1163 2970 1322 3043 Θεὸς,
1354 2967 1587 3040 ἰλᾶσθητι
1617 2968 1797 3048 Κύριε,
1828 2962 2068 3053 οὖδεμίαν

582 3083 627 3133 ει
650 3050 866 3143 φυσικὴν
890 3059 1093 3143 θέλησιν
1116 3058 1152 3132 ἢ
1180 3057 1423 3140 ἐνέργειον
1444 3057 1556 3115 καθ’
1603 3054 1841 3143 ἑκάτερον
1877 3056 1983 3143 τῶν
2136 3080 2185 3139 C

591 3130 674 3218 ,ἐν
698 3139 784 3216 οἷς
821 3130 1023 3219 τε,’καί
1068 3130 1200 3227 ἆπέρ
1243 3130 1373 3221 ἐστι,
1423 3147 1532 3209 πῶς
1577 3130 1992 3212 δύνασθεῆεἶναι
2033 3138 2068 3213 ἢ

513 3240 776 3298 καλεῖσθαι
815 3238 1088 3315 θεοσεϐεῖς,
1132 3238 1247 3297 κατ’
1291 3233 1470 3296 οὐδένα
1522 3231 1717 3315 τρόπον
1766 3228 2069 3312 ὑπάρχοντα

512 3324 777 3399 θελητικὸν
806 3325 842 3398 ἢ
889 3326 1228 3408 ἐνεργητικὸν,
1273 3325 1394 3405 παρ’
1439 3325 1585 3401 θμῶν
1623 3322 2068 3408 προσκυνούμενον

512 3411 771 3493 “reme;
799 3405 1013 3495 Tpavizic
1030 3412 1129 3496 γὰρ
1153 3412 1253 3473 δπδ
1276 3416 1381 3472 τῶν
1397 3410 1553 3489 ἁγίων
1572 3406 1818 3496 Πατέρων
1837 3405 2069 3496 aedos...

510 3490 665 3579 μεθα,
992 3527 1008 3544 ο
1133 3499 1230 3581 γὰρ
1257 3498 1512 3580 μηδεμίαν
1537 3497 1748 3574 δύναμιν
1775 3490 2069 3583 ἔχον,,οὗτέ

513 3592 671 3671 ἐστιν,
717 3581 836 3661 οὔτε
873 3592 924 3651 τί
969 3593 1125 3662 ἐστιν,
1173 3586 1289 3649 οὔτε
1336 3584 1447 3647 ἐστί
1486 3606 1564 3651 τις
1593 3585 1754 3643 αὐτοῦ
1801 3581 2065 3645 παντελῶς

509 3677 673 3747 θέσις.

589 3846 822 3909 ΘΕΟΔ.
850 3846 932 3906 Τὸ
959 3847 1022 3905 δι’
1052 3842 1345 3922 οἰκονομίαν
1371 3838 1665 3921 γενόμενον,
1695 3838 1769 3919 μὴ
1794 3837 1957 3920 λάϐῃς
1993 3841 2064 3906 ὣς

509 3938 685 4018 κύριον
708 3931 1089 4012 δόγμα.ΜΑΞ.
1106 3934 1174 3993 Εἰ
1196 3931 1269 4009 μή
1289 3932 1594 4018 ἐστιλκύριον
1799 3930 1902 4018 τῶν
1920 3928 2065 4007 δεχο-

511 4013 703 4101 μένων,
725 4026 756 4082 6
780 4020 1028 4090 θεσπίζων
1050 4023 1215 4085 τύπος
1241 4018 1331 4079 καὶ
1354 4016 1514 4101 νόμος
1538 4016 1792 4097 μηδεμίαν
1828 4013 2066 4094 λέγεσθαι

507 4096 604 4170 τοῦ
647 4096 844 4192 Κυρίου
886 4106 1090 4182 θέλησιν
1115 4106 1151 4180 ἢ
1179 4096 1457 4188 ἐνέργειαν,
1486 4096 1557 4165 ὧν
1593 4110 1628 4178 ἡ
1671 4106 1929 4192 ἀφαίρεσις
1969 4101 2065 4192 τὴν

508 4191 815 4282 ἄνυπαρξίαν
858 4197 1008 4270 δηλοῖ
1045 4203 1142 4256 τοῦ
1186 4199 1374 4262 ταύτας
1415 4192 1765 4282 ἀφηρημένου,
1810 4191 1892 4282 διὰ
1914 4191 2064 4282 ποίαν

506 4279 693 4348 αἰτίαν
719 4284 990 4360 βαρϐάροις
1034 4284 1194 4345 ἔθνεσι
1233 4284 1320 4344 καὶ
1366 4282 1530 4351 ἀθέοις
1577 4280 1829 4342 ἀπέδοσθε
1855 4304 1921 4360 με
1946 4279 2064 4340 ἄνευ

505 4381 695 4455 τιμῆς,
715 4370 817 4436 Διὸ
838 4374 991 4436 ποίαν
1015 4373 1179 4434 αἰτίαν
1204 4370 1504 4451 κατεκρίθην
1523 4372 1729 4442 οἰκῆσαι
1753 4371 1960 4442 Βιζύην,
1978 4372 2066 4433 καὶ

506 4454 848 4526 οἱίσωδοῖῖλοί
891 4487 1014 4543 μου,
1044 4467 1074 4522 6
1103 4458 1195 4540 μὲν
1239 4457 1515 4540 Πέρϐεριν,
1545 4462 1573 4519 6
1600 4454 1655 4516 δὲ
1692 4457 2060 4541 Μεσεμϐρίαν,

506 4554 727 4614 ΘΕΟΔ.
768 4550 863 4612 Μὰ
888 4550 976 4611 τὸν
1005 4550 1143 4612 Θεὸν
1183 4546 1439 4627 μέλλοντά
1484 4570 1550 4625 με
1595 4546 1803 4607 ἐτάσαιο
1834 4548 1945 4608 Καὶ
1978 4545 2064 4608 ὅτε

504 4642 736 4722 γέγονεν,
758 4632 920 4712 εἶπον,
953 4639 1046 4700 καὶ
1069 4645 1155 4698 ὧν
1171 4636 1235 4697 τὸ
1252 4635 1377 4697 αὐτὸ
1392 4634 1555 4722 λέγω,
1568 4631 1649 4696 δ’τι
1667 4640 1839 4704 κακῶς
1861 4635 2065 4717 γέγονεν

505 4734 534 4790 6
551 4721 734 4800 τύπος,
762 4729 852 4787 καὶ
878 4728 962 4788 ἐπὶ
1183 4726 1415 4784 πολλῶν.
1444 4721 1704 4806 Ηρόφασις
1732 4722 1787 4784 δὲ
1809 4723 1987 4804 γέγονε
2003 4724 2064 4785 τὸ

504 4821 764 4890 ἐκτεθῆναι
803 4814 978 4892 αὐτὸν,
1006 4818 1042 4886 ἡ
1072 4812 1196 4893 πρὸς
1224 4811 1479 4885 ἀλλήλους
1515 4816 1617 4872 τῶν
1653 4811 1925 4894 ὀρθοδᾶων
1948 4808 2067 4895 περὶ

503 4904 804 4984 θελημοίτων
831 4904 920 4964 καὶ
957 4906 1218 4985 ἐνεργειῶν
1245 4901 1550 4982 ζυγομαχία.
1588 4902 1698 4963 Καὶ
1740 4900 1822 4962 διὰ
1852 4902 1915 4963 τὸ
1938 4902 2065 4986 πρὸς

501 4997 761 5069 ἀλλήλους
785 4999 1067 5077 εἰρηνέῦσαι
1086 4994 1301 5066 πάντας,
1326 4991 1546 5054 συνεῖδόν
1563 5017 1691 5061 τινες
1712 4992 1803 5062 τὰς
1823 5000 2064 5062 τοιαύτας

501 5089 937 5164 κατασιγασθῆναι
973 5082 1162 5168 φωνάς.
1196 5082 1381 5143 MAI-5.
1406 5080 1516 5141 Καὶ
1537 5087 1684 5168 ποῖος
1708 5082 1887 5150 πιστὸς
1911 5082 2063 5164 δέχε-

501 5197 588 5234 ται
606 5172 895 5250 οἰκονομίαν
933 5167 1379 5250 κατασιγάζουσαν
1419 5167 1610 5251 φωνὰς,
1640 5170 1770 5252 ἅπερ
1795 5174 2062 5232 λαλεῖσθαι

501 5262 563 5319 δι’
591 5257 896 5319 ἀποστόλων
943 5260 1030 5319 καὶ
1071 5262 1346 5341 προφητῶν
1388 5259 1476 5318 καὶ
1523 5258 1842 5319 διδασκάλων
1881 5264 1909 5317 ὅ
1959 5263 2060 5320 τῶν

502 5347 636 5408 ὅλων
656 5347 790 5413 Θεὸς
810 5346 1143 5427 ᾠκονόμηση
1178 5347 1283 5409 Καὶ
1300 5346 1667 5425 σκοπήσωμεν,
1688 5354 1807 5430 κ’ὗρι
1825 5352 1853 5407 6
1872 5345 2056 5426 μέγας,

500 5438 572 5505 εἰς
602 5439 748 5495 ποῖον
775 5434 932 5495 κακὸν
972 5444 1203 5521 καταντᾷ
1246 5435 1643 5519 ψηλαφούμενον
1686 5435 1749 5500 τὸ
1786 5434 2060 5521 κεφαλαιον

533 5648 565 5681 α
585 5618 817 5689 Dionys.
841 5616 911 5672 de
938 5615 1055 5672 div.
1089 5615 1250 5673 Nom.

2214 514 2448 573 initium
2481 521 2792 595 voluntate,
2820 525 2872 580 si
2897 524 3093 582 divina
3118 525 3375 583 voluntas
3397 528 3513 584 sine
3537 529 3690 588 initio
3707 537 3791 603 est,

2214 610 2408 674 utpote
2434 624 2559 678 qum
2583 611 2660 666 sit
2690 612 2922 669 deitatis
2946 615 3071 671 sine
3095 615 3265 671 initio
3288 616 3588 688 existentis,
3626 623 3793 675 natura

2214 708 2343 752 vero
2375 711 2593 755 recens.
2627 702 2784 770 Quod
2815 717 2925 760 non
2948 700 3132 761 solum
3167 718 3380 761 omnem
3429 720 3638 762 sensum
3657 721 3797 763 exce-

2211 783 2319 853 dit,
2344 788 2437 842 sed
2461 794 2515 845 et
2538 804 2754 846 omnem
2780 792 3143 863 impietatem.
3168 794 3288 849 Non
3304 794 3450 850 enim
3470 795 3652 850 dicitis
3669 794 3800 851 abso-

2214 877 2333 934 lute
2357 882 2576 936 tantum
2608 895 2775 937 unam
2800 882 3168 953 voluntatem,
3193 882 3285 939 sed
3308 887 3362 939 et
3383 882 3540 939 istam
3561 883 3793 939 divinam.

2211 968 2430 1024 Divinas
2456 984 2585 1027 vero
2610 971 2925 1029 voluntatis
2954 986 3116 1030 nemo
3142 976 3323 1043 potest
3355 972 3574 1028 initium
3604 974 3800 1045 excogi-

2213 1062 2333 1114 tare
2370 1060 2696 1130 temporale,
2733 1062 2817 1117 vel
2861 1061 3027 1118 ﬁnem
3061 1080 3075 1133 ;
3104 1076 3229 1118 nam
3254 1074 3354 1118 nec
3371 1060 3571 1117 divinae
3597 1065 3795 1130 naturae,

2212 1148 2379 1218 cujus
2409 1153 2495 1204 est
2524 1149 2925 1208 substantialis
2954 1152 3236 1208 voluntas.

2284 1237 2507 1294 Rursus
2527 1244 2715 1295 autem
2745 1240 2915 1295 aliam
2942 1241 3368 1297 introducentes
3405 1238 3685 1295 novitatem
3707 1238 3801 1293 adi-

2214 1325 2376 1381 mitis
2400 1327 2747 1384 omnimodis
2771 1329 2962 1385 omnia
2987 1327 3373 1400 signiﬁcantia
3389 1332 3444 1382 et
3462 1326 3803 1383 commendan-

2214 1414 2293 1469 tia
2332 1415 2691 1472 divinitatem
2721 1422 2777 1472 et
2808 1418 3218 1474 humanitatem
3254 1416 3488 1487 Christi,
3533 1414 3729 1486 legibus
3759 1419 3803 1470 et

2216 1505 2365 1576 typis
2395 1507 2715 1562 sancientes
2760 1521 2941 1578 neque
2971 1521 3140 1564 unam
3168 1520 3350 1578 neque
3386 1506 3526 1561 duas
3565 1504 3618 1559 in
3640 1517 3696 1559 eo
3723 1517 3806 1559 vo-

2215 1594 2462 1651 luntates
2492 1600 2592 1651 aut
2620 1597 2979 1664 operationes
3010 1596 3284 1651 dicendas
3313 1614 3325 1650 :
3360 1593 3504 1665 quod
3531 1593 3606 1649 rei
3639 1597 3713 1647 est
3731 1605 3807 1646 es-

2214 1685 2455 1741 sentiam
2484 1700 2595 1741 non
2629 1686 2914 1741 habentis.
2942 1686 3101 1741 Nihil
3129 1685 3283 1741 enim
3327 1699 3514 1740 eorum
3545 1696 3656 1753 quae
3681 1686 3804 1740 sunt.

2215 1774 2264 1830 si
2320 1774 2707 1831 intellectuale
2753 1779 2859 1843 est,
2923 1775 3185 1845 privatur
3207 1775 3551 1831 voluntatem
3606 1770 3805 1826 habente

2214 1865 2426 1920 virtute
2466 1879 2529 1921 ac
2563 1865 2929 1935 operatione;
2962 1866 3013 1921 si
3042 1864 3326 1936 sensuale,
3348 1862 3612 1920 sentiente
3642 1871 3808 1928 opera-

2217 1956 2391 2026 tione,
2425 1955 2475 2010 si
2515 1955 2844 2026 germinale,
2873 1961 3158 2011 crescente
3183 1968 3250 2009 ac
3291 1954 3469 2009 alente
3495 1949 3805 2021 operatione;

2216 2045 2266 2100 si
2302 2045 2530 2115 penitus
2570 2043 2881 2100 inanimale
2914 2049 3020 2114 est,
3045 2048 3101 2099 et
3130 2057 3192 2099 ea
3221 2057 3349 2113 quae
3369 2057 3434 2098 ex
3469 2052 3611 2095 more
3632 2036 3810 2092 dicitur

2216 2134 2331 2189 vita
2367 2139 2541 2205 caret,
2582 2134 2913 2204 operatione
2941 2147 3006 2189 ac
3031 2132 3481 2203 opportunitate.
3507 2129 3575 2183 Et
3596 2125 3810 2183 indicant

2217 2224 2409 2279 omnia
2428 2237 2552 2293 qum
2573 2223 2657 2278 sic
2680 2227 2814 2279 sunt
2834 2223 3176 2293 opitulativa
3197 2220 3470 2278 sensibus
3486 2214 3809 2275 sensualinm:

2219 2313 2472 2383 operatio
2489 2312 2640 2368 enim
2664 2313 2867 2369 talium
2886 2316 2989 2382 est,
3024 2312 3235 2382 subjici
3265 2312 3475 2383 utique
3490 2306 3627 2364 visui
3651 2317 3733 2373 per
3748 2314 3819 2369 ap;

2219 2401 2559 2471 paritionem
2602 2416 2807 2473 suam;
2848 2403 3101 2473 auditui,
3150 2416 3248 2474 per
3278 2414 3532 2469 sonum;
3576 2388 3815 2455 odoratui,

2218 2506 2317 2562 per
2372 2492 2707 2547 odoratione
2765 2492 3067 2562 quamdam
3120 2489 3582 2563 amplexibilem;
3640 2481 3816 2558 gustui:

2219 2597 2318 2652 per
2347 2583 2619 2652 quosdam
2654 2582 2959 2651 humores;
2993 2586 3047 2636 et
3097 2581 3313 2652 tactui,
3347 2595 3442 2652 per
3479 2578 3818 2646 rcciproquam

2219 2669 2670 2740 impressionem.
2705 2669 2865 2725 Sicut
2906 2670 3059 2725 enim
3097 2670 3493 2740 operationem
3522 2667 3667 2722 visus
3695 2659 3824 2717 dici-

2219 2773 2346 2815 mus
2376 2759 2589 2831 videre,
2632 2759 2712 2814 ita
2736 2763 2792 2814 et
2826 2760 3078 2816 visorum
3108 2760 3290 2815 videri
3317 2803 3330 2830 ,
3363 2765 3418 2815 et
3457 2761 3643 2815 caetera
3669 2749 3821 2809 omnia

2218 2849 2531 2906 secundum
2548 2850 2804 2905 eumdem
2837 2850 3154 2921 aspicimus
3180 2849 3319 2905 ﬁeri
3350 2844 3657 2906 modum.Si
3678 2840 3822 2914 igitur

2218 2938 2369 2994 nihil
2399 2952 2595 2994 eorum
2627 2953 2754 3010 qua:
2783 2942 2938 3009 sunt,
2976 2943 3062 2995 est
3094 2939 3249 2995 omni
3283 2938 3525 3009 penitus
3547 2932 3822 3005 operatione

2217 3027 2579 3097 destitutum,
2620 3027 3010 3099 Dominusque
3053 3031 3247 3083 noster
3277 3030 3349 3083 et
3389 3029 3533 3082 Deus
3567 3017 3823 3094 (propitius

2218 3121 2358 3187 esto,
2391 3116 2629 3172 Domine
2653 3115 2686 3188 l)
2720 3115 2937 3171 nullam
2970 3114 3139 3171 habet
3170 3115 3499 3171 naturalem
3528 3110 3821 3168 voluntatem

2218 3206 2304 3262 vel
2335 3206 2720 3279 operationem
2754 3206 2812 3262 in
2854 3205 3137 3276 utrisque,
3175 3219 3243 3260 ex
3284 3204 3529 3277 quibus,
3564 3207 3614 3256 et
3640 3199 3690 3254 in
3715 3193 3823 3266 qui—

2219 3295 2329 3353 bus
2357 3300 2412 3351 et
2443 3310 2567 3366 qum
2592 3300 2677 3351 est
2710 3294 2991 3366 quomodo
3023 3293 3355 3364 poterimus
3375 3298 3473 3350 aut
3495 3304 3611 3348 esse
3635 3293 3721 3344 aut
3743 3296 3824 3339 vo-

2220 3386 2339 3441 cari
2366 3385 2466 3441 Dei
2493 3385 2765 3455 cultores,
2787 3384 3098 3440 secundum
3122 3382 3360 3440 nullum
3386 3382 3603 3439 modum
3627 3376 3826 3435 existere

2220 3489 2351 3530 cum
2381 3474 2670 3530 voluntate
2691 3474 2775 3530 vel
2798 3473 3130 3542 operatione
3158 3473 3445 3543 dicentes,
3478 3470 3571 3543 qui
3600 3467 3832 3524 aduratur

2220 3576 2253 3618 a
2272 3563 2453 3633 vobis,
2477 3565 2652 3619 Deum
2678 3560 2707 3616 ?
2734 3563 3010 3632 Expresse
3040 3574 3286 3631 namque
3312 3576 3346 3617 a
3373 3560 3584 3617 sanctis
3604 3551 3824 3612 Patribus

2218 3649 2544 3719 edocemur,
2577 3662 2707 3704 cum
2735 3649 2940 3705 dicunt
2971 3668 2983 3704 :
3011 3664 3034 3692 ι
3061 3646 3219 3716 Quod
3253 3649 3412 3706 enim
3444 3647 3651 3704 nullam
3684 3641 3830 3697 virtu-

2218 3741 2329 3793 tem
2363 3737 2550 3808 habet,
2600 3751 2781 3808 neque
2817 3743 2922 3805 est,
2974 3750 3155 3808 neque
3182 3736 3413 3811 aliquid
3444 3741 3546 3808 est,
3577 3743 3739 3803 neque
3760 3728 3826 3782 est

2219 3826 2436 3900 quaevis
2464 3827 2590 3896 ejus
2618 3827 2854 3882 omnino
2881 3827 3113 3897 positio.

2287 3918 2491 3972 Tnson.
2538 3916 2697 3986 Quod
2732 3914 2943 3973 factum
2995 3922 3081 3973 est
3121 3930 3219 3986 per
3256 3915 3730 3993 dispensationem
3775 3918 3828 3963 ne

2219 4006 2472 4078 accipias
2502 4012 2566 4062 ut
2600 4010 2785 4083 ratum
2817 4007 3039 4078 dogma.
3090 4008 3239 4062 Max.
3292 4008 3355 4065 Si
3404 4020 3516 4063 non
3558 4007 3639 4061 est.
3674 4002 3828 4058 ratum

2219 4110 2413 4154 earum
2439 4096 2643 4168 dogma
2671 4095 2769 4166 qui
2803 4095 2957 4151 hunc
2981 4094 3291 4166 recipiunt,
3325 4097 3518 4167 Typus
3560 4092 3652 4165 qui
3681 4084 3832 4145 sancit

2218 4193 2275 4242 et
2305 4185 2393 4241 lex
2423 4184 2639 4241 nullam
2670 4182 2970 4240 dicendam
2999 4183 3227 4239 Domini
3254 4184 3605 4243 voluntatem
3633 4178 3711 4235 vel
3733 4187 3834 4246 ope-

2219 4273 2520 4344 rationem,
2572 4285 2811 4343 quarum
2859 4262 3222 4329 detruncatio
3246 4271 3616 4333 existentiam
3649 4264 3833 4324 indicat

2218 4365 2364 4433 ejus.
2398 4362 2498 4433 qui
2523 4361 2700 4418 fuerit
2722 4361 2815 4416 his
2843 4360 3138 4431 privatus;
3165 4376 3277 4432 qua
3312 4376 3420 4433 pro
3463 4372 3633 4418 causa
3659 4352 3835 4412 barba-

2133 4441 2189 4503 D
2222 4450 2361 4507 ricis
2382 4455 2437 4506 et
2465 4450 2589 4506 sine
2616 4451 2728 4504 Deo
2749 4448 3015 4521 gentibus
3045 4462 3133 4504 me
3155 4449 3377 4523 absque
3402 4451 3617 4508 honore
3636 4438 3837 4502 tradidi-

2217 4540 2374 4598 stis?
2396 4540 2515 4609 Qua
2557 4551 2656 4608 pro
2691 4551 2860 4593 causa
2890 4538 3195 4602 damnatus
3229 4554 3359 4595 sum
3391 4541 3462 4596 ad
3499 4530 3832 4593 habitandum

2217 4630 2404 4692 Bizen,
2451 4632 2505 4683 et
2531 4639 2934 4684 conservorum
2967 4640 3219 4684 meorum
3265 4628 3419 4684 alter
3464 4627 3688 4698 quidem
3724 4621 3838 4675 Per—

2218 4717 2419 4787 berim,
2465 4714 2610 4771 alter
2648 4728 2779 4770 vero
2818 4714 3211 4771 Mesembriam
3239 4716 3270 4770 ‘2
3306 4716 3517 4771 Tnsoo.
3565 4714 3667 4768 Per
3689 4710 3833 4764 Deum

2219 4805 2318 4877 qui
2362 4818 2448 4860 me
2473 4804 2844 4875 judicaturus
2873 4807 2957 4859 est
2986 4802 2996 4856 l
3031 4809 3086 4860 et
3113 4805 3342 4875 quando
3381 4803 3576 4860 factus
3614 4804 3711 4867 est,
3735 4790 3835 4851 dixi

2217 4897 2275 4949 et
2313 4906 2465 4949 nunc
2503 4892 2755 4962 idipsum
2800 4892 2955 4958 dico,
2997 4891 3133 4961 quia
3177 4892 3322 4947 male
3358 4896 3418 4947 et
3464 4890 3533 4945 ad
3586 4886 3836 4944 laesionem

2218 4983 2531 5040 multorum
2559 4980 2743 5037 factus
2764 4987 2849 5037 est
2872 4982 3080 5052 Typus.
3114 4982 3320 5038 Verum
3353 4979 3589 5041 occasio
3613 4975 3748 5033 facta
3774 4970 3842 5026 est

2221 5078 2282 5129 ut
2306 5074 2682 5141 exponeretur
2701 5069 2916 5125 alterna
2951 5069 3026 5124 lis
3059 5070 3515 5126 orthodoxorum
3548 5078 3716 5136 super
3740 5070 3844 5128 ope-

2219 5160 2542 5217 rationibus
2554 5165 2611 5214 et
2630 5158 3026 5215 voluntatibus
3041 5158 3445 5215 altercantium
3470 5162 3575 5218 :et.
3595 5159 3659 5214 ut
3678 5160 3843 5210 omnes

2220 5262 2354 5320 pace
2384 5252 2580 5303 mutua
2606 5245 2954 5319 fruerentur,
2977 5248 3493 5304 consideraverunt
3516 5244 3741 5316 quidam
3761 5237 3845 5292 hue

2213 5336 2467 5409 jusmodi
2514 5349 2678 5392 voces
2727 5336 2961 5392 silentio
2986 5336 3434 5407 comprimenda.
3474 5336 3625 5390 Max.
3648 5331 3713 5387 Et
3734 5322 3844 5397 quis

2220 5425 2407 5483 fidelis
2437 5424 2685 5496 suscipit
2713 5425 3196 5496 dispensationem
3223 5424 3400 5481 taceri
3437 5421 3731 5479 facientem
3758 5424 3845 5467 v0—

2219 5530 2331 5589 ces,
2398 5513 2696 5587 quas_dici
2752 5527 2850 5584 per
2884 5513 3189 5587 apostolos,
3218 5517 3273 5571 et
3308 5511 3646 5584 prophetas,
3698 5509 3843 5574 εῐίῐυθ
