4018 6160
235 235 339 300 633
945 243 1451 309 COLLECTANEA.
1473 279 1549 295 -—-
1581 252 1838 312 DISPUT.
1881 254 2089 314 INTER
2125 256 2180 313 S.
2223 255 2477 315 MAXIM.
2513 261 2600 317 ET
2635 262 2881 320 THEOD.
3528 261 3640 324 634

286 411 463 464 τοῦτο.
491 407 559 465 Εἰ
584 402 683 488 γὰρ
710 405 844 473 Θεὸς
869 405 1008 467 ἔθετο
1031 410 1082 467 ἐν
1189 407 1493 492 Ἐκκλησία,
1514 411 1718 489 πρῶτον
1747 406 1820 484 μὲ

1998 385 2261 492 doctores
2283 387 2435 444 Deus
2455 389 2711 446 omnium
2732 390 3126 461 dispensavit?
3144 394 3211 449 Et
3236 394 3634 466 inspiciamus,

284 492 627 560 ἀποστόλους.
680 493 906 577 δεύτερον
952 498 1238 580 προφήτας.
1290 498 1457 579 τρίτον
1503 498 1836 564 διδασκάλους

279 581 406 662 πρὸς
434 581 523 641 τὸν
539 582 890 664 καταρτισμὸν
908 587 1011 642 τῶν
1032 583 1189 662 ἁγίων
1208 610 1219 621 ο
1245 585 1480 667 Εἷρηκὼς
1502 589 1551 645 ἐν
1670 588 1838 664 Εὔαγ-

276 668 439 754 γελίῳ
484 675 592 738 τοῖς
638 670 967 749 ἀποστόλοις,
1005 674 1092 734 καὶ
1115 675 1176 732 δι’
1206 679 1395 751 αὐτῶν,
1437 675 1527 735 καὶ
1568 681 1673 741 τοῖς
1720 677 1831 752 μετ’

275 760 466 825 αὐτούς
493 781 508 797 ο
537 758 609 818 (ιδ
630 763 749 835 ὑμῖν
788 758 949 839 λέγω,
994 770 1120 820 πᾶσι
1159 760 1316 840 λέγω.
1334 785 1360 817 υ
1405 765 1509 823 Καὶ
1535 763 1687 820 πάλιν
1705 787 1718 800 ·
1762 786 1784 813 (ι
1806 767 1835 822 6

273 845 554 924 δεχόμενος
579 851 727 925 ὖμᾶς,
776 849 869 926 ἐμὲ
912 847 1136 928 δέχεται,
1169 852 1255 910 καὶ
1282 855 1310 910 6
1338 855 1527 911 ἀθετῶν
1555 857 1709 928 ὑμᾶς,
1743 849 1835 927 ἐμὲ

270 936 463 994 ἀθετεῖ.
487 958 513 990 ιι
547 938 715 1007 Δῆλον
743 934 820 995 ὅτι
842 935 1115 1019 προφανὲς,
1147 938 1202 1004 ὃς
1232 944 1260 999 6
1290 938 1363 1018 μὴ
1410 938 1681 1020 δεχόμενος
1717 938 1834 1006 τοὺς

268 1023 599 1093 ἀποστόλους
627 1025 713 1087 καὶ
737 1026 999 1107 προφήτας
1024 1027 1111 1087 καὶ
1140 1028 1474 1095 διδασκάλους
1500 1022 1616 1086 ἀλλ’
1642 1031 1830 1087 ἀθετῶν

269 1113 447 1172 αὐτῶν
472 1110 564 1179 τὰς
586 1109 778 1198 φωνὰς,
800 1112 1143 1175 αὖτὸιλᾶθετεῖ
1165 1113 1253 1174 τὸν
1278 1114 1520 1201 Χριστόν.

274 1536 281 1544 _
349 1472 461 1532 Καὶ
487 1473 617 1532 ἄλλο
643 1470 697 1532 δὲ
724 1497 1090 1553 σκοπησωμεν.
1111 1475 1178 1533 Ὁ
1196 1473 1330 1540 Θεὸς
1351 1473 1677 1553 ἐκλεξάμενος
1709 1466 1829 1548 ἒξῆ-

262 1559 437 1642 γειρεν
462 1559 783 1629 ἀποστόλους
812 1562 899 1621 καὶ
915 1564 1180 1645 προφήτας
1206 1563 1293 1621 καὶ
1320 1563 1672 1638 διδασκάλους,
1704 1564 1828 1645 πρὸς

261 1649 355 1707 τὸν
386 1649 733 1731 καταρτισμὸν
761 1654 861 1708 τῶν
887 1651 1065 1730 ἁγίων.
1111 1652 1176 1710 Ὁ
1200 1648 1253 1709 δὲ
1279 1649 1535 1721 διάϐολος,
1566 1655 1825 1733 ψευδαπο-

262 1735 490 1805 στόλους
515 1740 605 1798 καὶ
628 1739 1047 1819 ψευδοπροφήτας
1076 1739 1162 1799 καὶ
1186 1738 1676 1821 ψευδοδιδασκάλους
1699 1740 1829 1800 κατὰ

260 1831 357 1896 τῆς
391 1827 648 1893 εὐσεϐείας
679 1826 1006 1905 ἐκλεξάμενος
1038 1828 1306 1910 ἐξήγειρεν,
1335 1824 1472 1886 ὥστε
1498 1829 1585 1886 καὶ
1613 1828 1700 1887 τὸν
1726 1855 1827 1888 παι

257 1913 407 1973 λοιὸν
428 1916 781 1994 πολεμηθῆναι
800 1914 977 1993 νόμον,
1008 1917 1095 1978 καὶ
1120 1916 1207 1976 τὸν
1234 1915 1578 1994 εὖαγγελικόν.
1606 1918 1827 1977 Ψευδα-

256 2001 557 2071 ποστόλους
585 2001 638 2061 δὲ
670 2004 755 2064 καὶ
772 2005 1186 2087 ψευδοπροφήτας
1223 2004 1309 2063 καὶ
1338 2004 1827 2084 ψευδοδιδασκάλους

260 2089 454 2169 μόνους
475 2095 580 2151 νοῶ
598 2090 717 2159 τοὺς
744 2081 1049 2174 αίρετικοῗις,
1080 2081 1164 2174 ὧν
1176 2095 1223 2150 οἳ
1247 2081 1394 2170 λόγοι
1416 2093 1505 2152 καὶ
1520 2096 1567 2151 οἱ
1583 2095 1828 2171 λογισμοὶ

259 2177 660 2260 διεστραμμένοι
689 2170 833 2239 εἰσίν.
866 2176 1077 2261 Ὥσπερ
1105 2170 1191 2238 οὗν
1234 2184 1263 2239 6
1295 2178 1418 2246 τοὺς
1458 2170 1668 2253 ἀληθεῖς
1690 2185 1823 2241 ἀπο-

261 2265 482 2333 στόλους
507 2268 595 2327 καὶ
619 2268 884 2347 προφήτας
912 2267 998 2326 καὶ
1018 2266 1354 2335 διδασκάλους
1378 2267 1672 2348 δεχόμενος,
1691 2269 1827 2329 Θεὸν

255 2352 491 2435 δέχεται.
535 2354 719 2423 Οὕτως
763 2356 850 2415 καὶ
895 2359 924 2414 6
949 2352 1066 2421 τοὺς
1106 2355 1548 2433 ψευδαποστόλους
1585 2359 1672 2418 καὶ
1696 2361 1826 2439 ψευ-

253 2444 588 2526 δοπροφήτας
622 2444 712 2504 καὶ
740 2442 1236 2526 ψευδοδιδασκάλους
1271 2442 1568 2524 δεχόμενος,
1599 2446 1687 2505 τὸν
1713 2447 1820 2506 διά·

253 2530 415 2591 ϐολον
443 2530 664 2613 δέχεται.
716 2533 784 2592 Ὁ
812 2530 979 2591 τοίνυν
1015 2529 1338 2591 συνεκϐαλὼν
1368 2530 1487 2599 τοὺς
1518 2532 1689 2612 ἁγίους
1716 2540 1823 2601 τοῖς

254 2620 469 2701 ὶναγέσι
497 2623 585 2682 καὶ
601 2620 906 2705 ἁκαθάρθοις
934 2623 1206 2704 αἱρετικοῖς
1228 2645 1244 2660 ·
1274 2620 1477 2691 δέξασθε
1493 2621 1711 2701 λέγοντα
1729 2623 1824 2697 τὴν

250 2710 500 2783 ἀλήθειαν
526 2734 539 2748 ο
594 2712 670 2792 τῷ
723 2707 947 2791 διαϐόλῳ
997 2711 1269 2793 προφανῶς
1316 2709 1405 2770 τὸν
1459 2709 1596 2771 Θεὸν
1623 2736 1820 2792 συγκα-

249 2823 483 2859 τεκοινεν
493 2845 506 2857 .

326 2822 608 2947 ἓῗῗτϊίνυν
632 2885 972 2966 γυμνάζοντες
996 2876 1087 2954 τὰς
1109 2884 1389 2967 γενομένας
1410 2889 1739 2969 καινοτομίας
1770 2893 1822 2951 ἐν

247 2979 356 3042 τοῖς
407 2974 676 3056 ἡμετέροις
715 2973 939 3057 χρόνοις,
980 2978 1051 3042 εἰς
1086 2981 1242 3035 τοῦτο
1281 2974 1626 3044 καταντούσας
1670 2976 1823 3048 αὐτὰς

249 3062 563 3145 εὗρίσκομεν
589 3062 651 3123 τὸ
690 3061 973 3145 ἀκρότατον
1006 3063 1179 3139 κακὶν,
1227 3067 1378 3146 δρᾶτε
1408 3069 1593 3144 μ’ἤπως
1622 3066 1822 3147 εἰρήνην

244 3149 714 3234 προφασιζόμενος
741 3149 835 3222 τὴν
855 3149 1171 3212 ἀποστασίαν
1194 3154 1473 3236 ερρεθῶμεν
1489 3153 1818 3227 νοσήσαντες,

244 3240 331 3298 καὶ
359 3231 724 3322 κηρύττοντες,
772 3239 836 3312 ἣν
875 3237 1160 3322 πρόδρομον
1200 3231 1339 3300 εἶπεν
1382 3240 1583 3302 ἔσεσθαι
1606 3246 1701 3314 τῆς
1728 3248 1820 3302 τοῦ

259 3328 632 3413 Ἀντιχρίστου
645 3327 930 3410 παρουσίας
950 3332 978 3388 6
997 3332 1127 3396 θεῖος
1144 3326 1642 3395 ἆπόστολος.Ταῢτα
1660 3331 1816 3413 χωρὶς

242 3407 551 3487 ὑποστολὴς
577 3407 885 3495 εἶπονθμῖν,
915 3414 1159 3476 δεσπόται
1179 3439 1304 3495 μου,
1330 3414 1414 3476 ἵνα
1440 3407 1675 3499 φείσησθε
1687 3407 1818 3478 ⁷ἑαυ-

239 3506 345 3562 τῶν
394 3526 461 3562 τε
510 3505 601 3563 καὶ
647 3507 824 3581 ἡμῶν.
856 3502 1106 3564 Κελεύετε
1152 3502 1235 3564 ἵνα
1278 3510 1441 3565 ταῦτα
1483 3503 1819 3585 γεγραμμένα

239 3589 379 3672 ἔχων
415 3595 472 3652 ἐν
593 3591 757 3674 βίϐλῳ
792 3596 887 3665 τῆς
925 3591 1152 3673 καρδίας,
1191 3591 1326 3652 έλθω
1355 3593 1677 3667 κοινωνήσων
1705 3597 1757 3653 ἐν

237 3686 410 3741 circa
440 3677 746 3761 κηρύττεται
761 3680 1068 3762 Ἐκκλησία,
1094 3680 1182 3741 καὶ
1202 3680 1433 3760 γένωμαι
1461 3681 1699 3750 κοινωνὸς
1713 3686 1819 3742 τῶν

241 3771 459 3842 ἀληθῶς
490 3766 583 3846 μὲν
626 3767 716 3830 τὸν
756 3767 915 3845 Θεὸν,
963 3770 1108 3841 δῆθεν
1136 3766 1191 3828 δὲ
1214 3769 1304 3829 τὸν
1327 3769 1563 3830 διάϐολον
1586 3773 1664 3851 τῷ
1692 3771 1818 3853 Θεῷ

238 3853 735 3933 mecum;
763 3853 859 3928 Μὴ
879 3853 1082 3935 γενοιτό
1124 3880 1214 3937 μοι
1238 3855 1381 3941 παρὰ
1404 3863 1496 3917 τοῦ
1531 3857 1694 3929 Θεοῦ,
1724 3863 1817 3918 τοῦ

237 3945 301 4003 δι’
346 3942 755 4027 ἐμὲμγενομένου
797 3945 957 4026 χωρὶς
973 3944 1244 4025 ἁμαρτίαις.
1277 3946 1386 4006 Καὶ
1413 3942 1620 4027 βαλλὼν
1649 3945 1811 4026 μετά-

236 4023 386 4094 νοιαν
427 4023 612 4094 εἶπεν(
649 4023 897 4114 ³Εγὼ,ἐῗ
918 4056 971 4093 τι
994 4023 1231 4094 κελεύετε
1258 4036 1333 4101 εἰς
1354 4023 1441 4094 τὸν
1465 4023 1817 4113 δοῦλονῦμῶν

236 4128 490 4197 ποιῆσαι,
538 4121 826 4195 ποιήσατεο
877 4118 957 4181 ὅτι
999 4126 1168 4181 ταῦτα
1203 4119 1520 4203 δεχομένοις,
1569 4120 1813 4183 οὐδέποτε

234 4211 465 4294 γίνομαι
493 4208 845 4289 συγκοινωνός.

316 4300 436 4361 Καὶ
465 4297 813 4378 ἇποπαγέντες
838 4298 925 4360 ἰπὶ
947 4303 1053 4365 τοῖς
1072 4299 1360 4376 λαληθεῖσι,
1396 4297 1541 4360 κάτω
1569 4297 1815 4381 βαλόντες

232 4384 328 4455 τὰς
357 4384 599 4469 κεφαλὰς
624 4385 869 4465 ἐσίγησαν
891 4387 975 4447 ἐπὶ
999 4384 1137 4467 ὥραν
1160 4387 1358 4460 ἱκανήν.
1392 4387 1500 4447 Καὶ
1526 4385 1810 4468 ἀνακύψας,

235 4476 326 4560 καὶ
360 4480 458 4560 τῷ
503 4474 639 4557 ἂϐϐᾷ
684 4475 908 4558 Μαξίμῳ
951 4475 1184 4543 ἀτενίσας
1209 4476 1425 4537 ΘΕΟΔ.
1461 4480 1491 4536 6
1513 4475 1810 4552 ἐπίσκοπος,

233 4550 375 4624 ιῖπεν
389 4587 408 4605 ·
420 4550 435 4560 ’
453 4550 638 4640 Ἧμεῖξ
1059 4587 1162 4638 σοι,
1183 4565 1272 4625 τὸν
1289 4562 1539 4637 δεσπότην
1556 4566 1707 4643 ἡμῶν
1724 4550 1814 4624 τὸν

233 4650 491 4731 βασιλέα,
531 4649 633 4724 ὅτι,
675 4657 768 4711 σοῦ
811 4657 1199 4730 κοινωνοῦν-τος,
1228 4652 1453 4736 κουφίζει
1486 4652 1577 4713 τὸν
1626 4650 1811 4714 τύπον.

232 4740 423 4803 ΝΛΞ.
455 4737 600 4799 Πολὺ
618 4738 1022 4821 ἂπεχόμεθαᾶῌ
1034 4741 1274 4814 ἀλλήλων
1291 4741 1485 4820 ἀκμήν·
1502 4765 1554 4800 τι
1567 4744 1813 4818 ποιοῦμεν

227 4829 353 4909 περὶ
380 4831 485 4899 τῆς
504 4828 780 4894 συνοδικῶς
809 4826 1170 4908 βεϐαιωθείσης
1195 4831 1496 4911 φῶνης,τοῧ
1520 4826 1629 4894 ἑνὸς
1655 4826 1811 4899 θελή-

230 4915 519 4992 ματος,ἐπ’
535 4914 726 4996 ἐκϐολῇ
741 4914 912 4988 πάσης
933 4916 1178 4999 ἐνεργείας
1196 4915 1297 4976 ὕπὸ
1309 4914 1531 4998 Σεργίου
1553 4915 1642 4976 καὶ
1658 4917 1812 4997 Πύρο

231 5004 359 5079 ρους
412 5002 648 5062 ΘΕΟΔ.
689 5002 916 5069 Ἐκεῖνος
942 5008 973 5064 6
998 5002 1198 5085 χάρτης
1238 5003 1528 5086 κατηνέχθη
1563 5003 1654 5063 καὶ
1677 5005 1821 5062 ἀπε-’

228 5087 431 5171 ϐλῆθῃ.
455 5090 639 5150 ΜΑΞ.
661 5089 969 5171 Κατηνέχθη
988 5094 1048 5152 ἐκ
1063 5094 1167 5152 τῶν
1184 5092 1385 5153 λιθίνων
1402 5092 1621 5173 τοίχων,
1638 5096 1697 5153 οὗ
1718 5098 1811 5170 μὲν

227 5180 288 5237 ἐκ
319 5182 438 5238 τῶν
468 5180 655 5262 νοερῶν
674 5179 878 5259 ψυχῶν.
896 5178 1134 5249 Δέξονται
1156 5178 1250 5252 τὴν
1271 5180 1569 5262 κατάκρισιν
1587 5178 1809 5254 τούτων,

223 5263 323 5336 τὴν
352 5268 412 5325 ἐν
442 5261 641 5341 Ῥώμη
663 5267 936 5334 συνοδικῶς
955 5269 1239 5328 ἐκτεθεῖσαν
1267 5269 1329 5328 δι’
1357 5261 1580 5329 εὐσεϐῶν
1608 5267 1811 5347 δογμά⁴

224 5376 333 5413 των
358 5377 428 5414 τε
454 5353 546 5413 καὶ
585 5350 836 5426 κανόνων,
877 5356 968 5416 καὶ
1008 5356 1221 5417 λέλυται
1256 5356 1320 5417 τὸ
1349 5355 1680 5438 μεσότοιχον,
1721 5358 1813 5418 καὶ

224 5446 539 5531 πρστροπῇς
566 5442 628 5500 οὗ
644 5438 895 5531 δεόμεθα.
916 5444 1137 5505 ΘΕΟΔ.
1300 5443 1509 5531 ἔῤῥοται
1545 5450 1579 5517 ἡ
1609 5443 1813 5513 συνόδος

226 5534 263 5605 ἡ
291 5532 347 5590 ἐν
392 5526 609 5612 Ῥώμην
632 5528 808 5613 ἐπειδὴ
832 5532 995 5616 χωρὶς
1019 5526 1302 5599 ηλαόσώς
1325 5526 1506 5615 γέγονε
1530 5531 1805 5615 βασιλέως·

1997 475 2230 532 domine
2262 490 2480 550 magne,
2519 478 2577 534 in
2605 479 2753 551 quod
2789 481 3001 537 malum
3035 482 3297 538 deveniat
3333 487 3637 540 tractatum

1995 565 2314 635 capitulum
2363 566 2537 623 istud.
2584 568 2642 623 Si
2674 568 2826 624 enim
2869 571 3019 625 Deus
3050 571 3243 639 posuit
3284 571 3344 627 in
3386 570 3639 628 Ecclesia

1998 651 2184 723 primo
2210 655 2518 727 apostolos,
2547 658 2797 714 secundo
2827 658 3151 729 prophetas,
3181 660 3351 715 tertio
3379 659 3639 715 doctores

1993 740 2062 798 ad
2113 741 2510 812 perfectionem
2568 750 2918 816 sanctorum,
2975 746 3174 802 dicens
3228 747 3289 803 in
3337 745 3639 818 Evangelio

1993 832 2292 902 apostolis.
2349 838 2405 889 et
2461 849 2560 904 per
2610 849 2706 891 eos
2762 835 2856 891 his
2911 836 3011 908 qui
3064 842 3190 907 post
3250 837 3407 907 ipsos
3457 842 3633 893 sunt:

1994 920 2150 986 Quod
2197 922 2349 976 vobis
2398 923 2537 986 dico,
2592 926 2839 979 omnibus
2902 925 3021 979 dico
3086 924 3276 996 (Marc.
3341 939 3470 995 xm,
3527 921 3637 996 37);

1991 1014 2046 1066 et
2090 1010 2335 1067 iterum:
2384 1012 2488 1078 Qui
2531 1016 2724 1084 recipit
2769 1030 2882 1077 vos,
2930 1030 3014 1068 me
3045 1016 3275 1085 recipit:
3322 1019 3373 1069 et
3414 1016 3512 1084 qui
3545 1028 3638 1069 uos

1991 1102 2217 1171 spernit,
2264 1117 2346 1156 me
2394 1105 2604 1172 spernit
2646 1101 2858 1174 (Matth.
2892 1117 2952 1175 x,
2980 1100 3080 1174 4ος
3118 1104 3247 1159 Luc.
3281 1116 3339 1174 x,
3374 1100 3479 1175 46);
3513 1115 3642 1158 ma—

1994 1185 2264 1244 nifestum
2294 1195 2381 1245 est
2411 1203 2477 1246 ac
2517 1192 2904 1262 perspicuum,
2938 1192 3089 1262 quod
3134 1191 3233 1263 qui
3263 1205 3376 1247 non
3425 1189 3633 1261 recipit

1991 1277 2300 1350 apostolos,
2333 1285 2389 1335 et
2416 1280 2719 1350 prophetas
2744 1286 2799 1336 et
2827 1282 3108 1352 doctores,
3150 1281 3247 1337 sed
3278 1280 3501 1351 spernit
3532 1291 3640 1335 vo—
3746 1323 3765 1339 .

1992 1379 2109 1422 cem
2141 1381 2362 1437 eorum,
2400 1369 2588 1439 ipsum
2618 1369 2914 1426 Christum
2944 1370 3184 1440 spernit.

2063 1457 2451 1527 Inspiciamus
2474 1463 2663 1515 autem
2694 1463 2749 1514 et
2774 1459 2973 1515 aliud:
2994 1460 3145 1517 Deus
3172 1458 3392 1531 eligens
3415 1458 3642 1523 excita-

1990 1545 2074 1602 vit
2113 1547 2403 1616 apostolos
2433 1552 2489 1603 et
2533 1547 2837 1617 prophetas
2883 1551 3054 1619 atque
3095 1548 3358 1605 doctores
3384 1548 3453 1605 ad
3504 1560 3641 1617 per-

1990 1634 2289 1692 fectionem
2323 1641 2670 1694 sanctorum.
2703 1637 2775 1693 At
2805 1650 2937 1693 vero
2968 1636 3237 1693 diabolus
3279 1635 3453 1693 falsos
3493 1649 3639 1706 apo-

1901 1712 1953 1774 B
1987 1724 2184 1795 stolos,
2212 1731 2268 1781 et
2294 1724 2468 1782 falsos
2500 1728 2824 1797 prophetas,
2857 1734 2912 1783 et
2943 1725 3120 1782 falsos
3147 1726 3412 1782 doctores
3437 1728 3636 1781 contra

1987 1814 2253 1884 pietatem
2272 1815 2492 1886 eligens
2506 1815 2805 1885 excitavit;
2831 1829 2947 1886 quo
2970 1820 3026 1871 et
3046 1821 3208 1871 vetus
3230 1814 3318 1870 lex
3344 1814 3638 1885 impugne-

1984 1907 2081 1959 tur
2108 1908 2163 1958 et
2202 1903 2544 1975 evangelica.
2578 1904 2773 1960 Falsos
2805 1908 2995 1960 autem
3025 1903 3334 1973 apostolos,
3366 1909 3424 1958 et
3457 1900 3632 1958 falsos

1984 1992 2288 2063 prophetas
2317 1998 2372 2047 et
2415 1991 2590 2049 falsos
2617 1992 2880 2048 doctores
2918 1992 3073 2048 solos
3102 1991 3402 2058 hareticos
3450 1989 3634 2046 intel-

1982 2080 2120 2152 ligo,
2181 2094 2425 2150 quorum
2479 2094 2769 2137 sermones
2818 2085 2875 2136 et
2921 2079 3298 2152 cogitationes
3355 2091 3630 2149 perversae

1980 2171 2323 2226 consistunt.
2375 2169 2537 2225 Sicut
2587 2183 2721 2242 ergo
2762 2170 2833 2240 is,
2885 2169 2985 2240 qui
3017 2182 3179 2225 veros
3227 2167 3541 2238 apostolos,
3571 2169 3628 2221 et

1982 2259 2285 2329 prophetas
2312 2264 2368 2315 et
2396 2259 2658 2315 doctores
2684 2260 2912 2331 recipit,
2936 2258 3112 2314 Deum
3141 2256 3383 2326 recipit:
3434 2256 3533 2322 ita,
3567 2259 3624 2310 et

1979 2348 2078 2420 qui
2111 2347 2285 2404 falsos
2326 2350 2635 2421 apostolos,
2668 2354 2726 2405 et
2763 2348 2940 2405 falsos
2988 2346 3292 2418 prophetas
3342 2349 3399 2401 et
3446 2342 3622 2400 falsos

1974 2437 2234 2493 doctores
2252 2437 2477 2508 recipit,
2504 2438 2797 2495 diabolum
2820 2437 3047 2507 recipit.
3078 2436 3258 2508 igitur
3279 2434 3379 2505 qui
3404 2432 3619 2504 pariter

1973 2540 2102 2583 cum
2134 2526 2392 2583 scelestis
2428 2533 2485 2583 et
2515 2528 2832 2584 immundis
2857 2525 3144 2582 haereticis
3173 2528 3404 2579 sanctos
3427 2522 3616 2594 ejecit,

1973 2613 2272 2688 (suscipite
2294 2631 2381 2674 me
2393 2617 2675 2673 dicentem
2693 2615 3026 2689 veritatem),
3046 2616 3222 2670 Deum
3242 2611 3469 2683 liquido
3485 2624 3614 2667 cum

1970 2703 2202 2761 diabolo
2245 2706 2460 2777 pariter
2487 2705 2899 2762 condemnavit.

2042 2885 2237 2957 Itaque
2261 2886 2311 2943 si
2355 2887 2746 2943 examinantes
2772 2886 3051 2942 novitates
3082 2896 3208 2955 quae
3256 2877 3615 2950 temporibus

1971 2974 2186 3030 nostris
2214 2974 2423 3032 effectae
2447 2981 2602 3046 sunt,
2631 2989 2726 3032 eas
2749 2976 2819 3031 ad
2851 2975 2957 3032 hoc
2986 2972 3281 3030 devenisse
3316 2967 3613 3026 inveneri-

1889 3044 1955 3110 Ο.
1973 3076 2099 3118 mus
2128 3077 2414 3120 summum
2455 3044 2686 3135 malum,
2720 3063 2906 3119 videte
2948 3076 3017 3118 ne
3047 3059 3191 3137 forte
3235 3071 3426 3130 pacem
3457 3069 3609 3128 prae-

1970 3151 2283 3224 tendentes,
2317 3153 2602 3223 apostasia
2629 3151 2983 3222 reperiamur
3012 3150 3282 3221 languere
3308 3150 3366 3201 et
3392 3142 3610 3215 praedi-

1968 3251 2131 3309 care;
2158 3255 2327 3311 quam
2355 3252 2765 3313 praecursuram
2788 3238 2909 3296 fore
2931 3235 3284 3294 Antechristi
3305 3235 3607 3291 adventum

1969 3330 2395 3388 sacratissimus
2422 3332 2574 3387 dixit
2602 3329 2926 3401 Apostolus.
2969 3330 3094 3382 Haec
3123 3325 3338 3396 absque
3371 3316 3610 3379 subtra-

1966 3421 2158 3478 ctione
2179 3422 2300 3478 dixi
2329 3420 2510 3490 vobis,
2542 3420 2763 3477 domini
2788 3418 2919 3486 mei,
2943 3422 3006 3473 ut
3026 3414 3276 3487 parcatis
3304 3411 3603 3468 vobismet-

1969 3510 2114 3582 ipsis
2138 3515 2196 3567 et
2225 3510 2408 3568 nobis.
2429 3509 2650 3567 iubetis
2675 3513 2739 3565 ut
2760 3509 2879 3564 haec
2906 3505 3119 3575 scripta
3153 3504 3212 3559 in
3238 3501 3389 3557 libro
3412 3497 3606 3555 cordis

1967 3601 2075 3656 mei
2109 3599 2320 3657 habens
2352 3600 2643 3671 ingrediar
2664 3604 2720 3655 et
2737 3594 3148 3654 communicem
3179 3593 3241 3648 in
3270 3588 3520 3647 Ecclesia
3544 3586 3604 3642 in

1967 3703 2077 3761 qua
2109 3689 2226 3745 ha'c
2252 3690 2655 3760 praedicantur,
2686 3693 2741 3745 et
2769 3686 2897 3743 fiam
2928 3682 3380 3741 communicator
3407 3690 3603 3734 eorum

1969 3780 2065 3853 qui
2088 3780 2365 3836 veraciter
2380 3778 2609 3849 quidem
2630 3779 2828 3845 Deum,
2847 3774 2991 3830 falso
3007 3785 3138 3829 vero
3156 3768 3451 3827 diabolum
3471 3779 3601 3823 cum

1963 3870 2077 3925 Deo
2113 3865 2403 3939 ejiciunt?
2437 3869 2519 3923 Ne
2563 3867 2663 3922 fiat
2694 3864 2839 3920 mihi
2884 3877 2918 3919 a
2952 3864 3067 3919 Deo
3111 3861 3212 3933 qui
3249 3861 3478 3930 propter
3518 3868 3603 3911 me

1966 3958 2277 4014 secundum
2326 3969 2415 4012 me
2461 3954 2647 4012 factus
2684 3958 2769 4010 est
2810 3952 3026 4024 absque
3070 3952 3316 4021 peccato.
3346 3947 3414 4001 Et
3454 3956 3603 4017 genu

1965 4048 2109 4103 ﬂexo
2137 4046 2325 4102 dixit:
2357 4043 2650 4115 Quidquid
2679 4039 2974 4113 jusseritis
3001 4039 3063 4094 in
3093 4050 3318 4094 servum
3350 4038 3602 4091 vestrum

1962 4135 2167 4207 facere,
2200 4133 2388 4191 facite.
2418 4134 2535 4205 Ego
2566 4132 2679 4203 his,
2721 4130 2821 4200 qui
2850 4130 2969 4185 haec
2993 4127 3283 4198 recipiunt
3310 4134 3600 4194 nunquam

1963 4223 2413 4283 communicabo.

2033 4316 2103 4372 Et
2145 4329 2247 4372 ceu
2292 4313 2468 4386 gelidi
2510 4311 2646 4368 facti
2673 4322 2845 4380 super
2889 4307 2983 4364 his
3010 4321 3135 4378 qua:
3162 4305 3317 4362 dicta
3351 4301 3599 4369 fuerant,

1877 4416 1932 4478 ι)
1963 4403 2228 4460 deorsum
2256 4403 2444 4474 capita
2483 4399 2886 4458 submittentes
2915 4396 3205 4454 siluerunt
3235 4407 3334 4464 per
3364 4390 3600 4446 multam

1965 4494 2181 4549 horam.
2246 4494 2314 4548 Et
2382 4479 2660 4562 annuens,
2728 4496 2900 4559 atque
2962 4484 3219 4542 abbatem
3291 4479 3601 4537 Maximum

1961 4584 2165 4639 Τιιιεοο.
2198 4581 2468 4651 intuitus,
2501 4579 2691 4635 dixit:
2724 4579 2839 4635 Nos
2864 4575 2972 4633 ﬂde
2996 4574 3247 4633 dicimus
3272 4569 3379 4627 tibi
3409 4566 3609 4625 domi-

1964 4685 2098 4728 num
2126 4675 2383 4727 nostrum
2416 4669 2833 4738 imperatorem,
2883 4666 3032 4736 quod
3062 4668 3117 4719 te
3148 4659 3605 4718 communicante

1961 4761 2126 4818 tollat
2153 4761 2386 4831 Typum.
2418 4760 2563 4813 Max.
2601 4756 2843 4813 Multum
2873 4755 3061 4810 adhuc
3084 4752 3369 4808 distamus
3403 4749 3474 4804 ab
3504 4747 3607 4803 in-

1959 4851 2160 4906 vicem.
2192 4848 2338 4918 Quid
2372 4846 2647 4903 faciemus
2675 4846 2745 4901 de
2789 4843 3122 4900 confirmata
3167 4840 3437 4914 synodice
3469 4851 3606 4894 voce

1962 4939 2138 4997 unius
2166 4935 2480 4994 voluntatis
2508 4934 2566 4989 in
2597 4934 2930 5003 eiectionem
2967 4930 3157 4987 omnis
3195 4927 3548 5000 operationis
3572 4939 3605 4982 a

1959 5029 2175 5102 Sergio,
2218 5026 2453 5097 Pyrrho,
2485 5037 2549 5080 ac
2578 5022 2753 5079 Paulo
2772 5021 2801 5076 εἰ
2822 5022 3027 5076 ΤΗεοι).
3059 5019 3159 5075 Illa
3197 5017 3396 5075 charta
3424 5019 3607 5088 depo—

1961 5120 2072 5176 sita
2100 5121 2205 5188 est,
2239 5122 2294 5172 et
2333 5116 2600 5186 projecta.
2648 5113 2794 5166 MAX.
2839 5109 3105 5180 Deposita
3133 5112 3219 5164 est
3264 5121 3331 5163 ex
3362 5104 3606 5177 lapideis

1960 5207 2302 5281 parietibus,
2325 5217 2437 5261 non
2461 5207 2645 5259 tamen
2671 5214 2739 5256 ex
2760 5196 3249 5255 intellectualibus
3280 5195 3598 5252 animabus.

1960 5298 2291 5368 Suscipiant
2325 5290 2747 5349 damnationem
2783 5289 3010 5359 horum,
3048 5301 3173 5358 qua:
3209 5286 3398 5342 Romae
3428 5297 3607 5355 syno-

1959 5387 2088 5444 dice
2132 5384 2349 5457 prolata
2388 5385 2474 5438 est
2519 5395 2615 5453 per
2662 5378 2755 5451 pia
2797 5378 3079 5452 dogmata,
3126 5389 3227 5431 seu
3271 5373 3519 5446 regulas,
3549 5376 3607 5428 et

1961 5474 2207 5532 solvitur
2279 5471 2504 5528 medius
2578 5470 2786 5538 paries,
2862 5471 3032 5537 atque
3104 5463 3426 5520 hortatione
3493 5472 3604 5515 non

1963 5561 2371 5635 indigebimus.
2426 5560 2497 5618 Et
2546 5557 2632 5617 ait
2686 5556 2890 5611 Τιιεοι).
2947 5552 3282 5628 episcopus:
3335 5551 3459 5607 Non
3518 5553 3606 5606 est
