4018 6160
198 263 294 324 637
832 265 1335 324 COLLECTANEA.
1376 298 1449 310 —
1501 270 1758 329 DISPUT.
1800 269 2009 329 INTER
2045 270 2102 325 S.
2143 268 2398 326 MAXIM.
2438 270 2525 327 ET
2563 272 2807 331 THEOD.
3491 276 3599 339 688

241 420 479 498 Χριστοῦ
530 416 626 491 τὴν
668 418 1002 504 προεωπικὴν
1047 419 1222 479 δυάδα.
1270 422 1378 480 Καὶ
1429 418 1610 487 εὐθέως
1656 425 1797 504 θυμῷ

1948 396 2178 504 ςιιιιὶειο
2192 397 2543 504 ‘dualitatem
2594 414 2795 458 vesane
2831 403 3256 476 dogmatizavit.
3300 406 3372 462 Et
3398 408 3594 465 statim

239 504 390 574 ζέσας
404 512 434 567 6
450 498 729 574 ἐπίσκοπος
746 498 877 567 εἶπε⁹
900 509 1033 588 Κῦρι
1050 507 1269 587 μοναχὲ,
1283 515 1312 569 6
1325 507 1563 575 Σατανὰς
1581 498 1803 580 ἐλάλησε

238 592 320 653 διὰ
362 601 461 654 τοῦ
505 598 725 675 χαλινοῦ
765 619 880 655 σου.
913 597 1097 654 ΜΑΞ.
1148 596 1242 667 Μὴ
1268 599 1472 677 λυπηθῇ
1497 601 1525 656 6
1551 594 1803 667 δεσπότης

237 706 343 760 μου
367 683 496 764 πρὸς
519 684 610 744 τὸν
635 686 820 744 δοῦλον
1055 686 1162 744 Καὶ
1182 683 1380 758 λαϐὼν,
1406 683 1586 751 εὐθέως
1617 680 1803 757 ἔδειξεν

235 773 382 851 αὐτῷ
408 762 503 838 τὰς
532 769 691 838 αὐτὰς
720 770 886 853 φωνὰς
912 762 1067 838 οὗσας
1103 773 1411 851 Νεστορίου,
1441 774 1534 853 καὶ
1560 776 1611 831 ἐν
1637 772 1803 839 ποίοις

234 849 414 935 λόγοις
443 861 604 918 αὐτοῦ
630 849 893 935 κείμενας.
912 860 1135 919 ΘΕΟΔ.
1159 861 1226 921 Ὁ
1253 849 1390 925 Θεὸς
1417 849 1571 935 οἶδεν,
1592 857 1799 941 ἀδελφὲ,

230 945 328 1012 τὰς
375 947 591 1027 χρήσεις
635 946 825 1014 ταύτας
853 953 882 1007 6
907 947 1231 1031 πατριάρχης
1281 971 1369 1026 μοι
1414 946 1635 1007 δέδωκε·
1665 946 1801 1018 πλὴν

230 1032 370 1100 ἰδοὺ,
398 1033 492 1101 τὰς
520 1033 614 1113 μὲν
654 1035 1019 1118 Ἀπολιναρίου
1064 1032 1234 1106 εἶπας,
1274 1033 1364 1101 τὰς
1404 1033 1458 1094 δὲ
1485 1036 1767 1115 Νεστορίου
1783 1057 1799 1074 ο

230 1123 346 1183 Καὶ
364 1122 679 1205 παραγάγων
698 1123 792 1196 τὴν
820 1132 916 1185 τοῦ
935 1125 1081 1206 ἁγίου
1100 1126 1364 1205 Κυρίλλου
1384 1148 1425 1204 χ
1428 1129 1571 1205 ρῆσιν
1596 1122 1691 1195 τὴν
1707 1121 1802 1182 λέ-

226 1233 432 1288 γουσαν
454 1235 470 1249 ο
508 1233 531 1265 ι
553 1212 695 1271 Μίαν
720 1214 896 1292 τεκαὶ
921 1217 1163 1291 συγγενῆ,
1195 1212 1285 1272 καὶ
1310 1214 1373 1271 δι’
1404 1215 1594 1292 ἀμφοῖν
1622 1213 1804 1270 ἐπιδει-

226 1296 353 1364 κνὺς
402 1297 679 1378 ἐνέργειαν,
700 1321 732 1355 ν
767 1290 908 1361 εἶπεο
940 1290 1011 1360 Τί
1035 1290 1162 1381 πρὸς
1189 1308 1353 1360 ταῦτα
1378 1290 1581 1379 Mysis;
1612 1299 1800 1359 ΜΑΞ.

227 1385 363 1447 Εἰσί
385 1408 520 1453 τινες
547 1386 792 1455 δείξαντες
819 1386 980 1458 αὐτὴν
1006 1390 1126 1447 κατ’
1153 1389 1392 1461 ἀλήθειαν
1417 1385 1552 1447 κατὰ
1576 1387 1800 1468 προσθή-

225 1494 326 1544 κην
356 1479 588 1534 τεθεῖσαν
616 1478 668 1534 ἐν
792 1475 1032 1556 ἑρμηνείᾳ
1056 1482 1150 1535 τοῦ
1180 1475 1528 1554 Εὐαγγελίου,
1646 1496 1800 1553 γενο-

227 1561 367 1642 μένῃ
413 1566 476 1622 ἐκ
498 1570 593 1624 τοῦ
632 1563 780 1641 ἁγίου
809 1561 996 1622 τούτου
1024 1564 1255 1645 Πατρὸς,
1297 1564 1400 1623 ὑπὸ
1426 1566 1477 1624 Τ
1479 1562 1685 1642 ιμοθέου
1706 1568 1799 1622 τῶ

241 1652 508 1731 Ἐλούρου
523 1675 538 1690 ο
566 1650 701 1711 ἴστω
726 1650 781 1711 δὲ
806 1651 920 1711 καθ’
944 1656 1076 1729 ὑμᾶς
1093 1656 1248 1713 αὐτοῦ
1263 1675 1278 1691 ο
1304 1652 1621 1728 ἐξετάσωμεν
1636 1648 1807 1709 τοίνυν

224 1738 321 1809 τὴν
357 1726 583 1800 διάνοιαν
603 1744 709 1800 τῶν
733 1726 995 1820 πατρικῶν
1022 1744 1226 1822 φωνῶν,
1266 1741 1359 1800 καὶ
1382 1726 1686 1818 γνωσόμετα
1710 1736 1804 1809 τὴν
1859 1726 1912 1787 Β

224 1828 505 1899 ἀλήθειαν.
529 1829 746 1888 ΘΕΟΔ.
775 1832 948 1888 Τοῦτο
967 1832 1026 1888 οὗ
1049 1832 1310 1908 συγχωρεῖ)
1332 1827 1582 1905 γενέσθαι.
1614 1824 1804 1893 Ἁπλὰς

221 1912 323 1995 γὰρ
370 1914 469 1982 τὰς
507 1914 672 1997 φωνὰς
700 1915 925 1992 ἀνάγκην
970 1914 1109 1995 ἔχεις
1140 1914 1432 1984 δέξασθαϋ.
1454 1917 1637 1974 ΜᾹΞ.
1670 1912 1805 1973 Εἰπέ

226 2026 318 2080 μοι
347 2002 453 2074 τὴν
476 2003 735 2085 διαφορὰν,
765 2002 958 2072 ἱκέσιος
980 2003 1272 2084 γενόμενος,
1293 2008 1396 2063 τῶν
1423 2006 1604 2063 ἁπλῶν
1622 2007 1803 2085 φωνῶν

222 2091 359 2170 πρὸς
384 2090 481 2158 τὰς
499 2093 750 2159 ποικίλας.
763 2093 984 2153 ΘΕΟΔ.
1005 2090 1126 2152 Ἵνα
1151 2091 1223 2159 ὥς
1238 2095 1347 2152 ἐστι
1365 2089 1459 2163 τὴν
1475 2088 1648 2173 φωνὴν
1661 2089 1798 2171 δέξῃ,

223 2181 317 2240 καὶ
348 2178 428 2258 μὴ
457 2181 731 2261 ἕρευνήσῃς
747 2180 843 2252 τὴν
858 2179 1081 2240 διάνοιαν
1100 2183 1309 2258 ὥς.)
1332 2182 1804 2262 ΜᾹΞΠροφανῶς

226 2266 438 2333 καινοὺς
464 2268 555 2327 καὶ
581 2263 753 2341 ξένους
779 2274 872 2340 τ’ἦς
890 2268 1207 2338 Ἐκκλησίας
1234 2269 1322 2328 καὶ
1337 2269 1456 2349 περὶ
1486 2272 1592 2327 τῶν
1619 2272 1801 2350 φωνῶν

222 2354 471 2433 εἰσάγετε
497 2355 734 2435 θεσμοὺς·
762 2358 829 2418 Εἰ
847 2357 958 2415 καθ’
983 2360 1116 2434 ὓμᾶς
1138 2359 1197 2416 οὗ
1217 2357 1294 2415 δεῖ
1308 2354 1614 2438 ἐρευνᾷντὰς
1629 2354 1799 2437 φωνὰς

221 2447 326 2501 τῶν
360 2449 581 2524 γραφῶν
613 2446 704 2505 καὶ
747 2449 851 2503 τῶν
886 2443 1143 2523 πατέρων,
1165 2443 1484 2521 ἐκϐάλλομεν
1511 2452 1681 2503 πᾶσαν
1706 2442 1800 2514 τὴν

220 2531 433 2613 γραφὴν
481 2530 578 2603 τὴν
614 2531 835 2593 παλαιὰν
863 2532 953 2592 καὶ
984 2530 1079 2603 τὴν
1106 2532 1306 2604 καινήν.
1345 2530 1673 2609 Ἦκούσαμεν
1702 2529 1800 2614 γὰρ

221 2618 474 2696 λέγοντος
494 2628 588 2680 τοῦ
607 2620 789 2680 Δαϐίδ·
820 2618 1136 2700 «Μακάριοι,
1155 2623 1204 2678 οἱ
1221 2618 1568 2701 ἐξερευνῶντες
1585 2616 1652 2678 τὰ
1673 2642 1802 2699 μαρ-

219 2706 375 2788 τύρια
406 2712 596 2779 αὐτοῦ,
642 2711 694 2768 ἄν
720 2707 820 2789 ὅλῃ
847 2707 1032 2789 καρδίᾳ
1057 2707 1422 2780 ἐκζητήσουσιν
1471 2704 1623 2767 αὐτόν
1638 2727 1686 2763 ο»
1728 2710 1799 2774 ὡς

220 2796 451 2872 μηδενὸς
479 2795 643 2877 χωρὶς
671 2799 873 2878 ἐρεύνης
902 2794 1184 2874 δυναμένου
1218 2798 1497 2867 ἐκζητῖισαι
1522 2793 1609 2853 τὸν
1638 2792 1791 2856 Θεόν.

218 2886 329 2945 Καὶ
357 2884 545 2944 πάλιν.
562 2906 591 2940 ιι
611 2882 892 2944 Συνὲπισόν
935 2908 1026 2962 με,
1052 2883 1142 2943 καὶ
1183 2881 1489 2964 ἐξερευνήσω
1527 2880 1615 2941 τὸν
1641 2880 1800 2960 νόμον

218 2996 338 3045 σου,
373 2973 474 3033 καὶ
518 2972 724 3055 φυλάξω
748 2973 900 3033 αὐτὸν
924 2976 977 3032 ἐν
1003 2971 1104 3052 ὅλῃ
1141 2971 1328 3053 καρδία
1370 2992 1534 3050 μου,υ
1586 2972 1681 3037 Ὧς
1705 2975 1799 3043 τῆς

214 3064 433 3143 ἐρεύνης
465 3060 689 3141 ἀγούσης
729 3062 815 3121 ἐπὶ
858 3060 953 3134 τὴν
996 3064 1182 3138 γνῶσιν
1222 3067 1316 3120 τοῦ
1341 3059 1523 3139 νόμου,
1575 3060 1664 3122 καὶ
1706 3065 1799 3132 τῆς

214 3149 475 3229 γνώσεως
519 3149 664 3233 πόθῳ
690 3149 960 3220 πειθούσης
986 3147 1103 3214 τοὺς
1134 3148 1299 3218 ἀξίους
1339 3151 1391 3208 ἐν
1632 3151 1798 3208 αὐτῶν

215 3239 471 3320 φυλάξαι,
524 3236 608 3298 διὰ
650 3243 744 3310 τῆς
789 3236 1105 3319 πληρώσεως
1133 3240 1236 3297 τῶν
1272 3239 1325 3296 ἐν
1366 3240 1507 3320 αὐτῷ
1553 3234 1799 3315 κειμένων

213 3329 382 3405 ἁγίων
416 3328 661 3387 ἐντολῶν.
713 3327 820 3386 Καὶ
840 3326 1026 3384 πάλιν*
1071 3322 1421 3403 «Θαυμαστὰ
1450 3323 1517 3385 τὰ
1546 3322 1799 3405 μαρτύριά

215 3439 334 3487 σου,
370 3412 464 3474 διὰ
489 3420 646 3473 τοῦτο
673 3411 997 3494 ἐξηρεύνησεν
1025 3411 1156 3473 αὐτὰ
1182 3418 1217 3485 ἠ
1402 3437 1503 3490 μου
1524 3437 1537 3452 ·
1566 3434 1597 3470 ››
1620 3411 1692 3472 Τί
1717 3408 1794 3484 δὲ,

209 3500 536 3585 παραϐολὰς
560 3501 650 3561 καὶ
676 3502 953 3581 αἰνίγματα
970 3500 1059 3561 καὶ
1081 3498 1368 3568 σκοτεινοὺς
1394 3498 1576 3579 λόγους
1595 3503 1799 3582 ἐρευνᾷν

209 3595 355 3667 ἡμᾶς
390 3588 642 3669 βούλεται
670 3595 698 3650 6
722 3587 1070 3669 παροιμιακὸς
1102 3586 1285 3666 λόγος,
1308 3588 1379 3649 Τί
1405 3585 1460 3648 δὲ
1481 3593 1510 3649 6
1537 3587 1728 3670 Κύριος
1746 3591 1797 3647 ἐν

208 3677 551 3758 παραϐολαῖς
578 3678 754 3737 λαλῶν
802 3674 1041 3755 βούλεται
1066 3680 1196 3736 νοεῖν
1222 3674 1341 3743 τοὺς
1373 3672 1623 3755 μαθητὰς,
1654 3673 1798 3734 διδά-

150 3786 155 3789 ’
210 3789 360 3825 σκων
390 3769 503 3823 τῶν
529 3764 837 3845 παραϐολῶν
862 3762 956 3835 τὴν
984 3763 1236 3837 διάνοιαν;
1266 3764 1338 3824 Τί
1357 3760 1411 3823 δὲ
1432 3760 1793 3846 προστάσσων·

218 3876 246 3910 ιι
263 3856 564 3936 Ἐρευῆτε
589 3851 681 3921 τὰς
707 3851 965 3935 γραφὰς,ι›
996 3855 1067 3919 ὥς
1094 3851 1449 3938 μαρτυρούσας
1472 3851 1587 3934 περὶ
1613 3855 1793 3921 αὖτοῦ;

206 3943 282 4004 Τί
308 3942 371 4005 δὲ
407 3948 443 4003 6
474 3947 578 4002 τῶν
626 3942 931 4025 ἀποστόλων
979 3949 1251 4025 κορυφαῖος
1293 3941 1495 4021 Πέτρος
1548 3940 1798 4000 διδάσκειν

205 4030 499 4109 βούλεταιε
538 4031 703 4111 ιιΠερὶ
726 4023 789 4103 ἧς
819 4023 1079 4112 σωτηρίας
1118 4023 1444 4104 ἐξεζήτησαν,
1474 4029 1564 4088 καὶ
1591 4027 1798 4110 ἐξηρεύ-

204 4144 384 4192 νησαν
411 4124 699 4200 προφῆται,
717 4149 735 4170 ο
765 4117 932 4196 λέγων
951 4144 966 4190 ;
991 4117 1063 4178 Τί
1079 4114 1133 4177 δὲ
1155 4118 1370 4184 Παῦλος
1392 4122 1422 4177 6
1440 4120 1567 4182 θεῖος
1587 4114 1800 4175 ἀπόστο·

203 4209 323 4276 λος,
359 4204 567 4284 λέγων·
592 4207 690 4266 «Εἰ
708 4204 1100 4284 κεκαλυμμένον
1117 4205 1230 4264 ἐστὶ
1244 4204 1306 4264 τὸ
1326 4202 1662 4283 Εὖαγγέλιον,
1677 4204 1795 4262 ἀλλ’

206 4299 261 4354 ἐν
287 4301 414 4361 τοῖς
436 4283 835 4371 ἀπολλυμένοις,
855 4283 925 4351 ὧν
944 4297 973 4352 6
993 4292 1129 4359 Θεὸς
1152 4298 1247 4352 τοῦ
1270 4295 1449 4358 αἰῶνος
1468 4289 1656 4351 τούτου
1684 4287 1800 4350 ἐτύ-

205 4386 403 4463 φλωσε
446 4379 565 4447 τοὺς
609 4379 903 4462 ὀφθαλμοὺς
942 4385 1036 4453 τῆς
1057 4379 1281 4447 διανοίας
1321 4384 1510 4451 αὐτῶν,
1550 4382 1619 4446 εἷς
1639 4379 1702 4438 τὸ
1724 4377 1799 4456 μὴ

203 4468 511 4547 διαυγάσαι
549 4470 723 4533 αὐτοῖς
762 4466 849 4525 τὸν
874 4467 1139 4547 φωτισμὸν
1162 4472 1255 4539 τῆς
1283 4464 1520 4543 γνώσεως
1556 4472 1651 4526 τοῦ
1677 4469 1800 4547 Χρι-

204 4563 383 4627 στοῦ;
408 4578 439 4608 ι)
493 4555 590 4619 Ὡς
616 4552 798 4628 ἔοικεν,
841 4556 1202 4631 ἐζομοιωθῆναι
1245 4559 1383 4631 ἡμᾶς
1422 4554 1665 4633 βούλεσθε
1690 4559 1799 4623 τοῖς

217 4643 530 4711 Ἰουδαίοις,
566 4640 619 4700 οἵ
632 4666 762 4709 τινες
783 4644 968 4706 ἁπλαῖς
990 4646 1103 4707 ταῖς
1130 4647 1340 4722 φωναῖς,
1373 4646 1443 4708 ὡς
1466 4640 1664 4720 λέγετε,
1684 4666 1800 4702 του·

199 4731 362 4791 τέστι
385 4730 536 4812 μόνῳ
555 4734 631 4811 τῷ
647 4730 917 4810 γράμματι
938 4727 1113 4807 ὥσπέρ
1132 4751 1227 4786 τινι
1255 4734 1454 4809 φορυτῷ
1478 4729 1798 4809 ἐγχώσαντες

197 4819 297 4880 τὸν
327 4826 486 4885 νοῦν,
520 4818 760 4885 ἐξέπεσαν
798 4822 890 4889 τῆς
933 4815 1195 4887 ἀληθείας,
1228 4816 1288 4875 τὸ
1315 4817 1565 4895 κάλυμμα
1592 4816 1797 4898 ἔχοντες

200 4912 257 4967 ἐν
276 4913 411 4974 ταῖς
433 4906 660 4988 καρδίαις
680 4909 870 4977 αὑτῶν,
884 4911 979 4966 τοῦ
1005 4903 1078 4982 μὴ
1099 4910 1281 4976 νοῆσαι
1300 4904 1360 4964 τὸ
1378 4904 1550 4986 κύριον
1571 4913 1794 4986 πνεῦμα,

194 4997 264 5057 τὸ
288 4985 727 5077 ἐγκεκρυμμνον
744 4998 820 5075 τῷ
842 4993 1135 5073 γράμματι,
1166 4997 1285 5075 περὶ
1310 4985 1368 5053 οὖ
1386 4985 1533 5077 φησῖ·
1569 4996 1686 5054 «Τὸ
1701 4985 1800 5072 μὲν

196 5087 451 5163 γράμμα
480 5081 794 5151 ἀποκτείνει,
825 5082 887 5140 τὸ
912 5081 965 5141 δὲ
991 5090 1216 5160 πνεῦμα,
1247 5087 1546 5153 ζωοποιεῖ.»
1583 5086 1793 5165 Πληρο·

196 5174 427 5254 φορ)ηῆ
466 5174 493 5226 6
516 5168 768 5239 δεσπότης
800 5192 921 5245 μου,
954 5167 1032 5227 ὅτι
1064 5170 1166 5248 ἐγὼ
1189 5175 1280 5229 οὐκ
1298 5170 1549 5251 ἀνέχομαι
1570 5170 1800 5239 δέξασθαι

196 5260 399 5341 φωνὴν
430 5258 592 5337 χωρὶς
621 5263 711 5329 τῆς
740 5257 1035 5335 ἐγκειμένης
1064 5262 1195 5338 αὐτῇ
1222 5260 1466 5327 διανοίας,
1494 5257 1576 5318 ἵνα
1607 5259 1681 5338 μὴ
1708 5257 1794 5338 γέ·

194 5372 393 5427 νωμαι
428 5345 695 5427 προφανὴς
739 5347 1000 5411 Ἰουδαῖος.

1951 484 2146 543 furore
2192 484 2509 546 fervescens
2535 490 2736 545 Tnaon.
2793 491 2983 547 dixit:
3038 495 3253 549 Domne
3300 496 3591 569 monache,

1948 577 2184 633 Satanas
2214 576 2442 635 locutus
2483 582 2572 635 est
2616 594 2714 650 per
2750 579 3084 639 effrenatam
3120 597 3184 639 os
3212 587 3396 641 tuum.
3442 586 3592 642 Max.

1947 668 2027 721 Ne
2054 667 2316 723 tristetur
2344 668 2617 726 dominus
2640 684 2798 727 meus
2822 676 3021 728 contra
3050 686 3275 730 servum
3305 688 3494 730 suum.
3527 675 3597 731 Et

1949 768 2077 809 mox
2107 769 2339 812 sumens
2362 758 2615 814 ostendit
2642 758 2695 814 ei
2722 760 2945 816 easdem
2971 774 3134 817 voces
3162 775 3284 818 esse
3321 762 3593 835 Nestorii,

1946 849 2002 899 et
2032 845 2090 901 in
2123 845 2336 917 quibus
2365 847 2729 905 sermonibus
2758 849 2885 918 ejus
2908 850 3181 920 jacerent.
3210 851 3415 907 Tnson.
3445 854 3596 911 Deus

1946 934 2127 1005 novit,
2159 933 2353 1004 frater,
2384 936 2501 992 haec
2530 937 2860 994 testimonia
2885 939 3211 1009 patriarcha
3242 940 3384 996 mihi
3412 942 3592 1010 dedit.

1944 1025 2151 1080 Verum
2180 1037 2327 1095 ecce,
2355 1025 2471 1081 alia
2496 1027 2729 1097 quidem
2756 1028 2959 1085 horum
2989 1029 3194 1086 dixisti
3221 1029 3592 1103 Apollinarii,

1944 1112 2062 1169 alia
2090 1127 2222 1170 vero
2252 1114 2519 1171 Nestorii.
2554 1118 2623 1171 Et
2666 1117 2943 1186 producto
2973 1118 3155 1174 sancti
3186 1118 3389 1190 Cyrilli
3422 1120 3597 1177 testi-

1946 1203 2159 1275 monio,
2194 1204 2343 1273 quod
2373 1204 2483 1260 ait:
2524 1207 2698 1260 Unam
2726 1210 2890 1275 atque
2926 1212 3214 1275 cognatam
3240 1224 3339 1278 per
3367 1214 3590 1266 utram—

1945 1309 2048 1362 que
2092 1293 2469 1349 demonstrans
2512 1298 2895 1365 operationem,
2938 1297 3129 1353 dixit:
3182 1297 3332 1367 Quid
3371 1298 3442 1356 ad
3477 1298 3595 1356 haec

1943 1383 2139 1439 dicis?
2167 1384 2314 1439 Max.
2347 1384 2493 1439 Sunt
2517 1385 2749 1455 quidam
2780 1386 3142 1443 ostendentes
3172 1386 3319 1445 illud
3347 1389 3409 1444 in
3438 1390 3597 1446 veri-

1944 1478 2059 1531 tate
2086 1485 2185 1543 per
2199 1473 2552 1529 additionem
2572 1474 2823 1543 positum
2842 1474 2902 1531 in
2933 1475 3405 1545 interpretatione
3420 1479 3597 1537 Evan-

1943 1562 2103 1636 gelii,
2135 1576 2262 1633 quae
2292 1561 2439 1618 facta
2463 1566 2645 1619 estex
2674 1563 2783 1619 hoc
2810 1568 3008 1621 sancto
3038 1566 3201 1621 Patre
3228 1579 3261 1621 a
3293 1565 3592 1625 Timotheo

1940 1652 2135 1708 Eluro.
2182 1652 2411 1722 Verum,
2465 1651 2546 1708 sit
2585 1652 2899 1709 secundum
2942 1667 3043 1710 vos
3078 1654 3222 1724 ejus.
3259 1654 3593 1714 Scrutemur

1942 1742 2127 1815 igitur
2168 1754 2399 1799 sensum
2432 1746 2797 1813 paternarum
2827 1756 3051 1814 vocum,
3081 1748 3139 1800 et
3180 1757 3591 1817 c0gnoscamus

1940 1832 2258 1888 veritatem.
2291 1831 2494 1886 Tnson.
2526 1833 2638 1887 Hoc
2668 1845 2782 1888 non
2822 1832 3090 1901 permitto
3116 1832 3260 1891 ﬁeri.
3287 1834 3591 1906 Simplices

1940 1922 2093 1977 enim
2144 1933 2308 1977 voces
2344 1920 2727 1976 necessarium
2775 1919 2947 1977 habes
2985 1922 3254 1992 recipere.
3297 1926 3446 1980 Max.
3485 1926 3592 1983 Dic

1942 2009 2086 2064 mihi
2115 2007 2461 2070 din‘erentia,
2493 2008 2874 2079 deprecabilis
2915 2007 3121 2082 factus,
3154 2024 3355 2068 vocum
3384 2014 3455 2069 ad
3484 2027 3591 2069 va—

1942 2097 2076 2153 rias.
2119 2097 2324 2152 THEOD.
2382 2097 2453 2152 Ut
2493 2096 2668 2153 sicuti
2725 2102 2814 2153 est
2864 2098 3111 2168 recipias
3156 2113 3368 2171 vocem,
3413 2106 3470 2158 et
3519 2115 3590 2159 ne

1942 2187 2222 2244 scruteris
2249 2200 2479 2242 sensum
2508 2185 2713 2256 ipsius.
2742 2187 2810 2241 Et
2835 2188 2982 2242 Max.
3018 2187 3338 2260 Evidenter,
3370 2189 3585 2263 inquit,

1942 2291 2120 2335 novas
2145 2280 2202 2332 et
2228 2282 2526 2332 extraneas
2553 2275 2821 2332 Ecclesia:
2842 2277 3015 2334 etiam
3045 2291 3219 2348 super
3246 2278 3485 2336 vocibus
3504 2280 3593 2337 in-

1942 2367 2252 2426 troducitis
2282 2366 2451 2438 leges.
2484 2366 2542 2422 Si
2570 2366 2883 2422 secundum
2913 2380 3014 2423 vos
3039 2380 3149 2424 non
3182 2373 3405 2439 oportet
3432 2384 3591 2430 scru—

1942 2458 2054 2515 tari
2085 2470 2250 2514 voces
2276 2456 2703 2526 Scripturarum
2741 2468 2808 2510 ac
2837 2458 3091 2529 Patrum,
3120 2457 3429 2527 abjicimus
3458 2473 3591 2517 om—

1941 2560 2069 2603 nem
2124 2546 2499 2616 Scripturam,
2555 2544 2807 2601 Veterem
2858 2544 3085 2601 scilicet
3128 2551 3300 2617 atque
3354 2549 3585 2607 Novam.

1939 2635 2150 2693 Audivi
2196 2635 2350 2691 enim
2379 2635 2662 2691 dicentem
2692 2634 2869 2691 David
2896 2654 2907 2689 :
2940 2637 3098 2689 Beati
3139 2638 3238 2705 qui
3272 2632 3591 2694 scrutantur

1941 2727 2248 2782 testimonia
2278 2725 2417 2795 ejus,
2459 2726 2519 2779 in
2558 2728 2665 2779 toto
2702 2725 2859 2779 corde
2903 2728 3200 2795 exquirunt
3240 2742 3360 2781 eum
3414 2726 3584 2797 (Psal.

1943 2829 2109 2887 xvm,
2134 2813 2221 2888 2):
2260 2814 2575 2885 praesertim
2596 2828 2726 2870 cum
2757 2827 2921 2870 nemo
2945 2815 3073 2869 sine
3101 2816 3387 2873 scrutinio
3409 2818 3593 2887 possit

1943 2904 2246 2975 exquirere
2272 2905 2467 2959 Deum.
2503 2904 2573 2959 Et
2601 2917 2808 2959 rursus
2834 2922 2847 2958 :
2882 2905 2966 2957 Da
2991 2904 3126 2957 mihi
3162 2905 3514 2970 intellectum,
3540 2913 3592 2963 et

1942 2993 2226 3048 scrutabor
2251 2993 2415 3059 legem
2444 2996 2615 3055 tuam,
2642 2997 2694 3046 et
2720 2993 3022 3048 custodiam
3044 2995 3199 3049 illam
3222 2997 3281 3049 in
3307 2999 3413 3051 toto
3434 2996 3592 3052 corde

1860 3067 1908 3126 (ἒ
1939 3097 2054 3136 meo
2074 3078 2253 3150 (ibid.,
2272 3077 2378 3151 34).
2398 3081 2687 3151 Tanquam
2706 3081 2992 3137 scrutinio
3012 3087 3212 3153 agente
3226 3084 3295 3139 ad
3317 3085 3599 3155 cognitio.

1943 3183 2069 3225 nem
2101 3168 2245 3240 legis
2273 3173 2445 3236 atque
2474 3168 2751 3240 scientiae,
2782 3183 2911 3226 cum
2942 3170 3231 3228 desiderio
3257 3173 3595 3242 persuadeat

1941 3259 2139 3331 dignis
2157 3273 2225 3315 ex
2244 3258 2415 3314 corde
2431 3270 2553 3313 eam
2574 3257 2866 3314 custodire
2890 3273 2987 3329 per
3005 3261 3442 3331 completionem
3468 3274 3593 3318 san-

1943 3352 2165 3404 ctorum
2184 3363 2309 3418 quae
2328 3349 2386 3404 in
2401 3360 2465 3403 ea
2484 3347 2669 3416 posita
2681 3351 3245 3405 suntmandatorum.
3263 3352 3331 3406 Et
3347 3350 3586 3408 iterum:

1943 3436 2223 3491 Mirabilia
2257 3439 2563 3492 testimonia
2591 3443 2687 3492 tua
2716 3457 2728 3493 :
2757 3437 2876 3491 ideo
2906 3442 3149 3491 scrutata
3194 3444 3273 3492 est
3309 3455 3372 3493 ea
3405 3441 3592 3494 anima

1941 3542 2057 3580 mea
2075 3526 2254 3598 (ibid.,
2276 3523 2414 3599 429).
2434 3526 2582 3597 Quid
2601 3530 2788 3583 autem
2806 3526 3125 3597 parabolas,
3143 3530 3198 3582 et
3214 3528 3517 3598 aenigmata
3535 3532 3592 3585 et

1944 3617 2219 3673 obscuros
2234 3630 2523 3673 sermones
2544 3617 2789 3673 scrutari
2815 3630 2918 3673 nos
2937 3615 3061 3673 vult
3078 3615 3455 3686 proverbialis
3479 3631 3598 3675 ser-

1945 3721 2035 3763 mo
2057 3706 2086 3761 ?
2102 3705 2320 3775 Quidve
2338 3706 2618 3763 Dominus
2640 3706 2699 3761 in
2721 3704 3008 3776 parabolis
3029 3705 3270 3775 loquens
3290 3705 3412 3761 vult
3429 3704 3593 3762 intel-

1944 3796 2121 3867 ligere
2134 3794 2457 3865 discipulos
2472 3808 2627 3864 suos,
2649 3793 3045 3864 parabolarum
3062 3792 3304 3849 edocens
3319 3807 3548 3851 sensum
3563 3792 3593 3848 ‘l

1941 3885 2091 3955 Quid
2123 3885 2295 3940 etiam
2327 3883 2692 3954 praecipiens:
2716 3882 3052 3937 Scrutamini
3074 3882 3387 3952 Scripturas
3407 3882 3587 3953 (Joan.

1941 3987 1999 4035 v,
2031 3971 2138 4045 39),
2174 3977 2372 4044 utpote
2400 3972 2796 4029 testimonium
2823 3971 3189 4042 perhibentes
3207 3972 3278 4028 de
3306 3970 3413 4028 se?
3440 3972 3591 4042 Quid

1942 4066 2000 4118 et
2029 4062 2255 4133 primus
2283 4061 2669 4132 apostolorum
2718 4062 2920 4118 Petrus
2946 4061 3150 4117 docere
3178 4061 3320 4131 vult,
3365 4064 3442 4116 De
3483 4077 3595 4131 qua

1942 4151 2119 4206 salute
2148 4152 2526 4221 exquisierunt
2553 4155 2717 4219 atque
2736 4152 2968 4204 scrutati
2985 4155 3115 4205 sunt
3134 4152 3409 4220 propheta:
3422 4150 3590 4220 (Petr.

1944 4254 1985 4307 ι,
2007 4239 2112 4314 40),
2134 4241 2334 4297 dicens
2347 4239 2376 4293 ‘?
2394 4239 2542 4310 Quid
2565 4253 2698 4296 vero
2714 4240 2927 4296 Paulus
2941 4239 3179 4295 divinus
3199 4238 3495 4310 apostolus
3512 4240 3600 4296 di-

1943 4346 2076 4390 cens
2099 4348 2112 4384 :
2148 4330 2209 4385 Si
2235 4334 2479 4398 opertum
2504 4332 2583 4384 est
2608 4329 2988 4395 Evangelium,
3020 4328 3116 4383 sed
3142 4330 3201 4382 in
3230 4329 3314 4382 his
3339 4330 3440 4397 qui
3454 4344 3597 4399 per-

1866 4422 1920 4484 D
1942 4426 2072 4478 eunt
2092 4425 2170 4476 est
2193 4424 2458 4489 opertum,
2480 4419 2541 4473 in
2565 4417 2765 4487 quibus
2780 4416 2967 4471 seculi
2978 4416 3143 4484 haias
3163 4418 3451 4471 excaecauit
3463 4431 3595 4470 ocu-

1946 4515 2022 4567 los
2045 4512 2240 4566 mentis
2260 4524 2464 4570 eorum,
2495 4512 2557 4561 ut
2583 4522 2693 4561 non
2730 4506 2905 4560 luceat
2944 4508 3021 4559 eis
3046 4506 3378 4560 illuminatio
3410 4506 3597 4559 scien—

1946 4601 2034 4655 liae
2062 4600 2311 4654 Christi?
2335 4596 2417 4666 {II
2438 4595 2556 4650 Cor.
2591 4610 2677 4667 lli,
2709 4593 2786 4667 6.)
2827 4594 2900 4650 Ut
2921 4596 3176 4664 apparet,
3225 4591 3449 4649 similes
3491 4605 3596 4649 nos

1942 4686 2120 4744 vultis
2132 4699 2253 4741 esse
2262 4687 2289 4740 Ι
2295 4684 2495 4755 udzeis,
2511 4685 2611 4755 qui
2623 4682 3011 4754 simplicibus,
3028 4681 3321 4751 utdicitis,
3337 4680 3593 4752 vocibus,

1944 4778 2003 4833 id
2024 4780 2113 4832 est
2134 4774 2255 4830 sola
2285 4774 2498 4844 littera,
2526 4773 2704 4829 veluti
2733 4774 2976 4844 quadam
2996 4771 3142 4828 mole
3164 4775 3404 4827 mentem
3427 4769 3597 4828 obru-

1942 4870 2122 4936 entes,
2152 4864 2335 4919 evulsi
2366 4868 2503 4919 sunt
2525 4875 2557 4917 a
2574 4863 2814 4918 veritate
2828 4862 3081 4917 velamen
3101 4860 3372 4917 habentes
3394 4860 3453 4916 in
3478 4872 3598 4918 cor-

1943 4955 2118 5012 dibus
2134 4952 2280 5020 suis,
2296 4956 2361 5007 ut
2378 4965 2488 5007 non
2512 4950 2840 5021 intelligant
2856 4950 3127 5021 spiritum
3147 4950 3246 5020 qui
3267 4950 3498 5021 proprie
3510 4956 3600 5007 est

1944 5048 2001 5098 et
2028 5041 2352 5099 occultatur
2383 5041 2443 5096 in
2470 5040 2682 5096 littera.
2711 5038 2870 5095 Unde
2897 5043 2954 5095 et
2973 5039 3093 5094 ait:
3134 5039 3346 5094 Littera
3376 5041 3599 5109 quidem

1944 5132 2159 5194 occidit,
2193 5132 2421 5201 spiritus
2462 5145 2587 5183 vero
2614 5130 2853 5198 uiui/teat
2880 5128 2961 5197 (II
2987 5127 3108 5183 Cor.
3153 5142 3244 5199 tu,
3291 5128 3364 5202 6).
3395 5129 3599 5186 Certus

1944 5220 2226 5277 etiiciatur
2247 5219 2519 5276 dominus
2544 5231 2723 5288 meus,
2759 5218 2897 5288 quia
2916 5231 3020 5290 ego
3050 5217 3381 5275 nullatenus
3412 5218 3600 5288 patiar

1947 5312 2239 5380 suscipere
2258 5323 2447 5366 vocem
2472 5308 2688 5379 absque
2713 5322 2886 5365 sensu
2907 5308 3007 5378 qui
3036 5309 3245 5379 rejacet
3270 5308 3329 5363 in
3349 5308 3494 5379 ipsa,
3529 5321 3599 5364 ne

1948 5401 2077 5456 tiam
2110 5398 2450 5456 manifestus
2479 5399 2730 5456 Judmus.

227 5547 262 5577 ει
292 5519 446 5573 Haec
470 5530 540 5571 ex
564 5515 854 5589 Anastasii
878 5516 1139 5573 versione
1164 5515 1224 5571 in
1253 5516 1509 5589 Graecum
1536 5517 1837 5573 transtulit
1868 5516 2233 5588 Sirmundus,
2272 5521 2336 5574 ut
2372 5518 2621 5587 videtur,
2653 5517 2804 5589 apud
2856 5529 3021 5587 quem
3052 5519 3239 5570 tamen
3285 5513 3483 5570 Latine
3525 5512 3603 5568 le‘

152 5590 438 5662 gendum
470 5592 624 5644 esset
651 5588 1109 5656 differentiam...
1135 5588 1466 5659 simplicium
1492 5602 1697 5643 vocum.
