  <div class='ocr_page' id='page_1' title='image "/cluster/home/n/w/nwhite01/storage/ocr_20150623/129/hvd.32044054759907/325.png"; bbox 0 0 4034 6158; ppageno 0'>
   <div class='ocr_carea' id='block_1_1' title="bbox 464 236 3806 316">
    <p class='ocr_par' dir='ltr' id='par_1_1' title="bbox 464 236 3806 316">
     <span class='ocr_line' id='line_1_1' title="bbox 464 236 3806 316; baseline 0.005 -19"><span class='ocrx_word' id='word_1_1' title='bbox 464 236 572 297; x_wconf 83' lang='lat'><strong>639</strong></span> <span class='ocrx_word' id='word_1_2' title='bbox 1671 241 2027 298; x_wconf 75' lang='lat' dir='ltr'><strong>ANASTASII</strong></span> <span class='ocrx_word' id='word_1_3' title='bbox 2065 242 2604 304; x_wconf 77' lang='lat' dir='ltr'><strong>BIBLIOTHECARII</strong></span> <span class='ocrx_word' id='word_1_4' title='bbox 3720 255 3806 316; x_wconf 64' lang='grc'>640</span> 
     </span>
    </p>
   </div>
   <div class='ocr_carea' id='block_1_2' title="bbox 594 371 2077 457">
    <p class='ocr_par' dir='ltr' id='par_1_2' title="bbox 594 371 2071 457">
     <span class='ocr_line' id='line_1_2' title="bbox 594 371 2071 457; baseline -0.005 -10"><span class='ocrx_word' id='word_1_5' title='bbox 594 389 767 448; x_wconf 70' lang='grc' dir='ltr'>Τοῦτο</span> <span class='ocrx_word' id='word_1_6' title='bbox 802 383 856 445; x_wconf 80' lang='grc' dir='ltr'>δὲ</span> <span class='ocrx_word' id='word_1_7' title='bbox 895 382 1118 449; x_wconf 77' lang='grc' dir='ltr'>ἀκούσας</span> <span class='ocrx_word' id='word_1_8' title='bbox 1140 383 1311 443; x_wconf 82' lang='grc' dir='ltr'><strong>ΘΟΔ.</strong></span> <span class='ocrx_word' id='word_1_9' title='bbox 1346 371 1480 440; x_wconf 70' lang='grc' dir='ltr'>εἶπεν</span> <span class='ocrx_word' id='word_1_10' title='bbox 1499 405 1512 419; x_wconf 80' lang='grc' dir='ltr'><strong>ο</strong></span> <span class='ocrx_word' id='word_1_11' title='bbox 1543 378 1684 438; x_wconf 88' lang='grc' dir='ltr'>Μίαν</span> <span class='ocrx_word' id='word_1_12' title='bbox 1713 377 1960 457; x_wconf 72' lang='grc' dir='ltr'>ἐνέργειαν</span> <span class='ocrx_word' id='word_1_13' title='bbox 1975 383 2071 439; x_wconf 73' lang='grc' dir='ltr'><strong>τοῦ</strong></span> 
     </span>
    </p>
   </div>
   <div class='ocr_carea' id='block_1_3' title="bbox 2226 371 3808 457">
    <p class='ocr_par' dir='ltr' id='par_1_3' title="bbox 2305 373 3808 448">
     <span class='ocr_line' id='line_1_3' title="bbox 2305 373 3808 448; baseline 0.007 -20"><span class='ocrx_word' id='word_1_14' title='bbox 2305 373 2374 428; x_wconf 81' lang='lat' dir='ltr'><strong>At</strong></span> <span class='ocrx_word' id='word_1_15' title='bbox 2399 388 2529 429; x_wconf 89' lang='lat' dir='ltr'><strong>vero</strong></span> <span class='ocrx_word' id='word_1_16' title='bbox 2553 376 2754 429; x_wconf 76' lang='lat' dir='ltr'><strong>Tuson.</strong></span> <span class='ocrx_word' id='word_1_17' title='bbox 2806 374 2912 430; x_wconf 91' lang='lat' dir='ltr'><strong>hoc</strong></span> <span class='ocrx_word' id='word_1_18' title='bbox 2935 373 3155 444; x_wconf 83' lang='lat' dir='ltr'><strong>audito,</strong></span> <span class='ocrx_word' id='word_1_19' title='bbox 3199 376 3312 431; x_wconf 93' lang='lat' dir='ltr'><strong>ait:</strong></span> <span class='ocrx_word' id='word_1_20' title='bbox 3350 375 3518 431; x_wconf 83' lang='lat' dir='ltr'><strong>Unam</strong></span> <span class='ocrx_word' id='word_1_21' title='bbox 3559 383 3808 448; x_wconf 80' lang='lat' dir='ltr'><strong>operatio~</strong></span> 
     </span>
    </p>
   </div>
   <div class='ocr_carea' id='block_1_4' title="bbox 512 463 2077 556">
    <p class='ocr_par' dir='ltr' id='par_1_4' title="bbox 512 467 2074 556">
     <span class='ocr_line' id='line_1_4' title="bbox 512 467 2074 556; baseline -0.008 -20"><span class='ocrx_word' id='word_1_22' title='bbox 512 475 744 556; x_wconf 75' lang='grc' dir='ltr'><strong>Χριστοῦ</strong></span> <span class='ocrx_word' id='word_1_23' title='bbox 770 469 1120 542; x_wconf 79' lang='grc' dir='ltr'>ὑποστατικὴν</span> <span class='ocrx_word' id='word_1_24' title='bbox 1149 470 1418 552; x_wconf 67' lang='grc' dir='ltr'>ὀφείλομεν</span> <span class='ocrx_word' id='word_1_25' title='bbox 1444 467 1629 546; x_wconf 80' lang='grc' dir='ltr'>λέγειν.</span> <span class='ocrx_word' id='word_1_26' title='bbox 1658 469 1838 525; x_wconf 76' lang='grc' dir='ltr'><strong>ΜΑΞ.</strong></span> <span class='ocrx_word' id='word_1_27' title='bbox 1867 467 2074 538; x_wconf 80' lang='grc' dir='ltr'>Σκοπήο</span> 
     </span>
    </p>
   </div>
   <div class='ocr_carea' id='block_1_5' title="bbox 2226 463 3806 556">
    <p class='ocr_par' dir='ltr' id='par_1_5' title="bbox 2232 463 3806 527">
     <span class='ocr_line' id='line_1_5' title="bbox 2232 463 3806 527; baseline 0.007 -11"><span class='ocrx_word' id='word_1_28' title='bbox 2232 475 2355 517; x_wconf 86' lang='lat' dir='ltr'><strong>r.em</strong></span> <span class='ocrx_word' id='word_1_29' title='bbox 2385 463 2602 519; x_wconf 77' lang='lat' dir='ltr'><strong>Christi</strong></span> <span class='ocrx_word' id='word_1_30' title='bbox 2646 463 3134 520; x_wconf 89' lang='lat' dir='ltr'><strong>subsistentialcm</strong></span> <span class='ocrx_word' id='word_1_31' title='bbox 3169 464 3432 521; x_wconf 81' lang='lat' dir='ltr'><strong>debemus</strong></span> <span class='ocrx_word' id='word_1_32' title='bbox 3465 466 3656 523; x_wconf 78' lang='lat' dir='ltr'><strong>dicere.</strong></span> <span class='ocrx_word' id='word_1_33' title='bbox 3684 473 3806 527; x_wconf 63' lang='lat' dir='ltr'><strong>Max.</strong></span> 
     </span>
    </p>
   </div>
   <div class='ocr_carea' id='block_1_6' title="bbox 513 551 2072 642">
    <p class='ocr_par' dir='ltr' id='par_1_6' title="bbox 513 551 2072 642">
     <span class='ocr_line' id='line_1_6' title="bbox 513 551 2072 642; baseline -0.007 -19"><span class='ocrx_word' id='word_1_34' title='bbox 513 587 685 642; x_wconf 89' lang='grc' dir='ltr'>σωμεν</span> <span class='ocrx_word' id='word_1_35' title='bbox 709 563 768 621; x_wconf 81' lang='grc' dir='ltr'>τὸ</span> <span class='ocrx_word' id='word_1_36' title='bbox 789 560 1088 637; x_wconf 76' lang='grc' dir='ltr'><strong>τικτόμενον</strong></span> <span class='ocrx_word' id='word_1_37' title='bbox 1115 563 1174 618; x_wconf 78' lang='grc' dir='ltr'>ἐκ</span> <span class='ocrx_word' id='word_1_38' title='bbox 1192 558 1376 618; x_wconf 81' lang='grc' dir='ltr'>τούτου</span> <span class='ocrx_word' id='word_1_39' title='bbox 1391 556 1572 630; x_wconf 74' lang='grc' dir='ltr'>κακὸν,</span> <span class='ocrx_word' id='word_1_40' title='bbox 1600 555 1689 614; x_wconf 79' lang='grc' dir='ltr'><strong>καὶ</strong></span> <span class='ocrx_word' id='word_1_41' title='bbox 1712 553 1951 636; x_wconf 79' lang='grc' dir='ltr'><strong>φύγωμεν</strong></span> <span class='ocrx_word' id='word_1_42' title='bbox 1978 551 2072 624; x_wconf 79' lang='grc' dir='ltr'><strong>τὴν</strong></span> 
     </span>
    </p>
   </div>
   <div class='ocr_carea' id='block_1_7' title="bbox 511 645 2072 732">
    <p class='ocr_par' dir='ltr' id='par_1_7' title="bbox 511 645 2072 732">
     <span class='ocr_line' id='line_1_7' title="bbox 511 645 2072 732; baseline -0.006 -22"><span class='ocrx_word' id='word_1_43' title='bbox 511 650 652 725; x_wconf 79' lang='grc' dir='ltr'>ξένην</span> <span class='ocrx_word' id='word_1_44' title='bbox 669 650 857 724; x_wconf 77' lang='grc' dir='ltr'>ταύτην</span> <span class='ocrx_word' id='word_1_45' title='bbox 886 651 1075 732; x_wconf 76' lang='grc' dir='ltr'>φωνήν.</span> <span class='ocrx_word' id='word_1_46' title='bbox 1111 647 1298 709; x_wconf 85' lang='grc' dir='ltr'>Μόνων</span> <span class='ocrx_word' id='word_1_47' title='bbox 1323 646 1422 726; x_wconf 75' lang='grc' dir='ltr'><strong>γὰρ</strong></span> <span class='ocrx_word' id='word_1_48' title='bbox 1452 648 1722 732; x_wconf 72' lang='grc' dir='ltr'>αἱρετικῶν</span> <span class='ocrx_word' id='word_1_49' title='bbox 1760 645 2072 702; x_wconf 79' lang='grc' dir='ltr'>πολυθεουν-</span> 
     </span>
    </p>
   </div>
   <div class='ocr_carea' id='block_1_8' title="bbox 511 731 2073 819">
    <p class='ocr_par' dir='ltr' id='par_1_8' title="bbox 511 731 2073 819">
     <span class='ocr_line' id='line_1_8' title="bbox 511 731 2073 819; baseline -0.007 -19"><span class='ocrx_word' id='word_1_50' title='bbox 511 763 615 800; x_wconf 82' lang='grc' dir='ltr'><strong>των</strong></span> <span class='ocrx_word' id='word_1_51' title='bbox 661 739 814 798; x_wconf 81' lang='grc' dir='ltr'>ἐστίν.</span> <span class='ocrx_word' id='word_1_52' title='bbox 851 731 916 797; x_wconf 67' lang='grc' dir='ltr'><strong>Εἰ</strong></span> <span class='ocrx_word' id='word_1_53' title='bbox 943 736 1038 819; x_wconf 73' lang='grc' dir='ltr'><strong>γὰρ</strong></span> <span class='ocrx_word' id='word_1_54' title='bbox 1082 733 1427 804; x_wconf 79' lang='grc' dir='ltr'>ὑποστατικὴν</span> <span class='ocrx_word' id='word_1_55' title='bbox 1469 731 1689 819; x_wconf 87' lang='grc' dir='ltr'>λέγομεν</span> <span class='ocrx_word' id='word_1_56' title='bbox 1716 738 1810 819; x_wconf 71' lang='grc' dir='ltr'><strong>τοῦ</strong></span> <span class='ocrx_word' id='word_1_57' title='bbox 1845 732 2073 819; x_wconf 71' lang='grc' dir='ltr'>Χριστοῦ</span> 
     </span>
    </p>
   </div>
   <div class='ocr_carea' id='block_1_9' title="bbox 513 816 2073 906">
    <p class='ocr_par' dir='ltr' id='par_1_9' title="bbox 513 816 2073 906">
     <span class='ocr_line' id='line_1_9' title="bbox 513 816 2073 906; baseline -0.007 -19"><span class='ocrx_word' id='word_1_58' title='bbox 513 825 607 898; x_wconf 71' lang='grc' dir='ltr'><strong>τὴν</strong></span> <span class='ocrx_word' id='word_1_59' title='bbox 637 827 755 902; x_wconf 85' lang='grc' dir='ltr'>μίαν</span> <span class='ocrx_word' id='word_1_60' title='bbox 785 816 1054 906; x_wconf 81' lang='grc' dir='ltr'>ἐνέργειαν.</span> <span class='ocrx_word' id='word_1_61' title='bbox 1082 830 1140 884; x_wconf 83' lang='grc' dir='ltr'>οὐ</span> <span class='ocrx_word' id='word_1_62' title='bbox 1165 822 1434 901; x_wconf 77' lang='grc' dir='ltr'>συμϐαίνει</span> <span class='ocrx_word' id='word_1_63' title='bbox 1457 818 1509 879; x_wconf 84' lang='grc' dir='ltr'>δὲ</span> <span class='ocrx_word' id='word_1_64' title='bbox 1533 817 1664 878; x_wconf 74' lang='grc' dir='ltr'>κατὰ</span> <span class='ocrx_word' id='word_1_65' title='bbox 1681 817 1774 889; x_wconf 79' lang='grc' dir='ltr'><strong>τὴν</strong></span> <span class='ocrx_word' id='word_1_66' title='bbox 1794 816 2073 906; x_wconf 77' lang='grc' dir='ltr'><strong>ὑπόστασιν</strong></span> 
     </span>
    </p>
   </div>
   <div class='ocr_carea' id='block_1_10' title="bbox 511 902 2074 996">
    <p class='ocr_par' dir='ltr' id='par_1_10' title="bbox 511 902 2074 996">
     <span class='ocr_line' id='line_1_10' title="bbox 511 902 2074 996; baseline -0.008 -22"><span class='ocrx_word' id='word_1_67' title='bbox 511 919 588 996; x_wconf 77' lang='grc' dir='ltr'><strong>τῷ</strong></span> <span class='ocrx_word' id='word_1_68' title='bbox 620 913 786 996; x_wconf 86' lang='grc' dir='ltr'>Πατρὶ</span> <span class='ocrx_word' id='word_1_69' title='bbox 813 902 900 972; x_wconf 79' lang='grc' dir='ltr'><strong>καὶ</strong></span> <span class='ocrx_word' id='word_1_70' title='bbox 928 915 1190 989; x_wconf 83' lang='grc' dir='ltr'>Πνεύματι</span> <span class='ocrx_word' id='word_1_71' title='bbox 1219 916 1247 970; x_wconf 75' lang='grc' dir='ltr'>ὃ</span> <span class='ocrx_word' id='word_1_72' title='bbox 1275 909 1422 977; x_wconf 75' lang='grc' dir='ltr'>Υἱὸς,</span> <span class='ocrx_word' id='word_1_73' title='bbox 1462 911 1616 996; x_wconf 79' lang='grc' dir='ltr'>δῆλον</span> <span class='ocrx_word' id='word_1_74' title='bbox 1661 907 1742 996; x_wconf 77' lang='grc' dir='ltr'><strong>ὅτι</strong></span> <span class='ocrx_word' id='word_1_75' title='bbox 1762 905 1894 996; x_wconf 60' lang='grc' dir='ltr'><strong>Δοἰξτε</strong></span> <span class='ocrx_word' id='word_1_76' title='bbox 1936 902 2074 964; x_wconf 76' lang='grc' dir='ltr'>κατὰ</span> 
     </span>
    </p>
   </div>
   <div class='ocr_carea' id='block_1_11' title="bbox 515 991 2074 1079">
    <p class='ocr_par' dir='ltr' id='par_1_11' title="bbox 515 991 2074 1079">
     <span class='ocr_line' id='line_1_11' title="bbox 515 991 2074 1079; baseline -0.006 -19"><span class='ocrx_word' id='word_1_77' title='bbox 515 991 610 1072; x_wconf 70' lang='grc' dir='ltr'><strong>τῆν</strong></span> <span class='ocrx_word' id='word_1_78' title='bbox 635 991 982 1070; x_wconf 74' lang='grc' dir='ltr'>ὓποστατικὴν</span> <span class='ocrx_word' id='word_1_79' title='bbox 1009 997 1253 1079; x_wconf 77' lang='grc' dir='ltr'>ἐνέργειαν</span> <span class='ocrx_word' id='word_1_80' title='bbox 1275 1021 1287 1035; x_wconf 94' lang='grc'><strong>·</strong></span> <span class='ocrx_word' id='word_1_81' title='bbox 1319 993 1710 1074; x_wconf 80' lang='grc' dir='ltr'><strong>ἀναγκαζόμεθα</strong></span> <span class='ocrx_word' id='word_1_82' title='bbox 1729 992 1782 1052; x_wconf 85' lang='grc' dir='ltr'>δὲ</span> <span class='ocrx_word' id='word_1_83' title='bbox 1804 991 1979 1072; x_wconf 78' lang='grc' dir='ltr'>ὥσπερ</span> <span class='ocrx_word' id='word_1_84' title='bbox 1997 996 2074 1079; x_wconf 78' lang='grc' dir='ltr'><strong>τῷ</strong></span> 
     </span>
    </p>
   </div>
   <div class='ocr_carea' id='block_1_12' title="bbox 519 1076 2074 1171">
    <p class='ocr_par' dir='ltr' id='par_1_12' title="bbox 519 1076 2074 1171">
     <span class='ocr_line' id='line_1_12' title="bbox 519 1076 2074 1171; baseline -0.008 -22"><span class='ocrx_word' id='word_1_85' title='bbox 519 1089 653 1171; x_wconf 78' lang='grc' dir='ltr'>Υἳῷ,</span> <span class='ocrx_word' id='word_1_86' title='bbox 677 1088 811 1170; x_wconf 75' lang='grc' dir='ltr'>οὕτω</span> <span class='ocrx_word' id='word_1_87' title='bbox 833 1087 921 1148; x_wconf 86' lang='grc' dir='ltr'><strong>καὶ</strong></span> <span class='ocrx_word' id='word_1_88' title='bbox 945 1092 1020 1170; x_wconf 82' lang='grc' dir='ltr'><strong>τῷ</strong></span> <span class='ocrx_word' id='word_1_89' title='bbox 1049 1076 1221 1166; x_wconf 77' lang='grc' dir='ltr'>Πατρὶ</span> <span class='ocrx_word' id='word_1_90' title='bbox 1247 1085 1334 1144; x_wconf 80' lang='grc' dir='ltr'><strong>καὶ</strong></span> <span class='ocrx_word' id='word_1_91' title='bbox 1346 1088 1422 1166; x_wconf 82' lang='grc' dir='ltr'><strong>τῷ</strong></span> <span class='ocrx_word' id='word_1_92' title='bbox 1445 1081 1706 1158; x_wconf 77' lang='grc' dir='ltr'>Πνεόματι</span> <span class='ocrx_word' id='word_1_93' title='bbox 1731 1076 2074 1145; x_wconf 67' lang='grc' dir='ltr'><strong>ὑποστατικὸς</strong></span> 
     </span>
    </p>
   </div>
   <div class='ocr_carea' id='block_1_13' title="bbox 519 1167 2073 1258">
    <p class='ocr_par' dir='ltr' id='par_1_13' title="bbox 519 1167 2073 1258">
     <span class='ocr_line' id='line_1_13' title="bbox 519 1167 2073 1258; baseline -0.008 -21"><span class='ocrx_word' id='word_1_94' title='bbox 519 1167 794 1258; x_wconf 29' lang='grc' dir='ltr'>ἐνεργείας-</span> <span class='ocrx_word' id='word_1_95' title='bbox 815 1167 1091 1253; x_wconf 83' lang='grc' dir='ltr'>ἀπονεῖμαι</span> <span class='ocrx_word' id='word_1_96' title='bbox 1111 1199 1126 1214; x_wconf 80' lang='grc' dir='ltr'><strong><em>ο</em></strong></span> <span class='ocrx_word' id='word_1_97' title='bbox 1176 1176 1288 1234; x_wconf 81' lang='grc' dir='ltr'>καθ’</span> <span class='ocrx_word' id='word_1_98' title='bbox 1320 1177 1476 1249; x_wconf 74' lang='grc' dir='ltr'>ὑμᾶς,</span> <span class='ocrx_word' id='word_1_99' title='bbox 1520 1169 1776 1258; x_wconf 57' lang='grc' dir='ltr'>τέσσαρας</span> <span class='ocrx_word' id='word_1_100' title='bbox 1825 1167 2073 1258; x_wconf 63' lang='grc' dir='ltr'>ἐνεργείας</span> 
     </span>
    </p>
   </div>
   <div class='ocr_carea' id='block_1_14' title="bbox 515 1256 2075 1346">
    <p class='ocr_par' dir='ltr' id='par_1_14' title="bbox 515 1256 2075 1346">
     <span class='ocr_line' id='line_1_14' title="bbox 515 1256 2075 1346; baseline -0.009 -22"><span class='ocrx_word' id='word_1_101' title='bbox 515 1256 614 1333; x_wconf 69' lang='grc' dir='ltr'>ἔξει</span> <span class='ocrx_word' id='word_1_102' title='bbox 641 1265 870 1346; x_wconf 87' lang='grc' dir='ltr'>μακαρία</span> <span class='ocrx_word' id='word_1_103' title='bbox 895 1262 1095 1336; x_wconf 86' lang='grc' dir='ltr'>Θεότης·</span> <span class='ocrx_word' id='word_1_104' title='bbox 1135 1267 1270 1344; x_wconf 83' lang='grc' dir='ltr'>τρεῖς</span> <span class='ocrx_word' id='word_1_105' title='bbox 1298 1256 1626 1346; x_wconf 73' lang='grc' dir='ltr'>ἀφοριστικόις</span> <span class='ocrx_word' id='word_1_106' title='bbox 1655 1260 1758 1315; x_wconf 79' lang='grc' dir='ltr'><strong>τῶν</strong></span> <span class='ocrx_word' id='word_1_107' title='bbox 1787 1258 1838 1313; x_wconf 81' lang='grc' dir='ltr'>ἐν</span> <span class='ocrx_word' id='word_1_108' title='bbox 1860 1256 1936 1346; x_wconf 74' lang='grc' dir='ltr'>οἷς</span> <span class='ocrx_word' id='word_1_109' title='bbox 1965 1257 2075 1346; x_wconf 51' lang='grc' dir='ltr'>ἐστι</span> 
     </span>
    </p>
   </div>
   <div class='ocr_carea' id='block_1_15' title="bbox 513 1340 2073 1433">
    <p class='ocr_par' dir='ltr' id='par_1_15' title="bbox 513 1340 2073 1433">
     <span class='ocr_line' id='line_1_15' title="bbox 513 1340 2073 1433; baseline -0.008 -21"><span class='ocrx_word' id='word_1_110' title='bbox 513 1340 826 1433; x_wconf 76' lang='grc' dir='ltr'>προσώπων,</span> <span class='ocrx_word' id='word_1_111' title='bbox 859 1353 946 1412; x_wconf 79' lang='grc' dir='ltr'>καὶ</span> <span class='ocrx_word' id='word_1_112' title='bbox 972 1351 1091 1430; x_wconf 90' lang='grc' dir='ltr'>μίαν</span> <span class='ocrx_word' id='word_1_113' title='bbox 1119 1340 1291 1420; x_wconf 80' lang='grc' dir='ltr'>κοινὴν</span> <span class='ocrx_word' id='word_1_114' title='bbox 1319 1344 1640 1425; x_wconf 74' lang='grc' dir='ltr'>σημαντικὴν</span> <span class='ocrx_word' id='word_1_115' title='bbox 1657 1349 1750 1415; x_wconf 84' lang='grc' dir='ltr'><strong>τῆς</strong></span> <span class='ocrx_word' id='word_1_116' title='bbox 1769 1340 1906 1433; x_wconf 65' lang='grc' dir='ltr'>κατᾲ</span> <span class='ocrx_word' id='word_1_117' title='bbox 1927 1340 2073 1433; x_wconf 39' lang='lat' dir='ltr'><strong>etim</strong></span> 
     </span>
    </p>
   </div>
   <div class='ocr_carea' id='block_1_16' title="bbox 513 1427 2077 1522">
    <p class='ocr_par' dir='ltr' id='par_1_16' title="bbox 513 1427 2077 1522">
     <span class='ocr_line' id='line_1_16' title="bbox 513 1427 2077 1522; baseline -0.01 -21"><span class='ocrx_word' id='word_1_118' title='bbox 513 1427 618 1500; x_wconf 66' lang='grc' dir='ltr'>τιῖῦν</span> <span class='ocrx_word' id='word_1_119' title='bbox 641 1444 795 1522; x_wconf 84' lang='grc' dir='ltr'>τριῶν</span> <span class='ocrx_word' id='word_1_120' title='bbox 813 1427 1145 1499; x_wconf 76' lang='grc' dir='ltr'>ὑποστάσεων</span> <span class='ocrx_word' id='word_1_121' title='bbox 1171 1435 1484 1507; x_wconf 77' lang='grc' dir='ltr'>κοινότητοςο</span> <span class='ocrx_word' id='word_1_122' title='bbox 1525 1434 1630 1492; x_wconf 79' lang='grc' dir='ltr'>Καὶ</span> <span class='ocrx_word' id='word_1_123' title='bbox 1661 1429 1798 1490; x_wconf 77' lang='grc' dir='ltr'>κατὰ</span> <span class='ocrx_word' id='word_1_124' title='bbox 1815 1427 1933 1495; x_wconf 75' lang='grc' dir='ltr'>τοὺς</span> <span class='ocrx_word' id='word_1_125' title='bbox 1963 1431 2077 1488; x_wconf 85' lang='grc' dir='ltr'><strong>Πα·</strong></span> 
     </span>
    </p>
   </div>
   <div class='ocr_carea' id='block_1_17' title="bbox 515 1518 2073 1608">
    <p class='ocr_par' dir='ltr' id='par_1_17' title="bbox 515 1518 2073 1608">
     <span class='ocr_line' id='line_1_17' title="bbox 515 1518 2073 1608; baseline -0.008 -22"><span class='ocrx_word' id='word_1_126' title='bbox 515 1518 689 1606; x_wconf 69' lang='grc' dir='ltr'>τέρας,</span> <span class='ocrx_word' id='word_1_127' title='bbox 722 1525 864 1608; x_wconf 84' lang='grc' dir='ltr'>εἴπερ</span> <span class='ocrx_word' id='word_1_128' title='bbox 891 1530 1056 1586; x_wconf 79' lang='grc' dir='ltr'>αὐτῶν</span> <span class='ocrx_word' id='word_1_129' title='bbox 1087 1523 1342 1605; x_wconf 82' lang='grc' dir='ltr'>δεχόμεθα</span> <span class='ocrx_word' id='word_1_130' title='bbox 1377 1519 1470 1592; x_wconf 79' lang='grc' dir='ltr'><strong>τὴν</strong></span> <span class='ocrx_word' id='word_1_131' title='bbox 1497 1518 1851 1586; x_wconf 82' lang='grc' dir='ltr'>διδασκαλίαν,</span> <span class='ocrx_word' id='word_1_132' title='bbox 1885 1540 2073 1608; x_wconf 80' lang='grc' dir='ltr'>τετρα-</span> 
     </span>
    </p>
   </div>
   <div class='ocr_carea' id='block_1_18' title="bbox 515 1602 2076 1692">
    <p class='ocr_par' dir='ltr' id='par_1_18' title="bbox 515 1602 2076 1692">
     <span class='ocr_line' id='line_1_18' title="bbox 515 1602 2076 1692; baseline -0.008 -18"><span class='ocrx_word' id='word_1_133' title='bbox 515 1602 653 1674; x_wconf 74' lang='grc' dir='ltr'>θείαν</span> <span class='ocrx_word' id='word_1_134' title='bbox 674 1602 981 1692; x_wconf 80' lang='grc' dir='ltr'>νοσήσομεν.</span> <span class='ocrx_word' id='word_1_135' title='bbox 1028 1602 1267 1683; x_wconf 78' lang='grc' dir='ltr'>Φυσικὴν</span> <span class='ocrx_word' id='word_1_136' title='bbox 1297 1609 1417 1691; x_wconf 76' lang='grc' dir='ltr'>γὰρ,</span> <span class='ocrx_word' id='word_1_137' title='bbox 1454 1610 1570 1668; x_wconf 84' lang='grc' dir='ltr'>ἀλλ’</span> <span class='ocrx_word' id='word_1_138' title='bbox 1601 1611 1702 1686; x_wconf 75' lang='grc' dir='ltr'>οὐχ</span> <span class='ocrx_word' id='word_1_139' title='bbox 1727 1602 2076 1692; x_wconf 75' lang='grc' dir='ltr'>ὕποστατικὴν</span> 
     </span>
    </p>
   </div>
   <div class='ocr_carea' id='block_1_19' title="bbox 514 1691 2075 1782">
    <p class='ocr_par' dir='ltr' id='par_1_19' title="bbox 514 1691 2075 1782">
     <span class='ocr_line' id='line_1_19' title="bbox 514 1691 2075 1782; baseline -0.008 -20"><span class='ocrx_word' id='word_1_140' title='bbox 514 1711 684 1762; x_wconf 74' lang='grc' dir='ltr'>πᾶσαν</span> <span class='ocrx_word' id='word_1_141' title='bbox 711 1693 837 1762; x_wconf 69' lang='grc' dir='ltr'>εἶναι</span> <span class='ocrx_word' id='word_1_142' title='bbox 866 1691 1244 1782; x_wconf 79' lang='grc' dir='ltr'>διαγορεύουσιν</span> <span class='ocrx_word' id='word_1_143' title='bbox 1271 1697 1520 1778; x_wconf 79' lang='grc' dir='ltr'>ἐνέργειαν</span> <span class='ocrx_word' id='word_1_144' title='bbox 1560 1696 1668 1782; x_wconf 79' lang='grc' dir='ltr'><strong>Καὶ</strong></span> <span class='ocrx_word' id='word_1_145' title='bbox 1688 1697 1733 1754; x_wconf 78' lang='grc' dir='ltr'><strong>εἰ</strong></span> <span class='ocrx_word' id='word_1_146' title='bbox 1759 1699 1910 1782; x_wconf 74' lang='grc' dir='ltr'>τοῦτο</span> <span class='ocrx_word' id='word_1_147' title='bbox 1937 1691 2075 1750; x_wconf 82' lang='grc' dir='ltr'>ἔστιν</span> 
     </span>
    </p>
   </div>
   <div class='ocr_carea' id='block_1_20' title="bbox 2223 553 3812 628">
    <p class='ocr_par' dir='ltr' id='par_1_20' title="bbox 2223 553 3812 628">
     <span class='ocr_line' id='line_1_20' title="bbox 2223 553 3812 628; baseline 0.006 -22"><span class='ocrx_word' id='word_1_148' title='bbox 2223 553 2604 622; x_wconf 82' lang='lat' dir='ltr'><strong>Inspiciamus</strong></span> <span class='ocrx_word' id='word_1_149' title='bbox 2619 553 2826 609; x_wconf 88' lang='lat' dir='ltr'><strong>malum</strong></span> <span class='ocrx_word' id='word_1_150' title='bbox 2844 554 2993 624; x_wconf 89' lang='lat' dir='ltr'><strong>quod</strong></span> <span class='ocrx_word' id='word_1_151' title='bbox 3009 568 3075 608; x_wconf 85' lang='lat' dir='ltr'><strong>ex</strong></span> <span class='ocrx_word' id='word_1_152' title='bbox 3093 554 3195 608; x_wconf 90' lang='lat' dir='ltr'><strong>hoc</strong></span> <span class='ocrx_word' id='word_1_153' title='bbox 3207 555 3486 626; x_wconf 75' lang='lat' dir='ltr'><strong>gignetur,</strong></span> <span class='ocrx_word' id='word_1_154' title='bbox 3503 555 3812 628; x_wconf 83' lang='lat' dir='ltr'><strong>etfugiamus</strong></span> 
     </span>
    </p>
   </div>
   <div class='ocr_carea' id='block_1_21' title="bbox 2222 643 3812 704">
    <p class='ocr_par' dir='ltr' id='par_1_21' title="bbox 2222 643 3812 704">
     <span class='ocr_line' id='line_1_21' title="bbox 2222 643 3812 704; baseline 0.005 -9"><span class='ocrx_word' id='word_1_155' title='bbox 2222 646 2510 696; x_wconf 78' lang='lat' dir='ltr'><strong>externam</strong></span> <span class='ocrx_word' id='word_1_156' title='bbox 2545 643 2687 698; x_wconf 89' lang='lat' dir='ltr'><strong>hanc</strong></span> <span class='ocrx_word' id='word_1_157' title='bbox 2736 657 2962 699; x_wconf 90' lang='lat' dir='ltr'><strong>vocem:</strong></span> <span class='ocrx_word' id='word_1_158' title='bbox 3010 643 3401 698; x_wconf 64' lang='lat' dir='ltr'><strong>haereticorum</strong></span> <span class='ocrx_word' id='word_1_159' title='bbox 3427 645 3570 699; x_wconf 91' lang='lat' dir='ltr'><strong>enim</strong></span> <span class='ocrx_word' id='word_1_160' title='bbox 3602 653 3677 701; x_wconf 89' lang='lat' dir='ltr'><strong>est</strong></span> <span class='ocrx_word' id='word_1_161' title='bbox 3704 653 3812 704; x_wconf 88' lang='lat' dir='ltr'><strong>tan-</strong></span> 
     </span>
    </p>
   </div>
   <div class='ocr_carea' id='block_1_22' title="bbox 2225 731 3813 800">
    <p class='ocr_par' dir='ltr' id='par_1_22' title="bbox 2225 731 3813 800">
     <span class='ocr_line' id='line_1_22' title="bbox 2225 731 3813 800; baseline 0.004 -15"><span class='ocrx_word' id='word_1_162' title='bbox 2225 735 2343 786; x_wconf 91' lang='lat' dir='ltr'><strong>tum</strong></span> <span class='ocrx_word' id='word_1_163' title='bbox 2375 731 2472 800; x_wconf 86' lang='lat' dir='ltr'><strong>qui</strong></span> <span class='ocrx_word' id='word_1_164' title='bbox 2509 732 2743 786; x_wconf 89' lang='lat' dir='ltr'><strong>deorum</strong></span> <span class='ocrx_word' id='word_1_165' title='bbox 2777 732 3205 787; x_wconf 86' lang='lat' dir='ltr'><strong>multitudinem</strong></span> <span class='ocrx_word' id='word_1_166' title='bbox 3228 731 3440 787; x_wconf 91' lang='lat' dir='ltr'><strong>colunt.</strong></span> <span class='ocrx_word' id='word_1_167' title='bbox 3473 732 3526 787; x_wconf 93' lang='lat' dir='ltr'><strong>Si</strong></span> <span class='ocrx_word' id='word_1_168' title='bbox 3550 733 3686 788; x_wconf 89' lang='lat' dir='ltr'><strong>enim</strong></span> <span class='ocrx_word' id='word_1_169' title='bbox 3709 736 3813 790; x_wconf 89' lang='lat' dir='ltr'><strong>sub-</strong></span> 
     </span>
    </p>
   </div>
   <div class='ocr_carea' id='block_1_23' title="bbox 2224 819 3811 895">
    <p class='ocr_par' dir='ltr' id='par_1_23' title="bbox 2224 819 3811 895">
     <span class='ocr_line' id='line_1_23' title="bbox 2224 819 3811 895; baseline 0.003 -19"><span class='ocrx_word' id='word_1_170' title='bbox 2224 819 2600 876; x_wconf 89' lang='lat' dir='ltr'><strong>sistentialem</strong></span> <span class='ocrx_word' id='word_1_171' title='bbox 2648 821 2863 876; x_wconf 86' lang='lat' dir='ltr'><strong>Christi</strong></span> <span class='ocrx_word' id='word_1_172' title='bbox 2897 821 3217 877; x_wconf 85' lang='lat' dir='ltr'><strong>dixerimus</strong></span> <span class='ocrx_word' id='word_1_173' title='bbox 3248 835 3416 877; x_wconf 92' lang='lat' dir='ltr'><strong>unam</strong></span> <span class='ocrx_word' id='word_1_174' title='bbox 3455 823 3811 895; x_wconf 76' lang='lat' dir='ltr'><strong>operationem,</strong></span> 
     </span>
    </p>
   </div>
   <div class='ocr_carea' id='block_1_24' title="bbox 2222 910 3813 981">
    <p class='ocr_par' dir='ltr' id='par_1_24' title="bbox 2222 910 3813 981">
     <span class='ocr_line' id='line_1_24' title="bbox 2222 910 3813 981; baseline 0.004 -17"><span class='ocrx_word' id='word_1_175' title='bbox 2222 923 2350 965; x_wconf 91' lang='lat' dir='ltr'><strong>cum</strong></span> <span class='ocrx_word' id='word_1_176' title='bbox 2371 923 2480 965; x_wconf 92' lang='lat' dir='ltr'><strong>non</strong></span> <span class='ocrx_word' id='word_1_177' title='bbox 2513 914 2742 980; x_wconf 90' lang='lat' dir='ltr'><strong>aptetur</strong></span> <span class='ocrx_word' id='word_1_178' title='bbox 2763 910 3078 981; x_wconf 84' lang='lat' dir='ltr'><strong>aliquando</strong></span> <span class='ocrx_word' id='word_1_179' title='bbox 3095 910 3302 966; x_wconf 81' lang='lat' dir='ltr'><strong>secund</strong></span> <span class='ocrx_word' id='word_1_180' title='bbox 3316 925 3403 966; x_wconf 90' lang='lat' dir='ltr'><strong>um</strong></span> <span class='ocrx_word' id='word_1_181' title='bbox 3431 910 3813 970; x_wconf 85' lang='lat' dir='ltr'><strong>subsistentiam</strong></span> 
     </span>
    </p>
   </div>
   <div class='ocr_carea' id='block_1_25' title="bbox 2223 999 3817 1069">
    <p class='ocr_par' dir='ltr' id='par_1_25' title="bbox 2223 999 3817 1069">
     <span class='ocr_line' id='line_1_25' title="bbox 2223 999 3817 1069; baseline 0.003 -16"><span class='ocrx_word' id='word_1_182' title='bbox 2223 999 2374 1054; x_wconf 85' lang='lat' dir='ltr'><strong>Patri</strong></span> <span class='ocrx_word' id='word_1_183' title='bbox 2393 1003 2450 1054; x_wconf 89' lang='lat' dir='ltr'><strong>et</strong></span> <span class='ocrx_word' id='word_1_184' title='bbox 2464 999 2710 1069; x_wconf 89' lang='lat' dir='ltr'><strong>Spiritui</strong></span> <span class='ocrx_word' id='word_1_185' title='bbox 2731 999 2936 1066; x_wconf 84' lang='lat' dir='ltr'><strong>Filius,</strong></span> <span class='ocrx_word' id='word_1_186' title='bbox 2957 1000 3107 1055; x_wconf 88' lang='lat' dir='ltr'><strong>haud</strong></span> <span class='ocrx_word' id='word_1_187' title='bbox 3129 999 3372 1056; x_wconf 91' lang='lat' dir='ltr'><strong>dubium</strong></span> <span class='ocrx_word' id='word_1_188' title='bbox 3391 1000 3527 1069; x_wconf 90' lang='lat' dir='ltr'><strong>quin</strong></span> <span class='ocrx_word' id='word_1_189' title='bbox 3545 1014 3638 1055; x_wconf 91' lang='lat' dir='ltr'><strong>nec</strong></span> <span class='ocrx_word' id='word_1_190' title='bbox 3656 1015 3817 1058; x_wconf 88' lang='lat' dir='ltr'><strong>secun-</strong></span> 
     </span>
    </p>
   </div>
   <div class='ocr_carea' id='block_1_26' title="bbox 2222 1087 3816 1160">
    <p class='ocr_par' dir='ltr' id='par_1_26' title="bbox 2222 1087 3816 1160">
     <span class='ocr_line' id='line_1_26' title="bbox 2222 1087 3816 1160; baseline 0.003 -18"><span class='ocrx_word' id='word_1_191' title='bbox 2222 1087 2358 1143; x_wconf 92' lang='lat' dir='ltr'><strong>dum</strong></span> <span class='ocrx_word' id='word_1_192' title='bbox 2391 1087 2882 1144; x_wconf 89' lang='lat' dir='ltr'><strong>subsistentialem</strong></span> <span class='ocrx_word' id='word_1_193' title='bbox 2912 1088 3331 1158; x_wconf 90' lang='lat' dir='ltr'><strong>operationem:</strong></span> <span class='ocrx_word' id='word_1_194' title='bbox 3365 1102 3620 1160; x_wconf 83' lang='lat' dir='ltr'><strong>cogemur</strong></span> <span class='ocrx_word' id='word_1_195' title='bbox 3647 1104 3816 1158; x_wconf 87' lang='lat' dir='ltr'><strong>quem-</strong></span> 
     </span>
    </p>
   </div>
   <div class='ocr_carea' id='block_1_27' title="bbox 2223 1177 3817 1247">
    <p class='ocr_par' dir='ltr' id='par_1_27' title="bbox 2223 1177 3817 1247">
     <span class='ocr_line' id='line_1_27' title="bbox 2223 1177 3817 1247; baseline 0.003 -15"><span class='ocrx_word' id='word_1_196' title='bbox 2223 1177 2529 1234; x_wconf 87' lang='lat' dir='ltr'><strong>admodum</strong></span> <span class='ocrx_word' id='word_1_197' title='bbox 2569 1177 2735 1247; x_wconf 87' lang='lat' dir='ltr'><strong>Filio,</strong></span> <span class='ocrx_word' id='word_1_198' title='bbox 2773 1178 2850 1233; x_wconf 78' lang='lat' dir='ltr'><strong>ita</strong></span> <span class='ocrx_word' id='word_1_199' title='bbox 2879 1184 2937 1234; x_wconf 91' lang='lat' dir='ltr'><strong>et</strong></span> <span class='ocrx_word' id='word_1_200' title='bbox 2969 1177 3119 1233; x_wconf 90' lang='lat' dir='ltr'><strong>Patri</strong></span> <span class='ocrx_word' id='word_1_201' title='bbox 3163 1183 3220 1234; x_wconf 92' lang='lat' dir='ltr'><strong>et</strong></span> <span class='ocrx_word' id='word_1_202' title='bbox 3263 1178 3504 1247; x_wconf 87' lang='lat' dir='ltr'><strong>Spiritui</strong></span> <span class='ocrx_word' id='word_1_203' title='bbox 3536 1179 3817 1236; x_wconf 86' lang='lat' dir='ltr'><strong>subsisten-</strong></span> 
     </span>
    </p>
   </div>
   <div class='ocr_carea' id='block_1_28' title="bbox 2226 1267 3817 1339">
    <p class='ocr_par' dir='ltr' id='par_1_28' title="bbox 2226 1267 3817 1339">
     <span class='ocr_line' id='line_1_28' title="bbox 2226 1267 3817 1339; baseline 0.002 -17"><span class='ocrx_word' id='word_1_204' title='bbox 2226 1267 2394 1322; x_wconf 90' lang='lat' dir='ltr'><strong>tiales</strong></span> <span class='ocrx_word' id='word_1_205' title='bbox 2419 1269 2778 1336; x_wconf 88' lang='lat' dir='ltr'><strong>operationes</strong></span> <span class='ocrx_word' id='word_1_206' title='bbox 2809 1267 3100 1323; x_wconf 87' lang='lat' dir='ltr'><strong>tribuere:</strong></span> <span class='ocrx_word' id='word_1_207' title='bbox 3135 1272 3210 1333; x_wconf 86' lang='lat' dir='ltr'><strong>et,</strong></span> <span class='ocrx_word' id='word_1_208' title='bbox 3245 1267 3551 1323; x_wconf 89' lang='lat' dir='ltr'><strong>secundum</strong></span> <span class='ocrx_word' id='word_1_209' title='bbox 3575 1281 3681 1336; x_wconf 84' lang='lat' dir='ltr'><strong>vos,</strong></span> <span class='ocrx_word' id='word_1_210' title='bbox 3710 1282 3817 1339; x_wconf 87' lang='lat' dir='ltr'><strong>qua-</strong></span> 
     </span>
    </p>
   </div>
   <div class='ocr_carea' id='block_1_29' title="bbox 2225 1356 3818 1429">
    <p class='ocr_par' dir='ltr' id='par_1_29' title="bbox 2225 1356 3818 1429">
     <span class='ocr_line' id='line_1_29' title="bbox 2225 1356 3818 1429; baseline 0.001 -18"><span class='ocrx_word' id='word_1_211' title='bbox 2225 1360 2358 1412; x_wconf 90' lang='lat' dir='ltr'><strong>tuor</strong></span> <span class='ocrx_word' id='word_1_212' title='bbox 2381 1357 2743 1426; x_wconf 88' lang='lat' dir='ltr'><strong>operationes</strong></span> <span class='ocrx_word' id='word_1_213' title='bbox 2773 1356 3004 1412; x_wconf 90' lang='lat' dir='ltr'><strong>habebit</strong></span> <span class='ocrx_word' id='word_1_214' title='bbox 3030 1356 3190 1412; x_wconf 89' lang='lat' dir='ltr'><strong>beata</strong></span> <span class='ocrx_word' id='word_1_215' title='bbox 3221 1356 3516 1416; x_wconf 77' lang='lat' dir='ltr'><strong>divinitas.</strong></span> <span class='ocrx_word' id='word_1_216' title='bbox 3543 1361 3650 1411; x_wconf 66' lang='lat' dir='ltr'><strong>tre;</strong></span> <span class='ocrx_word' id='word_1_217' title='bbox 3670 1370 3818 1429; x_wconf 80' lang='lat' dir='ltr'><strong>segre-</strong></span> 
     </span>
    </p>
   </div>
   <div class='ocr_carea' id='block_1_30' title="bbox 2227 1445 3818 1516">
    <p class='ocr_par' dir='ltr' id='par_1_30' title="bbox 2227 1445 3818 1516">
     <span class='ocr_line' id='line_1_30' title="bbox 2227 1445 3818 1516; baseline 0.001 -17"><span class='ocrx_word' id='word_1_218' title='bbox 2227 1445 2476 1515; x_wconf 81' lang='lat' dir='ltr'><strong>grativas</strong></span> <span class='ocrx_word' id='word_1_219' title='bbox 2505 1458 2872 1514; x_wconf 88' lang='lat' dir='ltr'><strong>personarum</strong></span> <span class='ocrx_word' id='word_1_220' title='bbox 2899 1446 2955 1500; x_wconf 94' lang='lat' dir='ltr'><strong>in</strong></span> <span class='ocrx_word' id='word_1_221' title='bbox 2976 1445 3188 1516; x_wconf 89' lang='lat' dir='ltr'><strong>quibus</strong></span> <span class='ocrx_word' id='word_1_222' title='bbox 3208 1449 3312 1513; x_wconf 86' lang='lat' dir='ltr'><strong>est.</strong></span> <span class='ocrx_word' id='word_1_223' title='bbox 3336 1450 3391 1500; x_wconf 93' lang='lat' dir='ltr'><strong>et</strong></span> <span class='ocrx_word' id='word_1_224' title='bbox 3417 1458 3576 1500; x_wconf 87' lang='lat' dir='ltr'><strong>unam</strong></span> <span class='ocrx_word' id='word_1_225' title='bbox 3597 1458 3818 1501; x_wconf 58' lang='lat' dir='ltr'><strong>commu—v</strong></span> 
     </span>
    </p>
   </div>
   <div class='ocr_carea' id='block_1_31' title="bbox 2229 1533 3819 1604">
    <p class='ocr_par' dir='ltr' id='par_1_31' title="bbox 2229 1533 3819 1604">
     <span class='ocr_line' id='line_1_31' title="bbox 2229 1533 3819 1604; baseline 0.001 -17"><span class='ocrx_word' id='word_1_226' title='bbox 2229 1546 2353 1588; x_wconf 90' lang='lat' dir='ltr'><strong>nem</strong></span> <span class='ocrx_word' id='word_1_227' title='bbox 2385 1534 2823 1604; x_wconf 81' lang='lat' dir='ltr'><strong>signiﬁcativam</strong></span> <span class='ocrx_word' id='word_1_228' title='bbox 2851 1533 3145 1589; x_wconf 87' lang='lat' dir='ltr'><strong>societatis</strong></span> <span class='ocrx_word' id='word_1_229' title='bbox 3167 1547 3294 1603; x_wconf 69' lang='lat' dir='ltr'><strong>quae</strong></span> <span class='ocrx_word' id='word_1_230' title='bbox 3321 1538 3408 1588; x_wconf 89' lang='lat' dir='ltr'><strong>est</strong></span> <span class='ocrx_word' id='word_1_231' title='bbox 3435 1533 3719 1588; x_wconf 88' lang='lat' dir='ltr'><strong>secundum</strong></span> <span class='ocrx_word' id='word_1_232' title='bbox 3745 1547 3819 1588; x_wconf 87' lang='lat' dir='ltr'><strong>na-</strong></span> 
     </span>
    </p>
   </div>
   <div class='ocr_carea' id='block_1_32' title="bbox 2228 1621 3812 1692">
    <p class='ocr_par' dir='ltr' id='par_1_32' title="bbox 2228 1621 3812 1692">
     <span class='ocr_line' id='line_1_32' title="bbox 2228 1621 3812 1692; baseline 0.001 -16"><span class='ocrx_word' id='word_1_233' title='bbox 2228 1625 2415 1677; x_wconf 89' lang='lat' dir='ltr'><strong>turam</strong></span> <span class='ocrx_word' id='word_1_234' title='bbox 2439 1623 2614 1678; x_wconf 92' lang='lat' dir='ltr'><strong>trium</strong></span> <span class='ocrx_word' id='word_1_235' title='bbox 2652 1622 3156 1679; x_wconf 90' lang='lat' dir='ltr'><strong>subsistentiarum</strong></span> <span class='ocrx_word' id='word_1_236' title='bbox 3177 1641 3188 1675; x_wconf 94' lang='lat'><strong>:</strong></span> <span class='ocrx_word' id='word_1_237' title='bbox 3211 1627 3288 1690; x_wconf 90' lang='lat' dir='ltr'><strong>et,</strong></span> <span class='ocrx_word' id='word_1_238' title='bbox 3313 1621 3610 1679; x_wconf 89' lang='lat' dir='ltr'><strong>secundum</strong></span> <span class='ocrx_word' id='word_1_239' title='bbox 3642 1623 3812 1692; x_wconf 82' lang='lat' dir='ltr'><strong>Patres,</strong></span> 
     </span>
    </p>
   </div>
   <div class='ocr_carea' id='block_1_33' title="bbox 2148 1709 3818 1782">
    <p class='ocr_par' dir='ltr' id='par_1_33' title="bbox 2148 1709 3818 1782">
     <span class='ocr_line' id='line_1_33' title="bbox 2148 1709 3818 1782; baseline 0 -15"><span class='ocrx_word' id='word_1_240' title='bbox 2148 1709 2198 1768; x_wconf 90' lang='lat' dir='ltr'>B</span> <span class='ocrx_word' id='word_1_241' title='bbox 2231 1711 2280 1766; x_wconf 92' lang='lat' dir='ltr'><strong>si</strong></span> <span class='ocrx_word' id='word_1_242' title='bbox 2307 1712 2588 1767; x_wconf 81' lang='lat' dir='ltr'><strong>duntaxat</strong></span> <span class='ocrx_word' id='word_1_243' title='bbox 2608 1725 2802 1767; x_wconf 89' lang='lat' dir='ltr'><strong>eorum</strong></span> <span class='ocrx_word' id='word_1_244' title='bbox 2833 1713 3153 1768; x_wconf 88' lang='lat' dir='ltr'><strong>doctrinam</strong></span> <span class='ocrx_word' id='word_1_245' title='bbox 3182 1712 3511 1781; x_wconf 85' lang='lat' dir='ltr'><strong>recipimus,</strong></span> <span class='ocrx_word' id='word_1_246' title='bbox 3535 1711 3818 1782; x_wconf 86' lang='lat' dir='ltr'><strong>quadriper-</strong></span> 
     </span>
    </p>
   </div>
   <div class='ocr_carea' id='block_1_34' title="bbox 515 1778 2077 1866">
    <p class='ocr_par' dir='ltr' id='par_1_34' title="bbox 515 1778 2077 1866">
     <span class='ocr_line' id='line_1_34' title="bbox 515 1778 2077 1866; baseline -0.009 -17"><span class='ocrx_word' id='word_1_247' title='bbox 515 1790 740 1861; x_wconf 79' lang='grc' dir='ltr'>ἀληθῶς,</span> <span class='ocrx_word' id='word_1_248' title='bbox 771 1793 842 1856; x_wconf 82' lang='grc' dir='ltr'>ὣς</span> <span class='ocrx_word' id='word_1_249' title='bbox 881 1778 969 1848; x_wconf 71' lang='grc' dir='ltr'><strong>οὖν</strong></span> <span class='ocrx_word' id='word_1_250' title='bbox 993 1778 1084 1848; x_wconf 74' lang='grc' dir='ltr'><strong>καὶ</strong></span> <span class='ocrx_word' id='word_1_251' title='bbox 1121 1787 1257 1858; x_wconf 84' lang='grc' dir='ltr'>ἔστι,</span> <span class='ocrx_word' id='word_1_252' title='bbox 1299 1784 1550 1866; x_wconf 86' lang='grc' dir='ltr'>τέσσαρας</span> <span class='ocrx_word' id='word_1_253' title='bbox 1588 1780 1781 1864; x_wconf 82' lang='grc' dir='ltr'>φύσεις,</span> <span class='ocrx_word' id='word_1_254' title='bbox 1823 1778 2077 1856; x_wconf 87' lang='grc' dir='ltr'>τέσσαρας</span> 
     </span>
    </p>
   </div>
   <div class='ocr_carea' id='block_1_35' title="bbox 516 1869 2078 1959">
    <p class='ocr_par' dir='ltr' id='par_1_35' title="bbox 516 1869 2078 1959">
     <span class='ocr_line' id='line_1_35' title="bbox 516 1869 2078 1959; baseline -0.011 -18"><span class='ocrx_word' id='word_1_255' title='bbox 516 1874 677 1945; x_wconf 66' lang='grc' dir='ltr'>θεοὺς,</span> <span class='ocrx_word' id='word_1_256' title='bbox 708 1875 1029 1959; x_wconf 80' lang='grc' dir='ltr'>διαφέροντας</span> <span class='ocrx_word' id='word_1_257' title='bbox 1059 1876 1300 1947; x_wconf 81' lang='grc' dir='ltr'>ἀλλήλων</span> <span class='ocrx_word' id='word_1_258' title='bbox 1327 1872 1606 1959; x_wconf 58' lang='grc' dir='ltr'>ὓποστάσει</span> <span class='ocrx_word' id='word_1_259' title='bbox 1627 1895 1685 1930; x_wconf 87' lang='grc' dir='ltr'><strong>τε</strong></span> <span class='ocrx_word' id='word_1_260' title='bbox 1710 1869 1799 1959; x_wconf 68' lang='grc' dir='ltr'><strong>καὶ</strong></span> <span class='ocrx_word' id='word_1_261' title='bbox 1813 1869 2078 1959; x_wconf 49' lang='grc' dir='ltr'>φύσειδεῖ-</span> 
     </span>
    </p>
   </div>
   <div class='ocr_carea' id='block_1_36' title="bbox 515 1951 2077 2044">
    <p class='ocr_par' dir='ltr' id='par_1_36' title="bbox 515 1951 2077 2044">
     <span class='ocr_line' id='line_1_36' title="bbox 515 1951 2077 2044; baseline -0.008 -20"><span class='ocrx_word' id='word_1_262' title='bbox 515 1951 816 2044; x_wconf 72' lang='grc' dir='ltr'>χθησόμεθά</span> <span class='ocrx_word' id='word_1_263' title='bbox 839 1951 1096 2043; x_wconf 77' lang='grc' dir='ltr'>λέγοντες.</span> <span class='ocrx_word' id='word_1_264' title='bbox 1123 1960 1292 2034; x_wconf 82' lang='grc' dir='ltr'>Πλὴν,</span> <span class='ocrx_word' id='word_1_265' title='bbox 1321 1959 1399 2026; x_wconf 84' lang='grc' dir='ltr'><strong>τίς</strong></span> <span class='ocrx_word' id='word_1_266' title='bbox 1424 1951 1550 2018; x_wconf 72' lang='grc' dir='ltr'>εἶδεν</span> <span class='ocrx_word' id='word_1_267' title='bbox 1575 1957 1611 2029; x_wconf 77' lang='grc' dir='ltr'>ἢ</span> <span class='ocrx_word' id='word_1_268' title='bbox 1641 1953 1913 2044; x_wconf 60' lang='grc' dir='ltr'>εξρεώρησεν</span> <span class='ocrx_word' id='word_1_269' title='bbox 1942 1952 2077 2044; x_wconf 56' lang='lat' dir='ltr'><strong>i810?-</strong></span> 
     </span>
    </p>
   </div>
   <div class='ocr_carea' id='block_1_37' title="bbox 518 2035 2073 2132">
    <p class='ocr_par' dir='ltr' id='par_1_37' title="bbox 518 2035 2073 2132">
     <span class='ocr_line' id='line_1_37' title="bbox 518 2035 2073 2132; baseline -0.008 -20"><span class='ocrx_word' id='word_1_270' title='bbox 518 2035 702 2121; x_wconf 63' lang='grc' dir='ltr'>ξουσαν</span> <span class='ocrx_word' id='word_1_271' title='bbox 715 2035 965 2132; x_wconf 77' lang='grc' dir='ltr'>ἐνέργειαν</span> <span class='ocrx_word' id='word_1_272' title='bbox 984 2051 1305 2123; x_wconf 80' lang='grc' dir='ltr'>οἷουδήποτε,</span> <span class='ocrx_word' id='word_1_273' title='bbox 1319 2052 1420 2108; x_wconf 82' lang='grc' dir='ltr'><strong>τῶν</strong></span> <span class='ocrx_word' id='word_1_274' title='bbox 1440 2045 1540 2106; x_wconf 77' lang='grc' dir='ltr'>ὑπὸ</span> <span class='ocrx_word' id='word_1_275' title='bbox 1555 2044 1616 2103; x_wconf 80' lang='grc' dir='ltr'>τὸ</span> <span class='ocrx_word' id='word_1_276' title='bbox 1634 2035 1880 2132; x_wconf 71' lang='grc' dir='ltr'>εἶδοςάγο</span> <span class='ocrx_word' id='word_1_277' title='bbox 1885 2041 2073 2132; x_wconf 79' lang='grc' dir='ltr'>μένων,</span> 
     </span>
    </p>
   </div>
   <div class='ocr_carea' id='block_1_38' title="bbox 517 2127 2079 2219">
    <p class='ocr_par' dir='ltr' id='par_1_38' title="bbox 517 2127 2079 2219">
     <span class='ocr_line' id='line_1_38' title="bbox 517 2127 2079 2219; baseline -0.008 -19"><span class='ocrx_word' id='word_1_278' title='bbox 517 2139 607 2199; x_wconf 76' lang='grc' dir='ltr'>καὶ</span> <span class='ocrx_word' id='word_1_279' title='bbox 633 2139 734 2200; x_wconf 74' lang='grc' dir='ltr'>ὕπὸ</span> <span class='ocrx_word' id='word_1_280' title='bbox 883 2139 1048 2198; x_wconf 82' lang='grc' dir='ltr'>κοινὸν</span> <span class='ocrx_word' id='word_1_281' title='bbox 1079 2138 1289 2219; x_wconf 75' lang='grc' dir='ltr'>ὁρισμὸν</span> <span class='ocrx_word' id='word_1_282' title='bbox 1316 2143 1406 2197; x_wconf 77' lang='grc' dir='ltr'><strong>τοῦ</strong></span> <span class='ocrx_word' id='word_1_283' title='bbox 1447 2134 1608 2198; x_wconf 84' lang='grc' dir='ltr'>εἴδους</span> <span class='ocrx_word' id='word_1_284' title='bbox 1653 2130 1799 2215; x_wconf 78' lang='grc' dir='ltr'>φύσει</span> <span class='ocrx_word' id='word_1_285' title='bbox 1825 2127 2079 2219; x_wconf 46' lang='grc' dir='ltr'>ταττομ-</span> 
     </span>
    </p>
   </div>
   <div class='ocr_carea' id='block_1_39' title="bbox 516 2218 2079 2308">
    <p class='ocr_par' dir='ltr' id='par_1_39' title="bbox 516 2218 2079 2308">
     <span class='ocr_line' id='line_1_39' title="bbox 516 2218 2079 2308; baseline -0.007 -20"><span class='ocrx_word' id='word_1_286' title='bbox 516 2251 653 2302; x_wconf 81' lang='grc' dir='ltr'>νων;</span> <span class='ocrx_word' id='word_1_287' title='bbox 687 2227 950 2289; x_wconf 78' lang='grc' dir='ltr'>Οὐδέποτε</span> <span class='ocrx_word' id='word_1_288' title='bbox 975 2225 1072 2308; x_wconf 79' lang='grc' dir='ltr'><strong>γὰρ</strong></span> <span class='ocrx_word' id='word_1_289' title='bbox 1113 2218 1308 2306; x_wconf 81' lang='grc' dir='ltr'>γίνεται</span> <span class='ocrx_word' id='word_1_290' title='bbox 1334 2225 1397 2284; x_wconf 83' lang='grc' dir='ltr'><strong>τὸ</strong></span> <span class='ocrx_word' id='word_1_291' title='bbox 1442 2222 1590 2305; x_wconf 79' lang='grc' dir='ltr'>φύσει</span> <span class='ocrx_word' id='word_1_292' title='bbox 1617 2221 1808 2295; x_wconf 83' lang='grc' dir='ltr'>κοινὸν,</span> <span class='ocrx_word' id='word_1_293' title='bbox 1856 2218 2079 2308; x_wconf 38' lang='grc' dir='ltr'>ἑνὸς-..καὶ</span> 
     </span>
    </p>
   </div>
   <div class='ocr_carea' id='block_1_40' title="bbox 519 2298 2074 2395">
    <p class='ocr_par' dir='ltr' id='par_1_40' title="bbox 519 2298 2074 2395">
     <span class='ocr_line' id='line_1_40' title="bbox 519 2298 2074 2395; baseline -0.008 -18"><span class='ocrx_word' id='word_1_294' title='bbox 701 2316 834 2382; x_wconf 82' lang='grc' dir='ltr'>τινὸς</span> <span class='ocrx_word' id='word_1_295' title='bbox 859 2298 1005 2386; x_wconf 69' lang='grc' dir='ltr'>ἴδιον,</span> <span class='ocrx_word' id='word_1_296' title='bbox 1040 2298 1106 2373; x_wconf 74' lang='grc' dir='ltr'><strong>τὰ</strong></span> <span class='ocrx_word' id='word_1_297' title='bbox 1127 2298 1234 2395; x_wconf 71' lang='grc' dir='ltr'><strong>γὰρ</strong></span> <span class='ocrx_word' id='word_1_298' title='bbox 1261 2298 1581 2372; x_wconf 75' lang='grc' dir='ltr'>ὑποστατικὰ</span> <span class='ocrx_word' id='word_1_299' title='bbox 1623 2310 1915 2395; x_wconf 82' lang='grc' dir='ltr'>σήμαντρα,</span> <span class='ocrx_word' id='word_1_300' title='bbox 1948 2298 2074 2395; x_wconf 67' lang='grc' dir='ltr'>οἶον,</span> 
     </span>
    </p>
   </div>
   <div class='ocr_carea' id='block_1_41' title="bbox 517 2393 2080 2481">
    <p class='ocr_par' dir='ltr' id='par_1_41' title="bbox 517 2393 2080 2481">
     <span class='ocr_line' id='line_1_41' title="bbox 517 2393 2080 2481; baseline -0.014 -8"><span class='ocrx_word' id='word_1_301' title='bbox 517 2393 798 2481; x_wconf 74' lang='grc' dir='ltr'>γρυπότης,</span> <span class='ocrx_word' id='word_1_302' title='bbox 825 2403 860 2475; x_wconf 81' lang='grc' dir='ltr'>ἢ</span> <span class='ocrx_word' id='word_1_303' title='bbox 905 2401 1156 2480; x_wconf 84' lang='grc' dir='ltr'>σιμότης;</span> <span class='ocrx_word' id='word_1_304' title='bbox 1249 2397 1562 2477; x_wconf 71' lang='grc' dir='ltr'>γλαυκότης,</span> <span class='ocrx_word' id='word_1_305' title='bbox 1605 2395 1639 2468; x_wconf 77' lang='grc' dir='ltr'><strong>ἢ</strong></span> <span class='ocrx_word' id='word_1_306' title='bbox 1674 2393 1945 2475; x_wconf 72' lang='grc' dir='ltr'>ψεδνότης,</span> <span class='ocrx_word' id='word_1_307' title='bbox 1988 2393 2080 2452; x_wconf 80' lang='grc' dir='ltr'><strong>καὶ</strong></span> 
     </span>
    </p>
   </div>
   <div class='ocr_carea' id='block_1_42' title="bbox 519 2482 2079 2573">
    <p class='ocr_par' dir='ltr' id='par_1_42' title="bbox 519 2482 2079 2573">
     <span class='ocr_line' id='line_1_42' title="bbox 519 2482 2079 2573; baseline -0.008 -23"><span class='ocrx_word' id='word_1_308' title='bbox 519 2487 616 2550; x_wconf 68' lang='grc' dir='ltr'>ὅσα</span> <span class='ocrx_word' id='word_1_309' title='bbox 639 2497 874 2562; x_wconf 77' lang='grc' dir='ltr'>τοιαῦτα,</span> <span class='ocrx_word' id='word_1_310' title='bbox 895 2487 1198 2573; x_wconf 76' lang='grc' dir='ltr'>ἀφοριστικοί</span> <span class='ocrx_word' id='word_1_311' title='bbox 1224 2491 1320 2546; x_wconf 81' lang='grc' dir='ltr'>εἶσι</span> <span class='ocrx_word' id='word_1_312' title='bbox 1343 2482 1710 2564; x_wconf 78' lang='grc' dir='ltr'>συμϐεϐηκότα</span> <span class='ocrx_word' id='word_1_313' title='bbox 1736 2484 2079 2573; x_wconf 25' lang='grc' dir='ltr'>τῶνῃάριομῷν</span> 
     </span>
    </p>
   </div>
   <div class='ocr_carea' id='block_1_43' title="bbox 517 2565 2079 2657">
    <p class='ocr_par' dir='ltr' id='par_1_43' title="bbox 517 2565 2079 2657">
     <span class='ocr_line' id='line_1_43' title="bbox 517 2565 2079 2657; baseline -0.005 -22"><span class='ocrx_word' id='word_1_314' title='bbox 517 2577 756 2650; x_wconf 82' lang='grc' dir='ltr'>ἀλλήλων</span> <span class='ocrx_word' id='word_1_315' title='bbox 802 2565 1139 2657; x_wconf 65' lang='grc' dir='ltr'>διαφέράντων</span> <span class='ocrx_word' id='word_1_316' title='bbox 1195 2577 1308 2641; x_wconf 82' lang='grc' dir='ltr'>Πᾶς</span> <span class='ocrx_word' id='word_1_317' title='bbox 1352 2572 1452 2654; x_wconf 80' lang='grc' dir='ltr'><strong>γὰρ</strong></span> <span class='ocrx_word' id='word_1_318' title='bbox 1502 2572 1764 2650; x_wconf 79' lang='grc' dir='ltr'>ἄνθρωπος</span> <span class='ocrx_word' id='word_1_319' title='bbox 1808 2566 1877 2634; x_wconf 79' lang='grc' dir='ltr'>ὥς</span> <span class='ocrx_word' id='word_1_320' title='bbox 1905 2591 1956 2626; x_wconf 89' lang='grc' dir='ltr'><strong>τι</strong></span> <span class='ocrx_word' id='word_1_321' title='bbox 1987 2565 2079 2638; x_wconf 81' lang='grc' dir='ltr'><strong>τὴν</strong></span> 
     </span>
    </p>
   </div>
   <div class='ocr_carea' id='block_1_44' title="bbox 511 2656 2080 2746">
    <p class='ocr_par' dir='ltr' id='par_1_44' title="bbox 511 2656 2080 2746">
     <span class='ocr_line' id='line_1_44' title="bbox 511 2656 2080 2746; baseline -0.008 -21"><span class='ocrx_word' id='word_1_322' title='bbox 511 2666 667 2746; x_wconf 17' lang='grc' dir='ltr'>,φύσιν</span> <span class='ocrx_word' id='word_1_323' title='bbox 714 2661 808 2735; x_wconf 78' lang='grc' dir='ltr'>ὧν,</span> <span class='ocrx_word' id='word_1_324' title='bbox 853 2656 970 2722; x_wconf 57' lang='grc' dir='ltr'>ἀλλ’</span> <span class='ocrx_word' id='word_1_325' title='bbox 1019 2666 1120 2742; x_wconf 82' lang='grc' dir='ltr'>οὐχ</span> <span class='ocrx_word' id='word_1_326' title='bbox 1146 2660 1216 2728; x_wconf 77' lang='grc' dir='ltr'><strong>ὥς</strong></span> <span class='ocrx_word' id='word_1_327' title='bbox 1244 2685 1321 2728; x_wconf 91' lang='grc' dir='ltr'><strong>τις</strong></span> <span class='ocrx_word' id='word_1_328' title='bbox 1367 2659 1460 2732; x_wconf 86' lang='grc' dir='ltr'><strong>τὴν</strong></span> <span class='ocrx_word' id='word_1_329' title='bbox 1505 2656 1812 2732; x_wconf 74' lang='grc' dir='ltr'>ὑπόστασιν,</span> <span class='ocrx_word' id='word_1_330' title='bbox 1864 2658 2080 2735; x_wconf 80' lang='grc' dir='ltr'>ἐνεργεῖν</span> 
     </span>
    </p>
   </div>
   <div class='ocr_carea' id='block_1_45' title="bbox 517 2741 2081 2833">
    <p class='ocr_par' dir='ltr' id='par_1_45' title="bbox 517 2741 2081 2833">
     <span class='ocr_line' id='line_1_45' title="bbox 517 2741 2081 2833; baseline -0.006 -21"><span class='ocrx_word' id='word_1_331' title='bbox 517 2741 731 2833; x_wconf 64' lang='grc' dir='ltr'>πέφυκε,</span> <span class='ocrx_word' id='word_1_332' title='bbox 766 2749 904 2810; x_wconf 81' lang='grc' dir='ltr'><strong>κατά</strong></span> <span class='ocrx_word' id='word_1_333' title='bbox 925 2774 984 2810; x_wconf 86' lang='grc' dir='ltr'><strong>τε</strong></span> <span class='ocrx_word' id='word_1_334' title='bbox 1019 2741 1116 2810; x_wconf 82' lang='grc' dir='ltr'><strong>τὸν</strong></span> <span class='ocrx_word' id='word_1_335' title='bbox 1135 2746 1380 2807; x_wconf 79' lang='grc' dir='ltr'>ἰδιώτατα</span> <span class='ocrx_word' id='word_1_336' title='bbox 1405 2747 1493 2806; x_wconf 74' lang='grc' dir='ltr'><strong>καὶ</strong></span> <span class='ocrx_word' id='word_1_337' title='bbox 1519 2749 1700 2833; x_wconf 60' lang='grc' dir='ltr'>κοινςός</span> <span class='ocrx_word' id='word_1_338' title='bbox 1729 2741 2000 2818; x_wconf 83' lang='grc' dir='ltr'>νοούμενόν</span> <span class='ocrx_word' id='word_1_339' title='bbox 2023 2766 2081 2802; x_wconf 86' lang='grc' dir='ltr'><strong>τε</strong></span> 
     </span>
    </p>
   </div>
   <div class='ocr_carea' id='block_1_46' title="bbox 518 2826 2081 2919">
    <p class='ocr_par' dir='ltr' id='par_1_46' title="bbox 518 2826 2081 2919">
     <span class='ocr_line' id='line_1_46' title="bbox 518 2826 2081 2919; baseline -0.007 -19"><span class='ocrx_word' id='word_1_340' title='bbox 518 2826 608 2900; x_wconf 66' lang='grc' dir='ltr'>καί</span> <span class='ocrx_word' id='word_1_341' title='bbox 646 2826 922 2918; x_wconf 73' lang='grc' dir='ltr'>λεγόμενον</span> <span class='ocrx_word' id='word_1_342' title='bbox 973 2836 1311 2919; x_wconf 79' lang='grc' dir='ltr'>κατηγορικὸν</span> <span class='ocrx_word' id='word_1_343' title='bbox 1349 2834 1523 2914; x_wconf 87' lang='grc' dir='ltr'>λόγον.</span> <span class='ocrx_word' id='word_1_344' title='bbox 1577 2826 1703 2893; x_wconf 83' lang='grc' dir='ltr'>Οἶον</span> <span class='ocrx_word' id='word_1_345' title='bbox 1741 2831 1802 2892; x_wconf 81' lang='grc' dir='ltr'><strong>τὸ</strong></span> <span class='ocrx_word' id='word_1_346' title='bbox 1839 2835 1990 2902; x_wconf 80' lang='grc' dir='ltr'>ζῶον,</span> <span class='ocrx_word' id='word_1_347' title='bbox 2022 2830 2081 2889; x_wconf 83' lang='grc' dir='ltr'><strong>τὸ</strong></span> 
     </span>
    </p>
   </div>
   <div class='ocr_carea' id='block_1_47' title="bbox 517 2923 2081 3007">
    <p class='ocr_par' dir='ltr' id='par_1_47' title="bbox 517 2923 2081 3007">
     <span class='ocr_line' id='line_1_47' title="bbox 517 2923 2081 3007; baseline -0.008 -20"><span class='ocrx_word' id='word_1_348' title='bbox 517 2926 751 3006; x_wconf 80' lang='grc' dir='ltr'>λογικὸν,</span> <span class='ocrx_word' id='word_1_349' title='bbox 781 2925 844 2986; x_wconf 71' lang='grc' dir='ltr'>τὸ</span> <span class='ocrx_word' id='word_1_350' title='bbox 879 2925 1080 2999; x_wconf 79' lang='grc' dir='ltr'>θνητὸν,</span> <span class='ocrx_word' id='word_1_351' title='bbox 1125 2923 1248 3007; x_wconf 78' lang='grc' dir='ltr'>ὅπὲρ</span> <span class='ocrx_word' id='word_1_352' title='bbox 1289 2927 1398 2984; x_wconf 77' lang='grc' dir='ltr'>ἐστι</span> <span class='ocrx_word' id='word_1_353' title='bbox 1440 2929 1536 2982; x_wconf 82' lang='grc' dir='ltr'><strong>τοῦ</strong></span> <span class='ocrx_word' id='word_1_354' title='bbox 1577 2923 1686 2981; x_wconf 79' lang='grc' dir='ltr'>καθ’</span> <span class='ocrx_word' id='word_1_355' title='bbox 1717 2926 1853 2998; x_wconf 79' lang='grc' dir='ltr'>ἡμᾶς</span> <span class='ocrx_word' id='word_1_356' title='bbox 1877 2925 2081 2996; x_wconf 79' lang='grc' dir='ltr'>γενικοῦ</span> 
     </span>
    </p>
   </div>
   <div class='ocr_carea' id='block_1_48' title="bbox 517 3008 2080 3094">
    <p class='ocr_par' dir='ltr' id='par_1_48' title="bbox 517 3008 2080 3094">
     <span class='ocr_line' id='line_1_48' title="bbox 517 3008 2080 3094; baseline -0.007 -20"><span class='ocrx_word' id='word_1_357' title='bbox 517 3012 695 3094; x_wconf 84' lang='grc' dir='ltr'>λόγου.</span> <span class='ocrx_word' id='word_1_358' title='bbox 740 3013 939 3081; x_wconf 82' lang='grc' dir='ltr'>Πάντες</span> <span class='ocrx_word' id='word_1_359' title='bbox 982 3011 1080 3094; x_wconf 77' lang='grc' dir='ltr'><strong>γὰρ</strong></span> <span class='ocrx_word' id='word_1_360' title='bbox 1122 3018 1214 3085; x_wconf 79' lang='grc' dir='ltr'><strong>τῆς</strong></span> <span class='ocrx_word' id='word_1_361' title='bbox 1257 3015 1415 3082; x_wconf 78' lang='grc' dir='ltr'>αὐτῆς</span> <span class='ocrx_word' id='word_1_362' title='bbox 1455 3008 1741 3089; x_wconf 71' lang='grc' dir='ltr'>μετέχομεν</span> <span class='ocrx_word' id='word_1_363' title='bbox 1785 3011 1938 3078; x_wconf 79' lang='grc' dir='ltr'>ζωῆς,</span> <span class='ocrx_word' id='word_1_364' title='bbox 1989 3011 2080 3078; x_wconf 79' lang='grc' dir='ltr'><strong>τῆς</strong></span> 
     </span>
    </p>
   </div>
   <div class='ocr_carea' id='block_1_49' title="bbox 519 3095 2077 3181">
    <p class='ocr_par' dir='ltr' id='par_1_49' title="bbox 519 3095 2077 3181">
     <span class='ocr_line' id='line_1_49' title="bbox 519 3095 2077 3181; baseline -0.008 -18"><span class='ocrx_word' id='word_1_365' title='bbox 519 3104 678 3174; x_wconf 71' lang='grc' dir='ltr'>αὐτῆς</span> <span class='ocrx_word' id='word_1_366' title='bbox 705 3100 1068 3181; x_wconf 84' lang='grc' dir='ltr'>λογικότητος,</span> <span class='ocrx_word' id='word_1_367' title='bbox 1100 3101 1187 3160; x_wconf 85' lang='grc' dir='ltr'>καὶ</span> <span class='ocrx_word' id='word_1_368' title='bbox 1212 3104 1305 3170; x_wconf 75' lang='grc' dir='ltr'><strong>τῆς</strong></span> <span class='ocrx_word' id='word_1_369' title='bbox 1336 3102 1492 3169; x_wconf 75' lang='grc' dir='ltr'>αὐτῆς</span> <span class='ocrx_word' id='word_1_370' title='bbox 1524 3101 1642 3177; x_wconf 71' lang='grc' dir='ltr'>ῥοῆς</span> <span class='ocrx_word' id='word_1_371' title='bbox 1668 3095 1755 3155; x_wconf 78' lang='grc' dir='ltr'>καὶ</span> <span class='ocrx_word' id='word_1_372' title='bbox 1785 3097 2077 3175; x_wconf 74' lang='grc' dir='ltr'>ἀποῤῥοῆςο</span> 
     </span>
    </p>
   </div>
   <div class='ocr_carea' id='block_1_50' title="bbox 518 3182 2077 3260">
    <p class='ocr_par' dir='ltr' id='par_1_50' title="bbox 518 3182 2077 3260">
     <span class='ocr_line' id='line_1_50' title="bbox 518 3182 2077 3260; baseline -0.008 -9"><span class='ocrx_word' id='word_1_373' title='bbox 518 3190 614 3250; x_wconf 75' lang='grc' dir='ltr'>καὶ</span> <span class='ocrx_word' id='word_1_374' title='bbox 638 3196 729 3250; x_wconf 74' lang='grc' dir='ltr'><strong>τοῦ</strong></span> <span class='ocrx_word' id='word_1_375' title='bbox 755 3188 1077 3260; x_wconf 73' lang='grc' dir='ltr'>καθέζεσθαι,</span> <span class='ocrx_word' id='word_1_376' title='bbox 1110 3189 1197 3249; x_wconf 72' lang='grc' dir='ltr'>καὶ</span> <span class='ocrx_word' id='word_1_377' title='bbox 1221 3186 1482 3254; x_wconf 81' lang='grc' dir='ltr'>ἵστασθαι,</span> <span class='ocrx_word' id='word_1_378' title='bbox 1511 3185 1599 3244; x_wconf 75' lang='grc' dir='ltr'>καὶ</span> <span class='ocrx_word' id='word_1_379' title='bbox 1625 3186 1820 3258; x_wconf 87' lang='grc' dir='ltr'>λαλεῖν,</span> <span class='ocrx_word' id='word_1_380' title='bbox 1863 3182 1952 3240; x_wconf 86' lang='grc' dir='ltr'><strong>καὶ</strong></span> <span class='ocrx_word' id='word_1_381' title='bbox 1997 3206 2077 3240; x_wconf 92' lang='grc' dir='ltr'><strong>σι-</strong></span> 
     </span>
    </p>
   </div>
   <div class='ocr_carea' id='block_1_51' title="bbox 517 3267 2081 3360">
    <p class='ocr_par' dir='ltr' id='par_1_51' title="bbox 517 3267 2081 3360">
     <span class='ocr_line' id='line_1_51' title="bbox 517 3267 2081 3360; baseline -0.007 -21"><span class='ocrx_word' id='word_1_382' title='bbox 517 3285 636 3360; x_wconf 73' lang='grc' dir='ltr'>γᾷν,</span> <span class='ocrx_word' id='word_1_383' title='bbox 687 3277 775 3337; x_wconf 82' lang='grc' dir='ltr'>καὶ</span> <span class='ocrx_word' id='word_1_384' title='bbox 818 3282 959 3358; x_wconf 80' lang='grc' dir='ltr'>δρᾷν,</span> <span class='ocrx_word' id='word_1_385' title='bbox 1005 3277 1094 3336; x_wconf 81' lang='grc' dir='ltr'><strong>καὶ</strong></span> <span class='ocrx_word' id='word_1_386' title='bbox 1133 3273 1355 3346; x_wconf 77' lang='grc' dir='ltr'>ἀκούειν,</span> <span class='ocrx_word' id='word_1_387' title='bbox 1388 3273 1476 3332; x_wconf 83' lang='grc' dir='ltr'><strong>καὶ</strong></span> <span class='ocrx_word' id='word_1_388' title='bbox 1507 3274 1752 3331; x_wconf 75' lang='grc' dir='ltr'>ἅπτεσθαι</span> <span class='ocrx_word' id='word_1_389' title='bbox 1777 3295 1790 3308; x_wconf 77' lang='grc' dir='ltr'><strong><em>ο</em></strong></span> <span class='ocrx_word' id='word_1_390' title='bbox 1825 3267 1954 3360; x_wconf 63' lang='grc' dir='ltr'>ἀπέρ</span> <span class='ocrx_word' id='word_1_391' title='bbox 1984 3272 2081 3328; x_wconf 83' lang='grc' dir='ltr'>εἰσι</span> 
     </span>
    </p>
   </div>
   <div class='ocr_carea' id='block_1_52' title="bbox 517 3349 2104 3447">
    <p class='ocr_par' dir='ltr' id='par_1_52' title="bbox 517 3349 2104 3447">
     <span class='ocr_line' id='line_1_52' title="bbox 517 3349 2104 3447; baseline -0.004 -22"><span class='ocrx_word' id='word_1_392' title='bbox 517 3349 609 3425; x_wconf 68' lang='grc' dir='ltr'><strong>τοῦ</strong></span> <span class='ocrx_word' id='word_1_393' title='bbox 636 3370 806 3425; x_wconf 76' lang='grc' dir='ltr'>κοινοῦ</span> <span class='ocrx_word' id='word_1_394' title='bbox 941 3367 1091 3443; x_wconf 80' lang='grc' dir='ltr'>ἡμῶν</span> <span class='ocrx_word' id='word_1_395' title='bbox 1118 3361 1397 3440; x_wconf 80' lang='grc' dir='ltr'>νοουμένου</span> <span class='ocrx_word' id='word_1_396' title='bbox 1422 3358 1600 3438; x_wconf 84' lang='grc' dir='ltr'>λόγου.</span> <span class='ocrx_word' id='word_1_397' title='bbox 1635 3362 1715 3418; x_wconf 80' lang='grc' dir='ltr'><strong>Οὐ</strong></span> <span class='ocrx_word' id='word_1_398' title='bbox 1746 3359 1823 3416; x_wconf 87' lang='grc' dir='ltr'><strong>δεῖ</strong></span> <span class='ocrx_word' id='word_1_399' title='bbox 1848 3349 1931 3416; x_wconf 69' lang='grc' dir='ltr'><strong>οὖν</strong></span> <span class='ocrx_word' id='word_1_400' title='bbox 1956 3377 2104 3427; x_wconf 54' lang='grc' dir='ltr'>κήκιε</span> 
     </span>
    </p>
   </div>
   <div class='ocr_carea' id='block_1_53' title="bbox 516 3445 2078 3536">
    <p class='ocr_par' dir='ltr' id='par_1_53' title="bbox 516 3445 2078 3536">
     <span class='ocr_line' id='line_1_53' title="bbox 516 3445 2078 3536; baseline -0.007 -22"><span class='ocrx_word' id='word_1_401' title='bbox 516 3458 749 3531; x_wconf 78' lang='grc' dir='ltr'>νοτομεῖν</span> <span class='ocrx_word' id='word_1_402' title='bbox 773 3445 940 3536; x_wconf 73' lang='grc' dir='ltr'>φωνὰς</span> <span class='ocrx_word' id='word_1_403' title='bbox 965 3451 1038 3531; x_wconf 86' lang='grc' dir='ltr'><strong>μὴ</strong></span> <span class='ocrx_word' id='word_1_404' title='bbox 1069 3449 1289 3532; x_wconf 77' lang='grc' dir='ltr'>ἐχούσας</span> <span class='ocrx_word' id='word_1_405' title='bbox 1313 3447 1463 3530; x_wconf 71' lang='grc' dir='ltr'>ἰσχὺν</span> <span class='ocrx_word' id='word_1_406' title='bbox 1491 3447 1526 3519; x_wconf 82' lang='grc' dir='ltr'>ἢ</span> <span class='ocrx_word' id='word_1_407' title='bbox 1554 3445 1809 3529; x_wconf 84' lang='grc' dir='ltr'>γραφικὴν</span> <span class='ocrx_word' id='word_1_408' title='bbox 1835 3449 1866 3517; x_wconf 82' lang='grc' dir='ltr'>ἢ</span> <span class='ocrx_word' id='word_1_409' title='bbox 1894 3468 2078 3536; x_wconf 76' lang='grc' dir='ltr'>πατρι·</span> 
     </span>
    </p>
   </div>
   <div class='ocr_carea' id='block_1_54' title="bbox 2231 1800 3812 1873">
    <p class='ocr_par' dir='ltr' id='par_1_54' title="bbox 2231 1800 3812 1873">
     <span class='ocr_line' id='line_1_54' title="bbox 2231 1800 3812 1873; baseline -0.001 -16"><span class='ocrx_word' id='word_1_410' title='bbox 2231 1801 2337 1857; x_wconf 89' lang='lat' dir='ltr'><strong>tita</strong></span> <span class='ocrx_word' id='word_1_411' title='bbox 2376 1801 2593 1856; x_wconf 89' lang='lat' dir='ltr'><strong>erimus</strong></span> <span class='ocrx_word' id='word_1_412' title='bbox 2620 1801 2834 1857; x_wconf 87' lang='lat' dir='ltr'><strong>deitate</strong></span> <span class='ocrx_word' id='word_1_413' title='bbox 2863 1802 3218 1873; x_wconf 80' lang='lat' dir='ltr'><strong>languentes.</strong></span> <span class='ocrx_word' id='word_1_414' title='bbox 3261 1800 3579 1857; x_wconf 89' lang='lat' dir='ltr'><strong>Naturalem</strong></span> <span class='ocrx_word' id='word_1_415' title='bbox 3621 1801 3812 1871; x_wconf 73' lang='lat' dir='ltr'><strong>quippe,</strong></span> 
     </span>
    </p>
   </div>
   <div class='ocr_carea' id='block_1_55' title="bbox 2228 1891 3819 1960">
    <p class='ocr_par' dir='ltr' id='par_1_55' title="bbox 2228 1891 3819 1960">
     <span class='ocr_line' id='line_1_55' title="bbox 2228 1891 3819 1960; baseline -0.001 -15"><span class='ocrx_word' id='word_1_416' title='bbox 2228 1904 2338 1946; x_wconf 89' lang='lat' dir='ltr'><strong>non</strong></span> <span class='ocrx_word' id='word_1_417' title='bbox 2375 1891 2886 1960; x_wconf 90' lang='lat' dir='ltr'><strong>subsistentialem,</strong></span> <span class='ocrx_word' id='word_1_418' title='bbox 2919 1905 3141 1946; x_wconf 89' lang='lat' dir='ltr'><strong>omnem</strong></span> <span class='ocrx_word' id='word_1_419' title='bbox 3166 1905 3296 1947; x_wconf 89' lang='lat' dir='ltr'><strong>esse</strong></span> <span class='ocrx_word' id='word_1_420' title='bbox 3323 1891 3621 1946; x_wconf 89' lang='lat' dir='ltr'><strong>decernunt</strong></span> <span class='ocrx_word' id='word_1_421' title='bbox 3651 1902 3819 1959; x_wconf 86' lang='lat' dir='ltr'><strong>opera-</strong></span> 
     </span>
    </p>
   </div>
   <div class='ocr_carea' id='block_1_56' title="bbox 2229 1979 3823 2051">
    <p class='ocr_par' dir='ltr' id='par_1_56' title="bbox 2229 1979 3823 2051">
     <span class='ocr_line' id='line_1_56' title="bbox 2229 1979 3823 2051; baseline -0.001 -17"><span class='ocrx_word' id='word_1_422' title='bbox 2229 1979 2458 2035; x_wconf 91' lang='lat' dir='ltr'><strong>tionem.</strong></span> <span class='ocrx_word' id='word_1_423' title='bbox 2493 1981 2580 2050; x_wconf 90' lang='lat' dir='ltr'><strong>Et,</strong></span> <span class='ocrx_word' id='word_1_424' title='bbox 2608 1980 2658 2034; x_wconf 92' lang='lat' dir='ltr'><strong>si</strong></span> <span class='ocrx_word' id='word_1_425' title='bbox 2692 1979 2796 2035; x_wconf 93' lang='lat' dir='ltr'><strong>hoc</strong></span> <span class='ocrx_word' id='word_1_426' title='bbox 2824 1995 3016 2035; x_wconf 92' lang='lat' dir='ltr'><strong>verum</strong></span> <span class='ocrx_word' id='word_1_427' title='bbox 3044 1984 3149 2051; x_wconf 89' lang='lat' dir='ltr'><strong>est,</strong></span> <span class='ocrx_word' id='word_1_428' title='bbox 3183 1980 3347 2035; x_wconf 84' lang='lat' dir='ltr'><strong>sicut</strong></span> <span class='ocrx_word' id='word_1_429' title='bbox 3372 1993 3431 2033; x_wconf 88' lang='lat' dir='ltr'><strong>re</strong></span> <span class='ocrx_word' id='word_1_430' title='bbox 3459 1991 3578 2033; x_wconf 85' lang='lat' dir='ltr'><strong>vera</strong></span> <span class='ocrx_word' id='word_1_431' title='bbox 3606 1982 3682 2033; x_wconf 85' lang='lat' dir='ltr'><strong>est</strong></span> <span class='ocrx_word' id='word_1_432' title='bbox 3702 1992 3823 2048; x_wconf 87' lang='lat' dir='ltr'><strong>qua-</strong></span> 
     </span>
    </p>
   </div>
   <div class='ocr_carea' id='block_1_57' title="bbox 2229 2066 3821 2141">
    <p class='ocr_par' dir='ltr' id='par_1_57' title="bbox 2229 2066 3821 2141">
     <span class='ocr_line' id='line_1_57' title="bbox 2229 2066 3821 2141; baseline -0.004 -14"><span class='ocrx_word' id='word_1_433' title='bbox 2229 2077 2362 2128; x_wconf 93' lang='lat' dir='ltr'><strong>tuor</strong></span> <span class='ocrx_word' id='word_1_434' title='bbox 2403 2076 2654 2139; x_wconf 90' lang='lat' dir='ltr'><strong>naturas,</strong></span> <span class='ocrx_word' id='word_1_435' title='bbox 2685 2076 2740 2126; x_wconf 90' lang='lat' dir='ltr'><strong>et</strong></span> <span class='ocrx_word' id='word_1_436' title='bbox 2764 2075 3014 2141; x_wconf 89' lang='lat' dir='ltr'><strong>quatuor</strong></span> <span class='ocrx_word' id='word_1_437' title='bbox 3041 2077 3244 2126; x_wconf 89' lang='lat' dir='ltr'><strong>natura</strong></span> <span class='ocrx_word' id='word_1_438' title='bbox 3284 2071 3418 2125; x_wconf 94' lang='lat' dir='ltr'><strong>deos</strong></span> <span class='ocrx_word' id='word_1_439' title='bbox 3444 2069 3740 2125; x_wconf 71' lang='lat' dir='ltr'><strong>differentes</strong></span> <span class='ocrx_word' id='word_1_440' title='bbox 3767 2066 3821 2121; x_wconf 82' lang='lat' dir='ltr'><strong>ab</strong></span> 
     </span>
    </p>
   </div>
   <div class='ocr_carea' id='block_1_58' title="bbox 2232 2158 3819 2229">
    <p class='ocr_par' dir='ltr' id='par_1_58' title="bbox 2232 2158 3819 2229">
     <span class='ocr_line' id='line_1_58' title="bbox 2232 2158 3819 2229; baseline -0.004 -11"><span class='ocrx_word' id='word_1_441' title='bbox 2232 2161 2512 2218; x_wconf 89' lang='lat' dir='ltr'><strong>invincem</strong></span> <span class='ocrx_word' id='word_1_442' title='bbox 2540 2161 2913 2218; x_wconf 89' lang='lat' dir='ltr'><strong>subsistentia</strong></span> <span class='ocrx_word' id='word_1_443' title='bbox 2935 2167 2990 2216; x_wconf 95' lang='lat' dir='ltr'><strong>et</strong></span> <span class='ocrx_word' id='word_1_444' title='bbox 3016 2168 3218 2217; x_wconf 88' lang='lat' dir='ltr'><strong>natura</strong></span> <span class='ocrx_word' id='word_1_445' title='bbox 3239 2162 3439 2216; x_wconf 79' lang='lat' dir='ltr'><strong>dicere</strong></span> <span class='ocrx_word' id='word_1_446' title='bbox 3457 2158 3819 2229; x_wconf 87' lang='lat' dir='ltr'><strong>apparebimur.</strong></span> 
     </span>
    </p>
   </div>
   <div class='ocr_carea' id='block_1_59' title="bbox 2229 2252 3824 2323">
    <p class='ocr_par' dir='ltr' id='par_1_59' title="bbox 2229 2252 3824 2323">
     <span class='ocr_line' id='line_1_59' title="bbox 2229 2252 3824 2323; baseline -0.004 -14"><span class='ocrx_word' id='word_1_447' title='bbox 2229 2255 2625 2310; x_wconf 76' lang='lat' dir='ltr'><strong>Verumtamen</strong></span> <span class='ocrx_word' id='word_1_448' title='bbox 2653 2254 2786 2323; x_wconf 91' lang='lat' dir='ltr'><strong>quis</strong></span> <span class='ocrx_word' id='word_1_449' title='bbox 2815 2253 2985 2323; x_wconf 82' lang='lat' dir='ltr'><strong>dixit,</strong></span> <span class='ocrx_word' id='word_1_450' title='bbox 3020 2257 3120 2308; x_wconf 89' lang='lat' dir='ltr'><strong>aut</strong></span> <span class='ocrx_word' id='word_1_451' title='bbox 3149 2252 3570 2322; x_wconf 73' lang='lat' dir='ltr'><strong>contemplatus</strong></span> <span class='ocrx_word' id='word_1_452' title='bbox 3595 2254 3671 2305; x_wconf 89' lang='lat' dir='ltr'><strong>est</strong></span> <span class='ocrx_word' id='word_1_453' title='bbox 3694 2263 3824 2304; x_wconf 90' lang='lat' dir='ltr'><strong>seor-</strong></span> 
     </span>
    </p>
   </div>
   <div class='ocr_carea' id='block_1_60' title="bbox 2230 2343 3825 2413">
    <p class='ocr_par' dir='ltr' id='par_1_60' title="bbox 2230 2343 3825 2413">
     <span class='ocr_line' id='line_1_60' title="bbox 2230 2343 3825 2413; baseline -0.003 -15"><span class='ocrx_word' id='word_1_454' title='bbox 2230 2357 2354 2398; x_wconf 85' lang='lat' dir='ltr'><strong>sum</strong></span> <span class='ocrx_word' id='word_1_455' title='bbox 2398 2343 2646 2399; x_wconf 85' lang='lat' dir='ltr'><strong>habitam</strong></span> <span class='ocrx_word' id='word_1_456' title='bbox 2689 2344 3075 2413; x_wconf 88' lang='lat' dir='ltr'><strong>operationem</strong></span> <span class='ocrx_word' id='word_1_457' title='bbox 3121 2343 3456 2412; x_wconf 80' lang='lat' dir='ltr'><strong>cujuspiam</strong></span> <span class='ocrx_word' id='word_1_458' title='bbox 3498 2354 3694 2405; x_wconf 79' lang='lat' dir='ltr'><strong>eorum,</strong></span> <span class='ocrx_word' id='word_1_459' title='bbox 3729 2352 3825 2408; x_wconf 70' lang='lat' dir='ltr'><strong>qua:</strong></span> 
     </span>
    </p>
   </div>
   <div class='ocr_carea' id='block_1_61' title="bbox 2231 2427 3826 2504">
    <p class='ocr_par' dir='ltr' id='par_1_61' title="bbox 2231 2427 3826 2504">
     <span class='ocr_line' id='line_1_61' title="bbox 2231 2427 3826 2504; baseline -0.004 -16"><span class='ocrx_word' id='word_1_460' title='bbox 2231 2433 2337 2489; x_wconf 91' lang='lat' dir='ltr'><strong>sub</strong></span> <span class='ocrx_word' id='word_1_461' title='bbox 2365 2435 2563 2504; x_wconf 83' lang='lat' dir='ltr'><strong>aliqua</strong></span> <span class='ocrx_word' id='word_1_462' title='bbox 2593 2435 2781 2503; x_wconf 86' lang='lat' dir='ltr'><strong>specie</strong></span> <span class='ocrx_word' id='word_1_463' title='bbox 2811 2433 3174 2504; x_wconf 82' lang='lat' dir='ltr'><strong>rediguntur,</strong></span> <span class='ocrx_word' id='word_1_464' title='bbox 3207 2439 3262 2488; x_wconf 90' lang='lat' dir='ltr'><strong>et</strong></span> <span class='ocrx_word' id='word_1_465' title='bbox 3299 2431 3403 2488; x_wconf 92' lang='lat' dir='ltr'><strong>sub</strong></span> <span class='ocrx_word' id='word_1_466' title='bbox 3428 2430 3688 2488; x_wconf 88' lang='lat' dir='ltr'><strong>communi</strong></span> <span class='ocrx_word' id='word_1_467' title='bbox 3715 2427 3826 2483; x_wconf 78' lang='lat' dir='ltr'><strong>ditii-</strong></span> 
     </span>
    </p>
   </div>
   <div class='ocr_carea' id='block_1_62' title="bbox 2231 2518 3822 2592">
    <p class='ocr_par' dir='ltr' id='par_1_62' title="bbox 2231 2518 3822 2592">
     <span class='ocr_line' id='line_1_62' title="bbox 2231 2518 3822 2592; baseline -0.003 -16"><span class='ocrx_word' id='word_1_468' title='bbox 2231 2522 2452 2578; x_wconf 90' lang='lat' dir='ltr'><strong>nitione</strong></span> <span class='ocrx_word' id='word_1_469' title='bbox 2499 2523 2709 2592; x_wconf 89' lang='lat' dir='ltr'><strong>speciei</strong></span> <span class='ocrx_word' id='word_1_470' title='bbox 2755 2528 2958 2578; x_wconf 90' lang='lat' dir='ltr'><strong>notura</strong></span> <span class='ocrx_word' id='word_1_471' title='bbox 3009 2523 3339 2578; x_wconf 75' lang='lat' dir='ltr'><strong>taxantur?</strong></span> <span class='ocrx_word' id='word_1_472' title='bbox 3383 2525 3664 2590; x_wconf 88' lang='lat' dir='ltr'><strong>Nunquam</strong></span> <span class='ocrx_word' id='word_1_473' title='bbox 3703 2518 3822 2574; x_wconf 86' lang='lat' dir='ltr'><strong>enim</strong></span> 
     </span>
    </p>
   </div>
   <div class='ocr_carea' id='block_1_63' title="bbox 2228 2609 3824 2682">
    <p class='ocr_par' dir='ltr' id='par_1_63' title="bbox 2228 2609 3824 2682">
     <span class='ocr_line' id='line_1_63' title="bbox 2228 2609 3824 2682; baseline -0.004 -14"><span class='ocrx_word' id='word_1_474' title='bbox 2228 2612 2541 2682; x_wconf 89' lang='lat' dir='ltr'><strong>aliquando</strong></span> <span class='ocrx_word' id='word_1_475' title='bbox 2569 2613 2631 2667; x_wconf 84' lang='lat' dir='ltr'><strong>lit</strong></span> <span class='ocrx_word' id='word_1_476' title='bbox 2663 2612 2716 2667; x_wconf 92' lang='lat' dir='ltr'><strong>id</strong></span> <span class='ocrx_word' id='word_1_477' title='bbox 2745 2613 2893 2682; x_wconf 86' lang='lat' dir='ltr'><strong>quod</strong></span> <span class='ocrx_word' id='word_1_478' title='bbox 2923 2617 3129 2667; x_wconf 91' lang='lat' dir='ltr'><strong>natura</strong></span> <span class='ocrx_word' id='word_1_479' title='bbox 3158 2625 3467 2668; x_wconf 82' lang='lat' dir='ltr'><strong>commune</strong></span> <span class='ocrx_word' id='word_1_480' title='bbox 3495 2617 3590 2677; x_wconf 89' lang='lat' dir='ltr'><strong>est,</strong></span> <span class='ocrx_word' id='word_1_481' title='bbox 3621 2609 3767 2665; x_wconf 88' lang='lat' dir='ltr'><strong>unius</strong></span> <span class='ocrx_word' id='word_1_482' title='bbox 3783 2611 3824 2662; x_wconf 88' lang='lat' dir='ltr'><strong>et</strong></span> 
     </span>
    </p>
   </div>
   <div class='ocr_carea' id='block_1_64' title="bbox 2231 2699 3824 2771">
    <p class='ocr_par' dir='ltr' id='par_1_64' title="bbox 2231 2699 3824 2771">
     <span class='ocr_line' id='line_1_64' title="bbox 2231 2699 3824 2771; baseline -0.004 -15"><span class='ocrx_word' id='word_1_483' title='bbox 2231 2701 2416 2756; x_wconf 91' lang='lat' dir='ltr'><strong>solius</strong></span> <span class='ocrx_word' id='word_1_484' title='bbox 2441 2701 2752 2769; x_wconf 87' lang='lat' dir='ltr'><strong>cujuslibet</strong></span> <span class='ocrx_word' id='word_1_485' title='bbox 2784 2702 3098 2771; x_wconf 91' lang='lat' dir='ltr'><strong>proprium.</strong></span> <span class='ocrx_word' id='word_1_486' title='bbox 3133 2699 3599 2757; x_wconf 85' lang='lat' dir='ltr'><strong>Subsistentialia</strong></span> <span class='ocrx_word' id='word_1_487' title='bbox 3629 2707 3824 2766; x_wconf 84' lang='lat' dir='ltr'><strong>namque</strong></span> 
     </span>
    </p>
   </div>
   <div class='ocr_carea' id='block_1_65' title="bbox 2232 2789 3826 2861">
    <p class='ocr_par' dir='ltr' id='par_1_65' title="bbox 2232 2789 3826 2861">
     <span class='ocr_line' id='line_1_65' title="bbox 2232 2789 3826 2861; baseline -0.003 -16"><span class='ocrx_word' id='word_1_488' title='bbox 2232 2790 2468 2861; x_wconf 91' lang='lat' dir='ltr'><strong>indicia,</strong></span> <span class='ocrx_word' id='word_1_489' title='bbox 2505 2795 2709 2859; x_wconf 90' lang='lat' dir='ltr'><strong>utputa</strong></span> <span class='ocrx_word' id='word_1_490' title='bbox 2741 2792 2862 2846; x_wconf 90' lang='lat' dir='ltr'><strong>nasi</strong></span> <span class='ocrx_word' id='word_1_491' title='bbox 2893 2791 3197 2860; x_wconf 87' lang='lat' dir='ltr'><strong>prolixitas</strong></span> <span class='ocrx_word' id='word_1_492' title='bbox 3221 2805 3338 2846; x_wconf 76' lang='lat' dir='ltr'><strong>seu</strong></span> <span class='ocrx_word' id='word_1_493' title='bbox 3363 2789 3613 2857; x_wconf 88' lang='lat' dir='ltr'><strong>brevitas,</strong></span> <span class='ocrx_word' id='word_1_494' title='bbox 3643 2791 3727 2844; x_wconf 90' lang='lat' dir='ltr'><strong>aut</strong></span> <span class='ocrx_word' id='word_1_495' title='bbox 3750 2799 3826 2840; x_wconf 89' lang='lat' dir='ltr'><strong>au-</strong></span> 
     </span>
    </p>
   </div>
   <div class='ocr_carea' id='block_1_66' title="bbox 2229 2877 3825 2952">
    <p class='ocr_par' dir='ltr' id='par_1_66' title="bbox 2229 2877 3825 2952">
     <span class='ocr_line' id='line_1_66' title="bbox 2229 2877 3825 2952; baseline -0.003 -18"><span class='ocrx_word' id='word_1_496' title='bbox 2229 2877 2494 2936; x_wconf 89' lang='lat' dir='ltr'><strong>culorum</strong></span> <span class='ocrx_word' id='word_1_497' title='bbox 2525 2881 2746 2952; x_wconf 88' lang='lat' dir='ltr'><strong>albedo,</strong></span> <span class='ocrx_word' id='word_1_498' title='bbox 2789 2886 2890 2936; x_wconf 92' lang='lat' dir='ltr'><strong>aut</strong></span> <span class='ocrx_word' id='word_1_499' title='bbox 2918 2881 3238 2951; x_wconf 86' lang='lat' dir='ltr'><strong>calvitium,</strong></span> <span class='ocrx_word' id='word_1_500' title='bbox 3271 2886 3343 2937; x_wconf 70' lang='lat' dir='ltr'><strong>et</strong></span> <span class='ocrx_word' id='word_1_501' title='bbox 3373 2892 3695 2950; x_wconf 58' lang='lat' dir='ltr'><strong>quiscunque</strong></span> <span class='ocrx_word' id='word_1_502' title='bbox 3720 2881 3825 2932; x_wconf 87' lang='lat' dir='ltr'><strong>sunt</strong></span> 
     </span>
    </p>
   </div>
   <div class='ocr_carea' id='block_1_67' title="bbox 2230 2964 3826 3039">
    <p class='ocr_par' dir='ltr' id='par_1_67' title="bbox 2230 2964 3826 3039">
     <span class='ocr_line' id='line_1_67' title="bbox 2230 2964 3826 3039; baseline -0.003 -17"><span class='ocrx_word' id='word_1_503' title='bbox 2230 2967 2388 3037; x_wconf 87' lang='lat' dir='ltr'><strong>talia,</strong></span> <span class='ocrx_word' id='word_1_504' title='bbox 2421 2969 2758 3039; x_wconf 89' lang='lat' dir='ltr'><strong>deputaviva</strong></span> <span class='ocrx_word' id='word_1_505' title='bbox 2803 2970 3121 3025; x_wconf 89' lang='lat' dir='ltr'><strong>accidentia</strong></span> <span class='ocrx_word' id='word_1_506' title='bbox 3153 2975 3307 3025; x_wconf 75' lang='lat' dir='ltr'><strong>sunt</strong></span> <span class='ocrx_word' id='word_1_507' title='bbox 3337 2970 3578 3026; x_wconf 89' lang='lat' dir='ltr'><strong>numeris</strong></span> <span class='ocrx_word' id='word_1_508' title='bbox 3607 2967 3668 3023; x_wconf 90' lang='lat' dir='ltr'><strong>ab</strong></span> <span class='ocrx_word' id='word_1_509' title='bbox 3702 2964 3826 3021; x_wconf 92' lang='lat' dir='ltr'><strong>invi-</strong></span> 
     </span>
    </p>
   </div>
   <div class='ocr_carea' id='block_1_68' title="bbox 2149 3035 3821 3127">
    <p class='ocr_par' dir='ltr' id='par_1_68' title="bbox 2149 3035 3821 3127">
     <span class='ocr_line' id='line_1_68' title="bbox 2149 3035 3821 3127; baseline -0.004 -14"><span class='ocrx_word' id='word_1_510' title='bbox 2149 3035 2197 3094; x_wconf 78' lang='lat' dir='ltr'>C</span> <span class='ocrx_word' id='word_1_511' title='bbox 2230 3071 2348 3113; x_wconf 89' lang='lat' dir='ltr'><strong>cem</strong></span> <span class='ocrx_word' id='word_1_512' title='bbox 2379 3035 2815 3115; x_wconf 14' lang='lat' dir='ltr'><strong>vditferentibus.</strong></span> <span class='ocrx_word' id='word_1_513' title='bbox 2849 3059 3049 3114; x_wconf 91' lang='lat' dir='ltr'><strong>Omnis</strong></span> <span class='ocrx_word' id='word_1_514' title='bbox 3095 3059 3250 3114; x_wconf 89' lang='lat' dir='ltr'><strong>enim</strong></span> <span class='ocrx_word' id='word_1_515' title='bbox 3317 3061 3497 3127; x_wconf 86' lang='lat' dir='ltr'><strong>homo,</strong></span> <span class='ocrx_word' id='word_1_516' title='bbox 3546 3063 3604 3113; x_wconf 93' lang='lat' dir='ltr'><strong>ut</strong></span> <span class='ocrx_word' id='word_1_517' title='bbox 3644 3053 3821 3124; x_wconf 87' lang='lat' dir='ltr'><strong>aliquid</strong></span> 
     </span>
    </p>
   </div>
   <div class='ocr_carea' id='block_1_69' title="bbox 2231 3147 3828 3219">
    <p class='ocr_par' dir='ltr' id='par_1_69' title="bbox 2231 3147 3828 3219">
     <span class='ocr_line' id='line_1_69' title="bbox 2231 3147 3828 3219; baseline -0.003 -16"><span class='ocrx_word' id='word_1_518' title='bbox 2231 3155 2434 3205; x_wconf 89' lang='lat' dir='ltr'><strong>natura</strong></span> <span class='ocrx_word' id='word_1_519' title='bbox 2457 3149 2729 3218; x_wconf 87' lang='lat' dir='ltr'><strong>existens,</strong></span> <span class='ocrx_word' id='word_1_520' title='bbox 2752 3149 2846 3204; x_wconf 91' lang='lat' dir='ltr'><strong>sed</strong></span> <span class='ocrx_word' id='word_1_521' title='bbox 2869 3163 2977 3204; x_wconf 93' lang='lat' dir='ltr'><strong>non</strong></span> <span class='ocrx_word' id='word_1_522' title='bbox 2998 3152 3062 3204; x_wconf 90' lang='lat' dir='ltr'><strong>ut</strong></span> <span class='ocrx_word' id='word_1_523' title='bbox 3079 3149 3233 3219; x_wconf 86' lang='lat' dir='ltr'><strong>quis,</strong></span> <span class='ocrx_word' id='word_1_524' title='bbox 3257 3148 3630 3206; x_wconf 83' lang='lat' dir='ltr'><strong>subsistentia</strong></span> <span class='ocrx_word' id='word_1_525' title='bbox 3643 3147 3828 3216; x_wconf 80' lang='lat' dir='ltr'><strong>dignos-</strong></span> 
     </span>
    </p>
   </div>
   <div class='ocr_carea' id='block_1_70' title="bbox 2230 3237 3825 3310">
    <p class='ocr_par' dir='ltr' id='par_1_70' title="bbox 2230 3237 3825 3310">
     <span class='ocr_line' id='line_1_70' title="bbox 2230 3237 3825 3310; baseline -0.006 -16"><span class='ocrx_word' id='word_1_526' title='bbox 2230 3239 2386 3294; x_wconf 89' lang='lat' dir='ltr'><strong>citur</strong></span> <span class='ocrx_word' id='word_1_527' title='bbox 2414 3237 2637 3308; x_wconf 89' lang='lat' dir='ltr'><strong>operari</strong></span> <span class='ocrx_word' id='word_1_528' title='bbox 2670 3239 2985 3294; x_wconf 90' lang='lat' dir='ltr'><strong>secundum</strong></span> <span class='ocrx_word' id='word_1_529' title='bbox 3016 3239 3406 3310; x_wconf 79' lang='lat' dir='ltr'><strong>categoricam</strong></span> <span class='ocrx_word' id='word_1_530' title='bbox 3434 3238 3704 3303; x_wconf 89' lang='lat' dir='ltr'><strong>rationem,</strong></span> <span class='ocrx_word' id='word_1_531' title='bbox 3729 3245 3825 3303; x_wconf 74' lang='lat' dir='ltr'><strong>qua</strong></span> 
     </span>
    </p>
   </div>
   <div class='ocr_carea' id='block_1_71' title="bbox 2231 3324 3823 3399">
    <p class='ocr_par' dir='ltr' id='par_1_71' title="bbox 2231 3324 3823 3399">
     <span class='ocr_line' id='line_1_71' title="bbox 2231 3324 3823 3399; baseline -0.007 -14"><span class='ocrx_word' id='word_1_532' title='bbox 2231 3333 2345 3385; x_wconf 84' lang='lat' dir='ltr'><strong>tam</strong></span> <span class='ocrx_word' id='word_1_533' title='bbox 2413 3327 2788 3399; x_wconf 75' lang='lat' dir='ltr'><strong>singulariter</strong></span> <span class='ocrx_word' id='word_1_534' title='bbox 2848 3341 3014 3398; x_wconf 89' lang='lat' dir='ltr'><strong>quam</strong></span> <span class='ocrx_word' id='word_1_535' title='bbox 3073 3328 3467 3384; x_wconf 75' lang='lat' dir='ltr'><strong>communiter</strong></span> <span class='ocrx_word' id='word_1_536' title='bbox 3512 3324 3823 3396; x_wconf 80' lang='lat' dir='ltr'><strong>intelligitur.</strong></span> 
     </span>
    </p>
   </div>
   <div class='ocr_carea' id='block_1_72' title="bbox 2233 3409 3823 3486">
    <p class='ocr_par' dir='ltr' id='par_1_72' title="bbox 2233 3409 3823 3486">
     <span class='ocr_line' id='line_1_72' title="bbox 2233 3409 3823 3486; baseline -0.005 -13"><span class='ocrx_word' id='word_1_537' title='bbox 2233 3431 2450 3474; x_wconf 91' lang='lat' dir='ltr'><strong>necnon</strong></span> <span class='ocrx_word' id='word_1_538' title='bbox 2493 3423 2547 3473; x_wconf 91' lang='lat' dir='ltr'><strong>et</strong></span> <span class='ocrx_word' id='word_1_539' title='bbox 2589 3417 2826 3472; x_wconf 90' lang='lat' dir='ltr'><strong>dicitur.</strong></span> <span class='ocrx_word' id='word_1_540' title='bbox 2873 3417 3103 3486; x_wconf 86' lang='lat' dir='ltr'><strong>Utputa,</strong></span> <span class='ocrx_word' id='word_1_541' title='bbox 3145 3416 3371 3473; x_wconf 81' lang='lat' dir='ltr'><strong>animal</strong></span> <span class='ocrx_word' id='word_1_542' title='bbox 3413 3415 3668 3472; x_wconf 86' lang='lat' dir='ltr'><strong>rationale</strong></span> <span class='ocrx_word' id='word_1_543' title='bbox 3708 3409 3823 3482; x_wconf 87' lang='lat' dir='ltr'><strong>quod</strong></span> 
     </span>
    </p>
   </div>
   <div class='ocr_carea' id='block_1_73' title="bbox 2231 3501 3826 3578">
    <p class='ocr_par' dir='ltr' id='par_1_73' title="bbox 2231 3501 3826 3578">
     <span class='ocr_line' id='line_1_73' title="bbox 2231 3501 3826 3578; baseline -0.004 -17"><span class='ocrx_word' id='word_1_544' title='bbox 2231 3510 2317 3561; x_wconf 92' lang='lat' dir='ltr'><strong>est</strong></span> <span class='ocrx_word' id='word_1_545' title='bbox 2361 3505 2643 3578; x_wconf 80' lang='lat' dir='ltr'><strong>generalis</strong></span> <span class='ocrx_word' id='word_1_546' title='bbox 2673 3505 2984 3560; x_wconf 90' lang='lat' dir='ltr'><strong>secundum</strong></span> <span class='ocrx_word' id='word_1_547' title='bbox 3014 3520 3117 3561; x_wconf 94' lang='lat' dir='ltr'><strong>nos</strong></span> <span class='ocrx_word' id='word_1_548' title='bbox 3156 3506 3431 3563; x_wconf 85' lang='lat' dir='ltr'><strong>rationis.</strong></span> <span class='ocrx_word' id='word_1_549' title='bbox 3484 3506 3672 3562; x_wconf 86' lang='lat' dir='ltr'><strong>Omnes</strong></span> <span class='ocrx_word' id='word_1_550' title='bbox 3707 3501 3826 3557; x_wconf 89' lang='lat' dir='ltr'><strong>enim</strong></span> 
     </span>
    </p>
   </div>
   <div class='ocr_carea' id='block_1_74' title="bbox 2230 3590 3830 3664">
    <p class='ocr_par' dir='ltr' id='par_1_74' title="bbox 2230 3590 3830 3664">
     <span class='ocr_line' id='line_1_74' title="bbox 2230 3590 3830 3664; baseline -0.004 -14"><span class='ocrx_word' id='word_1_551' title='bbox 2230 3595 2482 3650; x_wconf 87' lang='lat' dir='ltr'><strong>eamdem</strong></span> <span class='ocrx_word' id='word_1_552' title='bbox 2516 3593 2868 3664; x_wconf 86' lang='lat' dir='ltr'><strong>percipimus</strong></span> <span class='ocrx_word' id='word_1_553' title='bbox 2887 3593 3083 3664; x_wconf 90' lang='lat' dir='ltr'><strong>vitam,</strong></span> <span class='ocrx_word' id='word_1_554' title='bbox 3107 3599 3162 3650; x_wconf 89' lang='lat' dir='ltr'><strong>et</strong></span> <span class='ocrx_word' id='word_1_555' title='bbox 3185 3596 3446 3651; x_wconf 77' lang='lat' dir='ltr'><strong>eamdem</strong></span> <span class='ocrx_word' id='word_1_556' title='bbox 3472 3590 3830 3650; x_wconf 84' lang='lat' dir='ltr'><strong>rationabilita-</strong></span> 
     </span>
    </p>
   </div>
   <div class='ocr_carea' id='block_1_75' title="bbox 2233 3679 3832 3754">
    <p class='ocr_par' dir='ltr' id='par_1_75' title="bbox 2233 3679 3832 3754">
     <span class='ocr_line' id='line_1_75' title="bbox 2233 3679 3832 3754; baseline -0.004 -15"><span class='ocrx_word' id='word_1_557' title='bbox 2233 3687 2365 3753; x_wconf 89' lang='lat' dir='ltr'><strong>tem,</strong></span> <span class='ocrx_word' id='word_1_558' title='bbox 2399 3689 2456 3738; x_wconf 91' lang='lat' dir='ltr'><strong>et</strong></span> <span class='ocrx_word' id='word_1_559' title='bbox 2498 3683 2726 3751; x_wconf 85' lang='lat' dir='ltr'><strong>ﬂexum,</strong></span> <span class='ocrx_word' id='word_1_560' title='bbox 2759 3687 2814 3739; x_wconf 91' lang='lat' dir='ltr'><strong>et</strong></span> <span class='ocrx_word' id='word_1_561' title='bbox 2858 3683 3159 3754; x_wconf 87' lang='lat' dir='ltr'><strong>deﬂexum,</strong></span> <span class='ocrx_word' id='word_1_562' title='bbox 3197 3688 3252 3740; x_wconf 90' lang='lat' dir='ltr'><strong>et</strong></span> <span class='ocrx_word' id='word_1_563' title='bbox 3281 3685 3502 3753; x_wconf 85' lang='lat' dir='ltr'><strong>sedere,</strong></span> <span class='ocrx_word' id='word_1_564' title='bbox 3532 3689 3583 3739; x_wconf 91' lang='lat' dir='ltr'><strong>et</strong></span> <span class='ocrx_word' id='word_1_565' title='bbox 3613 3679 3767 3750; x_wconf 90' lang='lat' dir='ltr'><strong>loqui,</strong></span> <span class='ocrx_word' id='word_1_566' title='bbox 3788 3681 3832 3733; x_wconf 85' lang='lat' dir='ltr'><strong>et</strong></span> 
     </span>
    </p>
   </div>
   <div class='ocr_carea' id='block_1_76' title="bbox 2235 3772 3832 3846">
    <p class='ocr_par' dir='ltr' id='par_1_76' title="bbox 2235 3772 3832 3846">
     <span class='ocr_line' id='line_1_76' title="bbox 2235 3772 3832 3846; baseline -0.004 -18"><span class='ocrx_word' id='word_1_567' title='bbox 2235 3779 2438 3839; x_wconf 90' lang='lat' dir='ltr'><strong>tacere,</strong></span> <span class='ocrx_word' id='word_1_568' title='bbox 2464 3777 2520 3827; x_wconf 91' lang='lat' dir='ltr'><strong>et</strong></span> <span class='ocrx_word' id='word_1_569' title='bbox 2545 3772 2755 3841; x_wconf 91' lang='lat' dir='ltr'><strong>videre,</strong></span> <span class='ocrx_word' id='word_1_570' title='bbox 2791 3773 2841 3827; x_wconf 91' lang='lat' dir='ltr'><strong>ei</strong></span> <span class='ocrx_word' id='word_1_571' title='bbox 2875 3773 3098 3844; x_wconf 91' lang='lat' dir='ltr'><strong>audire,</strong></span> <span class='ocrx_word' id='word_1_572' title='bbox 3121 3777 3176 3829; x_wconf 89' lang='lat' dir='ltr'><strong>et</strong></span> <span class='ocrx_word' id='word_1_573' title='bbox 3208 3778 3462 3846; x_wconf 84' lang='lat' dir='ltr'><strong>tangere,</strong></span> <span class='ocrx_word' id='word_1_574' title='bbox 3493 3787 3609 3845; x_wconf 65' lang='lat' dir='ltr'><strong>quae</strong></span> <span class='ocrx_word' id='word_1_575' title='bbox 3632 3773 3748 3827; x_wconf 89' lang='lat' dir='ltr'><strong>sunt</strong></span> <span class='ocrx_word' id='word_1_576' title='bbox 3769 3779 3832 3822; x_wconf 87' lang='lat' dir='ltr'><strong>ra-</strong></span> 
     </span>
    </p>
   </div>
   <div class='ocr_carea' id='block_1_77' title="bbox 2242 3858 3828 3933">
    <p class='ocr_par' dir='ltr' id='par_1_77' title="bbox 2242 3858 3828 3933">
     <span class='ocr_line' id='line_1_77' title="bbox 2242 3858 3828 3933; baseline -0.004 -17"><span class='ocrx_word' id='word_1_577' title='bbox 2242 3860 2443 3932; x_wconf 90' lang='lat' dir='ltr'><strong>tionis,</strong></span> <span class='ocrx_word' id='word_1_578' title='bbox 2478 3875 2604 3932; x_wconf 76' lang='lat' dir='ltr'><strong>qua:</strong></span> <span class='ocrx_word' id='word_1_579' title='bbox 2632 3862 3016 3918; x_wconf 90' lang='lat' dir='ltr'><strong>communiter</strong></span> <span class='ocrx_word' id='word_1_580' title='bbox 3037 3862 3095 3918; x_wconf 91' lang='lat' dir='ltr'><strong>in</strong></span> <span class='ocrx_word' id='word_1_581' title='bbox 3120 3862 3290 3918; x_wconf 92' lang='lat' dir='ltr'><strong>nobis</strong></span> <span class='ocrx_word' id='word_1_582' title='bbox 3318 3863 3710 3933; x_wconf 81' lang='lat' dir='ltr'><strong>intelliguntur.</strong></span> <span class='ocrx_word' id='word_1_583' title='bbox 3733 3858 3828 3912; x_wconf 82' lang='lat' dir='ltr'><strong>Non</strong></span> 
     </span>
    </p>
   </div>
   <div class='ocr_carea' id='block_1_78' title="bbox 2239 3943 3829 4021">
    <p class='ocr_par' dir='ltr' id='par_1_78' title="bbox 2239 3943 3829 4021">
     <span class='ocr_line' id='line_1_78' title="bbox 2239 3943 3829 4021; baseline -0.002 -15"><span class='ocrx_word' id='word_1_584' title='bbox 2239 3951 2436 4021; x_wconf 86' lang='lat' dir='ltr'><strong>itaque</strong></span> <span class='ocrx_word' id='word_1_585' title='bbox 2458 3955 2684 4020; x_wconf 88' lang='lat' dir='ltr'><strong>oportet</strong></span> <span class='ocrx_word' id='word_1_586' title='bbox 2712 3950 2986 4007; x_wconf 90' lang='lat' dir='ltr'><strong>innovare</strong></span> <span class='ocrx_word' id='word_1_587' title='bbox 3011 3965 3176 4008; x_wconf 90' lang='lat' dir='ltr'><strong>voces</strong></span> <span class='ocrx_word' id='word_1_588' title='bbox 3197 3965 3313 4009; x_wconf 89' lang='lat' dir='ltr'><strong>non</strong></span> <span class='ocrx_word' id='word_1_589' title='bbox 3338 3953 3599 4009; x_wconf 89' lang='lat' dir='ltr'><strong>habentes</strong></span> <span class='ocrx_word' id='word_1_590' title='bbox 3620 3950 3736 4010; x_wconf 78' lang='lat' dir='ltr'><strong>vim,</strong></span> <span class='ocrx_word' id='word_1_591' title='bbox 3764 3943 3829 3998; x_wconf 85' lang='lat' dir='ltr'><strong>vel</strong></span> 
     </span>
    </p>
   </div>
   <div class='ocr_carea' id='block_1_79' title="bbox 2239 4032 3829 4112">
    <p class='ocr_par' dir='ltr' id='par_1_79' title="bbox 2239 4032 3829 4112">
     <span class='ocr_line' id='line_1_79' title="bbox 2239 4032 3829 4112; baseline -0.001 -17"><span class='ocrx_word' id='word_1_592' title='bbox 2239 4053 2414 4095; x_wconf 71' lang='lat' dir='ltr'><strong>sacrae</strong></span> <span class='ocrx_word' id='word_1_593' title='bbox 2452 4040 2782 4112; x_wconf 54' lang='lat' dir='ltr'><strong>Scriptura,</strong></span> <span class='ocrx_word' id='word_1_594' title='bbox 2823 4039 2909 4096; x_wconf 91' lang='lat' dir='ltr'><strong>vel</strong></span> <span class='ocrx_word' id='word_1_595' title='bbox 2951 4041 3204 4110; x_wconf 87' lang='lat' dir='ltr'><strong>Patrum,</strong></span> <span class='ocrx_word' id='word_1_596' title='bbox 3244 4047 3347 4098; x_wconf 90' lang='lat' dir='ltr'><strong>aut</strong></span> <span class='ocrx_word' id='word_1_597' title='bbox 3394 4040 3708 4098; x_wconf 87' lang='lat' dir='ltr'><strong>naturalem,</strong></span> <span class='ocrx_word' id='word_1_598' title='bbox 3755 4032 3829 4089; x_wconf 84' lang='lat' dir='ltr'><strong>sed</strong></span> 
     </span>
    </p>
   </div>
   <div class='ocr_carea' id='block_1_80' title="bbox 2239 4128 3838 4199">
    <p class='ocr_par' dir='ltr' id='par_1_80' title="bbox 2239 4128 3838 4199">
     <span class='ocr_line' id='line_1_80' title="bbox 2239 4128 3838 4199; baseline -0.005 -15"><span class='ocrx_word' id='word_1_599' title='bbox 2239 4134 2512 4199; x_wconf 83' lang='lat' dir='ltr'><strong>exteram,</strong></span> <span class='ocrx_word' id='word_1_600' title='bbox 2551 4134 2607 4183; x_wconf 89' lang='lat' dir='ltr'><strong>et</strong></span> <span class='ocrx_word' id='word_1_601' title='bbox 2637 4129 2914 4184; x_wconf 88' lang='lat' dir='ltr'><strong>versutiis</strong></span> <span class='ocrx_word' id='word_1_602' title='bbox 2939 4130 3234 4185; x_wconf 89' lang='lat' dir='ltr'><strong>hominum</strong></span> <span class='ocrx_word' id='word_1_603' title='bbox 3265 4131 3636 4186; x_wconf 90' lang='lat' dir='ltr'><strong>adinventam.</strong></span> <span class='ocrx_word' id='word_1_604' title='bbox 3664 4128 3838 4180; x_wconf 77' lang='lat' dir='ltr'><strong>\‘erun-</strong></span> 
     </span>
    </p>
   </div>
   <div class='ocr_carea' id='block_1_81' title="bbox 2241 4215 3832 4288">
    <p class='ocr_par' dir='ltr' id='par_1_81' title="bbox 2241 4215 3832 4288">
     <span class='ocr_line' id='line_1_81' title="bbox 2241 4215 3832 4288; baseline -0.006 -16"><span class='ocrx_word' id='word_1_605' title='bbox 2241 4220 2428 4272; x_wconf 91' lang='lat' dir='ltr'><strong>tamen</strong></span> <span class='ocrx_word' id='word_1_606' title='bbox 2469 4217 2702 4272; x_wconf 88' lang='lat' dir='ltr'><strong>ostende</strong></span> <span class='ocrx_word' id='word_1_607' title='bbox 2745 4217 2888 4272; x_wconf 91' lang='lat' dir='ltr'><strong>mihi</strong></span> <span class='ocrx_word' id='word_1_608' title='bbox 2924 4217 3069 4273; x_wconf 90' lang='lat' dir='ltr'><strong>hanc</strong></span> <span class='ocrx_word' id='word_1_609' title='bbox 3101 4218 3345 4287; x_wconf 87' lang='lat' dir='ltr'><strong>positam</strong></span> <span class='ocrx_word' id='word_1_610' title='bbox 3385 4219 3443 4274; x_wconf 91' lang='lat' dir='ltr'><strong>in</strong></span> <span class='ocrx_word' id='word_1_611' title='bbox 3462 4217 3654 4288; x_wconf 89' lang='lat' dir='ltr'><strong>quovis</strong></span> <span class='ocrx_word' id='word_1_612' title='bbox 3683 4215 3832 4276; x_wconf 89' lang='lat' dir='ltr'><strong>Patre,</strong></span> 
     </span>
    </p>
   </div>
   <div class='ocr_carea' id='block_1_82' title="bbox 2241 4304 3835 4377">
    <p class='ocr_par' dir='ltr' id='par_1_82' title="bbox 2241 4304 3835 4377">
     <span class='ocr_line' id='line_1_82' title="bbox 2241 4304 3835 4377; baseline -0.005 -17"><span class='ocrx_word' id='word_1_613' title='bbox 2241 4309 2297 4360; x_wconf 91' lang='lat' dir='ltr'><strong>et</strong></span> <span class='ocrx_word' id='word_1_614' title='bbox 2329 4305 2539 4361; x_wconf 88' lang='lat' dir='ltr'><strong>iterum</strong></span> <span class='ocrx_word' id='word_1_615' title='bbox 2569 4320 2798 4361; x_wconf 91' lang='lat' dir='ltr'><strong>sensum</strong></span> <span class='ocrx_word' id='word_1_616' title='bbox 2827 4307 2951 4376; x_wconf 92' lang='lat' dir='ltr'><strong>ejus</strong></span> <span class='ocrx_word' id='word_1_617' title='bbox 2988 4306 3087 4377; x_wconf 90' lang='lat' dir='ltr'><strong>qui</strong></span> <span class='ocrx_word' id='word_1_618' title='bbox 3131 4307 3279 4362; x_wconf 91' lang='lat' dir='ltr'><strong>hanc</strong></span> <span class='ocrx_word' id='word_1_619' title='bbox 3313 4308 3467 4363; x_wconf 80' lang='lat' dir='ltr'><strong>dixit</strong></span> <span class='ocrx_word' id='word_1_620' title='bbox 3503 4304 3835 4376; x_wconf 89' lang='lat' dir='ltr'><strong>inquiremus.</strong></span> 
     </span>
    </p>
   </div>
   <div class='ocr_carea' id='block_1_83' title="bbox 605 4368 2077 4466">
    <p class='ocr_par' dir='ltr' id='par_1_83' title="bbox 605 4368 2077 4466">
     <span class='ocr_line' id='line_1_83' title="bbox 605 4368 2077 4466; baseline -0.005 -25"><span class='ocrx_word' id='word_1_621' title='bbox 605 4381 826 4441; x_wconf 82' lang='grc' dir='ltr'><strong>ΘΕΟΔ.</strong></span> <span class='ocrx_word' id='word_1_622' title='bbox 854 4380 906 4439; x_wconf 86' lang='grc' dir='ltr'>Τ</span> <span class='ocrx_word' id='word_1_623' title='bbox 909 4377 926 4438; x_wconf 82' lang='grc' dir='ltr'><strong>ί</strong></span> <span class='ocrx_word' id='word_1_624' title='bbox 951 4368 1036 4437; x_wconf 64' lang='grc' dir='ltr'>οὖν</span> <span class='ocrx_word' id='word_1_625' title='bbox 1058 4402 1073 4451; x_wconf 88' lang='lat'><strong>;</strong></span> <span class='ocrx_word' id='word_1_626' title='bbox 1102 4383 1161 4440; x_wconf 80' lang='grc' dir='ltr'>οὗ</span> <span class='ocrx_word' id='word_1_627' title='bbox 1185 4371 1263 4439; x_wconf 65' lang='grc' dir='ltr'><strong>δεῖ</strong></span> <span class='ocrx_word' id='word_1_628' title='bbox 1276 4382 1538 4443; x_wconf 78' lang='grc' dir='ltr'>παντελῶς</span> <span class='ocrx_word' id='word_1_629' title='bbox 1565 4373 1650 4466; x_wconf 48' lang='grc' dir='ltr'><strong>ἐπ)</strong></span> <span class='ocrx_word' id='word_1_630' title='bbox 1676 4375 1905 4466; x_wconf 63' lang='grc' dir='ltr'>Χριστοιῖ</span> <span class='ocrx_word' id='word_1_631' title='bbox 1927 4373 2077 4453; x_wconf 66' lang='grc' dir='ltr'>λέγειπ</span> 
     </span>
    </p>
   </div>
   <div class='ocr_carea' id='block_1_84' title="bbox 2226 4368 3836 4466">
    <p class='ocr_par' dir='ltr' id='par_1_84' title="bbox 2311 4386 3836 4466">
     <span class='ocr_line' id='line_1_84' title="bbox 2311 4386 3836 4466; baseline -0.007 -18"><span class='ocrx_word' id='word_1_632' title='bbox 2311 4395 2514 4450; x_wconf 72' lang='lat' dir='ltr'><strong>Tmaon.</strong></span> <span class='ocrx_word' id='word_1_633' title='bbox 2571 4392 2718 4462; x_wconf 90' lang='lat' dir='ltr'><strong>Quid</strong></span> <span class='ocrx_word' id='word_1_634' title='bbox 2764 4395 2952 4466; x_wconf 80' lang='lat' dir='ltr'><strong>ergo?</strong></span> <span class='ocrx_word' id='word_1_635' title='bbox 2993 4408 3104 4450; x_wconf 90' lang='lat' dir='ltr'><strong>non</strong></span> <span class='ocrx_word' id='word_1_636' title='bbox 3155 4402 3380 4466; x_wconf 90' lang='lat' dir='ltr'><strong>oportet</strong></span> <span class='ocrx_word' id='word_1_637' title='bbox 3423 4391 3744 4451; x_wconf 90' lang='lat' dir='ltr'><strong>omnimodis</strong></span> <span class='ocrx_word' id='word_1_638' title='bbox 3792 4386 3836 4440; x_wconf 93' lang='lat' dir='ltr'><strong>in</strong></span> 
     </span>
    </p>
   </div>
   <div class='ocr_carea' id='block_1_85' title="bbox 528 4460 2077 4553">
    <p class='ocr_par' dir='ltr' id='par_1_85' title="bbox 528 4460 2077 4553">
     <span class='ocr_line' id='line_1_85' title="bbox 528 4460 2077 4553; baseline -0.005 -23"><span class='ocrx_word' id='word_1_639' title='bbox 528 4470 649 4548; x_wconf 85' lang='grc' dir='ltr'>μίαν</span> <span class='ocrx_word' id='word_1_640' title='bbox 678 4466 958 4550; x_wconf 78' lang='grc' dir='ltr'>ἐνεργείαν;</span> <span class='ocrx_word' id='word_1_641' title='bbox 1003 4469 1183 4527; x_wconf 79' lang='grc' dir='ltr'><strong>ΜΑΞ.</strong></span> <span class='ocrx_word' id='word_1_642' title='bbox 1219 4466 1371 4526; x_wconf 77' lang='grc' dir='ltr'>Κατὰ</span> <span class='ocrx_word' id='word_1_643' title='bbox 1405 4465 1500 4537; x_wconf 78' lang='grc' dir='ltr'><strong>τὴν</strong></span> <span class='ocrx_word' id='word_1_644' title='bbox 1548 4460 1952 4553; x_wconf 32' lang='grc' dir='ltr'>ἁγίαν-γραφὴν,</span> <span class='ocrx_word' id='word_1_645' title='bbox 2003 4465 2077 4553; x_wconf 69' lang='grc' dir='ltr'><strong>κα</strong></span> 
     </span>
    </p>
   </div>
   <div class='ocr_carea' id='block_1_86' title="bbox 2226 4460 3840 4553">
    <p class='ocr_par' dir='ltr' id='par_1_86' title="bbox 2237 4460 3840 4553">
     <span class='ocr_line' id='line_1_86' title="bbox 2237 4460 3840 4553; baseline -0.004 -16"><span class='ocrx_word' id='word_1_646' title='bbox 2237 4482 2467 4538; x_wconf 87' lang='lat' dir='ltr'><strong>Christo</strong></span> <span class='ocrx_word' id='word_1_647' title='bbox 2492 4460 2684 4538; x_wconf 85' lang='lat' dir='ltr'><strong>dicere</strong></span> <span class='ocrx_word' id='word_1_648' title='bbox 2712 4460 2883 4538; x_wconf 78' lang='lat' dir='ltr'><strong>unam</strong></span> <span class='ocrx_word' id='word_1_649' title='bbox 2922 4460 3309 4553; x_wconf 80' lang='lat' dir='ltr'><strong>Operationem</strong></span> <span class='ocrx_word' id='word_1_650' title='bbox 3328 4485 3356 4539; x_wconf 63' lang='grc' dir='ltr'><strong>εἰ</strong></span> <span class='ocrx_word' id='word_1_651' title='bbox 3385 4488 3530 4540; x_wconf 66' lang='lat' dir='ltr'><strong>Max.</strong></span> <span class='ocrx_word' id='word_1_652' title='bbox 3562 4477 3840 4539; x_wconf 87' lang='lat' dir='ltr'><strong>Secundum</strong></span> 
     </span>
    </p>
   </div>
   <div class='ocr_carea' id='block_1_87' title="bbox 524 4549 2077 4644">
    <p class='ocr_par' dir='ltr' id='par_1_87' title="bbox 524 4549 2077 4644">
     <span class='ocr_line' id='line_1_87' title="bbox 524 4549 2077 4644; baseline -0.005 -25"><span class='ocrx_word' id='word_1_653' title='bbox 524 4558 643 4624; x_wconf 72' lang='grc' dir='ltr'>τοὺς</span> <span class='ocrx_word' id='word_1_654' title='bbox 679 4549 851 4635; x_wconf 77' lang='grc' dir='ltr'>ἁγίους</span> <span class='ocrx_word' id='word_1_655' title='bbox 893 4554 1152 4636; x_wconf 81' lang='grc' dir='ltr'>Πατέρας,</span> <span class='ocrx_word' id='word_1_656' title='bbox 1202 4555 1342 4615; x_wconf 77' lang='grc' dir='ltr'>οὐδὲν</span> <span class='ocrx_word' id='word_1_657' title='bbox 1385 4561 1614 4615; x_wconf 75' lang='grc' dir='ltr'>τοιοῦτον</span> <span class='ocrx_word' id='word_1_658' title='bbox 1651 4549 1817 4644; x_wconf 80' lang='grc' dir='ltr'>λέγειν</span> <span class='ocrx_word' id='word_1_659' title='bbox 1846 4551 2077 4644; x_wconf 32' lang='grc' dir='ltr'>’παρελέη</span> 
     </span>
    </p>
   </div>
   <div class='ocr_carea' id='block_1_88' title="bbox 2226 4549 3840 4644">
    <p class='ocr_par' dir='ltr' id='par_1_88' title="bbox 2239 4549 3840 4644">
     <span class='ocr_line' id='line_1_88' title="bbox 2239 4549 3840 4644; baseline -0.004 -18"><span class='ocrx_word' id='word_1_660' title='bbox 2239 4576 2492 4626; x_wconf 89' lang='lat' dir='ltr'><strong>sanctam</strong></span> <span class='ocrx_word' id='word_1_661' title='bbox 2551 4572 2908 4641; x_wconf 89' lang='lat' dir='ltr'><strong>Scripturam</strong></span> <span class='ocrx_word' id='word_1_662' title='bbox 2963 4549 3324 4644; x_wconf 71' lang='lat' dir='ltr'><strong>sanctosque</strong></span> <span class='ocrx_word' id='word_1_663' title='bbox 3375 4576 3582 4643; x_wconf 86' lang='lat' dir='ltr'><strong>Patres,</strong></span> <span class='ocrx_word' id='word_1_664' title='bbox 3634 4568 3708 4625; x_wconf 93' lang='lat' dir='ltr'><strong>nil</strong></span> <span class='ocrx_word' id='word_1_665' title='bbox 3751 4564 3840 4620; x_wconf 86' lang='lat' dir='ltr'><strong>tale</strong></span> 
     </span>
    </p>
   </div>
   <div class='ocr_carea' id='block_1_89' title="bbox 527 4632 2077 4733">
    <p class='ocr_par' dir='ltr' id='par_1_89' title="bbox 527 4632 2077 4724">
     <span class='ocr_line' id='line_1_89' title="bbox 527 4632 2077 4724; baseline -0.003 -21"><span class='ocrx_word' id='word_1_666' title='bbox 527 4645 684 4724; x_wconf 81' lang='grc' dir='ltr'>ϐομεν</span> <span class='ocrx_word' id='word_1_667' title='bbox 710 4632 734 4683; x_wconf 26' lang='grc' dir='ltr'><strong>ο-</strong></span> <span class='ocrx_word' id='word_1_668' title='bbox 755 4643 870 4702; x_wconf 86' lang='grc' dir='ltr'>ἀλλ’</span> <span class='ocrx_word' id='word_1_669' title='bbox 899 4632 1075 4722; x_wconf 81' lang='grc' dir='ltr'>ὥσπερ</span> <span class='ocrx_word' id='word_1_670' title='bbox 1115 4641 1204 4701; x_wconf 82' lang='grc' dir='ltr'><strong>δύο</strong></span> <span class='ocrx_word' id='word_1_671' title='bbox 1232 4647 1402 4722; x_wconf 68' lang='grc' dir='ltr'>φύσεις</span> <span class='ocrx_word' id='word_1_672' title='bbox 1443 4643 1532 4702; x_wconf 85' lang='grc' dir='ltr'>τὸν</span> <span class='ocrx_word' id='word_1_673' title='bbox 1564 4637 1783 4721; x_wconf 81' lang='grc' dir='ltr'>Χριστὸν</span> <span class='ocrx_word' id='word_1_674' title='bbox 1809 4637 1900 4706; x_wconf 73' lang='grc' dir='ltr'><strong>τὰς</strong></span> <span class='ocrx_word' id='word_1_675' title='bbox 1944 4632 1996 4709; x_wconf 74' lang='grc' dir='ltr'><strong>ἐξ</strong></span> <span class='ocrx_word' id='word_1_676' title='bbox 2020 4632 2077 4699; x_wconf 48' lang='lat' dir='ltr'><strong>cf»</strong></span> 
     </span>
    </p>
   </div>
   <div class='ocr_carea' id='block_1_90' title="bbox 2226 4632 3844 4733">
    <p class='ocr_par' dir='ltr' id='par_1_90' title="bbox 2236 4632 3844 4733">
     <span class='ocr_line' id='line_1_90' title="bbox 2236 4632 3844 4733; baseline -0.002 -18"><span class='ocrx_word' id='word_1_677' title='bbox 2236 4660 2542 4716; x_wconf 88' lang='lat' dir='ltr'><strong>dicendum</strong></span> <span class='ocrx_word' id='word_1_678' title='bbox 2578 4662 2956 4731; x_wconf 88' lang='lat' dir='ltr'><strong>suscepimus.</strong></span> <span class='ocrx_word' id='word_1_679' title='bbox 2985 4663 3088 4717; x_wconf 89' lang='lat' dir='ltr'><strong>Sed</strong></span> <span class='ocrx_word' id='word_1_680' title='bbox 3123 4632 3596 4733; x_wconf 71' lang='lat' dir='ltr'><strong>quemadmodum</strong></span> <span class='ocrx_word' id='word_1_681' title='bbox 3625 4661 3754 4716; x_wconf 90' lang='lat' dir='ltr'><strong>duas</strong></span> <span class='ocrx_word' id='word_1_682' title='bbox 3772 4665 3844 4708; x_wconf 83' lang='lat' dir='ltr'><strong>na-</strong></span> 
     </span>
    </p>
   </div>
   <div class='ocr_carea' id='block_1_91' title="bbox 528 4728 2077 4821">
    <p class='ocr_par' dir='ltr' id='par_1_91' title="bbox 528 4728 2077 4813">
     <span class='ocr_line' id='line_1_91' title="bbox 528 4728 2077 4813; baseline -0.003 -21"><span class='ocrx_word' id='word_1_683' title='bbox 528 4736 664 4792; x_wconf 78' lang='grc' dir='ltr'>ἐστιν</span> <span class='ocrx_word' id='word_1_684' title='bbox 690 4778 704 4802; x_wconf 97' lang='grc'><strong>,</strong></span> <span class='ocrx_word' id='word_1_685' title='bbox 763 4730 923 4794; x_wconf 79' lang='grc' dir='ltr'>οὕτως</span> <span class='ocrx_word' id='word_1_686' title='bbox 981 4730 1070 4787; x_wconf 86' lang='grc' dir='ltr'><strong>καὶ</strong></span> <span class='ocrx_word' id='word_1_687' title='bbox 1120 4729 1210 4797; x_wconf 70' lang='grc' dir='ltr'><strong>τὰς</strong></span> <span class='ocrx_word' id='word_1_688' title='bbox 1263 4729 1475 4813; x_wconf 76' lang='grc' dir='ltr'>φυσικὰς</span> <span class='ocrx_word' id='word_1_689' title='bbox 1522 4733 1680 4789; x_wconf 74' lang='grc' dir='ltr'>αὐτοῦ</span> <span class='ocrx_word' id='word_1_690' title='bbox 1731 4728 1960 4799; x_wconf 83' lang='grc' dir='ltr'>θελήσεις</span> <span class='ocrx_word' id='word_1_691' title='bbox 2005 4731 2077 4787; x_wconf 31' lang='grc' dir='ltr'><strong>καλ</strong></span> 
     </span>
    </p>
   </div>
   <div class='ocr_carea' id='block_1_92' title="bbox 2226 4728 3842 4821">
    <p class='ocr_par' dir='ltr' id='par_1_92' title="bbox 2238 4728 3842 4821">
     <span class='ocr_line' id='line_1_92' title="bbox 2238 4728 3842 4821; baseline -0.007 -15"><span class='ocrx_word' id='word_1_692' title='bbox 2238 4754 2399 4806; x_wconf 89' lang='lat' dir='ltr'><strong>turas</strong></span> <span class='ocrx_word' id='word_1_693' title='bbox 2428 4751 2719 4806; x_wconf 90' lang='lat' dir='ltr'><strong>Christum</strong></span> <span class='ocrx_word' id='word_1_694' title='bbox 2739 4728 2806 4806; x_wconf 81' lang='lat' dir='ltr'><strong>ex</strong></span> <span class='ocrx_word' id='word_1_695' title='bbox 2829 4751 3042 4821; x_wconf 92' lang='lat' dir='ltr'><strong>quibus</strong></span> <span class='ocrx_word' id='word_1_696' title='bbox 3067 4757 3122 4806; x_wconf 90' lang='lat' dir='ltr'><strong>et</strong></span> <span class='ocrx_word' id='word_1_697' title='bbox 3141 4728 3248 4816; x_wconf 77' lang='lat' dir='ltr'><strong>est,</strong></span> <span class='ocrx_word' id='word_1_698' title='bbox 3277 4753 3355 4808; x_wconf 88' lang='lat' dir='ltr'><strong>ita</strong></span> <span class='ocrx_word' id='word_1_699' title='bbox 3372 4757 3429 4808; x_wconf 90' lang='lat' dir='ltr'><strong>et</strong></span> <span class='ocrx_word' id='word_1_700' title='bbox 3454 4749 3726 4807; x_wconf 90' lang='lat' dir='ltr'><strong>naturales</strong></span> <span class='ocrx_word' id='word_1_701' title='bbox 3742 4746 3842 4814; x_wconf 88' lang='lat' dir='ltr'><strong>ejus</strong></span> 
     </span>
    </p>
   </div>
   <div class='ocr_carea' id='block_1_93' title="bbox 528 4815 2077 4909">
    <p class='ocr_par' dir='ltr' id='par_1_93' title="bbox 528 4815 2077 4909">
     <span class='ocr_line' id='line_1_93' title="bbox 528 4815 2077 4909; baseline -0.003 -29"><span class='ocrx_word' id='word_1_702' title='bbox 528 4821 774 4909; x_wconf 75' lang='grc' dir='ltr'>ἐνεργείας</span> <span class='ocrx_word' id='word_1_703' title='bbox 824 4819 1167 4909; x_wconf 80' lang='grc' dir='ltr'>καταλλήλως</span> <span class='ocrx_word' id='word_1_704' title='bbox 1209 4824 1372 4901; x_wconf 78' lang='grc' dir='ltr'>αὐτῷ,</span> <span class='ocrx_word' id='word_1_705' title='bbox 1405 4825 1542 4909; x_wconf 71' lang='grc' dir='ltr'><strong>δμοῖῑ</strong></span> <span class='ocrx_word' id='word_1_706' title='bbox 1568 4841 1630 4909; x_wconf 81' lang='grc' dir='ltr'><strong>τε</strong></span> <span class='ocrx_word' id='word_1_707' title='bbox 1667 4815 1816 4899; x_wconf 73' lang='grc' dir='ltr'>φύσει</span> <span class='ocrx_word' id='word_1_708' title='bbox 1856 4819 1988 4909; x_wconf 11' lang='grc' dir='ltr'>Θεῷγ</span> <span class='ocrx_word' id='word_1_709' title='bbox 2006 4820 2077 4876; x_wconf 88' lang='grc' dir='ltr'><strong>κα</strong></span> 
     </span>
    </p>
   </div>
   <div class='ocr_carea' id='block_1_94' title="bbox 2226 4815 3845 4909">
    <p class='ocr_par' dir='ltr' id='par_1_94' title="bbox 2238 4831 3845 4909">
     <span class='ocr_line' id='line_1_94' title="bbox 2238 4831 3845 4909; baseline -0.006 -15"><span class='ocrx_word' id='word_1_710' title='bbox 2238 4839 2561 4894; x_wconf 90' lang='lat' dir='ltr'><strong>voluntates</strong></span> <span class='ocrx_word' id='word_1_711' title='bbox 2587 4844 2642 4894; x_wconf 90' lang='lat' dir='ltr'><strong>et</strong></span> <span class='ocrx_word' id='word_1_712' title='bbox 2671 4840 3032 4908; x_wconf 89' lang='lat' dir='ltr'><strong>operationes</strong></span> <span class='ocrx_word' id='word_1_713' title='bbox 3057 4842 3458 4898; x_wconf 89' lang='lat' dir='ltr'><strong>convenientes</strong></span> <span class='ocrx_word' id='word_1_714' title='bbox 3479 4839 3612 4909; x_wconf 89' lang='lat' dir='ltr'><strong>sibi,</strong></span> <span class='ocrx_word' id='word_1_715' title='bbox 3637 4849 3752 4893; x_wconf 89' lang='lat' dir='ltr'><strong>cum</strong></span> <span class='ocrx_word' id='word_1_716' title='bbox 3781 4831 3845 4887; x_wconf 88' lang='lat' dir='ltr'><strong>sit</strong></span> 
     </span>
    </p>
   </div>
   <div class='ocr_carea' id='block_1_95' title="bbox 527 4906 2077 5002">
    <p class='ocr_par' dir='ltr' id='par_1_95' title="bbox 527 4906 2077 4990">
     <span class='ocr_line' id='line_1_95' title="bbox 527 4906 2077 4990; baseline -0.002 -23"><span class='ocrx_word' id='word_1_717' title='bbox 527 4907 776 4990; x_wconf 80' lang='grc' dir='ltr'>ἀνθρώπῳ</span> <span class='ocrx_word' id='word_1_718' title='bbox 821 4906 926 4966; x_wconf 82' lang='grc' dir='ltr'>ὄντι</span> <span class='ocrx_word' id='word_1_719' title='bbox 951 4911 1026 4988; x_wconf 82' lang='grc' dir='ltr'><strong>τῷ</strong></span> <span class='ocrx_word' id='word_1_720' title='bbox 1054 4911 1214 4990; x_wconf 79' lang='grc' dir='ltr'>αὐτῷ,</span> <span class='ocrx_word' id='word_1_721' title='bbox 1261 4906 1514 4969; x_wconf 77' lang='grc' dir='ltr'>πιστεύειν</span> <span class='ocrx_word' id='word_1_722' title='bbox 1555 4908 1644 4967; x_wconf 81' lang='grc' dir='ltr'>καὶ</span> <span class='ocrx_word' id='word_1_723' title='bbox 1671 4909 1940 4986; x_wconf 80' lang='grc' dir='ltr'>ὁμολογεῖν</span> <span class='ocrx_word' id='word_1_724' title='bbox 1972 4908 2077 4965; x_wconf 83' lang='grc' dir='ltr'>ἐπε-</span> 
     </span>
    </p>
   </div>
   <div class='ocr_carea' id='block_1_96' title="bbox 2226 4906 3842 5002">
    <p class='ocr_par' dir='ltr' id='par_1_96' title="bbox 2241 4906 3842 5002">
     <span class='ocr_line' id='line_1_96' title="bbox 2241 4906 3842 5002; baseline -0.003 -19"><span class='ocrx_word' id='word_1_725' title='bbox 2241 4931 2443 4983; x_wconf 90' lang='lat' dir='ltr'><strong>natura</strong></span> <span class='ocrx_word' id='word_1_726' title='bbox 2466 4929 2616 4984; x_wconf 90' lang='lat' dir='ltr'><strong>Deus</strong></span> <span class='ocrx_word' id='word_1_727' title='bbox 2643 4906 2790 4983; x_wconf 82' lang='lat' dir='ltr'><strong>idem</strong></span> <span class='ocrx_word' id='word_1_728' title='bbox 2825 4928 2946 4998; x_wconf 90' lang='lat' dir='ltr'><strong>ipse</strong></span> <span class='ocrx_word' id='word_1_729' title='bbox 2974 4928 3147 4985; x_wconf 91' lang='lat' dir='ltr'><strong>simul</strong></span> <span class='ocrx_word' id='word_1_730' title='bbox 3179 4935 3232 4986; x_wconf 91' lang='lat' dir='ltr'><strong>et</strong></span> <span class='ocrx_word' id='word_1_731' title='bbox 3261 4931 3449 5002; x_wconf 93' lang='lat' dir='ltr'><strong>homo,</strong></span> <span class='ocrx_word' id='word_1_732' title='bbox 3487 4906 3702 4985; x_wconf 86' lang='lat' dir='ltr'><strong>credere</strong></span> <span class='ocrx_word' id='word_1_733' title='bbox 3719 4918 3842 4994; x_wconf 85' lang='lat' dir='ltr'><strong>jussi</strong></span> 
     </span>
    </p>
   </div>
   <div class='ocr_carea' id='block_1_97' title="bbox 525 4993 2077 5089">
    <p class='ocr_par' dir='ltr' id='par_1_97' title="bbox 525 4993 2077 5089">
     <span class='ocr_line' id='line_1_97' title="bbox 525 4993 2077 5089; baseline -0.004 -33"><span class='ocrx_word' id='word_1_734' title='bbox 525 4996 812 5075; x_wconf 78' lang='grc' dir='ltr'>τράπημεν.</span> <span class='ocrx_word' id='word_1_735' title='bbox 845 4995 1064 5089; x_wconf 45' lang='grc' dir='ltr'><strong>ΘίΞΟΔῙ</strong></span> <span class='ocrx_word' id='word_1_736' title='bbox 1099 4994 1326 5068; x_wconf 88' lang='grc' dir='ltr'>Ὄντως,</span> <span class='ocrx_word' id='word_1_737' title='bbox 1352 4995 1601 5089; x_wconf 82' lang='grc' dir='ltr'>δέσποτα,</span> <span class='ocrx_word' id='word_1_738' title='bbox 1623 4994 1713 5052; x_wconf 71' lang='grc' dir='ltr'><strong>καὶ</strong></span> <span class='ocrx_word' id='word_1_739' title='bbox 1738 4999 1886 5089; x_wconf 81' lang='grc' dir='ltr'>ἡμεῖς</span> <span class='ocrx_word' id='word_1_740' title='bbox 1906 4993 2077 5070; x_wconf 84' lang='grc' dir='ltr'>ὁμολο·</span> 
     </span>
    </p>
   </div>
   <div class='ocr_carea' id='block_1_98' title="bbox 2226 4993 3845 5089">
    <p class='ocr_par' dir='ltr' id='par_1_98' title="bbox 2239 4993 3845 5089">
     <span class='ocr_line' id='line_1_98' title="bbox 2239 4993 3845 5089; baseline -0.002 -18"><span class='ocrx_word' id='word_1_741' title='bbox 2239 5031 2440 5072; x_wconf 91' lang='lat' dir='ltr'><strong>sumus</strong></span> <span class='ocrx_word' id='word_1_742' title='bbox 2482 5022 2538 5071; x_wconf 93' lang='lat' dir='ltr'><strong>et</strong></span> <span class='ocrx_word' id='word_1_743' title='bbox 2585 5015 2865 5072; x_wconf 85' lang='lat' dir='ltr'><strong>conﬁteri.</strong></span> <span class='ocrx_word' id='word_1_744' title='bbox 2917 5019 3118 5073; x_wconf 82' lang='lat' dir='ltr'><strong>THEOD.</strong></span> <span class='ocrx_word' id='word_1_745' title='bbox 3167 5019 3328 5089; x_wconf 88' lang='lat' dir='ltr'><strong>Vere,</strong></span> <span class='ocrx_word' id='word_1_746' title='bbox 3371 4993 3616 5088; x_wconf 82' lang='lat' dir='ltr'><strong>domine,</strong></span> <span class='ocrx_word' id='word_1_747' title='bbox 3670 5019 3720 5070; x_wconf 90' lang='lat' dir='ltr'><strong>et</strong></span> <span class='ocrx_word' id='word_1_748' title='bbox 3762 5021 3845 5065; x_wconf 82' lang='lat' dir='ltr'><strong>nos</strong></span> 
     </span>
    </p>
   </div>
   <div class='ocr_carea' id='block_1_99' title="bbox 527 5082 2077 5176">
    <p class='ocr_par' dir='ltr' id='par_1_99' title="bbox 527 5082 2077 5176">
     <span class='ocr_line' id='line_1_99' title="bbox 527 5082 2077 5176; baseline -0.002 -33"><span class='ocrx_word' id='word_1_749' title='bbox 527 5091 720 5176; x_wconf 79' lang='grc' dir='ltr'>γοῦμεν</span> <span class='ocrx_word' id='word_1_750' title='bbox 747 5082 952 5176; x_wconf 78' lang='grc' dir='ltr'>καὶτὰς</span> <span class='ocrx_word' id='word_1_751' title='bbox 998 5082 1170 5176; x_wconf 81' lang='grc' dir='ltr'>φύσεις</span> <span class='ocrx_word' id='word_1_752' title='bbox 1218 5083 1614 5176; x_wconf 34' lang='grc' dir='ltr'>καὶ-διαφόρους</span> <span class='ocrx_word' id='word_1_753' title='bbox 1666 5082 1940 5176; x_wconf 64' lang='grc' dir='ltr'>ξνεργείας,</span> <span class='ocrx_word' id='word_1_754' title='bbox 1971 5104 2077 5176; x_wconf 74' lang='grc' dir='ltr'>του·</span> 
     </span>
    </p>
   </div>
   <div class='ocr_carea' id='block_1_100' title="bbox 2226 5082 3846 5176">
    <p class='ocr_par' dir='ltr' id='par_1_100' title="bbox 2239 5082 3846 5176">
     <span class='ocr_line' id='line_1_100' title="bbox 2239 5082 3846 5176; baseline -0.003 -15"><span class='ocrx_word' id='word_1_755' title='bbox 2239 5105 2576 5161; x_wconf 87' lang='lat' dir='ltr'><strong>conlltemur</strong></span> <span class='ocrx_word' id='word_1_756' title='bbox 2601 5110 2656 5160; x_wconf 92' lang='lat' dir='ltr'><strong>et</strong></span> <span class='ocrx_word' id='word_1_757' title='bbox 2683 5111 2916 5162; x_wconf 89' lang='lat' dir='ltr'><strong>naturas</strong></span> <span class='ocrx_word' id='word_1_758' title='bbox 2946 5111 2999 5162; x_wconf 91' lang='lat' dir='ltr'><strong>et</strong></span> <span class='ocrx_word' id='word_1_759' title='bbox 3017 5082 3375 5176; x_wconf 82' lang='lat' dir='ltr'><strong>Operationes</strong></span> <span class='ocrx_word' id='word_1_760' title='bbox 3404 5108 3670 5168; x_wconf 86' lang='lat' dir='ltr'><strong>diversas,</strong></span> <span class='ocrx_word' id='word_1_761' title='bbox 3700 5103 3749 5157; x_wconf 92' lang='lat' dir='ltr'><strong>id</strong></span> <span class='ocrx_word' id='word_1_762' title='bbox 3777 5103 3846 5153; x_wconf 80' lang='lat' dir='ltr'><strong>est</strong></span> 
     </span>
    </p>
   </div>
   <div class='ocr_carea' id='block_1_101' title="bbox 526 5166 2077 5276">
    <p class='ocr_par' dir='ltr' id='par_1_101' title="bbox 526 5166 2077 5276">
     <span class='ocr_line' id='line_1_101' title="bbox 526 5166 2077 5252; baseline -0.004 -20"><span class='ocrx_word' id='word_1_763' title='bbox 526 5171 692 5244; x_wconf 75' lang='grc' dir='ltr'>τίστι,</span> <span class='ocrx_word' id='word_1_764' title='bbox 731 5172 868 5231; x_wconf 84' lang='grc' dir='ltr'>θείαν</span> <span class='ocrx_word' id='word_1_765' title='bbox 893 5194 952 5229; x_wconf 83' lang='grc' dir='ltr'><strong>τε</strong></span> <span class='ocrx_word' id='word_1_766' title='bbox 995 5171 1083 5230; x_wconf 81' lang='grc' dir='ltr'><strong>καὶ</strong></span> <span class='ocrx_word' id='word_1_767' title='bbox 1108 5172 1424 5252; x_wconf 79' lang='grc' dir='ltr'>ἀνθρωπίνην</span> <span class='ocrx_word' id='word_1_768' title='bbox 1451 5197 1465 5210; x_wconf 87' lang='grc'><strong>·</strong></span> <span class='ocrx_word' id='word_1_769' title='bbox 1512 5171 1601 5230; x_wconf 69' lang='grc' dir='ltr'><strong>καὶ</strong></span> <span class='ocrx_word' id='word_1_770' title='bbox 1627 5166 1896 5238; x_wconf 78' lang='grc' dir='ltr'>Θελητικὴν</span> <span class='ocrx_word' id='word_1_771' title='bbox 1936 5171 2077 5226; x_wconf 73' lang='grc' dir='ltr'><strong>αὖτοῖ</strong></span> 
     </span>
     <span class='ocr_line' id='line_1_102' title="bbox 568 5255 1914 5276; baseline 0 0"><span class='ocrx_word' id='word_1_772' title='bbox 568 5259 581 5276; x_wconf 76' lang='grc' dir='ltr'>ὶ</span> <span class='ocrx_word' id='word_1_773' title='bbox 651 5267 669 5276; x_wconf 64' lang='grc' dir='ltr'><strong>Α</strong></span> <span class='ocrx_word' id='word_1_774' title='bbox 720 5259 733 5276; x_wconf 90' lang='grc' dir='ltr'><strong><em>Ι</em></strong></span> <span class='ocrx_word' id='word_1_775' title='bbox 997 5259 1009 5276; x_wconf 66' lang='grc' dir='ltr'><strong>ε</strong></span> <span class='ocrx_word' id='word_1_776' title='bbox 1055 5265 1076 5276; x_wconf 73' lang='grc' dir='ltr'><strong>Α</strong></span> <span class='ocrx_word' id='word_1_777' title='bbox 1107 5262 1126 5276; x_wconf 75' lang='lat'><strong><em>\</em></strong></span> <span class='ocrx_word' id='word_1_778' title='bbox 1269 5259 1283 5276; x_wconf 83' lang='lat'><strong><em>\</em></strong></span> <span class='ocrx_word' id='word_1_779' title='bbox 1389 5263 1405 5276; x_wconf 63' lang='grc' dir='ltr'>ς</span> <span class='ocrx_word' id='word_1_780' title='bbox 1471 5267 1504 5276; x_wconf 80' lang='grc' dir='ltr'><strong>..ι</strong></span> <span class='ocrx_word' id='word_1_781' title='bbox 1585 5256 1599 5276; x_wconf 80' lang='lat'><strong><em>\</em></strong></span> <span class='ocrx_word' id='word_1_782' title='bbox 1692 5258 1707 5276; x_wconf 73' lang='grc'><strong>9</strong></span> <span class='ocrx_word' id='word_1_783' title='bbox 1742 5262 1766 5276; x_wconf 79' lang='grc' dir='ltr'><strong>Α</strong></span> <span class='ocrx_word' id='word_1_784' title='bbox 1901 5255 1914 5276; x_wconf 80' lang='grc' dir='ltr'><strong><em>Ι</em></strong></span> 
     </span>
    </p>
   </div>
   <div class='ocr_carea' id='block_1_102' title="bbox 2226 5166 3846 5276">
    <p class='ocr_par' dir='ltr' id='par_1_102' title="bbox 2237 5193 3846 5268">
     <span class='ocr_line' id='line_1_103' title="bbox 2237 5193 3846 5268; baseline -0.006 -18"><span class='ocrx_word' id='word_1_785' title='bbox 2237 5193 2492 5250; x_wconf 90' lang='lat' dir='ltr'><strong>divinam</strong></span> <span class='ocrx_word' id='word_1_786' title='bbox 2539 5198 2594 5248; x_wconf 90' lang='lat' dir='ltr'><strong>et</strong></span> <span class='ocrx_word' id='word_1_787' title='bbox 2626 5194 2951 5267; x_wconf 90' lang='lat' dir='ltr'><strong>humanam,</strong></span> <span class='ocrx_word' id='word_1_788' title='bbox 2985 5200 3159 5268; x_wconf 90' lang='lat' dir='ltr'><strong>atque</strong></span> <span class='ocrx_word' id='word_1_789' title='bbox 3205 5197 3389 5268; x_wconf 93' lang='lat' dir='ltr'><strong>ipsius</strong></span> <span class='ocrx_word' id='word_1_790' title='bbox 3420 5210 3547 5252; x_wconf 92' lang='lat' dir='ltr'><strong>cum</strong></span> <span class='ocrx_word' id='word_1_791' title='bbox 3592 5193 3846 5250; x_wconf 82' lang='lat' dir='ltr'><strong>voluntate</strong></span> 
     </span>
    </p>
   </div>
   <div class='ocr_carea' id='block_1_103' title="bbox 527 5256 2077 5364">
    <p class='ocr_par' dir='ltr' id='par_1_103' title="bbox 527 5256 2077 5364">
     <span class='ocr_line' id='line_1_104' title="bbox 527 5256 2077 5364; baseline -0.003 -45"><span class='ocrx_word' id='word_1_792' title='bbox 527 5259 620 5333; x_wconf 79' lang='grc' dir='ltr'><strong>τὴν</strong></span> <span class='ocrx_word' id='word_1_793' title='bbox 647 5259 885 5364; x_wconf 53' lang='grc' dir='ltr'><strong>Θεό-ηταΖ</strong></span> <span class='ocrx_word' id='word_1_794' title='bbox 929 5259 1017 5319; x_wconf 79' lang='grc' dir='ltr'><strong>καὶ</strong></span> <span class='ocrx_word' id='word_1_795' title='bbox 1053 5259 1323 5364; x_wconf 48' lang='grc' dir='ltr'>Θελητικὴιν</span> <span class='ocrx_word' id='word_1_796' title='bbox 1351 5263 1505 5319; x_wconf 82' lang='grc' dir='ltr'><strong>αὖτῶ</strong></span> <span class='ocrx_word' id='word_1_797' title='bbox 1543 5256 1638 5364; x_wconf 34' lang='lat' dir='ltr'><strong>trav</strong></span> <span class='ocrx_word' id='word_1_798' title='bbox 1658 5256 2077 5364; x_wconf 47' lang='lat' dir='ltr'><strong>’avepwztét‘lga;</strong></span> 
     </span>
    </p>
   </div>
   <div class='ocr_carea' id='block_1_104' title="bbox 2226 5256 3847 5364">
    <p class='ocr_par' dir='ltr' id='par_1_104' title="bbox 2237 5256 3847 5353">
     <span class='ocr_line' id='line_1_105' title="bbox 2237 5256 3847 5353; baseline -0.001 -14"><span class='ocrx_word' id='word_1_799' title='bbox 2237 5282 2528 5353; x_wconf 89' lang='lat' dir='ltr'><strong>deitatem,</strong></span> <span class='ocrx_word' id='word_1_800' title='bbox 2575 5284 2669 5340; x_wconf 92' lang='lat' dir='ltr'><strong>sed</strong></span> <span class='ocrx_word' id='word_1_801' title='bbox 2711 5289 2767 5339; x_wconf 90' lang='lat' dir='ltr'><strong>et</strong></span> <span class='ocrx_word' id='word_1_802' title='bbox 2794 5256 3245 5342; x_wconf 46' lang='lat' dir='ltr'><strong>cum&#39;voluntate</strong></span> <span class='ocrx_word' id='word_1_803' title='bbox 3289 5285 3670 5341; x_wconf 87' lang='lat' dir='ltr'><strong>bumanitem:</strong></span> <span class='ocrx_word' id='word_1_804' title='bbox 3719 5290 3847 5349; x_wconf 87' lang='lat' dir='ltr'><strong>quo-</strong></span> 
     </span>
    </p>
   </div>
   <div class='ocr_carea' id='block_1_105' title="bbox 531 5339 2077 5456">
    <p class='ocr_par' dir='ltr' id='par_1_105' title="bbox 531 5339 2077 5456">
     <span class='ocr_line' id='line_1_106' title="bbox 531 5339 2077 5454; baseline -0.004 -46"><span class='ocrx_word' id='word_1_805' title='bbox 531 5347 703 5419; x_wconf 71' lang='grc' dir='ltr'>ἐπειδὴ</span> <span class='ocrx_word' id='word_1_806' title='bbox 731 5352 823 5407; x_wconf 83' lang='grc' dir='ltr'>οὐκ</span> <span class='ocrx_word' id='word_1_807' title='bbox 850 5346 968 5406; x_wconf 79' lang='grc' dir='ltr'>ἄνευ</span> <span class='ocrx_word' id='word_1_808' title='bbox 995 5347 1249 5454; x_wconf 35' lang='lat' dir='ltr'><strong>eadem;</strong></span> <span class='ocrx_word' id='word_1_809' title='bbox 1275 5339 1338 5418; x_wconf 70' lang='grc' dir='ltr'><strong>ἦν</strong></span> <span class='ocrx_word' id='word_1_810' title='bbox 1365 5351 1400 5418; x_wconf 78' lang='grc' dir='ltr'><strong>ἡ</strong></span> <span class='ocrx_word' id='word_1_811' title='bbox 1430 5344 1576 5426; x_wconf 76' lang='grc' dir='ltr'>ψυχὴ</span> <span class='ocrx_word' id='word_1_812' title='bbox 1619 5347 1795 5403; x_wconf 78' lang='grc' dir='ltr'>αὐτοῦ.</span> <span class='ocrx_word' id='word_1_813' title='bbox 1829 5340 1935 5453; x_wconf 52' lang='lat' dir='ltr'><strong>A150</strong></span> <span class='ocrx_word' id='word_1_814' title='bbox 1959 5341 2014 5401; x_wconf 84' lang='grc' dir='ltr'>δὲ</span> <span class='ocrx_word' id='word_1_815' title='bbox 2033 5345 2077 5402; x_wconf 70' lang='grc' dir='ltr'>οἱ</span> 
     </span>
     <span class='ocr_line' id='line_1_107' title="bbox 531 5432 2046 5456; baseline -0.005 0"><span class='ocrx_word' id='word_1_816' title='bbox 531 5435 589 5456; x_wconf 62' lang='grc' dir='ltr'>,ι</span> <span class='ocrx_word' id='word_1_817' title='bbox 803 5433 828 5456; x_wconf 68' lang='grc' dir='ltr'><strong>,ν</strong></span> <span class='ocrx_word' id='word_1_818' title='bbox 967 5432 982 5456; x_wconf 65' lang='lat'><strong><em>\</em></strong></span> <span class='ocrx_word' id='word_1_819' title='bbox 1396 5433 1470 5456; x_wconf 57' lang='grc' dir='ltr'>,κ</span> <span class='ocrx_word' id='word_1_820' title='bbox 1573 5434 1779 5456; x_wconf 31' lang='lat'><strong>,...,,,</strong></span> <span class='ocrx_word' id='word_1_821' title='bbox 2021 5455 2046 5456; x_wconf 21' lang='grc' dir='ltr'>κν</span> 
     </span>
    </p>
   </div>
   <div class='ocr_carea' id='block_1_106' title="bbox 2226 5339 3847 5456">
    <p class='ocr_par' dir='ltr' id='par_1_106' title="bbox 2242 5370 3847 5442">
     <span class='ocr_line' id='line_1_108' title="bbox 2242 5370 3847 5442; baseline -0.005 -16"><span class='ocrx_word' id='word_1_822' title='bbox 2242 5372 2394 5427; x_wconf 92' lang='lat' dir='ltr'><strong>niam</strong></span> <span class='ocrx_word' id='word_1_823' title='bbox 2419 5372 2544 5428; x_wconf 91' lang='lat' dir='ltr'><strong>sine</strong></span> <span class='ocrx_word' id='word_1_824' title='bbox 2565 5373 2858 5430; x_wconf 87' lang='lat' dir='ltr'><strong>voluntate</strong></span> <span class='ocrx_word' id='word_1_825' title='bbox 2876 5375 3203 5430; x_wconf 89' lang='lat' dir='ltr'><strong>nullatenus</strong></span> <span class='ocrx_word' id='word_1_826' title='bbox 3219 5379 3337 5430; x_wconf 89' lang='lat' dir='ltr'><strong>erat</strong></span> <span class='ocrx_word' id='word_1_827' title='bbox 3356 5374 3548 5429; x_wconf 89' lang='lat' dir='ltr'><strong>anima</strong></span> <span class='ocrx_word' id='word_1_828' title='bbox 3563 5375 3695 5442; x_wconf 87' lang='lat' dir='ltr'><strong>ejus.</strong></span> <span class='ocrx_word' id='word_1_829' title='bbox 3719 5370 3847 5422; x_wconf 90' lang='lat' dir='ltr'><strong>Duas</strong></span> 
     </span>
    </p>
   </div>
   <div class='ocr_carea' id='block_1_107' title="bbox 528 5432 2077 5549">
    <p class='ocr_par' dir='ltr' id='par_1_107' title="bbox 528 5432 2077 5549">
     <span class='ocr_line' id='line_1_109' title="bbox 528 5432 2077 5549; baseline -0.006 -53"><span class='ocrx_word' id='word_1_830' title='bbox 528 5435 775 5515; x_wconf 79' lang='grc' dir='ltr'>λέγομεν,</span> <span class='ocrx_word' id='word_1_831' title='bbox 803 5433 888 5549; x_wconf 51' lang='grc' dir='ltr'><strong>ἵνα</strong></span> <span class='ocrx_word' id='word_1_832' title='bbox 917 5432 992 5512; x_wconf 83' lang='grc' dir='ltr'><strong>μὴ</strong></span> <span class='ocrx_word' id='word_1_833' title='bbox 1022 5432 1317 5513; x_wconf 80' lang='grc' dir='ltr'>μαχόμενον</span> <span class='ocrx_word' id='word_1_834' title='bbox 1355 5433 1508 5492; x_wconf 81' lang='grc' dir='ltr'>αὐτὸν</span> <span class='ocrx_word' id='word_1_835' title='bbox 1534 5436 1675 5514; x_wconf 75' lang='grc' dir='ltr'>αὐτῷ</span> <span class='ocrx_word' id='word_1_836' title='bbox 1705 5432 2077 5511; x_wconf 69' lang='grc' dir='ltr'>εἰσαγάγωμεν.</span> 
     </span>
     <span class='ocr_line' id='line_1_110' title="bbox 535 5517 2077 5549; baseline 0 0"><span class='ocrx_word' id='word_1_837' title='bbox 535 5526 586 5549; x_wconf 80' lang='grc' dir='ltr'><strong>ιι</strong></span> <span class='ocrx_word' id='word_1_838' title='bbox 609 5525 692 5549; x_wconf 65' lang='grc' dir='ltr'><strong>λιες</strong></span> <span class='ocrx_word' id='word_1_839' title='bbox 725 5523 794 5549; x_wconf 75' lang='grc' dir='ltr'><strong>ην</strong></span> <span class='ocrx_word' id='word_1_840' title='bbox 829 5547 857 5549; x_wconf 66' lang='grc'><strong>,.</strong></span> <span class='ocrx_word' id='word_1_841' title='bbox 882 5544 936 5549; x_wconf 77' lang='lat'><strong>__-</strong></span> <span class='ocrx_word' id='word_1_842' title='bbox 983 5524 1059 5549; x_wconf 66' lang='lat' dir='ltr'><strong>tu-</strong></span> <span class='ocrx_word' id='word_1_843' title='bbox 1108 5519 1276 5549; x_wconf 42' lang='lat'><strong>“1----</strong></span> <span class='ocrx_word' id='word_1_844' title='bbox 1304 5520 1539 5549; x_wconf 70' lang='lat'><strong>\!-__-__--</strong></span> <span class='ocrx_word' id='word_1_845' title='bbox 1600 5520 1899 5549; x_wconf 75' lang='lat'><strong>--_-_-___1._--_</strong></span> <span class='ocrx_word' id='word_1_846' title='bbox 1941 5517 2077 5549; x_wconf 47' lang='lat'><strong>“1-3..</strong></span> 
     </span>
    </p>
   </div>
   <div class='ocr_carea' id='block_1_108' title="bbox 2226 5432 3848 5549">
    <p class='ocr_par' dir='ltr' id='par_1_108' title="bbox 2242 5455 3848 5534">
     <span class='ocr_line' id='line_1_111' title="bbox 2242 5455 3848 5534; baseline -0.004 -18"><span class='ocrx_word' id='word_1_847' title='bbox 2242 5465 2432 5516; x_wconf 90' lang='lat' dir='ltr'><strong>autem</strong></span> <span class='ocrx_word' id='word_1_848' title='bbox 2461 5475 2572 5518; x_wconf 90' lang='lat' dir='ltr'><strong>non</strong></span> <span class='ocrx_word' id='word_1_849' title='bbox 2599 5462 2871 5534; x_wconf 89' lang='lat' dir='ltr'><strong>dicimus,</strong></span> <span class='ocrx_word' id='word_1_850' title='bbox 2901 5476 2971 5518; x_wconf 90' lang='lat' dir='ltr'><strong>ne</strong></span> <span class='ocrx_word' id='word_1_851' title='bbox 2997 5463 3148 5520; x_wconf 91' lang='lat' dir='ltr'><strong>hunc</strong></span> <span class='ocrx_word' id='word_1_852' title='bbox 3177 5463 3409 5520; x_wconf 89' lang='lat' dir='ltr'><strong>sibimet</strong></span> <span class='ocrx_word' id='word_1_853' title='bbox 3442 5474 3679 5534; x_wconf 82' lang='lat' dir='ltr'><strong>pugnam</strong></span> <span class='ocrx_word' id='word_1_854' title='bbox 3717 5455 3848 5512; x_wconf 87' lang='lat' dir='ltr'><strong>infe—</strong></span> 
     </span>
    </p>
   </div>
   <div class='ocr_carea' id='block_1_109' title="bbox 535 5517 2077 5624">
    <p class='ocr_par' dir='ltr' id='par_1_109' title="bbox 535 5517 2077 5605">
     <span class='ocr_line' id='line_1_112' title="bbox 535 5517 2077 5605; baseline -0.004 -20"><span class='ocrx_word' id='word_1_855' title='bbox 535 5523 794 5586; x_wconf 79' lang='grc' dir='ltr'><strong>ΜΑΞ.Τί</strong></span> <span class='ocrx_word' id='word_1_856' title='bbox 823 5517 938 5595; x_wconf 68' lang='grc' dir='ltr'>οὖνς</span> <span class='ocrx_word' id='word_1_857' title='bbox 977 5524 1067 5582; x_wconf 85' lang='grc' dir='ltr'>δύο</span> <span class='ocrx_word' id='word_1_858' title='bbox 1103 5519 1277 5605; x_wconf 75' lang='grc' dir='ltr'>φύσεις</span> <span class='ocrx_word' id='word_1_859' title='bbox 1304 5520 1564 5603; x_wconf 79' lang='grc' dir='ltr'>λέγοντες,</span> <span class='ocrx_word' id='word_1_860' title='bbox 1597 5520 1900 5602; x_wconf 77' lang='grc' dir='ltr'>μαχομένας</span> <span class='ocrx_word' id='word_1_861' title='bbox 1937 5517 2077 5585; x_wconf 62' lang='grc' dir='ltr'>αὐτὰς</span> 
     </span>
    </p>
   </div>
   <div class='ocr_carea' id='block_1_110' title="bbox 2226 5517 3849 5624">
    <p class='ocr_par' dir='ltr' id='par_1_110' title="bbox 2249 5517 3849 5624">
     <span class='ocr_line' id='line_1_113' title="bbox 2249 5517 3849 5624; baseline -0.003 -19"><span class='ocrx_word' id='word_1_862' title='bbox 2249 5554 2463 5608; x_wconf 89' lang='lat' dir='ltr'><strong>rentem</strong></span> <span class='ocrx_word' id='word_1_863' title='bbox 2487 5550 2675 5609; x_wconf 89' lang='lat' dir='ltr'><strong>introd</strong></span> <span class='ocrx_word' id='word_1_864' title='bbox 2688 5517 2937 5610; x_wconf 75' lang='lat' dir='ltr'><strong>ucamus.</strong></span> <span class='ocrx_word' id='word_1_865' title='bbox 2959 5553 3108 5610; x_wconf 63' lang='lat' dir='ltr'><strong>Max.</strong></span> <span class='ocrx_word' id='word_1_866' title='bbox 3135 5554 3352 5624; x_wconf 85' lang='lat' dir='ltr'><strong>Ergone</strong></span> <span class='ocrx_word' id='word_1_867' title='bbox 3381 5517 3764 5609; x_wconf 53' lang='lat' dir='ltr'><strong>duasonaturas</strong></span> <span class='ocrx_word' id='word_1_868' title='bbox 3779 5543 3849 5601; x_wconf 89' lang='lat' dir='ltr'><strong>di-</strong></span> 
     </span>
    </p>
   </div>
   <div class='ocr_carea' id='block_1_111' title="bbox 517 3531 2081 3624">
    <p class='ocr_par' dir='ltr' id='par_1_111' title="bbox 517 3531 2081 3624">
     <span class='ocr_line' id='line_1_114' title="bbox 517 3531 2081 3624; baseline -0.009 -22"><span class='ocrx_word' id='word_1_869' title='bbox 517 3540 613 3613; x_wconf 79' lang='grc' dir='ltr'><strong>κὴν</strong></span> <span class='ocrx_word' id='word_1_870' title='bbox 641 3539 676 3614; x_wconf 82' lang='grc' dir='ltr'>ἢ</span> <span class='ocrx_word' id='word_1_871' title='bbox 704 3531 941 3624; x_wconf 74' lang='grc' dir='ltr'>φυσικὴν,</span> <span class='ocrx_word' id='word_1_872' title='bbox 971 3531 1106 3600; x_wconf 80' lang='grc' dir='ltr'>ἀλλᾶ</span> <span class='ocrx_word' id='word_1_873' title='bbox 1147 3537 1308 3624; x_wconf 76' lang='grc' dir='ltr'>ξένην,</span> <span class='ocrx_word' id='word_1_874' title='bbox 1339 3538 1427 3596; x_wconf 77' lang='grc' dir='ltr'>καὶ</span> <span class='ocrx_word' id='word_1_875' title='bbox 1451 3539 1773 3624; x_wconf 60' lang='grc' dir='ltr'>διαντροφαῖς</span> <span class='ocrx_word' id='word_1_876' title='bbox 1807 3531 2081 3624; x_wconf 45' lang='grc' dir='ltr'>ἀνδρώπων</span> 
     </span>
    </p>
   </div>
   <div class='ocr_carea' id='block_1_112' title="bbox 521 3619 2079 3709">
    <p class='ocr_par' dir='ltr' id='par_1_112' title="bbox 521 3619 2079 3709">
     <span class='ocr_line' id='line_1_115' title="bbox 521 3619 2079 3709; baseline -0.008 -21"><span class='ocrx_word' id='word_1_877' title='bbox 521 3619 882 3709; x_wconf 72' lang='grc' dir='ltr'>ἐξηυρημένην.</span> <span class='ocrx_word' id='word_1_878' title='bbox 917 3625 1062 3698; x_wconf 77' lang='grc' dir='ltr'>Πλὴν</span> <span class='ocrx_word' id='word_1_879' title='bbox 1087 3623 1240 3693; x_wconf 83' lang='grc' dir='ltr'>δεῖξόν</span> <span class='ocrx_word' id='word_1_880' title='bbox 1273 3647 1362 3702; x_wconf 90' lang='grc' dir='ltr'><strong>μοι</strong></span> <span class='ocrx_word' id='word_1_881' title='bbox 1389 3620 1580 3692; x_wconf 79' lang='grc' dir='ltr'>ταύτην</span> <span class='ocrx_word' id='word_1_882' title='bbox 1609 3619 1854 3709; x_wconf 51' lang='grc' dir='ltr'>κειμνην</span> <span class='ocrx_word' id='word_1_883' title='bbox 1873 3621 1923 3677; x_wconf 82' lang='grc' dir='ltr'>ἐν</span> <span class='ocrx_word' id='word_1_884' title='bbox 1948 3621 2079 3709; x_wconf 58' lang='lat' dir='ltr'><strong>elep-</strong></span> 
     </span>
    </p>
   </div>
   <div class='ocr_carea' id='block_1_113' title="bbox 519 3704 2080 3796">
    <p class='ocr_par' dir='ltr' id='par_1_113' title="bbox 519 3704 2080 3796">
     <span class='ocr_line' id='line_1_116' title="bbox 519 3704 2080 3796; baseline -0.008 -21"><span class='ocrx_word' id='word_1_885' title='bbox 519 3704 708 3788; x_wconf 76' lang='grc' dir='ltr'>δήποτε</span> <span class='ocrx_word' id='word_1_886' title='bbox 729 3713 916 3796; x_wconf 77' lang='grc' dir='ltr'>Πατρὶ,</span> <span class='ocrx_word' id='word_1_887' title='bbox 951 3713 1038 3773; x_wconf 77' lang='grc' dir='ltr'>καὶ</span> <span class='ocrx_word' id='word_1_888' title='bbox 1059 3713 1211 3772; x_wconf 80' lang='grc' dir='ltr'>πάλιν</span> <span class='ocrx_word' id='word_1_889' title='bbox 1235 3711 1324 3771; x_wconf 75' lang='grc' dir='ltr'><strong>τὸν</strong></span> <span class='ocrx_word' id='word_1_890' title='bbox 1350 3715 1465 3768; x_wconf 74' lang='grc' dir='ltr'>νοῦν</span> <span class='ocrx_word' id='word_1_891' title='bbox 1481 3715 1577 3768; x_wconf 75' lang='grc' dir='ltr'><strong>τοῦ</strong></span> <span class='ocrx_word' id='word_1_892' title='bbox 1603 3704 1793 3779; x_wconf 79' lang='grc' dir='ltr'>ταύτην</span> <span class='ocrx_word' id='word_1_893' title='bbox 1817 3707 2080 3786; x_wconf 80' lang='grc' dir='ltr'>εἰρηκότος</span> 
     </span>
    </p>
   </div>
   <div class='ocr_carea' id='block_1_114' title="bbox 522 3805 876 3880">
    <p class='ocr_par' dir='ltr' id='par_1_114' title="bbox 522 3805 876 3880">
     <span class='ocr_line' id='line_1_117' title="bbox 522 3805 876 3880; baseline -0.006 -17"><span class='ocrx_word' id='word_1_894' title='bbox 522 3805 876 3880; x_wconf 70' lang='grc' dir='ltr'>ιπιζητοῢμεν.</span> 
     </span>
    </p>
   </div>
  </div>
