4034 6158
170 307 259 365 6H
798 297 1303 370 COLLECTANEA,
1344 329 1417 340 —
1447 300 1704 357 DISPUT.
1747 298 1951 354 INTER
1988 297 2042 353 S.
2086 297 2339 354 MAXIM.
2381 297 2467 353 ET
2504 296 2750 353 THEOD.
3447 294 3558 354 642

212 446 434 524 εζσιίγετε
491 443 574 502 διὰ
614 443 703 502 τὸν
759 442 999 524 ἀριθμόνε
1049 445 1269 504 ΒΕΟΔ.
1323 441 1422 503 Οὔ.
1477 442 1659 502 ΜΑΞ.
1701 441 1774 503 Τί

1966 427 2125 493 entes,
2158 426 2538 493 repugnantes
2568 435 2664 477 eas
2691 420 2918 477 infertis
2954 425 3183 491 propter
3213 436 3510 480 numerum
3531 425 3559 479 ἲ

211 521 289 588 οὖν
308 510 337 600 ;’
355 534 570 611 φύσεσιν
599 510 1024 611 ἐπιφημίζόμενος
1048 536 1075 590 6
1105 531 1314 612 ἀριθμὸς
1345 531 1401 590 οἳ)
1430 533 1629 613 διαιρεῖ,
1651 531 1768 588 ἀλλ’

1968 525 2114 565 ἱΙΕΟΙ).
2141 514 2280 567 Νοη.
2316 511 2460 568 Max.
2491 512 2711 582 Ergone
2741 511 2966 566 naturis
2989 510 3324 582 designatus
3354 525 3561 568 nume—

208 618 288 677 ἐπὶ
311 599 315 600 ν
341 599 602 688 θελήσεων
651 599 765 678 καί·
793 599 1052 700 ἐνεργειῶν
1105 599 1379 696 λεγύμενος
1413 667 1426 694 ,
1481 599 1770 698 διαιρέσεως

1967 617 2015 657 IS
2046 616 2156 657 non
2187 601 2418 672 dividit,
2449 601 2568 668 sed,
2599 614 2730 656 cum
2765 599 2821 655 in
2861 599 3256 656 voluntatibus
3283 606 3340 655 et
3369 615 3560 670 opera-

208 707 312 785 ἔχει
355 706 608 784 δυνάμινς
653 688 887 766 ΘΕΟΔί
907 688 1124 772 Πάντως
1144 730 1158 744 ο
1177 688 1188 695 ⁷
1209 688 1298 766 καὶ
1343 711 1390 765 οἱ
1417 688 1660 785 ’Πατέρες
1689 705 1774 764 ἐπὶ

1964 690 2172 747 onibus
2200 690 2440 761 dicitur,
2471 690 2784 747 divisionis
2816 688 2982 745 habet
3013 690 3324 745 virtutem?
3352 691 3554 746 Tason.

206 794 466 866 θελήσεων
492 796 584 855 καὶ
625 799 885 876 ἐνεργειῶν
925 801 1018 856 οὐκ
1044 786 1206 870 εἷπον,
1241 795 1503 877 φεύγοντες
1529 794 1622 866 τὴν
1644 793 1773 854 διαί-

1966 779 2122 849 tique
2154 780 2211 834 in
2246 779 2339 835 his
2362 779 2705 835 divisionem
2739 778 2926 847 habet,
2955 782 3010 833 et
3039 779 3231 834 Patres
3260 793 3559 834 numerum

205 905 361 962 ρεσιν,
386 885 506 942 ἀλλ’
535 867 812 956 ἄλλην-καὶ
839 885 1022 955 ἄλλην,
1055 885 1141 963 καὶ
1169 867 1306 944 θείαν
1330 867 1415 943 καὶ
1435 883 1767 963 ἀνθρωπίνην,

1968 888 1972 922 ι
1991 867 2892 938 voluntatibusetoperationibus
2911 881 3020 923 non
3037 868 3252 937 dixere,
3278 867 3561 939 fugientes

204 955 288 1027 καὶ
319 972 507 1043 διπλῆν
534 972 624 1031 καὶ
650 955 822 1045 διττήν
840 996 854 1011 ο
881 973 968 1032 καὶ
993 975 1065 1037 ὣς
1091 962 1237 1032 εἶπαν
1263 971 1424 1050 λέγω,
1444 955 1616 1037 καῖὡς
1639 969 1772 1051 εἰρή-

1967 955 2254 1012 lvisionem
2281 973 2295 1024 ς
2330 957 2425 1012 sed
2457 957 2690 1012 alteram
2729 961 2786 1011 et
2813 957 3070 1027 alteram,
3103 963 3276 1026 atque
3305 956 3560 1012 divinam

203 1080 326 1116 κασι
351 1057 514 1136 λέγω,
786 1044 790 1045 ⁷
1337 1044 1347 1050 ’
1689 1044 1699 1051 ’
1911 1047 1967 1099 et
1989 1044 2312 1136 humanam,
2333 1044 2912 1136 duplam,duplicem,
2935 1052 3008 1116 et,
3035 1045 3385 1101 utdixerunt
3407 1046 3560 1117 dico,

1913 1138 1989 1202 et,
2025 1144 2088 1187 ut
2116 1131 2252 1188 fassi
2286 1139 2423 1188 sunt
2454 1132 2650 1189 fateor.

285 1235 474 1293 ΜΑΞ.
508 1233 609 1295 Διὰ
652 1237 739 1296 τὸν
770 1236 977 1318 Κύριον.
1027 1235 1151 1297 Ἐάν
1188 1237 1264 1304 τίς
1305 1260 1386 1296 σοι
1428 1234 1566 1315 εἴπῃ,
1609 1235 1771 1306 ἀλλην

1985 1223 2132 1276 ΜΑχ.
2166 1223 2400 1291 Propter
2437 1223 2739 1279 Dominum
2766 1224 2778 1277 ι
2808 1223 2856 1278 si
2891 1223 3196 1294 quisquam
3235 1224 3341 1280 tibi
3372 1223 3563 1280 dixeri

203 1322 292 1380 καὶ
340 1324 531 1395 ἄλλην,
577 1323 740 1391 πόσας
783 1330 955 1397 νοεῖς;
991 1322 1091 1395 Ὶὶ,
1141 1326 1278 1384 Θείαν
1315 1325 1404 1384 καὶ
1449 1323 1766 1404 ἀνθροπίνην,

1975 1314 2147 1365 teram
2178 1317 2233 1365 et
2260 1311 2516 1367 alteram.
2553 1318 2690 1382 quot
2726 1313 3055 1384 intelligis?
3083 1314 3166 1368 vel
3197 1314 3431 1383 duplam
3462 1319 3565 1370 aut

203 1407 370 1477 ποσὰς
384 1417 516 1476 νοεῖς
533 1433 550 1480 ;
579 1409 652 1470 Ἢ
676 1413 860 1483 διπλῆν
878 1415 963 1472 καὶ
981 1411 1170 1483 διττὴν,
1191 1411 1354 1478 πόσας
1373 1417 1523 1479 νοεῖς;
1544 1398 1598 1469 Θ
1606 1414 1764 1469 ΕΟΔ.

1968 1398 2222 1469 Jplicem,
2248 1407 2387 1470 quot
2418 1401 2748 1472 intelligis?
2775 1403 2978 1456 Tnaon.
3006 1403 3146 1456 Novi
3181 1402 3430 1472 qualiter
3461 1403 3561 1458 in—

207 1488 344 1556 Οἶόα
370 1503 486 1566 πῶς
515 1503 639 1575 νοῶ,
674 1498 762 1558 δύο
787 1497 841 1557 δὲ
867 1503 926 1558 οὗ
953 1499 1276 1581 λέγωί-Τότε
1297 1500 1530 1581 στραφεὶς
1560 1506 1586 1558 6
1611 1497 1767 1563 ἀεϐᾶς

1974 1486 2196 1557 lligam:
2223 1489 2369 1544 duas
2386 1495 2574 1544 autem
2594 1503 2705 1544 non
2728 1489 2878 1545 dico.
2907 1491 3063 1546 Tunc
3083 1505 3392 1547 conversus
3419 1490 3564 1546 abba

206 1585 393 1642 ΜΑΞ.
430 1586 556 1666 πρὸς
588 1584 706 1652 τοὺς
753 1586 1026 1666 ἄρχοντας,
1079 1577 1220 1645 εἷπε·
1271 1577 1374 1645 me;
1415 1577 1502 1646 τὸν
1548 1585 1766 1664 Κύριον·

1974 1589 2060 1666 Ax.
2095 1577 2163 1666 ad
2199 1577 2509 1648 principes,
2541 1579 2728 1634 dixit:
2755 1581 2991 1649 Propter
3017 1580 3324 1634 Dominum
3347 1580 3359 1633 ι
3386 1580 3444 1634 Si
3471 1593 3567 1635 au-

207 1670 292 1729 ἑὰν
322 1674 585 1744 ἀκούσητε
615 1674 733 1750 μίαν
755 1674 843 1732 καί
876 1675 1017 1752 μίαν,
1047 1675 1082 1746 ἢ
1109 1674 1270 1746 ἄλλην
1300 1677 1386 1734 καὶ
1419 1675 1601 1746 ἀλλην,
1639 1673 1674 1743 ἢ
1701 1673 1773 1737 δὶς

1979 1665 2146 1720 eritis
2185 1679 2351 1720 unam
2389 1673 2444 1722 et
2484 1681 2674 1732 unam,
2708 1673 2765 1723 et
2803 1668 2976 1723 aliam
3013 1682 3078 1723 ac
3107 1669 3303 1739 aliam,
3344 1675 3445 1724 aut
3476 1668 3567 1724 bis

207 1760 323 1830 δύο,
350 1758 389 1842 ᾖ
416 1761 488 1827 δὶς
506 1785 680 1837 πεντε,
700 1763 750 1820 τί
769 1769 998 1828 νοοῦντες
1027 1768 1134 1828 τοῖς
1161 1762 1397 1842 λέγουσιν
1422 1763 1768 1840 ἀποκρίνεσθες

1976 1768 2078 1823 ias,
2097 1759 2196 1810 aut
2218 1755 2309 1810 bis
2334 1756 2612 1826 quinque,
2639 1757 2776 1827 quid
2805 1757 3194 1829 intelligentes
3222 1758 3315 1813 his
3338 1758 3436 1828 qui
3462 1757 3569 1814 hoc

209 1849 314 1906 Καὶ
337 1837 488 1906 εἶπαν
515 1873 530 1888 ·
582 1847 790 1921 Ἐπειδὴ
817 1848 1039 1930 ὥρκισας
1063 1855 1225 1926 ἡμᾶς,
1253 1850 1314 1908 τὸ
1336 1851 1478 1928 μίαν,
1510 1849 1596 1907 δύο
1623 1856 1768 1907 νοοῦ-

1980 1850 2201 1900 soerent
2230 1847 2650 1916 responderetis
2669 1847 2696 1900 εἰ
2725 1849 2794 1902 Et
2821 1848 3131 1904 dixerunt:
3165 1848 3448 1917 Quoniam
3475 1848 3573 1903 ad-

457 1936 471 1960 ι
521 1936 544 1958 ιν
768 1939 781 1964 \
1073 1937 1085 1958 I
1233 1945 1266 1958 ι..
1501 1938 1512 1958 ι
1564 1939 1598 1959 κς
1699 1936 1713 1956 r

211 1959 332 2011 μεν·
385 1960 477 1995 και
507 1939 672 2009 ἀλλην
699 1963 788 1997 και
815 1939 1000 2008 ἄλλην,
1031 1939 1120 1996 δυο
1145 1962 1362 2015 νοουμεν
1386 1963 1400 1976 ο
1432 1962 1519 1996 και
1560 1961 1631 2003 οις
1658 1938 1768 2008 δυο,

1983 1934 2120 1989 rasti
2149 1948 2270 2005 nos,
2305 1949 2473 1990 unam
2505 1940 2560 1990 et
2591 1949 2782 2006 unam,
2806 1937 2951 1992 duas
2974 1936 3378 2007 intelligimus,
3405 1941 3460 1990 et
3491 1935 3571 1991 al-

208 2021 446 2102 τέσσαρα
468 2031 686 2101 νοοῦμεν
703 2051 714 2062 ·
746 2027 937 2104 ὁμοίιος
969 2025 1058 2083 καὶ
1084 2027 1156 2091 δὶς
1184 2023 1356 2100 πέντε,
1380 2023 1504 2083 δέκα
1530 2030 1772 2100 νοοῦμεν.

1978 2036 2091 2077 ram
2124 2027 2178 2078 et
2207 2023 2462 2095 alteram,
2485 2023 2630 2079 duas
2650 2023 3052 2096 intelligimus,
3075 2030 3131 2080 et
3152 2024 3244 2079 bis
3267 2025 3413 2080 duas
3437 2037 3571 2094 qua-

208 2111 319 2194 Ιξαὶ
361 2111 542 2194 ὥσπερ
586 2115 826 2180 αἰδεσθεὶς
859 2114 1080 2175 ΘΕΟΔ.
1126 2111 1219 2184 τὴν
1248 2115 1517 2193 ἀπόκρισιν
1546 2113 1768 2180 ἐκείνων,

1975 2124 2047 2165 ,οι-
2065 2110 2475 2182 intelligimus:
2495 2111 2770 2167 similiter
2783 2118 2839 2167 et
2856 2112 2946 2168 bis
2965 2113 3242 2184 quinque,
3262 2114 3472 2169 decem.
3501 2113 3568 2167 Et

212 2189 320 2258 εἷπε
345 2224 360 2238 ο
389 2200 474 2260 Τὸ
628 2200 890 2282 εἰρημένον
916 2206 1021 2267 τοῖς
1050 2200 1336 2282 Πατράσιν,
1475 2199 1636 2278 λέγω.
1670 2199 1772 2257 Καὶ

1972 2199 2331 2256 iodammodo
2354 2200 2632 2256 reveritus
2659 2202 2862 2256 Tuaoo.
2895 2201 3322 2270 responsionem
3345 2214 3565 2270 eorum,

211 2287 388 2346 λαϐὼν
411 2288 596 2356 εὐθέως
615 2294 643 2349 6
667 2289 826 2356 ἀϐϐᾶς
849 2291 904 2348 Μ
908 2293 1028 2348 ΑΞ.
1047 2289 1140 2361 τὴν
1161 2289 1335 2369 βίϐλον
1356 2293 1459 2348 τῶν
1481 2287 1772 2370 πεπραγμέ-

1977 2295 2028 2344 t:
2063 2288 2222 2358 Quod
2263 2303 2374 2345 non
2405 2295 2492 2346 est
2527 2305 2559 2345 a
2591 2290 2860 2346 Patribus
2889 2290 3133 2350 dictum.
3169 2303 3278 2346 non
3309 2291 3459 2346 dico.
3500 2291 3570 2347 Et

211 2400 308 2434 νων
335 2382 434 2449 τῆς
461 2377 610 2456 ἆγίας
637 2379 984 2450 ἀποστολικῆς
1013 2377 1245 2448 συνόδου,
1280 2377 1430 2445 ἔδειξε
1455 2375 1572 2442 τοὺς
1601 2377 1772 2454 ἁγίους

1977 2384 2144 2448 ιοθρῑο
2193 2379 2458 2448 protinus
2485 2379 2628 2434 abba
2659 2380 2804 2434 Max.
2842 2379 2991 2436 libro
3022 2386 3310 2450 gestorum
3361 2385 3570 2435 sanctae

213 2464 456 2546 Πατέρας
481 2464 572 2533 τὰς
600 2468 690 2524 δύο
732 2467 957 2538 Θελήσεις
987 2467 1074 2525 καὶ
1119 2466 1371 2546 ἐνεργείας
1411 2471 1506 2523 τοῦ
1536 2465 1773 2544 Σωτῆρος

1978 2489 1981 2515 ;
2026 2467 2354 2536 apostolica:
2394 2467 2595 2536 synodi
2646 2468 2927 2537 Romanae,
2975 2468 3313 2523 monstravit
3343 2471 3571 2522 sanctos

215 2555 362 2628 ἡμῶν
414 2555 505 2613 καὶ
550 2555 692 2613 θεοῦ
726 2555 898 2624 Ἰησοῦ
942 2555 1173 2633 Χριστοῦ
1216 2554 1482 2633 ὃιαῤῥήδην
1508 2550 1769 2630 λέγοντας.

1976 2559 2110 2609 [tres
2137 2554 2284 2610 duas
2312 2555 2634 2611 voluntates
2663 2562 2720 2610 et
2747 2556 3108 2625 operationes
3137 2555 3449 2611 Salvatoris
3475 2569 3569 2610 no-

223 2636 324 2698 ‘Hv
350 2639 532 2700 λαϐὼν
570 2641 746 2721 βίϐλον
784 2644 886 2700 τῶν
923 2639 1294 2720 πεπραγμένων
1319 2639 1368 2708 ἐξ
1395 2644 1550 2700 αὐτοῦ
1585 2637 1776 2699 Θεοδό-

1978 2644 2024 2698 ri
2051 2648 2108 2698 et
2135 2644 2234 2698 Dei
2259 2645 2390 2699 Jcsu
2418 2643 2632 2699 Christi
2665 2650 2858 2714 aperte
2894 2645 3167 2700 dicentes.
3200 2645 3375 2712 Quem
3403 2656 3571 2699 acce-

223 2751 321 2795 σιος
374 2734 405 2788 6
449 2727 667 2801 ὕπατος,
717 2728 909 2808 ἀνέγνω
954 2729 1042 2788 καὶ
1087 2729 1238 2793 αὐτὸς
1283 2726 1452 2794 πάσας
1480 2726 1545 2786 τὰ
1570 2729 1774 2808 χρήσεις

1979 2745 2078 2788 um
2123 2727 2194 2786 ab
2223 2745 2288 2787 eo
2317 2732 2671 2788 Theodosius
2721 2733 2922 2788 consul
2964 2733 3122 2804 legit,
3157 2733 3253 2788 sed
3285 2737 3341 2787 et
3379 2731 3572 2788 omnia

224 2818 316 2898 τῷν
338 2816 614 2897 Πατέρων.
647 2815 895 2898 Καιᾼτότε
931 2816 1217 2898 ἀποκριθεὶς
1247 2817 1464 2875 ΘΕΟΔ.
1500 2817 1775 2881 ἐπίσκοπος

1976 2827 2246 2876 .nctorum
2274 2821 2606 2876 testimonia
2637 2822 2889 2877 Patrum.
2921 2822 3191 2892 Tuncque
3224 2821 3569 2890 respondens

224 2894 351 2963 εἶπεν
376 2930 390 2944 ·
441 2894 508 2965 (Ο
537 2906 671 2972 Θεὸς
720 2896 872 2978 οἶδεν,
919 2908 963 2964 εἰ
997 2894 1085 2982 μὴ-
1115 2908 1458 2984 προσωπικῶς
1503 2902 1570 2963 τὰ
1607 2902 1775 2962 ἀναθέ-

1979 2924 2121 2964 lEOD.
2152 2909 2458 2978 episcopus
2485 2909 2640 2964 dixit
2667 2927 2679 2962 :
2714 2910 2865 2964 Deus
2890 2910 3021 2974 scit,
3057 2909 3170 2965 nisi
3202 2910 3338 2979 quia
3370 2922 3572 2979 perso-

226 3017 354 3070 ματα
383 2993 556 3053 ἔθεκεν
581 3000 617 3066 ἠ
645 2992 851 3060 σύνοδος
877 2993 1030 3065 αὕτη,
1075 2994 1248 3051 πλεῖον
1283 2992 1469 3058 παντὸς
1514 2989 1774 3073 ἀνθρώπου

1980 2999 2129 3054 diter
2154 2999 2513 3053 anathemata
2546 2998 2740 3067 posuit
2777 2999 3030 3068 synodus
3064 2999 3200 3067 htec,
3233 2999 3364 3068 plus
3403 3011 3573 3068 quam

226 3081 476 3161 ἐδεχόμην
503 3082 678 3154 αὐτήν.
719 3083 864 3140 Ἀλλ’
886 3080 968 3139 ἵνα
997 3078 1071 3159 μὴ
1089 3079 1524 3162 χρονοτριϐὤριεν⁷
1544 3081 1772 3150 ἐνταῦθα,

1980 3087 2109 3142 nnis
2150 3086 2315 3141 homo
2360 3087 2698 3155 recepissem
2741 3086 2917 3140 illam.
2973 3087 3076 3142 Sed
3124 3101 3193 3142 ne
3241 3099 3429 3141 moras
3479 3085 3573 3140 hic

227 3167 338 3228 εἴτι
365 3163 515 3229 εἶπαν
557 3174 605 3230 οἱ
647 3168 894 3250 Πατέρες,
942 3167 1105 3248 λέγω,
1152 3168 1243 3227 καὶ
1289 3168 1550 3249 ἐγγράφως
1593 3167 1774 3233 εὐθέως

1980 3176 2220 3230 ciamus.
2255 3174 2549 3244 Quidquid
2569 3174 2844 3230 dixerunt
2869 3177 3061 3229 Patres
3079 3175 3231 3242 dico,
3262 3179 3319 3229 et
3350 3174 3408 3228 in
3435 3172 3573 3229 seri-

228 3260 372 3330 ποιῶ,
424 3259 518 3316 δύο
568 3257 763 3338 φύσεις,
811 3258 896 3316 καὶ
944 3256 1032 3316 δύο
1075 3257 1341 3334 θελήματα
1392 3257 1478 3314 καὶ
1521 3257 1610 3314 δύο
1648 3259 1777 3334 ἐνερ-

1979 3264 2038 3320 .is
2068 3263 2343 3318 continuo
2364 3260 2510 3316 facio
2531 3262 2675 3316 duas
2697 3269 2948 3330 naturas,
2977 3269 3032 3317 et
3058 3262 3203 3318 duas
3234 3262 3572 3329 voluntates,

229 3344 359 3420 γείας
387 3369 401 3383 ο
434 3344 526 3404 καὶ
546 3343 737 3404 εἴσελθε
763 3346 872 3422 μεθ’
903 3349 1051 3422 ἡμῶν
1075 3343 1423 3419 κοινωνήσων,
1453 3343 1540 3402 καὶ
1557 3342 1776 3422 γενέσθω

2013 3352 2159 3408 duas
2186 3351 2573 3420 operationes:
2628 3355 2684 3403 et
2716 3351 3033 3421 ingredere,
3079 3349 3377 3405 nobiscum
3409 3362 3573 3404 com-

232 3429 418 3498 ἓνωσις.

1921 3441 2168 3509 manica,
2195 3446 2252 3496 et
2281 3439 2378 3495 ﬂat
2409 3441 2618 3496 unitas.

303 3523 488 3582 ΜΑΞ.
507 3519 880 3600 Δέσποτα,ἐγὼ
898 3525 956 3581 οὖ
975 3523 1155 3599 τολμῶ
1173 3519 1401 3590 δᾶασθαι
1416 3519 1778 3600 συγκατάθεσιν

1989 3533 2136 3586 Max.
2170 3530 2426 3601 Domine,
2456 3543 2566 3586 non
2605 3529 2788 3585 audeo
2829 3542 2931 3600 ego
2973 3528 3267 3598 suscipere
3313 3540 3562 3582 consen-

231 3611 335 3691 παρ’
367 3615 518 3689 ὑμῶν
561 3609 808 3692 ἔγγραφον
847 3611 966 3691 περὶ
1001 3611 1235 3667 τοιούτου
1280 3608 1600 3689 πράγματος,
1631 3606 1778 3687 ψιλὸς

1967 3635 2047 3677 ιω
2076 3634 2109 3676 a
2140 3619 2302 3676 vobis
2333 3620 2392 3676 in
2423 3619 2660 3688 scriptis
2687 3631 2858 3688 super
2890 3616 3283 3687 hujuscemodi
3320 3629 3400 3687 re,
3430 3629 3560 3671 cum

232 3699 467 3779 ὑπάρχων
512 3697 736 3778 μοναχός
753 3722 766 3736 ⁸
815 3699 929 3756 ἀλλ’
963 3697 1049 3756 ἐὰν
1092 3694 1354 3764 κατένυξεν
1397 3700 1528 3773 ὑμᾶς
1559 3701 1586 3755 6
1621 3694 1775 3765 Θεὸς,

1980 3725 2030 3766 m
2063 3710 2376 3766 monachus
2417 3723 2615 3778 purus.
2657 3708 2762 3764 Sed
2796 3712 3094 3777 postquam
3124 3708 3276 3761 Deus
3307 3705 3374 3760 ad
3403 3718 3566 3760 com-

232 3784 311 3854 τὰς
337 3791 444 3846 τῶν
468 3787 630 3864 ἁγίων
649 3785 900 3866 Πατέρων
927 3785 1154 3853 δέξασθαι
1180 3782 1368 3865 φωνὰς,
1391 3782 1558 3848 καθὼς
1581 3785 1782 3840 ἀπαιτεῖ

1968 3798 2287 3854 unctionem
2318 3811 2416 3853 vos
2436 3797 2725 3865 excitavit,
2757 3807 2779 3834 ι
2803 3795 2860 3850 in
2891 3795 3126 3865 scriptis
3147 3791 3561 3861 transmittite;

233 3880 257 3934 6
279 3874 468 3948 κανὼν,
503 3875 627 3957 πρὸς
656 3875 742 3934 τὸν
782 3873 993 3950 Ῥώμης
1022 3873 1141 3954 περὶ
1162 3871 1345 3932 τούτου
1366 3871 1629 3953 ἐγγράφως
1652 3874 1780 3930 ἀπο-

1970 3887 1982 3941 l
2007 3894 2093 3942 est
2120 3887 2446 3956 imperator,
2477 3890 2533 3941 et
2554 3885 2877 3955 patriarcha
2896 3883 3070 3953 synod
3082 3896 3262 3954 usque
3285 3883 3563 3952 ipsorum.

233 3965 457 4023 στείλατε
481 3989 497 4002 ο
531 3953 688 4041 ἧγουν
715 3959 1026 4042 ὃ-βασιλεὺς,
1079 3953 1166 4020 καὶ
1194 3965 1221 4019 6
1248 3961 1570 4040 πατριάρχης
1619 3953 1708 4019 καὶ
1745 3962 1780 4029 ἡ

1979 3988 2038 4047 go
2065 3953 2219 4030 enim
2247 3989 2348 4030 nec
2371 3953 2463 4030 his
2490 3953 2735 4044 peractis
2756 3973 3136 4041 communico,
3164 3972 3302 4027 dum
3331 3971 3572 4026 recitan-

233 4053 334 4110 κατ⁷
376 4052 538 4111 αὐτὸν
572 4049 798 4116 σύνοδος.
850 4047 989 4127 Ἐγὼ
1021 4047 1114 4129 γὰρ
1142 4045 1257 4107 οὐδὲ
1282 4046 1476 4106 τούτων
1504 4045 1783 4124 γινομένων

1977 4045 2022 4118 ιιι
2050 4063 2510 4120 anathematizati
2544 4063 2692 4118 inter
2712 4067 2961 4118 sanctam
2994 4061 3371 4116 oblationem:
3397 4059 3570 4114 timeo

232 4144 472 4208 κοινωνῶ,
515 4135 900 4218 ἀναφερομένων
937 4140 1038 4195 τῶν
1065 4133 1559 4212 ἀναθεματισθέντων
1588 4136 1671 4194 ἐπὶ
1694 4139 1785 4206 τῆς

1980 4153 2075 4206 lim
2135 4153 2659 4209 condemnationem
2713 4149 3113 4205 anathematis.
3173 4151 3376 4204 Tnson.
3422 4149 3573 4204 Deus

232 4228 364 4304 ἁγίας
391 4230 676 4308 ἀναφορᾶς.
703 4225 982 4302 Φοϐοῦμαι
1006 4221 1101 4312 γὲρ
1126 4223 1188 4282 τὸ
1217 4222 1513 4302 κατάκριμα
1538 4229 1628 4282 τοῦ
1658 4225 1784 4282 ἀνα-

1981 4242 2103 4312 )vit,
2134 4255 2242 4297 non
2275 4241 2622 4311 reprehendo
2649 4246 2702 4294 te
2731 4239 2866 4308 quia
2899 4239 3086 4309 times,
3111 4252 3212 4294 nec
3233 4238 3387 4294 alius
3420 4237 3574 4308 quis-

231 4302 466 4390 θέματος.
497 4302 720 4372 ΘΕΟΔ.
753 4314 820 4373 Ὁ
849 4311 983 4378 Θεὸς
1013 4302 1165 4380 οἶδεν,
1196 4313 1254 4369 οὐ
1295 4309 1668 4388 καταγινώσκω
1693 4335 1785 4370 σου

1978 4302 2114 4386 nam.
2149 4331 2250 4386 Sed
2283 4302 2354 4386 da
2387 4329 2552 4385 nobis
2580 4327 2888 4384 consilium
2913 4333 3142 4397 pr0pter
3161 4327 3487 4395 Dominum,
3522 4325 3571 4380 si

231 4401 546 4481 φοϐουμένου
561 4427 574 4440 ·
608 4402 726 4460 ἀλλ’
758 4399 874 4459 οὔτε
893 4397 1056 4496 ἀλλός
1073 4423 1172 4466 τις.
1220 4396 1385 4457 Ἀλλὰ
1410 4399 1493 4496 δος
1510 4404 1787 4496 ἡμῖνὶβου-

1980 4426 2012 4474 ιι
2035 4420 2140 4475 hoc
2173 4417 2444 4488 possibile
2475 4417 2617 4472 ﬁeri.
2654 4417 2799 4470 Max.
2849 4415 3007 4482 Quod
3029 4396 3350 4470 consilium
3394 4413 3573 4468 habeo

230 4491 318 4559 λὴν
359 4490 444 4550 διὰ
470 4491 562 4550 τὸν
601 4488 813 4571 Κύριον,
848 4487 932 4547 ἐάν
973 4489 1082 4546 ἐστι
1108 4493 1264 4546 τοῦτο
1291 4486 1502 4545 δυνατὸν
1534 4487 1780 4566 γενέσθαι.

1978 4522 2098 4578 ψει·
2121 4486 2223 4563 hoc
2243 4508 2378 4562 dare
2398 4505 2598 4563 vobis?
2618 4509 2715 4571 Ite,
2744 4503 3202 4574 perscrutamini,
3223 4503 3272 4557 si
3301 4501 3412 4556 tale
3433 4501 3571 4571 quid

231 4577 408 4666 ᾉΙΛΞ.
463 4577 633 4638 Ποίαν
679 4576 868 4666 βουλὴν
917 4575 1026 4666 ἔχω
1067 4578 1186 4654 ὖμῖν
1225 4575 1342 4655 περὶ
1365 4573 1548 4666 τούτου
1587 4577 1786 4651 δοῦναι;

1988 4573 2236 4666 {quando
2269 4595 2476 4651 factum
2518 4597 2614 4666 sit,
2665 4600 2720 4649 et
2747 4573 2886 4663 post
2930 4597 3164 4649 mortem
3217 4590 3447 4646 solutus
3495 4589 3575 4644 sit

237 4660 517 4745 Ὑπάγετε,
548 4665 892 4746 ψηλαφήσατε
911 4664 997 4723 ἐάν
1015 4688 1065 4722 τι
1086 4671 1320 4723 τοιοῦτον
1342 4662 1520 4742 γέγονέ
1537 4688 1685 4741 ποτε,
1703 4667 1792 4726 καὶ

1981 4660 2215 4754 iispiam
2236 4698 2268 4740 a
2292 4683 2536 4738 crimine
2557 4660 2706 4753 quod
2731 4660 2790 4737 in
2815 4681 2944 4738 ﬁdei
2967 4693 3139 4738 causa
3161 4679 3470 4750 contraxit,
3495 4684 3574 4734 at-

237 4756 360 4832 μετὰ
386 4758 608 4817 θάνατον
634 4755 862 4827 ἀπελύθη
891 4757 966 4822 τίς
1008 4763 1102 4815 τοῦ
1128 4756 1246 4837 περὶ
1269 4754 1362 4826 τὴν
1398 4755 1568 4815 πίστιν
1597 4758 1791 4835 ἐγκλή-

1986 4789 2038 4831 1e
2061 4775 2131 4829 ab
2164 4773 2321 4829 illata
2351 4778 2548 4828 contra
2571 4786 2632 4827 se
2661 4771 2892 4843 querela
2920 4784 3020 4827 seu
3063 4769 3474 4842 damnatione;
3523 4773 3579 4824 et

236 4870 416 4922 ματος,
451 4845 544 4906 καὶ
569 4852 664 4904 τοῦ
695 4843 1030 4924 ἐξενεχθέντος
1056 4846 1172 4904 κατ’
1207 4848 1365 4904 αὐτοῦ
1384 4845 1786 4926 κατακρίματος.

1987 4864 2286 4920 νηεειιιὶοηι
2316 4862 2623 4932 imperator
2637 4875 2702 4916 ac
2721 4860 3044 4930 patriarcha
3068 4858 3286 4915 imitari
3309 4859 3408 4914 Dei
3435 4872 3580 4914 con-

236 4934 336 4991 Καὶ
377 4930 715 5001 καταδέξηται
752 4936 780 4989 ὃ
817 4930 1052 5010 βασιλεὺς
1101 4932 1188 4990 καὶ
1216 4937 1243 4991 6
1271 4931 1592 5013 πατριάρχης
1630 4932 1793 5011 μιμή-

1986 4953 2371 5020 εεοεηείοῐιοω,
2388 4930 2671 5020 faciatque
2689 4950 2999 5018 imperator
3015 4949 3246 5019 quidem
3261 4948 3579 5016 jussionem

236 5029 410 5082 σασθαι
439 5029 536 5082 τοῦ
564 5023 703 5081 θεοῦ
729 5020 822 5092 τὴν
860 5022 1264 5099 συγκατάϐασιν.
1299 5024 1402 5083 Καὶ
1429 5024 1737 5097 ποιήσωσιν,
1766 5029 1794 5084 6

1990 5042 2292 5115 .gatoriam,
2325 5039 2648 5110 patriarcha
2690 5052 2820 5095 vero
2850 5037 3179 5108 synodicam
3211 5037 3583 5106 deprecatio—

238 5108 324 5185 μὲν
369 5109 604 5169 κέλευσιν
657 5109 1048 5188 παρακλητικὴν
1069 5157 1083 5180 ,
1136 5116 1163 5170 6
1207 5110 1261 5169 δὲ
1306 5110 1571 5183 συνοδικὴν
1625 5111 1795 5183 δέησιν

1984 5108 2057 5189 am
2091 5131 2159 5187 ad
2210 5108 2409 5200 papam
2449 5129 2799 5184 Romanum:
2833 5132 2891 5182 et
2939 5125 3190 5196 profecto
3218 5125 3269 5181 si
3317 5130 3577 5196 repertus

305 5198 320 5216 \
419 5198 433 5218 ἱ
573 5199 585 5218 Ι
721 5196 736 5215 C
805 5197 818 5217 I
1228 5199 1242 5219 Ι
1425 5198 1448 5221 ν
1606 5205 1622 5223 9
1749 5201 1762 5224 Ι

236 5220 356 5277 προς
385 5221 474 5257 τον
513 5221 688 5256 παπαν
740 5201 934 5274 Ρωμης
963 5223 974 5236 ’
1012 5199 1121 5258 Καὶ
1168 5223 1372 5266 παντως
1400 5223 1539 5279 ειπερ
1577 5207 1794 5281 ευρεθειῃ

1996 5221 2108 5277 erit
2151 5196 2514 5289 mos-procul
2543 5217 2722 5274 dubio
2759 5215 3187 5272 ecclesiasticus
3219 5215 3326 5270 hoc
3376 5211 3585 5284 praeci-

237 5307 414 5364 τροπος
447 5285 898 5360 ἃκλησιαστικὸς,
923 5293 1077 5344 τοῦτο
1112 5285 1399 5368 ἐπιτρέπων
1425 5286 1505 5345 διὰ
1531 5287 1623 5359 τὴν
1650 5286 1796 5367 ὀρθὴν

1987 5324 2116 5372 lens,
2152 5309 2224 5365 ob
2272 5285 2480 5364 rectam
2509 5305 2926 5364 confessionem
2964 5304 3260 5362 conveniet
3289 5301 3580 5356 vobiscum

240 5374 508 5452 ὁμολογίαν
536 5378 630 5445 τῆς
646 5373 891 5451 πίστεως,
911 5373 1281 5452 συμϐιϐάζεται
1299 5379 1417 5454 ὓμῖν
1445 5377 1560 5457 περὶ
1584 5375 1790 5434 τούτου.
1935 5373 2106 5470 ἐυρει-
2138 5400 2259 5455 hoc.

299 5521 479 5576 Insere
505 5533 575 5575 ex
631 5517 848 5587 Graeco,
886 5519 945 5569 ut
990 5517 1299 5587 sanctorum
1353 5513 1577 5566 Patrum
1626 5523 1775 5565 voces
1813 5508 2144 5578 acciperetis,
2197 5507 2339 5560 sicut
2382 5507 2558 5573 poscit
2606 5504 2794 5570 regula
2849 5503 3120 5557 Ecclesiae,
3161 5497 3236 5550 ad
3286 5497 3581 5551 Romanum

252 5594 545 5662 episcopum
569 5591 636 5644 de
664 5606 728 5645 ea
758 5591 816 5642 in
842 5589 1078 5656 scriptis,
1106 5591 1213 5642 etc.
1245 5586 1404 5641 Sum.
