4034 6158
452 286 560 348 643

1660 286 2018 345 ANASTASII
2054 290 2596 354 BIBLIOTHECARII
3750 293 3858 351 644

581 439 803 503 ΘΕΟΔ.
833 441 1005 500 Τοῦτο
1030 438 1234 508 πάντως
1258 439 1475 520 γίνεται,
1497 437 1633 501 ἀλλὰ
1648 438 1732 508 δός
1757 463 1846 518 μοι
1870 437 2050 519 λόγον,

2277 421 2479 479 Tncon.
2531 425 2645 480 Hoc
2687 424 2938 495 profecto
2986 426 3067 485 lit.
3122 424 3226 482 Sed
3279 425 3349 481 da
3399 424 3543 480 mihi
3592 421 3853 492 verbum,

503 524 585 587 ὅτι
603 527 690 586 ἐὰν
707 524 803 605 ἐμὲ
816 524 1110 605 πέμπωσιν,
1134 526 1265 609 ἔρχῃ
1289 531 1402 607 μετ’
1425 532 1578 609 ἐμοῦ.
1592 530 1774 588 ΜΑΞ.
1791 527 2055 609 Δέσπρτα,

503 596 752 697 συμφέρει
778 637 861 674 σοι
1289 596 1401 695 ’μου
1425 596 1514 676 {iw
1547 619 1599 675 ἐν
1623 596 2063 698 Μεσημϐρίξλαέ

503 701 609 786 ξεῖν
633 703 744 781 μεθ’
773 705 979 774 ἑαυτοῦ,
1007 702 1139 784 ἤπερ
1167 702 1280 781 ἐμέ.
1312 707 1325 728 '
1338 704 1546 772 Εκεῖνος
1567 701 1666 786 γὰρ
1692 703 1786 776 τὴν
1818 707 2062 783 γλῶσσαν

502 781 628 855 οἶδε.
659 790 749 851 καὶ
772 793 1026 851 αἰδοῦνται
1050 781 1203 851 αὖε-ὸν
1227 791 1398 869 ἀξίως,
1427 781 1703 859 τοσούσοος
1728 781 1945 874 χρόνους
1963 814 2063 850 κο-

501 877 807 959 λαζόμενον,
849 879 931 939 διά
955 903 1014 939 τε
1038 878 1126 939 τὸν
1153 879 1311 951 Θεὸν,
1352 882 1443 942 καὶ
1468 880 1562 953 τὴν
1587 888 1873 963 κρατοῦσαν
1911 878 2063 960 ὀρθὴν

502 965 674 1027 πίστιν
719 971 773 1026 ἐν
794 970 872 1050 τῷ
897 968 1013 1027 κατ’
1042 965 1226 1034 αὖτοὺς
1267 966 1445 1052 θρόνῳ.
1481 971 1699 1030 ΘΕΟΔ.
1738 966 2062 1049 Ἀψιμαχίας

504 1051 770 1136 διαφόρους
794 1053 918 1135 πρὸς
958 1055 1213 1127 ἀλλήλους
1255 1051 1470 1134 ἔχομεν,
1497 1057 1585 1116 καὶ
1623 1060 1724 1136 οὐχ
1749 1055 1914 1127 ἡδέως
1954 1053 2063 1133 ἔχω

506 1143 621 1221 μετ’
645 1142 836 1202 ἐκείνου
856 1144 1110 1202 ἀπελθεῖν.
1130 1143 1310 1204 ΜΑΞ.
1329 1142 1595 1217 Δέσποτα,
1608 1142 1735 1203 ἐπὰν
1756 1142 1894 1212 ἔδοξε
1911 1146 2063 1201 τοῦτο

502 1226 755 1309 γενέσθαι,
783 1229 991 1296 ἔκϐασις
1016 1228 1226 1309 γένηται
1252 1235 1357 1290 τῶν
1383 1230 1651 1301 δοξάντων.
1682 1232 1769 1292 καὶ
1794 1229 1920 1291 ὅπου
1948 1226 2064 1309 βού-

502 1318 676 1395 λεσθε,
706 1321 974 1378 ἀκολουθεῖ)
993 1322 1133 1397 ὑμῖν.
1152 1319 1261 1379 Καὶ
1277 1321 1362 1380 ἐπὶ
1381 1318 1551 1397 τούτῳ
1578 1318 1857 1392 ἆνίστησαν
1876 1317 2063 1383 πάντες

506 1404 639 1483 μετὰ
677 1415 842 1487 χαρᾶς
884 1406 972 1467 καὶ
998 1404 1228 1489 δακρύων
1248 1430 1261 1444 ·
1310 1408 1402 1467 καὶ
1435 1406 1621 1467 ἔϐαλον
1648 1406 1941 1485 μετάνοιαν,
1978 1403 2066 1463 καὶ

503 1490 638 1573 εὖχὴ
664 1491 863 1572 ἐγένετο
885 1516 901 1533 ο
944 1493 1035 1553 καὶ
1060 1491 1278 1560 ἕκαστος
1306 1496 1476 1553 αὐτῶν
1499 1492 1568 1553 τὰ
1594 1493 1716 1573 ἅγια
1741 1490 2061 1572 Εὖαγγέλια,

503 1580 709 1641 καὶτὸν
732 1582 903 1661 τίμιον
946 1582 1189 1665 σταυρὸν,
1221 1582 1314 1642 καὶ
1338 1580 1432 1655 τὴν
1460 1580 1631 1642 εἰκόνα
1664 1588 1756 1642 τοῦ
1780 1583 1947 1656 Θεοῦ,
1977 1578 2068 1638 καὶ

504 1666 751 1751 Σωτῆρος
794 1672 946 1748 ἡμῶν
988 1670 1165 1742 Ἰησοῦ
1207 1670 1462 1751 Χριστοῦ,
1510 1670 1602 1730 καὶ
1653 1675 1746 1744 τῆς
1798 1666 2067 1738 δεσποίνης

501 1758 677 1833 ἡμῶν,
703 1761 802 1830 τῆς
817 1757 973 1819 ωὖτδν
986 1761 1236 1831 τεκούσης
1257 1758 1509 1838 παναγίας
1534 1756 1777 1819 θεοτόκου
1794 1756 2068 1829 ἠσπάσαν-

503 1843 896 1992 ;Zi'rm
933 1844 1298 1916 ωὶτὰςίδίας
1332 1851 1509 1930 χεῖρας
1543 1842 2068 1930 ἐπιβεϐαιώσειώ

606 1955 643 1992 η
826 1979 842 1992 .

606 1930 842 2007 ηθιίντων.

585 2102 722 2203 Εἶτα
759 2115 942 2201 μικρὸν
979 2117 1322 2198 ὁμιλήσαντες
1367 2117 1498 2203 πρὸς
1529 2116 1789 2193 ἀλλήλους
1823 2114 1945 2198 περὶ
1975 2119 2070 2175 τοῦ

505 2200 641 2263 κατὰ
656 2203 794 2265 Θεὸν
810 2204 1046 2285 βίου,καὶ
1068 2210 1163 2280 τῆς
1184 2207 1335 2268 θείων
1359 2200 1579 2269 ἔνι-ολῶν
1602 2205 1892 2289 τηρήσεως,
1908 2226 2070 2285 στρα-

507 2292 614 2441 φῖὶς
633 2292 867 2357 ΘΕΟΔ.
894 2300 924 2355 ὃ
968 2294 1246 2364 ἐπίσκοπος
1292 2295 1422 2379 πρὸς
1467 2295 1557 2356 τὸν
1597 2294 1760 2355 ἆϐὄαν
1808 2293 2067 2372 Μάξιμον,

509 2402 535 2441 ε
553 2402 669 2441 πεν·
709 2379 866 2441 Ἰδοὺ.
892 2382 1063 2441 πάντα
1082 2382 1380 2441 διαλέλυται
1403 2380 1471 2441 τὰ
1495 2383 1778 2441 σκάνδαλα.
1804 2382 1893 2441 καὶ
1915 2379 2067 2441 γένο-

509 2379 669 2441 εἶπεν·
709 2379 866 2459 Ἰδοὺ,
892 2382 1063 2444 πάντα
1082 2382 1380 2445 διαλέλυται
1403 2380 1471 2444 τὰ
1495 2383 1778 2456 σκάνδαλα,
1804 2382 1893 2443 καὶ
1915 2379 2072 2460 γέγο-

508 2490 592 2529 νεν
618 2469 791 2551 εἰρήνη
811 2467 896 2530 διὰ
919 2477 1014 2533 τοῦ
1039 2472 1202 2551 Θεῶ,
1231 2473 1322 2531 καὶ
1345 2472 1647 2551 γενήσεται·
1683 2468 1853 2530 Ἀλλᾶ
1878 2467 1960 2529 διὰ
1982 2467 2072 2528 τὸν

510 2556 726 2637 Κύριον,
753 2556 830 2638 μὴ
854 2557 1054 2642 κρύψῃς
1082 2583 1180 2639 με·
1211 2563 1271 2619 οὗ
1296 2557 1463 2639 λέγεις
1489 2561 1602 2619 καθ’
1631 2559 1929 2631 οἱονδήπστε
1947 2555 2072 2638 ’πρό⁴⁵

508 2666 609 2705 πον
622 2645 747 2724 μίαν
759 2644 985 2720 θέλησιν,
998 2648 1091 2707 καὶ
1104 2647 1229 2724 μίαν
1246 2647 1500 2729 ἐνεργείαν
1517 2647 1868 2731 ἐπὶΧριστοῦ;
1883 2644 2069 2706 ΜΑΞ.

512 2733 631 2794 Οὔκ
674 2732 934 2816 ἐνδέχεταί
961 2759 1029 2814 με
1066 2740 1219 2796 τοῦτο
1260 2739 1418 2798 εἰπεῖν
1458 2759 1587 2797 ποτε
1604 2760 1621 2777 ·
1666 2737 1757 2796 καὶ
1798 2734 1938 2815 λέγω
1978 2732 2072 2806 τὴν

511 2821 703 2895 αἰτίαν,
734 2822 909 2895 ἐπειδὴ
934 2820 1054 2898 ξίνη
1083 2825 1220 2885 ἐστὶν
1245 2829 1282 2898 ἡ
1311 2823 1453 2908 φωνὴ
1492 2829 1597 2892 τοῖς
1621 2824 1782 2905 ἁγίοις
1807 2823 2070 2908 Παςτράσι,

509 2911 602 2997 δύο
626 2909 825 2995 φύσεων
848 2913 972 2992 μίαν
995 2912 1163 2994 λέγειν
1188 2904 1393 2987 Θέλησιν
1412 2914 1502 2975 καὶ
1528 2904 1796 2997 ἐνέργειαν.
1833 2904 1967 2975 Εἶτα
1993 2912 2069 2990 δὲ,

509 2996 595 3059 διὰ
618 3000 809 3070 παντὸς
852 3000 1047 3085 τρόπον
1072 3008 1103 3063 ὃ
1126 3008 1281 3063 τοῦτο
1317 3001 1512 3080 λέγων,
1546 3003 1768 3086 εὖρίσκει
1793 3000 2075 3068 εὖθυϐόλως

511 3088 818 3149 ὖπαντῶσαν
999 3089 1095 3163 τὴν
1119 3090 1361 3154 ἀτοπίαν.
1396 3072 1524 3153 ⁵Εῶ
1545 3072 1648 3175 γάρ
1674 3094 1808 3151 εἴπω
1831 3089 2070 3174 φυσικὴν,
2130 3072 2180 3136 C

510 3174 767 3257 φοϐοῦμαι
789 3178 884 3250 τὴν
910 3182 1183 3260 σύγχυσιν.
1204 3176 1331 3241 Ἐὰν
1358 3178 1487 3239 εἴπω
1512 3174 1860 3252 ὑποστατικὴν
1893 3180 2074 3258 διαιρῶ

511 3269 609 3324 τοῦ
642 3265 855 3347 Πατρὸς
897 3266 989 3327 καὶ
1030 3273 1128 3327 τοῦ
1173 3269 1482 3347 Πνεύματος
1525 3267 1614 3328 τὸν
1640 3266 1788 3344 ne»,
1817 3266 1905 3326 καὶ
1943 3270 2076 3347 τρεῖς

510 3353 743 3426 θελήσεις
770 3352 1001 3435 εἷσώγων
1027 3355 1341 3438 φανήσομαι,
1373 3355 1448 3435 μὴ
1487 3354 1868 3433 συμϐαινούσας
1905 3354 2075 3428 ἀλλή-

510 3439 651 3518 λαις,
700 3439 877 3524 ὥσπερ
918 3442 1010 3503 καὶ
1048 3440 1142 3511 τὰς
1188 3443 1517 3511 ὑποστάσεις.
1560 3442 1688 3515 Ἐὴν
1721 3443 1850 3503 εἴπω
1882 3441 1977 3515 τὴν
2003 3446 2075 3511 ὣς

513 3526 624 3595 ενδς
667 3528 789 3607 μίαν
822 3528 1028 3604 θέλησιν
1066 3531 1154 3591 καὶ
1190 3530 1464 3613 ἐνέργειαν,
1492 3532 1846 3611 ἀναγκάζομαι
1867 3531 1958 3591 καὶ
1980 3528 2076 3603 τὴν

512 3617 585 3683 ὣς
609 3615 719 3684 ἑνὸς
742 3622 836 3678 τῶ
868 3617 1105 3700 Πατρὺς,
1134 3619 1224 3680 καὶ
1248 3616 1343 3691 τὴν
1379 3622 1450 3687 ὣς
1482 3619 1591 3685 ἑνὸς
1638 3625 1731 3679 τοῦ
1774 3621 2077 3698 Πνεύματος

512 3703 695 3777 εἰπεῖν,
722 3702 820 3786 κᾷν
845 3702 921 3783 μὴ
946 3705 1099 3779 θέλω,
1132 3704 1339 3778 θέλησιν
1373 3706 1463 3766 καὶ
1487 3705 1740 3787 ἐνέργειαν
1755 3730 1771 3747 ο
1801 3706 1890 3766 καὶ
1927 3709 2074 3787 εὗρε-

511 3789 723 3863 θήσεται
763 3792 839 3857 εἰς
876 3788 1151 3852 πολυθεΐαν
1195 3792 1455 3854 ἐκπίπτων
1500 3799 1530 3854 ὁ
1554 3791 1733 3874 λόγος.
1779 3792 1905 3854 Ἐὰν
1946 3792 2077 3854 εἴπω

513 3875 785 3965 σχετικὴν,
809 3876 905 3951 τὴν
928 3880 1212 3962 Νεστορίου
1236 3880 1427 3961 εἰσάγω
1446 3880 1781 3963 προσωπικὴν
1806 3882 2068 3965 διαίρεσιν.

529 3962 656 4025 Ἐὰν
680 3964 977 4054 εἶθαρ-παρὰ
1001 3966 1171 4051 φύσιν,
1213 3968 1400 4052 φθείρω
1423 3962 1518 4043 τὴν
1543 3969 1749 4054 ιπαρειν
1770 3978 1867 4033 τοῦ
1904 3962 2077 4033 θέλον-

512 4073 644 4146 τοςέ
680 4051 1690 4146 φύορὰγὰρτῇφύσειηὸπαρὰφύσιν
1730 4063 1867 4140 ἐστὶ,
1906 4059 2076 4129 καθὼς

512 4143 565 4203 οἱ
587 4139 821 4227 Πατέρες
845 4139 1099 4226 εἰρήκασι.

593 4505 817 4569 ΘΕΟΔ.
838 4500 983 4569 Μίαν
1005 4504 1092 4567 διὰ
1114 4504 1213 4581 τὴν
1236 4505 1415 4568 ἕνωσιν
1439 4511 1536 4568 τοῦ
1562 4506 1812 4592 Σιιηῆρος
1825 4509 1980 4589 ἡμῶν
1995 4510 2077 4572 θί-

513 4592 692 4670 λησιν,
910 4618 973 4656 τε
994 4596 1085 4657 καὶ
1107 4593 1323 4680 πάντας
1339 4594 1611 4679 ὀφείλομεν
1634 4592 1824 4676 λέγειν,
1853 4596 2081 4680 καθάπερ

514 4681 736 4765 Σέργιος
780 4674 871 4744 καί
895 4685 1128 4768 Πύῤῥος,
1155 4687 1229 4751 ὣς
1268 4674 1413 4764 οἶμαι
1655 4674 1953 4760 νενοηκότες
1992 4674 2082 4768 7s-

515 4763 766 4858 γρᾷφασι.
794 4763 1082 4833 ΜΑΞ.ἘΪ
1111 4763 1359 4853 κελεύεις,
1384 4773 1632 4851 δέσποτα,
1663 4772 1795 4845 δέξαι
1833 4799 1937 4855 μου
1961 4763 2082 4858 περὶ

513 4854 704 4919 τούτου
744 4860 839 4918 δύο
886 4858 1128 4941 ῥήματαο
1173 4865 1221 4922 εἰ
1263 4860 1641 4936 διὰτήενωσιν
1679 4864 1774 4943 μία
1803 4869 1901 4924 τοῦ
1939 4854 2080 4924 Θεοῦ

515 4944 608 5035 οιαὶ
639 4945 889 5031 Σωτῆρος
911 4951 1083 5035 ἡμῶν,
1125 4950 1352 5034 καθάπερ
1377 4949 1590 5033 Σέργιος
1633 4952 1720 5011 καὶ
1756 4952 1965 5035 Πύῤῥος
1990 4952 2082 5014 καὶ

516 5033 729 5121 Παῦλος
764 5033 1074 5121 γεγράφασι,
1119 5036 1300 5119 γέγονε
1329 5033 1569 5113 ίθέλησις,
1960 5042 2077 5102 κατ’

517 5118 707 5209 αύτούς
742 5119 891 5209 ἔσται
914 5118 947 5183 ὃ
968 5125 1094 5193 Υἱὸς
1223 5127 1416 5209 Πατρὶ,
1447 5124 1532 5186 διὰ
1552 5125 1649 5200 τὴν
1673 5118 1846 5208 φύσιν,
1874 5130 1992 5188 ἀλλ’
2019 5132 2080 5190 οὗ

515 5205 603 5301 διὰ
615 5207 714 5283 τὴν
729 5208 930 5301 ἕνωσιν,
945 5211 1066 5301 μίαν
1092 5205 1227 5274 δια-ιὰ
1244 5214 1335 5276 τὸν
1346 5205 1472 5277 Υἱὸν
1499 5215 1677 5296 ἔχοντι
1686 5205 1919 5301 δέλησιν,
1937 5215 2080 5301 εἴπερ

517 5299 582 5385 οὖ
603 5297 791 5360 ταιηόν
824 5302 964 5361 ἐστιν
1006 5299 1185 5370 ἕνωσις
1210 5303 1303 5363 καὶ
1343 5306 1514 5385 φύσις.
1547 5304 1616 5362 Εἰ
1639 5299 1723 5361 διὰ
1764 5300 1862 5376 τὴν
1901 5297 2080 5367 ἕνωσιν

519 5384 618 5464 μία
638 5388 757 5449 κατ’
785 5389 943 5449 αὗτοῧ
965 5394 1063 5448 τοῦ
1087 5389 1334 5472 Σωτῆρος
1356 5384 1513 5469 ἡμῶν
1537 5387 1715 5470 γέγονε
1740 5391 1966 5467 θέλησις,
1995 5397 2076 5454 αἰ-

516 5473 641 5565 τίαι
654 5478 814 5550 «ﬁci:
840 5473 942 5547 ἕξει
954 5474 1160 5546 πάντως
1185 5475 1281 5565 τὴν
1306 5474 1507 5559 ἕνωσιν,
1529 5478 1647 5540 ἀλλ’
1975 5484 2081 5542 τῶν

518 5560 576 5635 ἕξ
597 5554 672 5628 ὃν
694 5566 808 5629 ἐστι
826 5567 1000 5648 φύσιν,
1028 5564 1120 5630 καὶ
1143 5563 1373 5648 σχέσεως
1409 5554 1527 5656 καειξ
1776 5554 1923 5633 ἔσται
1946 5582 2091 5650 προε

2210 512 2381 583 quod,
2415 514 2464 569 si
2507 527 2593 569 me
2623 516 2907 585 miserint,
2931 515 3129 572 venias
3150 528 3389 570 mecum.
3413 516 3561 569 Max.
3590 512 3856 580 Domine,

2207 603 2437 671 expedit
2484 603 2591 658 tibi
2634 618 2966 661 conservum
3011 618 3197 660 meum
3242 603 3341 674 qui
3381 609 3468 659 est
3506 600 3862 658 Mesembria:

2206 690 2463 761 accipere
2491 698 2675 749 tecum
2708 693 2889 766 magis
2931 705 3100 764 quam
3133 705 3238 769 me.
3289 695 3412 762 Ipse
3440 692 3593 747 enim
3634 697 3692 747 et
3738 690 3865 746 lin—

2207 793 2374 851 gnam
2402 782 2577 855 novit,
2601 789 2658 839 et
2676 782 3022 840 verebuntur
3042 795 3173 839 eum
3201 781 3459 855 dignius,
3488 794 3556 837 eo
3579 781 3736 852 quod
3766 795 3866 851 per

2206 875 2291 927 tot
2309 885 2490 941 annos
2517 872 2810 929 cruciatus
2838 872 3015 929 fuerit
3054 877 3282 943 prapter
3321 872 3499 927 Deum
3547 876 3606 926 et
3647 877 3863 927 rectam

2208 960 2375 1017 ﬁdem
2398 976 2523 1033 quae
2553 968 2778 1019 tenetur
2818 962 2876 1018 in
2912 963 3044 1019 sede
3087 964 3362 1033 ipsorum.
3404 963 3608 1016 Tarson.
3659 962 3867 1032 Jurgia

2209 1053 2433 1108 diversa
2454 1052 2766 1109 habuimus
2791 1054 2861 1109 ad
2891 1053 3133 1109 invicem
3157 1053 3341 1121 modo,
3370 1056 3426 1107 et
3447 1052 3575 1107 ideo
3596 1065 3711 1107 non
3743 1064 3870 1122 gra-

2213 1146 2398 1197 tanter
2434 1142 2655 1212 accipio
2686 1156 2915 1215 pergere
2949 1156 3077 1198 cum
3110 1142 3230 1198 illo.
3265 1144 3413 1197 Max.
3451 1141 3714 1209 Domine,
3744 1142 3868 1211 jam

2212 1232 2349 1302 quia
2386 1232 2574 1288 visum
2599 1239 2683 1289 est
2714 1232 2820 1288 hoc
2846 1225 2990 1303 ﬁeri,
3028 1232 3223 1288 exitus
3251 1231 3351 1287 ﬁat
3374 1245 3571 1288 eorum
3604 1244 3736 1301 quae
3768 1245 3873 1300 pu-

2211 1325 2326 1377 tata
2357 1327 2512 1393 sunt,
2538 1332 2593 1378 et
2616 1335 2825 1394 sequor
2853 1335 3197 1393 quocunque
3222 1321 3537 1391 jusseritis.
3575 1312 3649 1376 Et
3676 1320 3738 1376 in
3772 1320 3872 1375 his

2212 1417 2585 1467 surrexerunt
2614 1424 2809 1467 omnes
2836 1425 2965 1467 cum
2992 1411 3205 1482 gaudio
3229 1415 3285 1466 et
3304 1409 3595 1481 lacrymis,
3630 1409 3874 1479 positis-

2212 1513 2321 1569 que
2349 1499 2575 1555 interra
2597 1500 2858 1571 genibus,
2878 1500 3062 1557 oratio
3080 1497 3228 1556 facta
3247 1504 3353 1571 est,
3376 1505 3433 1555 et
3453 1499 3873 1569 unusquisque

2214 1586 2468 1657 ipsorum
2517 1593 2714 1644 sancto
2760 1589 3083 1661 Evangelia,
3131 1588 3551 1658 pretiosamque
3607 1600 3871 1649 crucem,

2210 1680 2267 1731 et
2296 1676 2599 1745 imaginem
2630 1677 2728 1732 Dei
2768 1690 2833 1732 ac
2877 1676 3189 1733 Salvatoris
3220 1676 3401 1732 nostri
3439 1676 3572 1732 Jesu
3618 1676 3872 1745 Christi,

2210 1770 2381 1836 atque
2395 1764 2642 1821 dominae
2660 1771 2886 1836 nostrae,
2904 1779 3029 1836 quae
3046 1765 3213 1821 illum
3227 1765 3466 1836 peperit,
3480 1764 3878 1820 sanctissimae

2211 1854 2311 1910 Dei
2345 1854 2647 1927 genitricis
2682 1853 3112 1911 salutaverunt:
3165 1858 3438 1925 ponentes
3474 1852 3879 1909 nihilominus

2214 1957 2417 2001 manus
2473 1957 2607 2001 suas
2659 1944 2729 2000 ad
2780 1942 3248 2000 certillcationem
3295 1956 3491 2000 eorum
3544 1956 3675 2013 quae
3719 1940 3880 1999 facta

2213 2038 2365 2091 sunt

2283 2124 2497 2181 Deinde
2513 2136 2643 2180 cum
2671 2122 2949 2194 pusillum
2974 2120 3328 2179 confabulati
3351 2122 3598 2181 fuissent
3624 2122 3699 2179 ad
3726 2122 3883 2179 invi-

2214 2225 2333 2270 cem
2363 2213 2434 2268 de
2455 2212 2575 2268 vita
2599 2226 2724 2283 quae
2753 2212 3066 2268 secundum
3093 2213 3271 2268 Deum
3295 2212 3506 2284 agitur,
3540 2216 3596 2267 et
3624 2210 3882 2267 divino-

2215 2317 2342 2359 rum
2368 2302 2727 2358 observantia
2749 2302 3166 2373 mandatorum,
3189 2314 3497 2358 conversus
3512 2302 3723 2356 Tnsoo.
3756 2300 3883 2370 epi-

2216 2406 2423 2463 scopus
2451 2392 2519 2448 ad
2551 2391 2807 2447 abbatem
2851 2390 3160 2446 Maximum
3190 2390 3377 2445 dixit:
3412 2391 3492 2446 En
3525 2390 3723 2446 omnia
3773 2404 3885 2446 so-

2218 2481 2339 2537 luta
2364 2485 2500 2537 sunt
2528 2480 2816 2552 scandala,
2860 2484 2916 2535 et
2941 2477 3088 2535 facta
3129 2483 3216 2536 est
3259 2492 3368 2550 pax
3415 2492 3516 2551 per
3556 2479 3767 2545 Deum,
3822 2485 3883 2534 et

2216 2570 2329 2626 flet.
2376 2570 2479 2626 Sed
2513 2572 2742 2641 propter
2774 2568 3077 2625 Dominum
3121 2582 3190 2624 ne
3232 2568 3379 2633 celes
3410 2582 3513 2623 me.
3556 2570 3685 2624 Nou
3715 2568 3883 2624 dicis

2219 2673 2317 2730 per
2346 2672 2744 2730 quemcunque
2762 2658 2990 2715 modum
3018 2671 3188 2714 unam
3212 2657 3560 2714 voluntatem
3591 2662 3650 2713 et
3675 2671 3887 2727 Opera-

2215 2748 2426 2805 tionem
2458 2748 2516 2803 in
2544 2747 2772 2804 Christo
2791 2747 2820 2801 ‘P
2848 2748 2995 2801 Max.
3019 2749 3143 2804 Non
3174 2747 3317 2803 mihi
3352 2746 3626 2818 possibile
3648 2752 3738 2802 est
3770 2747 3885 2803 hoc

2218 2838 2529 2910 aliquando
2549 2837 2759 2893 dicere.
2779 2838 2848 2893 Et
2864 2836 2996 2892 dico
3021 2850 3271 2907 causam,
3296 2836 3569 2907 quoniam
3595 2841 3887 2891 extranea

2218 2943 2323 2985 vox
2351 2934 2436 2984 est
2457 2927 2672 2984 sanctis
2701 2926 2967 2982 Patribus
2990 2925 3234 2982 duarum
3255 2926 3612 2981 diversarum
3636 2932 3889 2981 natura-

2219 3032 2345 3075 rum
2368 3030 2536 3073 unam
2557 3016 2748 3072 dicere
2777 3016 3125 3071 voluntatem
3146 3020 3201 3072 et
3217 3015 3624 3085 operationem.
3649 3015 3887 3070 Deinde

2217 3120 2348 3162 vero
2385 3110 2441 3161 et
2471 3119 2570 3176 per
2598 3118 2820 3161 omnem
2863 3104 3113 3174 modum,
3148 3104 3248 3174 qui
3292 3103 3438 3159 dicit
3469 3102 3574 3159 hoc
3614 3103 3889 3160 inveniet

2211 3196 2342 3266 jure
2362 3201 2745 3251 occurrentem
2766 3192 2880 3249 sibi
2905 3193 3257 3263 pravitatem.
3278 3191 3371 3247 Pri
3381 3206 3490 3266 mo,
3515 3193 3804 3262 quoniam
3828 3194 3884 3249 si

2214 3284 2416 3341 dixero
2465 3282 2801 3354 naturalem,
2834 3283 3008 3338 timeo
3057 3283 3532 3340 commistionem.
3581 3282 3882 3351 Secundo,

2218 3374 2353 3443 quia
2403 3373 2452 3429 si
2496 3373 2697 3429 dixero
2739 3371 3250 3445 subsistentialem,
3293 3372 3491 3429 divido
3520 3385 3552 3427 a
3597 3372 3768 3427 Patre
3813 3385 3886 3426 ac

2216 3463 2438 3533 Spiritu
2471 3468 2687 3533 sancto,
2714 3468 2771 3517 et
2799 3467 2915 3518 tres
2938 3462 3258 3519 voluntates
3281 3462 3554 3518 inducere
3582 3461 3887 3532 apparebo

2219 3552 2401 3608 mutio
2419 3550 2651 3607 sibimet
2670 3554 3068 3623 congruentes,
3095 3551 3570 3622 quemadmodum
3597 3556 3653 3606 et
3682 3551 3887 3607 subsi-

2218 3640 2480 3698 stensias.
2504 3639 2715 3711 Tertio,
2740 3640 3010 3711 quoniam
3034 3640 3082 3696 si
3106 3640 3304 3697 dixero
3329 3640 3484 3696 velut
3502 3641 3680 3696 unius
3698 3654 3884 3696 unam

2217 3730 2565 3801 voluntatem
2614 3734 2672 3785 et
2713 3729 3123 3800 operationem,
3167 3744 3340 3801 cogor
3389 3734 3446 3785 et
3487 3729 3645 3784 velut
3692 3730 3885 3787 unius

2218 3817 2423 3888 Patris,
2446 3822 2502 3872 et
2521 3817 2674 3872 velut
2696 3817 2871 3872 unius
2886 3817 3141 3888 Spiritus
3160 3816 3371 3888 dicere,
3403 3816 3540 3872 licet
3556 3817 3764 3887 nolim,
3786 3833 3886 3875 vo-

2219 3907 2495 3964 luntatem
2547 3911 2602 3962 et
2653 3907 3078 3977 operationem;
3125 3912 3183 3962 et
3224 3905 3551 3962 invenietur
3578 3920 3770 3963 sermo
3818 3908 3885 3963 in

2221 3995 2651 4052 multitudinem
2680 3994 2916 4051 deorum
2957 3995 3250 4052 cecidisse.
3299 3995 3533 4065 Quarto,
3566 3995 3616 4052 si
3667 3995 3883 4052 dixero

2217 4084 2590 4156 affectualem,
2622 4084 2872 4140 Nestorii
2902 4083 3085 4140 infero
3116 4085 3467 4165 personalem
3497 4084 3880 4141 divisionem.

2216 4175 2449 4247 Quinto,
2496 4174 2547 4230 si
2577 4174 2775 4230 dixero
2826 4178 3028 4244 praeter
3075 4180 3358 4243 naturam,
3392 4188 3700 4245 corrumpo
3739 4177 3885 4231 exi—

2217 4264 2484 4322 stentiam
2516 4262 2847 4320 voluntatis.
2876 4263 3180 4334 Corruptio
3210 4264 3423 4335 quippe
3446 4269 3532 4321 est
3557 4269 3782 4321 natura:
3817 4264 3879 4320 id

2218 4354 2369 4427 quod
2417 4356 2620 4424 praeter
2674 4355 2936 4408 naturam
2984 4356 3089 4424 est,
3145 4353 3622 4425 quemadmodum
3676 4355 3880 4411 Patres

2132 4458 2189 4520 D
2218 4444 2509 4501 dixerunt.

2288 4533 2491 4588 Tusco.
2525 4531 2702 4587 Unam
2735 4535 2967 4603 propter
2992 4532 3311 4590 unitionem
3344 4532 3660 4591 Salvatoris
3685 4534 3878 4593 nostri

2218 4621 2566 4679 voluntatem
2614 4634 2712 4692 per
2740 4623 2933 4679 omnia
2971 4627 3028 4678 et
3068 4624 3304 4681 omnino
3333 4625 3524 4681 dicere
3568 4624 3875 4695 debemus,

2219 4712 2371 4769 sicut
2391 4716 2446 4767 et
2470 4710 2706 4782 Sergius
2730 4717 2785 4767 et
2808 4712 3080 4785 Pyrrhus,
3099 4712 3259 4783 bene,
3285 4721 3347 4770 ut
3374 4727 3519 4784 reor,
3548 4714 3881 4788 intelligen-

2220 4806 2323 4871 tes,
2352 4801 2723 4872 scripserunt.
2760 4803 2906 4856 Max.
2940 4801 2998 4857 Si
3014 4800 3202 4872 jubes,
3229 4803 3480 4875 domine,
3502 4805 3737 4874 suscipe
3758 4805 3878 4861 duo

2222 4904 2393 4960 super
2423 4890 2527 4947 hoc
2556 4889 2725 4945 verba
2758 4904 2895 4945 mea.
2925 4891 3137 4962 Primo,
3162 4892 3298 4961 quia
3325 4893 3375 4948 si
3405 4898 3636 4962 promer
3657 4893 3881 4947 unitio-

2223 4993 2348 5035 nem
2397 4994 2510 5036 una
2551 4979 2652 5035 Dei
2692 4985 2750 5035 et
2792 4979 3103 5037 Salvatoris
3152 4982 3355 5052 nostri,
3411 4982 3566 5037 sicut
3611 4982 3875 5054 Sergius,

2220 5068 2493 5141 Pyrrhus,
2521 5075 2575 5125 et
2595 5068 2808 5126 Paulus
2831 5070 3209 5140 scripserunt,
3241 5071 3507 5127 voluntas
3533 5070 3735 5127 ell‘ecta
3765 5077 3874 5141 est,

2221 5157 2463 5214 alterius
2485 5159 2800 5214 voluntatis
2831 5159 3148 5215 secundum
3184 5159 3320 5217 illos
3358 5160 3470 5215 erit
3497 5160 3691 5216 Filius
3719 5161 3872 5217 Patri

2226 5250 2453 5316 propter
2483 5252 2765 5318 naturam,
2799 5247 2896 5303 sed
2924 5260 3036 5304 non
3059 5255 3289 5318 propter
3309 5247 3654 5319 unitionem,
3677 5262 3883 5305 secun-

2221 5334 2355 5390 dum
2388 5334 2597 5391 Filium
2628 5335 2855 5391 habenti
2887 5335 3256 5408 voluntatem,
3290 5336 3340 5392 si
3365 5349 3474 5392 non
3507 5337 3769 5405 idipsum
3791 5342 3879 5393 cst

2225 5423 2414 5480 unitio
2438 5430 2495 5479 et
2515 5428 2736 5481 natura.
2758 5425 3035 5496 Secundo,
3055 5426 3190 5496 quia
3219 5426 3267 5481 si
3294 5430 3522 5495 propter
3549 5426 3875 5482 unitionem

2226 5527 2338 5569 una
2354 5514 2668 5570 secundum
2689 5514 2844 5584 ipsos
2858 5514 3169 5570 Salvatoris
3187 5515 3367 5570 nostri
3391 5514 3659 5570 voluntas
3678 5512 3877 5570 eﬁ‘ecta

2222 5606 2328 5674 est,
2382 5616 2610 5660 causam
2650 5601 2900 5673 profecto
2936 5617 3095 5661 suam
3148 5602 3469 5660 unitionem
3518 5601 3777 5676 habebit,
3820 5606 3879 5658 et
