4034 6158
149 211 246 269 649
822 204 831 209 ’
876 211 1382 268 COLLECTANEA.
1410 242 1484 253 -
1519 212 1779 268 msrur.
1824 213 2027 269 INTER
2064 216 2118 269 s.
2161 217 2414 271 MAXIM.
2456 220 2541 272 ET
2574 222 2818 277 THEOD.
3446 228 3554 289 550

200 372 320 451 πρὸς
366 370 521 431 αὐτὸν
560 374 613 430 ἐν
656 375 732 451 τῷ
772 371 1166 451 κατηχουμενίῳ
1206 376 1298 442 τῆς
1335 373 1609 441 ἐκκλησίας
1660 377 1753 441 τῆς

1956 358 2036 399 1m
2072 346 2127 400 in
2165 348 2657 405 catechumenium
2689 352 2941 407 ecclesiae
2972 353 3157 422 ipsius
3196 356 3549 426 monasterii,

242 429 261 451 Γ
306 429 317 436 ’
411 429 423 431 ἡ
448 429 453 430 7
569 429 576 430 ί
705 429 715 451 δ
896 429 947 449 ⁹Ῐν
1011 429 1021 446 ί
1060 429 1071 430 7
1139 432 1148 453 Ι
1263 429 1296 442 ’⁷
1345 429 1348 430 ν
1396 429 1437 431 VH
1487 429 1607 441 'v'h'
1675 429 1684 431 ν
1717 429 1752 441 '-

199 464 348 529 αιῖιτῆς
374 463 534 534 μονῆς
564 482 578 496 ·
623 459 712 516 καὶ
745 465 841 516 τοῦ
869 459 1110 528 συνήθους
1140 462 1426 534 ἀσπασμοῦ
1453 458 1753 536 γενομένου,

1960 439 2171 503 ηοῐειιιιιθ
2204 443 2472 491 consueta
2514 437 2860 494 salutatione
2917 441 3186 496 sederunt
3213 449 3476 513 cogentes
3497 450 3553 499 et

242 518 245 519 ν
499 518 532 528 ..
986 518 995 528 .
1097 518 1107 522 -
1325 518 1333 534 .
1466 518 1477 536 .
1574 518 1584 537 .
1739 518 1752 533 τ

213 548 469 615 ἐκάθισαν,
499 546 797 622 βιασάμενοι
841 546 930 604 καὶ
976 546 1128 603 αὐτὸν
1165 546 1409 603 καθίσαι·
1456 548 1543 604 καὶ
1596 550 1757 624 ἀπαρ-

1957 536 2097 576 ›ειι[η
2130 526 2342 592 sedere,
2371 531 2427 579 et
2454 540 2623 580 orsus
2673 527 2927 582 habitum
2962 530 3028 583 ad
3061 543 3189 584 eum
3237 544 3550 586 sermonem

199 633 402 708 ξάμενος
547 610 675 711 πρὸς
717 633 869 689 αὐτὸν
898 630 1059 707 λόγου
1087 634 1415 690 ῚῬΩΙΛΟΣ
1466 624 1601 691 εἶπεν
1635 657 1648 671 ο
1692 610 1757 692 Ὅ

1958 624 2164 681 sonus,
2209 612 2391 666 dixit:
2422 614 2698 670 Dominus
2728 615 2885 670 orbis
2916 616 3094 684 jussit
3123 631 3227 672 nos
3254 619 3447 673 venire
3484 620 3551 674 ad

484 689 637 794 ﬁpalv
661 689 931 777 ἐκέλευσεν
957 689 1249 798 ημὶιςπρὸς
1287 689 1348 778 σέ
1384 689 1636 795 γενέσθαι,
1672 689 1758 778 καὶ

1968 739 1981 767 ,
2010 705 2066 752 et
2089 700 2279 756 dicere
2303 700 2464 755 vobis
2501 716 2626 771 qua:
2670 703 2788 758 visa
2820 711 2955 759 sunt
2977 705 3263 761 divinitus
3292 706 3556 762 roborato

198 808 418 875 λαλῆσαι
445 810 566 880 ὑμῖν
587 804 653 863 τὰ
671 803 892 877 δόξαντα
912 809 987 884 τῷ
1006 809 1164 863 αὐτοῦ
1184 807 1529 885 θεοστηρίκτῳ
1549 805 1745 864 ποάτει.

1963 788 2151 856 aperio
2172 803 2294 843 suo.
2321 790 2423 844 Sed
2456 790 2549 845 dic
2570 791 2734 845 nobis
2762 792 3053 860 primitus,
3072 793 3122 847 si
3155 792 3556 862 faciasjussio—

213 895 353 951 Ἀλλ’
383 878 499 952 εἰπε
524 897 650 968 ἡμῖν
666 896 893 972 πρῶτον,
914 878 1074 957 ποιεῖς
1093 890 1187 972 τὴν
1213 878 1444 951 κε’λευσιν
1472 878 1567 951 τοῦ
1597 897 1755 970 βασι-

1955 888 2033 929 em
2069 878 2446 945 imperatoris,
2480 892 2551 932 an
2585 880 2739 933 non?
2776 880 3043 935 MAXIMUS
3068 881 3256 936 dixit:
3290 882 3548 953 Domine,

196 978 338 1045 λέως.
363 979 401 1051 ἢ
419 983 478 1038 οὖ
495 984 658 1043 ποιεῖς
677 1003 693 1049 ;
714 963 901 1037 ΜΛΞΙ
914 980 1066 1038 MOE
1086 969 1194 1036 εἷπε
1221 1003 1235 1017 ·
1262 979 1527 1049 Δέσποτα,
1545 978 1755 1037 ἀκούσω

1965 963 2136 1017 idiam
2166 965 2314 1033 quod
2332 966 2573 1033 jusserit
2596 966 2749 1034 pium
2779 968 2904 1035 ejus
2930 969 3255 1038 imperium,
3280 974 3336 1024 et
3357 983 3558 1025 neces-

196 1067 244 1126 τί
273 1066 514 1126 ἐκέλευσε
540 1066 602 1124 τὸ
628 1064 826 1131 εὐσεϐὲς
851 1070 1007 1124 αὐτοῦ
1034 1064 1239 1145 κράτος,
1268 1067 1356 1125 καὶ
1376 1063 1587 1130 δεόντως
1618 1071 1752 1123 ἀπο-

1958 1051 2062 1105 ιιιίο
2086 1053 2451 1120 respondebo.
2482 1056 2619 1108 Nam
2651 1056 2718 1109 ad
2741 1055 2795 1109 id
2818 1056 2966 1124 quod
3005 1056 3261 1126 ignotum
3283 1064 3368 1113 est
3385 1058 3551 1128 mihi,

195 1154 431 1234 κρίνομαι
455 1172 468 1184 ·
490 1154 602 1212 ἐπεὶ
625 1153 751 1232 πρὸς
777 1153 838 1211 τὸ
862 1139 1195 1231 ἀγνούμενον,
1224 1154 1375 1212 ποίαν
1400 1152 1510 1231 ἔχω
1536 1151 1755 1232 ἀπόκρι-

1957 1139 2131 1193 ualem
2168 1141 2585 1209 responsionem
2614 1143 2857 1197 daturus
2884 1158 3010 1198 sum
3032 1143 3060 1197 ?
3100 1143 3173 1199 At
3207 1160 3339 1201 vero
3362 1147 3550 1201 TROIL.

196 1220 269 1300 σιν
312 1220 528 1313 δῶναι;
559 1220 803 1300 ΤΡΩΙΛ.
840 1220 1056 1317 ἐπέμενε
1103 1220 1269 1317 λέγων
1297 1266 1310 1280 ο
1489 1220 1750 1319 ἐνδέχεται

1962 1227 2298 1282 :rseverabat
2320 1241 2680 1285 asseverans:
2714 1233 2833 1285 Non
2868 1237 3050 1300 potest
3069 1246 3191 1287 esse
3215 1234 3555 1291 utdicamus

195 1327 269 1387 ὅτι
292 1308 596 1407 λέγομιντέ
630 1352 779 1403 ποτε,
810 1327 895 1386 ἐὰν
1021 1308 1226 1407 πρῶτον
1252 1331 1401 1407 εἴπῃς
1432 1331 1477 1407 εἰ
1503 1308 1683 1393 ποιεῖς,
1716 1328 1751 1400 ἢ

1970 1315 2155 1383 iquid.
2190 1316 2302 1370 nisi
2331 1317 2577 1385 primum
2604 1318 2765 1373 dicas
2800 1326 2988 1374 utrum
3024 1318 3200 1377 facias
3230 1322 3313 1376 vel
3337 1336 3448 1376 non
3485 1322 3558 1377 fa-

197 1420 252 1473 οὐ
263 1402 540 1485 ποιεῖςντ-ὴν
555 1402 786 1475 κε’λευσιν
802 1422 895 1474 τοῦ
914 1414 1184 1493 βασιλέως.
1209 1415 1316 1473 Καὶ
1332 1419 1403 1478 ὣς
1421 1406 1548 1472 οἶδεν
1571 1414 1753 1480 αὐτοὺς

1965 1416 2028 1456 as
2073 1402 2388 1470 jussionem
2441 1405 2817 1474 imperatoris.
2882 1407 2950 1461 Et
2997 1423 3127 1463 cum
3175 1409 3415 1465 vidisset
3460 1425 3558 1467 eos

197 1502 571 1578 svia-rapévouc,
611 1504 700 1561 καὶ
734 1503 816 1561 ἐπὶ
980 1503 1205 1582 ἀναϐολῇ
1249 1507 1404 1561 αὐτοῦ
1455 1500 1754 1582 πικρότερον

1964 1490 2243 1545 lsistentes
2270 1493 2619 1561 peramplius
2642 1494 2910 1549 dilationi
2940 1510 3076 1563 suae,
3109 1502 3165 1552 et
3194 1499 3450 1553 amarius
3476 1499 3557 1554 in-

198 1572 502 1667 βλέποντας,
521 1592 611 1649 καὶ
637 1572 951 1669 τραχύτερον
993 1572 1428 1669 ἀποκριναμένους
1460 1572 1590 1666 μετᾶ
1617 1572 1718 1646 πᾶν
1735 1622 1750 1632 ·

1960 1584 2155 1647 lentes,
2188 1594 2253 1634 ac
2279 1581 2541 1649 asperius
2573 1583 2972 1651 respondentes
3001 1598 3131 1639 cum
3162 1585 3431 1641 omnibus
3457 1588 3553 1657 qui

198 1644 371 1667 I'"""'
398 1644 611 1655 7V—“"'V'
650 1644 943 1669 'r“l\."'t""
998 1644 1426 1669 """T"‘T'""'
1460 1644 1573 1666 fr",
1626 1644 1705 1646 Mhi

194 1700 292 1734 των
317 1680 425 1735 τῶν
456 1675 711 1735 συνόντων
736 1680 925 1749 αὐτοῖς,
957 1678 1045 1735 καὶ
1074 1680 1178 1735 τῶν
1208 1675 1510 1753 ἀξιωμάτων
1537 1674 1754 1748 κόσμοις

1966 1680 2039 1720 im
2058 1644 2320 1723 eis-erant
2343 1644 2399 1723 et
2422 1670 2565 1739 ipsis
2590 1644 2817 1740 quoque
2846 1671 3234 1743 dignitatibus
3257 1644 3559 1730 saeculari-

195 1762 498 1843 ἐπηρμένων
521 1808 539 1835 ,
564 1764 851 1844 ἀποκριθεὶς
878 1769 907 1823 6
932 1763 1094 1830 ἆϐϐᾶς
1140 1766 1323 1822 ΜΑΞ.
1358 1754 1495 1821 εἶπεν
1526 1786 1540 1801 ο
1588 1760 1754 1821 Ἒπὰν

1962 1769 2018 1809 us
2047 1755 2299 1824 elevatis,
2340 1758 2685 1826 respondens
2709 1758 2853 1813 abba
2894 1760 3040 1815 Max.
3074 1760 3190 1815 ait:
3246 1761 3391 1829 Quia
3447 1774 3555 1817 non

194 1854 284 1910 οὐκ
306 1851 554 1930 ἀνέχεσθε
572 1843 727 1910 εἰπεῖν
751 1855 830 1933 τῷ
856 1850 1022 1931 δούλῳ
1042 1855 1187 1927 ὑμῶν
1214 1849 1281 1910 τὰ
1313 1849 1650 1930 παραστάντα

1965 1843 2177 1898 utimini
2208 1845 2397 1899 dicere
2423 1859 2583 1900 servo
2616 1851 2802 1901 vestro
2833 1862 2958 1916 quae
3000 1849 3222 1917 placent
3245 1850 3479 1905 domino
3504 1857 3558 1905 et

193 1929 416 2011 δεσπότῂ
446 1942 598 2013 ἡμῶν
623 1940 715 1997 καὶ
742 1929 962 2016 βασιλεῖ,
992 1929 1123 2004 ἰδοὺ,
1152 1936 1293 2015 λέγω
1338 1929 1612 2003 ἀκούοντος
1657 1929 1754 1996 τοῦ

1959 1931 2240 1998 nperatori
2269 1938 2481 1999 nostro,
2509 1946 2634 1987 erce
2663 1934 2812 2003 dico,
2849 1934 3117 1989 audiente
3142 1937 3274 2006 Deo,
3318 1950 3382 1991 ac
3414 1950 3552 1991 san-

192 2027 336 2085 Θεοῦ
349 2028 440 2086 καὶ
461 2030 566 2085 τῶν
583 2025 740 2104 ἁγίων
758 2027 1011 2103 ἀγγέλων,
1034 2025 1125 2083 καὶ
1148 2024 1356 2083 πάντων
1384 2029 1546 2101 ὑμῶν.
1574 2023 1751 2103 ὅτιπερ

1971 2018 2020 2071 is
2036 2019 2255 2089 angelis
2270 2025 2324 2073 et
2345 2020 2613 2076 omnibus
2630 2020 2792 2075 vobis
2813 2021 3103 2091 quoniam,
3135 2022 3418 2093 quidquid
3438 2025 3561 2092 jus-

190 2112 240 2171 εἴ
258 2137 310 2171 τι
336 2113 533 2185 δήποτε
558 2111 755 2171 κελεύει
776 2136 864 2189 μοι
890 2113 1005 2191 περὶ
1031 2112 1331 2183 οἷουδήποτε
1355 2110 1658 2191 πράγματος
1678 2115 1754 2192 τῷ

1957 2112 2051 2159 erit
2091 2106 2233 2161 mihi
2283 2121 2455 2175 super
2503 2121 2861 2178 quacumque
2892 2122 2951 2163 re
3001 2124 3132 2164 cum
3183 2110 3287 2165 hoc
3342 2111 3550 2167 smculo

190 2203 333 2258 αἰῶνι
354 2200 528 2280 τούτῳ
552 2197 1009 2277 συγκαταλυμένου
1036 2200 1123 2257 καὶ
1142 2197 1599 2280 συμφθειρομένου,
1628 2221 1753 2277 προ·

1964 2196 2251 2250 zstruenda
2321 2202 2376 2250 et
2430 2198 2862 2265 corrumpenda,
2918 2203 3172 2267 prompte
3220 2197 3443 2254 faciam.
3489 2200 3557 2254 Et

187 2286 363 2364 θύμως
581 2287 683 2346 Καὶ
710 2284 890 2352 εὐθέως
919 2283 1143 2350 ἀναστὰς
1165 2276 1412 2344 ΤΡΩΙᾹ.
1447 2276 1585 2344 εἶπεν
1611 2305 1624 2317 ⁸
1651 2276 1752 2343 Εὖ-

1964 2281 2209 2338 mfestim
2241 2298 2480 2353 surgens
2503 2286 2691 2339 TROIL.
2725 2285 2911 2339 dixit:
2947 2285 3116 2341 Orate
3146 2287 3310 2356 mihi,
3342 2302 3445 2358 ego
3470 2302 3557 2342 va-

186 2375 340 2444 ξασθέ
386 2399 514 2452 μοι,
546 2373 650 2452 ἐγὼ
922 2365 1089 2439 Οὗτος
1134 2370 1232 2452 γὰρ
1275 2370 1416 2431 οὐδὲν
1457 2377 1611 2430 ποιεῖ.
1648 2372 1755 2430 Καὶ

1962 2385 2059 2425 1m.
2111 2372 2213 2426 Hic
2242 2372 2393 2426 enim
2427 2373 2574 2427 nihil
2616 2372 2770 2427 facit.
2806 2375 2873 2427 Et
2913 2374 3092 2429 multo
3124 2375 3555 2446 vehementique

186 2466 388 2522 πολλῶ
424 2462 562 2522 πάνυ
591 2460 865 2540 γενομένου
898 2460 1137 2540 θορύϐου,
1172 2460 1259 2519 καὶ
1283 2462 1483 2530 πολλῆς
1521 2464 1752 2539 ταραχῆς

1969 2465 2059 2515 cto
2084 2460 2359 2529 tumultu,
2382 2474 2446 2515 ac
2474 2461 2650 2516 multa
2675 2461 3000 2516 turbatione
3021 2469 3076 2516 et
3095 2460 3453 2531 confusione,
3476 2463 3560 2519 di-

188 2551 279 2609 καὶ
303 2548 630 2630 συγχύσεως,
652 2541 792 2607 εἶπεν
817 2552 988 2613 αὐτοῖς
1006 2549 1227 2608 ΘΕΟΔ.
1252 2552 1281 2606 6
1304 2546 1582 2611 ἐπίσκοπος
1608 2565 1620 2578 ’
1660 2546 1752 2604 Εἴ-

1975 2554 1997 2603 t
2025 2550 2110 2604 eis
2137 2550 2339 2603 Tuaen.
2369 2550 2704 2619 episcopus:
2731 2550 2914 2605 Dicite
2947 2550 3034 2604 illi
3068 2564 3357 2620 responsa,
3391 2558 3447 2606 et
3471 2566 3561 2608 co-

186 2663 319 2698 πατε
353 2642 499 2719 αὐτῷ
535 2636 631 2709 τὴν
658 2635 947 2716 ἀπόκρισιν,
967 2638 1055 2695 καὶ
1083 2639 1245 2713 γνῶτε
1275 2658 1335 2719 τι
1359 2632 1502 2711 λέγει
1525 2652 1538 2666 ⁵
1558 2635 1668 2693 ἐπεὶ
1693 2634 1755 2691 τὸ

1968 2638 2167 2692 noscite
2197 2639 2336 2707 quid
2388 2637 2650 2693 fateatur.
2702 2640 2839 2691 Nam
2872 2639 2957 2693 sic
3007 2638 3248 2709 regredi,
3297 2639 3561 2711 nihilque

180 2724 353 2792 ὀὖτιικ
381 2718 594 2795 ἐξελθεῖν
619 2726 777 2800 μηδὲν
803 2722 1066 2802 εἰρηκότας
1098 2723 1190 2781 καὶ
1220 2718 1376 2799 μηδὲν
1400 2722 1749 2802 ἀκούσαντας,

1967 2739 2100 2780 .cere
2125 2730 2183 2780 et
2209 2726 2356 2780 nihil
2401 2726 2622 2792 audire,
2658 2726 2999 2781 rationabile
3044 2741 3155 2782 non
3185 2732 3289 2782 est.
3331 2728 3399 2782 Et
3424 2734 3560 2784 tunc

190 2817 284 2871 οὔκ
329 2811 472 2873 ἔστιν
517 2799 750 2891 εὔλογον.
778 2799 915 2870 Τότε
971 2812 1176 2869 ΕΠΙΦ.
1205 2815 1235 2868 6
1278 2808 1546 2888 πατρίκιος
1596 2799 1746 2866 εἶπεο

1970 2827 2250 2867 ηΡυΑΝιυε
2270 2813 2550 2882 patricius
2574 2813 2657 2868 ait
2682 2832 2693 2867 :
2730 2815 2841 2868 lloc
2879 2813 2984 2868 tibi
3024 2829 3121 2883 per
3143 2829 3245 2869 nos
3273 2815 3563 2887 significat

192 2899 366 2959 Τοῦτό
405 2922 493 2959 σοι
515 2901 667 2969 δηλοῖ
691 2899 754 2957 δι’
783 2902 935 2973 ἡμῶν
962 2904 990 2957 6
1018 2896 1276 2976 βασιλεὺς.
1306 2894 1472 2973 λέγων
1505 2915 1519 2927 ⁸
1543 2893 1752 2966 Ἐπειδὴ

1965 2908 2241 2970 nperator,
2269 2902 2499 2956 dicens:
2532 2902 2812 2969 Quoniam
2856 2908 3012 2958 totus
3049 2902 3328 2960 Occidens
3366 2909 3421 2958 et
3459 2905 3558 2974 qui

193 2996 332 3045 πᾶσα
354 2992 391 3057 ἦ
420 2963 588 3057 δύσις,
606 2986 697 3045 καὶ
718 2989 768 3044 οἱ
864 2990 930 3056 τῆ
958 2963 1184 3062 ἀνατολῇ
1205 2963 1589 3065 διαστρίφοντες
1609 2985 1677 3048 εἰς
1695 2963 1754 3040 σέ

1965 2963 2244 3044 ιὈιιίθηῐεξ
2299 2963 2668 3044 subversione
2715 2996 3024 3058 operantur
3052 2992 3119 3045 ad
3176 2997 3230 3046 te
3281 2963 3558 3060 spectant.

196 3079 460 3155 θεωροῦσι,
492 3075 584 3133 καὶ
604 3072 822 3138 ἅπαντες
850 3071 933 3131 διά
963 3095 1022 3131 σε
1049 3071 1379 3139 στασιάζουσι
1430 3067 1503 3145 μὴ
1525 3068 1753 3155 θέλοντες

1966 3091 2186 3133 omnes
2232 3083 2462 3147 propter
2503 3084 2557 3132 te
2601 3077 2925 3132 simultates
2947 3079 3258 3148 exagitant,
3306 3079 3559 3135 nolentes

202 3154 608 3237 συμϐιϐασθῆναι
654 3164 781 3237 ἡμῖν
831 3156 914 3217 διὰ
964 3158 1059 3229 τὴν
1103 3158 1274 3217 πίστιν
1305 3175 1320 3189 ⁸
1350 3154 1617 3223 κατανύξοι
1638 3180 1696 3215 σε
1726 3161 1755 3215 6

1966 3166 2214 3220 invenire
2240 3165 2536 3221 nobiscum
2571 3165 2630 3219 in
2669 3178 2840 3220 causa
2878 3164 3046 3235 fidei;
3077 3167 3225 3221 Deus
3253 3166 3559 3236 compungi

202 3248 329 3315 Θεὸς
350 3254 657 3319 κοινωνῆσαι
684 3252 810 3325 ἡμῖν
840 3247 923 3306 ἐπὶ
948 3251 1025 3327 τῷ
1057 3248 1180 3326 παρ’
1210 3250 1335 3323 ἡμῖν
1390 3242 1638 3302 ἑκτεθέντι
1663 3247 1753 3302 τύ-

1997 3252 2187 3323 faciat,
2218 3258 2280 3308 ut
2304 3253 2688 3307 communices
2732 3251 3026 3307 nobiscum
3054 3253 3112 3306 in
3149 3254 3301 3322 Typo
3330 3253 3431 3322 qui
3457 3268 3564 3309 ex-

202 3359 303 3417 πῳ,
331 3339 421 3396 καὶ
446 3336 756 3416 ἐξερχόμεθα
778 3341 930 3413 ἡμεῖς
970 3337 1032 3393 δι’
1064 3338 1256 3393 ἑαυτῶν
1291 3337 1361 3399 εἷς
1389 3331 1482 3403 τὴν
1516 3330 1749 3403 Χαλκὴν,

1962 3340 2136 3395 )situs
2161 3346 2244 3395 est
2274 3353 2307 3394 a
2357 3338 2543 3407 nobis,
2593 3346 2649 3393 et
2677 3339 2967 3394 exibimus
3016 3354 3113 3407 per
3144 3353 3246 3395 nos
3297 3340 3452 3409 ipsos
3489 3342 3555 3395 ad

204 3424 286 3484 καὶ
325 3423 661 3500 ἆοπαζόμεθά
701 3447 761 3483 σε
787 3469 801 3495 ,
843 3422 935 3481 καὶ
976 3420 1316 3499 ὑποτιθέμεθα
1351 3423 1468 3497 ὑμῖν
1490 3417 1582 3490 τὴν
1607 3424 1755 3499 χεῖρα

1968 3428 2158 3499 malem,
2206 3432 2262 3483 et
2309 3427 2702 3483 osculabimur
2743 3434 2816 3496 te,
2862 3432 2918 3481 et
2960 3440 3347 3495 supponemus
3399 3427 3561 3482 vobis

204 3516 363 3586 ἡμῶν,
395 3513 487 3571 καὶ
512 3509 643 3589 μετὰ
660 3510 831 3581 πάσης
858 3515 1013 3587 τιμῆς
1031 3510 1123 3569 καὶ
1149 3508 1293 3579 δόξης
1317 3507 1587 3583 εἰσάγομεν
1615 3511 1643 3564 ὓ
1652 3515 1752 3583 μᾶς

1972 3530 2141 3571 anum
2173 3523 2444 3585 nostram,
2471 3529 2715 3586 cumque
2735 3515 2890 3570 omni
2929 3516 3140 3571 honore
3164 3528 3229 3570 ac
3263 3514 3444 3587 gloria
3483 3515 3565 3570 in-

205 3604 271 3662 εἰς
300 3598 392 3670 τὴν
416 3600 648 3678 μεγάλην
691 3598 1029 3669 Ἐκκλησίαν,
1063 3597 1154 3656 καὶ
1176 3598 1284 3674 μεθ’
1309 3597 1503 3653 ἑαυτῶν
1530 3598 1754 3670 ἱστῶμεν

1970 3605 2279 3661 oducemus
2299 3619 2398 3659 vos
2424 3605 2483 3659 in
2508 3617 2763 3675 magnam
2798 3604 3128 3672 Ecclesiam,
3162 3610 3218 3658 et
3244 3617 3373 3659 cum
3397 3605 3563 3660 nobis

207 3688 254 3742 ἐν
277 3678 319 3767 ᾧ
341 3685 475 3745 κατὰ
505 3688 764 3760 συνήθειαν
792 3690 839 3743 οἱ
870 3687 1098 3765 βασιλεῖς
1121 3682 1377 3752 ἵστανται,
1399 3680 1488 3740 καὶ
1509 3689 1755 3758 ποιοῦμεν

1972 3692 2062 3747 isis
2082 3693 2352 3748 sistemus
2380 3692 2477 3749 ubi
2518 3706 2587 3747 ex
2615 3705 2767 3747 more
2800 3691 3171 3761 imperatores
3196 3696 3368 3762 stant,
3396 3698 3452 3747 et
3474 3691 3565 3748 fa-

209 3773 310 3849 ἅμα
334 3776 427 3844 τὴν
457 3778 683 3845 σκῦναζιν,
730 3773 819 3833 καὶ
854 3778 1195 3849 κοινωνοῦμεν
1225 3770 1337 3847 ἅμα
1376 3774 1478 3828 τῶν
1516 3770 1756 3851 ἀχράτων

1974 3793 2134 3836 emus
2170 3781 2383 3850 pariter
2411 3780 2691 3851 synaxim,
2720 3785 2775 3834 et
2802 3778 3281 3848 participablmur
3320 3779 3567 3836 inteme-

206 3862 286 3921 καὶ
321 3867 590 3932 {uaco-roum
630 3860 925 3943 μυστηρίων
965 3866 1061 3918 τοῦ
1097 3864 1353 3928 ζωοποιοῦ
1394 3854 1633 3935 σώματος
1668 3859 1757 3918 καὶ

1976 3875 2170 3924 .torum
2201 3875 2256 3923 et
2284 3869 2642 3924 vivificorum
2681 3872 3167 3923 sacramentorum
3199 3867 3409 3923 vivifici
3433 3883 3569 3925 cor—

210 3948 421 4025 αἷιιατος
450 3956 545 4009 τῶ
574 3951 817 4028 Χριστοῦ.
857 3948 961 4007 Καὶ
1005 3944 1422 4027 ἄνακηρύττοών
1467 3969 1527 4004 σε
1560 3944 1760 4025 πατέρα

1974 3961 2077 4015 )ris
2099 3964 2154 4013 et
2179 3957 2482 4027 sanguinis
2500 3956 2738 4026 Christi,
2760 3961 2818 4011 et
2846 3955 3284 4025 praedicabimus
3304 3961 3359 4011 te
3378 3958 3567 4013 denuo

204 4045 370 4115 ἡμῶν,
418 4043 511 4100 καὶ
553 4040 750 4118 γίνεται
788 4036 928 4120 χαρὰ
963 4042 1021 4097 οὗ
1059 4035 1213 4115 μόνον
1332 4036 1646 4116 φιλοχρίστω
1671 4036 1760 4095 καὶ

1972 4054 2132 4104 utrem
2162 4053 2441 4114 nostrum,
2476 4046 2683 4114 fietque
2714 4044 2989 4115 gaudium
3039 4058 3149 4099 non
3184 4046 3349 4100 modo
3399 4058 3565 4102 ama—

202 4128 420 4203 βπσιλίδι
463 4132 621 4204 ἡμῶν
661 4126 835 4195 πόλει,
885 4124 1019 4184 ἀλλὰ
1062 4125 1153 4184 καὶ
1183 4122 1330 4201 πάσῃ
1458 4123 1755 4201 οἰκουμένη.

1979 4137 2052 4192 ici
2083 4135 2296 4190 Christi
2320 4138 2374 4189 et
2396 4134 2565 4204 regiae
2592 4132 2721 4188 urbi
2747 4137 2971 4194 nostra},
2997 4134 3092 4187 sed
3120 4139 3176 4187 et
3207 4132 3265 4187 in
3300 4138 3417 4189 toto
3449 4139 3570 4189 ter—

199 4214 429 4291 Οῖόαμεν
464 4214 568 4296 γὰρ
598 4215 861 4295 ἀσφαλῶς,
895 4211 973 4271 ὅτι
1002 4218 1098 4271 σοῦ
1125 4217 1482 4276 κοινωνοῦντας
1518 4215 1594 4269 τῶ

1977 4239 2113 4281 ιῐιιιη]
2144 4223 2297 4279 orbe.
2332 4223 2557 4277 Scimus
2590 4221 2742 4275 enim
2776 4220 3098 4275 certissime
3131 4222 3302 4293 quod,
3333 4226 3387 4276 te
3407 4236 3570 4277 com—

196 4305 296 4361 τῶν
351 4306 563 4361 ἐνταῖθα
605 4300 765 4381 θρόνῳ
792 4344 809 4368 ,
861 4300 1048 4365 πάντες
1100 4301 1311 4357 ἐνῶνται
1365 4302 1493 4375 ἡμῖν
1514 4343 1531 4365 ,
1586 4304 1651 4358 οἱ
1680 4299 1764 4359 διὰ

1971 4314 2249 4370 unicante
2262 4316 2458 4367 sancto
2472 4308 2613 4366 huic
2624 4309 2851 4377 throno,
2871 4308 3064 4363 cuncti
3089 4309 3564 4380 uuianturnobis,

196 4411 252 4447 σε
293 4391 392 4448 καὶ
438 4388 535 4461 τὴς
580 4388 912 4447 διδασκαλίαν
959 4386 1334 4466 ἀποσχίσαντες
1368 4391 1459 4457 τῆς
1501 4387 1760 4454 κοινωνίας

1975 4404 2021 4458 λὶ
2064 4407 2292 4472 propter
2321 4406 2376 4455 te
2415 4406 2692 4469 tuumque
2719 4397 3112 4469 magisterium
3143 4410 3203 4451 se
3230 4411 3263 4451 a
3303 4411 3568 4453 commu-

193 4481 359 4553 θλαῖη
1920 4492 2093 4547 nione
2110 4494 2303 4545 nostra
2325 4487 2639 4543 sciderunt.

272 4566 384 4625 Καὶ
398 4564 641 4647 στρριερεὶς
656 4563 783 4644 πρὸς
804 4563 892 4623 τὸν
917 4562 1193 4622 ἐπίσκοπον
1212 4566 1241 4621 6
1256 4560 1415 4628 ἆϐϐᾶς
1435 4560 1486 4621 Μ
1493 4562 1615 4622 ΔΞ.
1634 4562 1765 4641 μετὰ

1991 4580 2058 4633 Et
2087 4590 2394 4633 conversus
2417 4575 2483 4629 ad
2511 4576 2841 4645 episcopum
2871 4572 3015 4630 abba
3046 4574 3190 4629 MAx.
3224 4588 3353 4629 cum
3378 4573 3568 4644 lacry-

456 4643 600 4712 εἶπεν
627 4643 973 4734 αὐτῷ’ῌΚύριε
986 4655 1014 4710 6
1032 4648 1218 4734 μέγας,
1242 4647 1436 4727 ἡμέραν
1454 4650 1668 4729 κρίσεως
1683 4654 1766 4710 ἐκ·

1976 4668 2036 4722 is
2071 4666 2185 4720 ait:
2220 4664 2458 4721 Domine
2489 4643 2725 4734 magne,
2757 4664 2910 4719 diem
2931 4662 3144 4733 judicii
3175 4668 3569 4732 exspectamus

196 4729 478 4818 δεχόμεθα,
512 4739 712 4805 πάντες.
744 4729 912 4803 Ὀἶδας
927 4736 994 4797 τὰ
1016 4733 1332 4804 τυπωθέντα,
1348 4736 1437 4795 καὶ
1450 4735 1657 4804 δόξαντα
1682 4740 1765 4799 ἐπὶ

1974 4768 2124 4810 mnes
2185 4752 2335 4807 nosti
2383 4766 2508 4822 qua:
2539 4729 2802 4807 ordinata
2853 4729 2990 4807 sunt
3014 4757 3071 4806 et
3115 4729 3364 4806 diﬂinita
3393 4765 3567 4821 supra

199 4832 296 4885 τῶν
325 4827 495 4903 ἁγίων
526 4826 855 4903 εὐαγγελίων,
898 4826 987 4884 καὶ
1011 4831 1101 4883 too“
1128 4828 1375 4892 ζωοποιοῦ
1402 4830 1644 4904 σταυροῦ,
1677 4828 1767 4886 καὶ

1978 4846 2117 4897 lucta
2142 4839 2462 4911 Evangelia,
2495 4842 2551 4893 et
2578 4837 2859 4892 vivificam
2889 4851 3135 4907 crucem,
3164 4843 3334 4907 atque
3356 4837 3571 4909 imagi—

200 4918 287 4984 τῆς
316 4912 521 4980 εἰκόνος
546 4920 639 4972 τοῦ
666 4915 810 4973 Θεοῦ
831 4914 919 4973 καὶ
945 4916 1173 4992 σωτῆρος
1188 4916 1360 4990 ἡμῶν,
1383 4913 1474 4971 καὶ
1493 4917 1586 4983 τῆς
1614 4913 1767 4973 αὐτὸν

1978 4944 2047 4985 2m
2076 4928 2177 4984 Dei
2204 4933 2258 4983 et
2287 4927 2587 4983 salvatoris
2618 4926 2797 4981 nostri
2824 4928 2953 4981 Jesu
2978 4926 3214 4994 Christi,
3238 4931 3296 4981 et
3316 4928 3571 4983 sanctis—

203 5003 450 5073 τεκούσης
474 5000 727 5078 παναγίας
742 4998 1069 5081 ἆειπαρθένου
1085 4998 1297 5079 μητρός.
1315 4998 1417 5058 Kal
1435 4998 1609 5078 βαλὼν
1623 4998 1767 5060 κάτω

1979 5032 2078 5073 mae
2110 5031 2235 5088 qua:
2289 5016 2453 5071 illum
2487 5014 2686 5087 genuit
2713 5029 2934 5084 semper
2960 5014 3216 5085 Virginis
3242 5016 3464 5072 matris.
3500 5017 3567 5071 Et

208 5088 261 5145 τὸ
286 5090 575 5167 πρόσωπον
611 5096 639 5148 6
669 5089 945 5176 Ertio-amre;
968 5134 982 5159 ,
1024 5087 1304 5176 συγνοτέρᾳ
1627 5088 1768 5168 λέγει

1974 5087 2208 5162 ibmisso
2227 5106 2491 5161 deorsum
2508 5104 2692 5176 vultu,
2711 5103 3014 5173 episcopus
3036 5104 3255 5160 mitiori
3274 5120 3406 5162 voce
3422 5105 3567 5161 dicit

212 5176 321 5249 πῴς
348 5179 525 5235 αὐτόν.
558 5176 661 5235 Καὶ
683 5175 734 5234 τί
761 5173 871 5254 ἔχω
895 5180 1106 5244 ποιῆσαι
1135 5173 1256 5251 ἐγὼ,
1282 5173 1404 5234 ἐπὰν
1424 5173 1592 5253 ἔτερόν
1609 5200 1658 5235 τι
1670 5200 1767 5235 πα·

1966 5197 1989 5249 :l
2018 5209 2179 5250 eum:
2232 5196 2296 5249 Et
2325 5193 2424 5263 qui
2453 5193 2627 5248 habeo
2675 5173 2877 5264 facere,
2913 5199 3209 5262 postquam
3240 5194 3398 5248 aliud
3423 5191 3559 5261 quid

404 5271 480 5345 τῷ
516 5262 869 5344 εὐσεϐεστάτῳ
906 5265 1138 5340 βασιλεῖ;
1184 5262 1286 5321 Καί
1324 5286 1447 5341 φησι
1472 5263 1594 5341 πρὸς
1618 5265 1769 5323 αὐτὸν

1970 5283 2181 5338 Iacuit?
2212 5283 2280 5336 Et
2307 5262 2459 5337 dixit
2478 5282 2546 5337 ad
2569 5294 2696 5336 eum
2720 5262 2872 5336 Max.
2899 5278 3147 5357 [abbas]
3174 5301 3185 5336 :
3208 5284 3275 5336 Et
3294 5293 3467 5349 quare
3489 5282 3563 5331 te-

225 5351 262 5406 H
278 5354 384 5409 ΑΞ.
406 5358 496 5411 καὶ
516 5353 598 5409 διὰ
612 5354 663 5409 τὶ
814 5354 915 5407 τῶν
938 5350 1093 5426 ἁγίων
1112 5350 1437 5427 εὐαγγελίων,
1461 5352 1611 5409 καὶοὶ
1638 5351 1770 5427 μετά

1961 5372 2110 5442 lgisti
2133 5376 2327 5425 sancta
2357 5370 2678 5441 Evangelia,
2713 5376 2767 5424 et
2792 5370 2850 5425 hi
2876 5350 2975 5441 qui
3011 5350 3190 5425 tecu'm
3222 5372 3401 5429 erant,
3430 5379 3554 5419 cum

225 5457 327 5506 σου,
345 5443 438 5497 οὐκ
465 5438 622 5508 οὔσης
644 5438 721 5519 ἐφ’
743 5441 861 5515 ὑμῖν
887 5441 978 5508 τῆς
1001 5441 1104 5495 τῶν
1128 5438 1445 5510 λαληθέντων
1482 5438 1765 5512 ἐκϐασεωςς

1966 5438 2037 5515 on
2066 5459 2146 5514 sit
2164 5459 2222 5513 in
2250 5458 2414 5514 vobis
2449 5438 2645 5514 eorum
2670 5438 2805 5530 qua:
2834 5438 2988 5513 dicta
3013 5463 3148 5513 sunt
3169 5454 3402 5509 exitus?
3423 5453 3556 5505 Vere

521 5564 756 5618 ΡΑτιιοι..
800 5560 1051 5616 CXXIX.

3204 5548 3265 5603 21
