4034 6158
457 277 567 339 655
1685 274 2043 332 masmsu
2090 277 2628 346 BIBLIOTHECARII
3727 299 3815 356 656

508 445 774 511 ροσσατω,
823 427 912 488 καὶ
945 428 1243 508 κατανυγείς
1279 426 1382 488 ὕπὸ
1405 434 1501 488 τοῦ
1530 429 1674 489 Θεοῦ
1697 434 1726 488 6
1752 429 2062 511 στρατηγὸς,

507 509 665 586 ἤγουν
713 515 743 570 6
781 514 1137 593 τοποτηρητὴς
1172 521 1266 574 τοῦ
1310 523 1629 594 στρατηγοῦ,
1661 509 1886 595 ἔπεμψεν
1914 515 2066 593 ἐγγὺς

507 599 667 656 αὐτοῦ
707 596 826 665 τοὺς
877 599 1260 682 προϐεϐηκότας
1299 605 1402 660 τῶν
1441 600 1655 680 βάνδων,
1695 600 2068 682 πρεσϐυτέρους

508 705 568 769 τε
609 683 696 743 καὶ
738 684 1000 754 διακόνους
1027 733 1042 759 ,
1081 689 1173 747 καὶ
1221 685 1342 753 τοὺς
1387 687 1615 754 εὐλαϐεῖς
1662 691 2060 769 σιγνοφύλακας⁶

509 767 597 835 οὓς
649 769 768 830 ἰδὼν
810 774 1252 854 παραγενομένους
1300 779 1330 833 6
1371 775 1536 854 ῥηθεὶς
1587 774 1748 841 ἀϐϐᾶς
1805 767 2064 852 Μάξιμος,

509 857 722 942 ἐγερθεὶς
765 857 922 919 ἔϐαλε
975 860 1271 938 μετάνοιαν.
1326 862 1434 920 Καὶ
1481 859 1760 920 ἀντέϐαλον
1814 863 2059 942 κάκεῖνοι,

508 941 598 1002 καὶ
636 944 892 1020 ἐκάθισαν,
937 950 1274 1015 κελεύσαντες
1310 947 1399 1007 καὶ
1431 951 1572 1008 αὐτῶ
1598 948 1820 1007 καθίσαι.
1856 941 1963 1006 Καί
1988 971 2067 1013 τις

507 1027 642 1088 πάνυ
682 1029 852 1113 γέρων
893 1031 1063 1110 τίμιος
1104 1025 1217 1094 εἷπε
1252 1057 1380 1115 προς
1407 1033 1559 1094 αὐτὸν
1595 1032 1728 1112 μετὰ
1751 1035 1950 1104 πολλῆς
1972 1038 2065 1105 τῆς

513 1291 824 1368 ἁγιωσύνην,
851 1297 923 1360 ὡς
951 1297 1012 1354 οὗ
1036 1293 1204 1374 λέγεις
1231 1292 1496 1356 Θεοτόκον
1515 1292 1610 1367 τὴν
1629 1292 1892 1354 δέσποιναν
1919 1298 2069 1372 ἡμῶν

511 1374 606 1448 τὴν
638 1379 890 1458 παναγίαν
922 1378 1190 1462 παρθένον,
1231 1381 1420 1462 ὁρκίζω
1442 1405 1503 1442 σε
1528 1379 1663 1441 κατὰ
1685 1387 1778 1453 17:":
1804 1377 1951 1458 ἁγίας
1979 1381 2069 1440 καὶ

513 1467 792 1543 ὁμοουσίου
818 1469 906 1528 καὶ
932 1472 1188 1538 ζωοποιοῦ
1213 1469 1440 1550 τριάδος,
1472 1473 1629 1529 εἰπεῖν
1654 1475 1780 1547 ἡμῖν
1813 1465 1906 1539 τὴν
1933 1471 2068 1540 ἀλή-

513 1555 670 1624 θειαν,
713 1556 800 1614 καὶ
845 1555 1222 1636 ἀποτρίψασθαι
1258 1559 1364 1616 τῶν
1399 1556 1618 1636 καρδιῶν
1655 1560 1806 1634 ἡμῶν
1833 1561 1984 1614 τοῦτο
2008 1555 2071 1614 τὸ

515 1638 816 1700 σκάνδαλον·
834 1640 918 1702 ἵνα
936 1639 1010 1720 μὴ
1389 1643 1577 1710 ἀδίκως
1592 1640 2064 1720 σκανδαλιζόμενοι.

515 1725 624 1785 Καὶ
648 1725 820 1806 βαλὼν
847 1729 1140 1807 μετάνοιαν,
1164 1729 1374 1806 ἀνέστη,
1397 1729 1494 1810 καὶ
1519 1729 1742 1801 ἐκτείνας
1769 1727 1858 1796 τὰς
1893 1735 2070 1810 χεῖρας

515 1813 588 1898 εἰς
611 1812 700 1873 τὸν
727 1815 934 1896 οὐρανὸν
965 1815 1098 1895 μετὰ
1123 1820 1352 1898 δακρύων
1376 1807 1535 1876 εἶπενο
1585 1817 1653 1878 Ὁ
1683 1814 1758 1894 μὴ
1783 1807 1951 1894 λέγων
1974 1807 2070 1886 τὴν

515 1896 784 1960 δέσποιναν
807 1907 979 1981 ἡμῶν,
1007 1901 1102 1975 τὴν
1127 1896 1457 1981 πανύμνητον
1481 1903 1570 1962 καὶ
1593 1902 1846 1981 παναγίαν
1871 1903 2068 1984 ἄχραν-

515 2008 628 2065 τον,
658 1990 746 2049 καὶ
1031 1989 1177 2072 φύσει
1295 1998 1446 2072 νοερᾷ
1463 1987 1677 2067 σεπτὴν,
1703 1987 1920 2070 φυσικὴν
1946 1993 2072 2062 ἀλη-

517 2075 619 2141 θῶς
664 2075 865 2159 μητέρα
902 2085 998 2139 τοῦ
1037 2079 1178 2139 Θεοῦ
1202 2075 1503 2157 γενομένην,
1533 2083 1625 2136 τοῦ
1650 2079 1957 2150 ποιήσαντος
1981 2077 2072 2136 τὸν

519 2161 725 2243 οὐρανὸν
741 2164 830 2224 καὶ
855 2161 950 2236 τὴν
970 2163 1088 2244 γὴν,
1118 2165 1207 2225 καὶ
1229 2169 1324 2237 τῆν
1347 2164 1631 2239 θάλασσαν,
1674 2163 1763 2223 καὶ
1799 2163 1968 2223 πάντα
2006 2161 2072 2222 τὰ

519 2249 573 2307 ἕν
597 2253 788 2328 αὐτοῖς,
821 2251 962 2312 ἔστω
988 2252 1208 2331 ἀνέθεμα
1233 2252 1321 2312 καὶ
1345 2251 1614 2329 κατάθεμα
1629 2251 1732 2310 ἀπὸ
1749 2257 1840 2310 τῶ
1869 2250 2072 2330 Πατρὸς

517 2335 611 2395 καὶ
634 2343 725 2396 τοῦ
747 2339 878 2398 Υἱοῦ
911 2340 1000 2400 καὶ
1023 2347 1119 2400 τοῦ
1145 2339 1294 2418 ἁγίου
1321 2337 1646 2416 Πνεύματος,
1677 2343 1770 2409 τῆς
1794 2339 2070 2415 ὁμοουσίου

518 2422 606 2480 καὶ
629 2430 984 2503 προσκυνητῆς
1008 2425 1234 2506 τριάδος,
1275 2427 1364 2485 καὶ
1395 2425 1564 2496 πάσης
1591 2423 1892 2504 ἐπουρανίου
1919 2424 2069 2482 δυνά-

519 2530 680 2586 μεως,
705 2511 906 2572 καὶτοῦ
937 2519 1103 2593 χοροῦ
1127 2515 1232 2572 τῶν
1253 2512 1413 2590 ἁγίων
1438 2509 1740 2570 ἀποστόλων
1767 2511 1854 2569 καὶ
1879 2532 2070 2592 προφη-

517 2597 644 2667 τῶν,
675 2597 762 2656 καὶ
786 2603 878 2657 τοῦ
905 2598 1119 2679 ἀπείρου
1134 2598 1302 2675 δήμου
1319 2601 1422 2658 τῶν
1451 2601 1748 2678 μαρτύρων,
1769 2597 1856 2656 καὶ
1879 2597 2070 2662 παντὸς

516 2679 809 2760 πνεύματος
835 2685 889 2742 ἕν
913 2685 1208 2764 δικαιοσύνῃ
1236 2683 1654 2762 τετελειωμένου,
1694 2691 1803 2752 νῦν,
1845 2685 1933 2743 καὶ
1967 2686 2068 2752 ἀεὶ,

516 2769 608 2830 καὶ
642 2772 716 2838 εἰς
755 2768 875 2837 τοὺς
907 2769 1144 2853 ἀπείρους
1179 2775 1359 2838 αἰῶνος
1382 2775 1486 2830 τῶν
1525 2769 1747 2842 αἰώνων,
1777 2771 1935 2848 ἀμήν.
1970 2769 2072 2830 Καὶ

516 2857 831 2923 κλαύσαντες
848 2856 1064 2930 ηὔξαντο
1084 2861 1246 2941 αὐτῷ,
1265 2857 1520 2938 λέγοντες·
1543 2860 1610 2918 Ὁ
1627 2856 1762 2924 Θεὸς
1782 2855 2066 2934 ἐνδύναμώ-

517 2966 598 3004 σει
625 2967 706 3020 σε,
755 2944 959 3027 Πάτερ,
997 2945 1084 3006 καὶ
1117 2943 1319 3015 ἀξιώσει
1349 2969 1410 3006 σε
1451 2942 1780 3026 ἀπρόσκοπον
1803 2945 2070 3004 τελειῶσαι

514 3027 602 3090 τὸν
619 3029 808 3112 δρόμον
833 3037 1034 3092 τοῦτον.
1065 3033 1172 3094 Καὶ
1195 3036 1392 3093 τούτων
1405 3030 1711 3112 εἰρημένων,
1733 3031 2069 3112 ἠθροίσθησαν

514 3122 703 3183 πολλοὶ
745 3127 1078 3206 στρατιῶται,
1103 3126 1314 3184 πολλῶν
1347 3124 1524 3183 καλῶν
1560 3120 1856 3194 κινηθέντων
1900 3119 2069 3196 λόγων

515 3206 833 3289 ἀκροώμενοι
853 3233 868 3250 ο
910 3211 998 3271 καὶ
1043 3211 1305 3291 θεωρήσας
1344 3233 1422 3276 τις
1464 3214 1567 3270 τῶν
1618 3207 1935 3286 δομεστίκων
1977 3213 2068 3266 τοῦ

517 3303 826 3378 στρατηγῶ,
857 3296 936 3358 ὅτι
961 3295 1124 3365 πολὺς
1151 3301 1516 3378 ἐπισωρεύεται
1543 3295 1781 3378 στρατὸς,
1813 3295 1900 3354 καὶ
1924 3298 2066 3354 οἷκο-

515 3382 766 3459 δομεῖται,
808 3385 898 3444 καὶ
933 3383 1309 3463 καταγινώσκει
1341 3389 1444 3444 τῶν
1480 3387 1550 3450 εἰς
1577 3383 1728 3445 αὐτὸν
1753 3380 2064 3461 γινομένων·

515 3470 588 3531 Τί
623 3472 908 3545 ὓπονοήσας
955 3479 986 3534 6
1031 3473 1167 3539 Θεὸς
1219 3464 1349 3532 οἶδεν
1371 3489 1385 3505 ⁸
1427 3471 1699 3552 ἐπέτρεψεν
1743 3469 2068 3550 ἀνάρπαστον

699 3559 954 3639 γενέσθαι,
983 3561 1070 3620 καὶ
1097 3564 1342 3640 βληθῆναι
1367 3560 1471 3618 ἀπὸ
1496 3561 1587 3617 δύο
1615 3558 1798 3635 μιλίων
1824 3564 1919 3615 τοῦ
1953 3580 2065 3638 (ρω-

515 3645 698 3715 σάτου,
741 3645 840 3713 ἕως
879 3645 941 3707 ἃν
975 3645 1070 3716 τὴν
1105 3644 1301 3712 σύναξιν
1340 3646 1617 3717 ποιήσωσι,
1664 3644 1751 3702 καὶ
1783 3641 1994 3702 ἔλθωσιν
2019 3647 2067 3702 οἱ

515 3731 798 3812 ὀφείλοντες
822 3734 1106 3810 ἀπαγαγεῖν
1124 3730 1277 3790 αὐτὸν
1299 3733 1352 3790 ἐν
1373 3729 1670 3811 Περϐέροις.
1697 3727 1847 3800 Πλὴν
1865 3728 1942 3788 ὅτι
1960 3729 2068 3811 θείᾳ

515 3817 692 3897 ἀγάπῃ
719 3815 993 3896 νικώμενοι
1019 3821 1068 3876 οἱ
1095 3816 1356 3897 κληρικοὶ,
1387 3815 1664 3886 ἐπέζεύσαν
1685 3815 1746 3876 τὸ
1773 3817 1864 3874 δύο
1893 3816 2060 3892 μίλια⁹

513 3885 605 3964 καὶ
640 3885 819 3977 ἦλθον,
849 3885 957 3963 ’καὶ
996 3885 1300 3976 ἠσπάσαντο
1547 3905 1636 3963 καὶ
1660 3902 1874 3974 ηὔξαντο
1893 3885 2060 3985 αὐτῷ.

514 3989 620 4050 Καὶ
643 3992 820 4073 χερσὶν
853 3991 1000 4058 ἰδίαις
1036 3991 1378 4072 βαστάσαντες
1412 3991 1588 4069 αὐτὸν,
1633 3991 1836 4064 ἔθηκαν,
1887 3992 1972 4052 ἐπὶ
2004 3991 2068 4052 τὸ

513 4082 722 4150 κτῆνος,
749 4078 839 4139 καὶ
873 4081 1193 4162 ὕπεστρεψαν
1240 4080 1352 4157 μετ’
1395 4080 1594 4160 εἰρήνης
1628 4083 1698 4148 εἰς
1733 4077 1850 4145 τοὺς
1875 4077 2065 4146 τόπους

512 4169 704 4243 αὐτῶν,
731 4167 822 4228 καὶ
843 4165 995 4234 αὐτὸς
1021 4164 1298 4246 ,ἀπηνέχθη
1321 4169 1372 4227 ἓν
1403 4166 1698 4250 Ηερϐέροις,
1731 4169 1784 4226 ἐν
1922 4189 2064 4226 συνε-

511 4257 684 4336 χούσῃ
714 4254 866 4315 αὐτὸν
891 4265 1100 4340 φρουρᾷ·

592 4343 703 4404 Καὶ
717 4351 870 4405 τῶτο
891 4341 946 4404 δὲ
963 4343 1152 4411 ἰστέον,
1173 4342 1254 4404 ὅτι
1279 4347 1332 4404 ἕν
1448 4343 1654 4426 ᾟηγίῳ
1675 4342 2064 4422 ἀποτεινόμενος

511 4429 748 4514 Τρώῖλος
770 4432 896 4514 πρὸς
911 4431 1002 4492 τὸν
1019 4433 1182 4492 acea»
1206 4422 1462 4509 Μάξιμον,
1475 4422 1636 4491 εἶπενί
1648 4433 1752 4497 ⁶Ως
1780 4436 1810 4491 6
1835 4433 2067 4492 κονσιλά-

515 4542 620 4596 ριος
651 4517 888 4594 Ἰωάννης
931 4519 1148 4601 ἔγραψεν
1181 4523 1333 4602 ἀὐτῷ
1370 4519 1488 4599 περὶ
1528 4518 1832 4597 συμϐάσεως
1867 4544 2064 4602 πρυτα-

511 4606 678 4678 θείοης
695 4610 889 4680 αὔτοῖς,
916 4608 1004 4668 καὶ
1026 4614 1184 4667 τοῦτο
1201 4605 1432 4686 γενέσθαι
1456 4605 1609 4682 τέως,
1637 4611 1674 4678 ἡ
1699 4611 1804 4665 τῶν
1833 4611 1937 4668 σῶν
1967 4631 2066 4686 μοι·

511 4695 678 4762 θητῶν
706 4693 884 4762 ἀταξία
922 4683 1224 4765 διεκώλυσε,
1275 4683 1420 4772 οἶμαι
1445 4691 1522 4766 δὲ,
1551 4693 1630 4753 ὅτι
1657 4696 1750 4754 οὐκ
1785 4683 2010 4776 ἔγραψεν
2035 4700 2064 4754 6

510 4776 776 4864 εἰρημένος
790 4779 1106 4862 κονσιλάριος
1139 4781 1376 4854 Ἰωάννης
1395 4781 1523 4864 πρὸς
1535 4781 1629 4864 τὸν
1647 4781 1908 4863 Τρώῖλον,
1931 4778 2065 4840 ἀλλὰ

508 4863 636 4952 πρὸς
664 4867 862 4927 Μεννᾶν
875 4867 964 4926 τὸν
978 4860 1228 4950 μοναχὸν,
1257 4860 1488 4952 κάκεῖνος
1514 4860 1626 4930 εἷπε
1651 4860 1758 4936 τοῖς
1779 4876 1870 4930 τοῦ
1890 4871 2063 4927 παλα-

575 5119 685 5181 Καὶ
697 5118 828 5200 μετὰ
841 5127 1007 5182 ταῦτα
1022 5122 1217 5202 ἤγαγον
1233 5123 1416 5194 αὖτοὺς
1429 5129 1482 5184 ἐν
1497 5127 2057 5208 Κωνσταντινουπόλει,

558 5289 730 5372 uHoc
757 5293 844 5344 est
879 5287 1350 5344 vexilliferorum.
1386 5289 1530 5344 Hinc
1563 5293 1649 5344 est
1692 5289 1932 5342 bandcra
1969 5304 2070 5347 seu

499 5372 600 5478 ηιξ
606 5360 791 5493 12133.
817 5441 1149 5493 metanmam.
1181 5427 1478 5487 Μετάνοιαν
1505 5427 1684 5504 ἔϐαλε,
1723 5437 1828 5492 hoc
1859 5443 1948 5493 est
1966 5453 2068 5505 ge-

500 5510 750 5578 nuﬂean‘t,
775 5523 1007 5566 cernuus
1036 5507 1348 5579 procubuit.

2121 396 2176 454 A
2214 408 2340 470 post
2376 403 2524 460 duos
2546 405 2671 460 dies
2713 405 2940 461 rediens
2968 406 3272 477 milesille,
3308 409 3576 466 tuliteum
3604 412 3655 466 in
3697 428 3806 471 cas-

2213 495 2321 559 tra,
2347 497 2402 546 et
2439 499 2816 561 compunctus
2858 494 3142 550 divinitus
3182 500 3403 566 prwtor,
3431 496 3542 552 imo
3570 499 3671 554 loci
3717 516 3811 558 ser-

2211 585 2388 648 vator,
2417 579 2702 650 Praetoris,
2731 581 2892 635 misit
2919 582 2987 636 ad
3011 595 3138 636 eum
3163 582 3436 650 primores
3457 593 3478 620 ·
3505 584 3804 659 bandorum,

2213 665 2700 736 presbyterosque.
2727 681 2792 722 ac
2815 668 3089 723 diaconos
3117 674 3172 722 et
3192 671 3524 726 reverendos
3549 672 3812 743 signorum

2211 753 2495 807 custodes.
2539 751 2692 820 Quos
2728 768 2856 810 cum
2902 754 3154 810 intuitus
3201 762 3348 810 esset
3378 757 3492 825 jam
3524 759 3814 817 nominatus

2210 837 2352 894 abba
2392 841 2674 896 Maximus
2724 842 3040 910 advenisse,
3087 843 3358 913 surrexit,
3403 849 3458 898 et
3485 841 3512 884 δ
3542 845 3688 900 misit
3714 862 3816 903 me-

2213 930 2489 982 tanmam:
2533 935 2588 984 et
2641 929 2920 985 miserunt
2962 935 3015 986 et
3047 929 3136 985 illi
3163 931 3285 986 vice
3314 931 3612 1006 reciproca,
3658 941 3707 990 et
3739 951 3818 993 se-

2209 1013 2438 1086 derunt,
2471 1016 2748 1085 'jubentes
2788 1025 2844 1074 et
2881 1019 2994 1088 ipsi
3035 1019 3247 1074 sedere.
3311 1020 3380 1074 Et
3421 1021 3644 1089 quidam
3682 1023 3817 1081 valde

2211 1114 2380 1157 senex
2409 1104 2766 1161 honorabilis
2793 1106 2946 1160 dixit
2969 1107 3036 1161 ad
3059 1119 3187 1162 eum
3210 1121 3340 1162 cum
3369 1109 3697 1165 reverentia:

2281 1191 2464 1258 Pater,
2498 1193 2768 1262 quoniam
2813 1195 3342 1250 scandalizaverunt
3390 1209 3492 1251 nos
3519 1198 3731 1268 quidam
3768 1201 3814 1256 in

2213 1279 2649 1335 sanctimoniam
2677 1287 2853 1350 tuam,
2883 1283 3029 1352 quod
3057 1296 3169 1338 non
3207 1284 3369 1338 dicas
3393 1285 3490 1339 Dei
3523 1287 3816 1356 genitricem

2213 1365 2502 1421 dominam
2523 1375 2772 1423 nostram
2796 1369 3215 1424 sanctissimam
3245 1370 3553 1441 Virginem,
3576 1373 3754 1442 adjuro
3777 1380 3819 1430 te

2217 1467 2315 1523 per
2356 1459 2606 1509 sanctam
2655 1461 2710 1510 et
2749 1456 3299 1513 consubstantialem
3349 1459 3690 1532 Trinitatem,
3726 1477 3818 1531 quo

2215 1542 2506 1597 veritatem
2546 1545 2708 1600 dicas
2765 1546 2932 1600 nobis
2973 1551 3028 1600 et
3068 1547 3334 1618 detergas
3387 1561 3420 1602 a
3462 1549 3621 1604 corde
3657 1557 3818 1605 nostro

2217 1631 2546 1686 scandalum
2589 1633 2712 1703 hoc,
2776 1647 2844 1688 ne
2895 1634 3172 1689 lzedamur
3218 1635 3436 1703 injuste
3471 1637 3815 1693 scandalizati.

2127 1715 2178 1775 Β
2214 1715 2284 1770 Et
2326 1715 2497 1772 missa
2549 1725 2818 1775 metanma
2866 1722 3138 1791 surrexit,
3189 1727 3245 1776 et
3276 1723 3524 1777 extensis
3552 1725 3607 1776 in
3645 1723 3818 1778 caelum

2219 1803 2485 1860 manibus
2504 1819 2632 1860 cum
2672 1806 2940 1877 lacrymis
2969 1808 3156 1864 dixit:
3204 1809 3317 1878 Qui
3349 1823 3458 1864 non
3489 1809 3626 1865 dicit
3657 1811 3820 1866 domi-

2217 1903 2343 1945 nam
2384 1896 2632 1946 nostram
2687 1895 3226 1962 superlaudabilom,
3278 1897 3694 1966 sanctissimam,
3741 1897 3821 1952 iu-

2217 1981 2566 2047 temeratam,
2609 1985 2666 2034 et
2702 1981 2857 2034 omni
2903 1987 3122 2036 naturae
3169 1982 3546 2038 intellectuali
3583 1997 3821 2038 veneran-

2215 2064 2367 2132 dam,
2427 2067 2743 2121 naturalem
2813 2069 3094 2124 veraciter
3154 2075 3394 2126 matrem
3446 2072 3539 2126 Dei
3585 2071 3818 2142 enectam,

2218 2153 2319 2222 qui
2360 2151 2496 2208 fecit
2525 2154 2751 2224 caelum,
2785 2160 2841 2209 et
2883 2161 3111 2226 terram,
3141 2163 3197 2212 et
3227 2172 3407 2228 mare,
3439 2164 3492 2214 et
3518 2159 3691 2214 omnia
3717 2173 3820 2228 qua:

2221 2241 2280 2296 in
2310 2241 2396 2297 eis
2424 2247 2578 2311 sunt,
2633 2243 2712 2297 sit
2751 2243 3068 2314 anathema,
3102 2250 3159 2300 et
3203 2247 3522 2302 catathema
3563 2261 3591 2302 a
3620 2249 3760 2302 Patre
3777 2251 3821 2301 et

2217 2328 2367 2384 Filio
2391 2335 2447 2384 et
2474 2330 2694 2398 Spiritu
2720 2336 2934 2400 sancto,
2967 2331 3448 2389 consubstantiali
3475 2339 3526 2389 et
3547 2334 3823 2404 supersub—

2218 2415 2474 2471 stantiali
2516 2417 2814 2478 Trinitate.
2860 2431 2925 2472 ac
2968 2419 3121 2473 omni
3167 2421 3557 2488 supercmlesti
3622 2421 3818 2485 virtute,

2218 2507 2445 2572 atquea
2501 2505 2676 2560 choro
2723 2511 3048 2560 sanctorum
3088 2508 3503 2580 apostolorum,
3556 2509 3822 2579 propheta-

2219 2605 2367 2662 rum,
2413 2599 2469 2646 et
2496 2592 2723 2648 inﬁnita
2768 2593 2928 2662 plebe
2954 2600 3290 2650 sanctorum
3313 2603 3629 2668 martyrum,
3659 2596 3822 2652 omni—

2221 2693 2328 2748 que
2353 2681 2564 2748 spiritu
2599 2681 2655 2735 in
2677 2681 2910 2750 justitia
2939 2693 3360 2754 consummato,
3395 2699 3539 2741 nunc
3565 2691 3616 2742 et
3639 2698 3819 2754 semper

2216 2772 2271 2821 et
2312 2767 2370 2822 in
2430 2769 2636 2824 saecula
2679 2770 3040 2838 saeculorum,
3085 2784 3271 2827 amen.
3326 2775 3394 2828 Et
3439 2774 3620 2829 ﬂentes
3659 2786 3820 2828 omnes

2209 2861 2512 2910 oraverunt
2559 2857 2612 2911 ei
2641 2857 2896 2912 dicentes
2931 2876 2944 2912 :
2997 2860 3147 2914 Deus
3175 2859 3460 2916 confortet
3485 2868 3552 2930 te,
3582 2863 3740 2931 Pater,
3774 2865 3818 2915 et

2209 2941 2448 3012 dignum
2480 2947 2532 2998 te
2558 2942 2734 2998 faciat
2754 2944 2974 3015 absque
3007 2946 3221 3002 offensa
3259 2948 3414 3004 hunc
3456 2949 3698 3018 perﬁcere
3717 2961 3821 3003 cur-

2211 3045 2356 3086 sum.
2405 3033 2472 3086 Et
2504 3033 2596 3088 his
2643 3033 2844 3105 dictis,
2887 3035 3217 3106 congregati
3264 3042 3401 3092 sunt
3439 3037 3594 3093 multi
3641 3036 3817 3090 milites

2209 3119 2593 3174 auscultaturi
2621 3120 2799 3176 multa
2849 3119 2994 3176 bona
3025 3121 3194 3176 verba
3225 3138 3356 3193 qum
3389 3123 3740 3179 movebantur.
3765 3122 3816 3174 Et

2212 3219 2340 3261 cum
2366 3207 2780 3276 contemplatus
2810 3215 2959 3263 esset
2987 3209 3221 3278 quidam
3263 3211 3680 3268 domesticorum
3707 3221 3817 3279 prae‘

2212 3295 2374 3365 toris,
2419 3295 2569 3364 quod
2637 3297 2855 3352 multus
2906 3302 3344 3355 conservaretur
3388 3305 3447 3354 et
3486 3299 3815 3354 aediﬁcaretur

2210 3381 2514 3452 exercitus,
2537 3396 2603 3436 ac
2629 3383 3064 3452 reprehenderet
3089 3399 3212 3454 quae
3246 3385 3489 3456 ﬁebant;
3515 3385 3640 3456 quid
3666 3383 3817 3452 suspi-

2210 3475 2371 3524 catus
2393 3471 2544 3526 Deus
2573 3471 2685 3525 scit
2711 3489 2726 3539 ;
2768 3472 3036 3540 prazcepit
3067 3486 3194 3528 eum
3221 3475 3348 3544 rapi
3384 3481 3438 3530 et
3487 3474 3658 3530 emitti
3684 3477 3813 3527 extra

2209 3561 2395 3611 castra
2414 3556 2640 3612 duobus
2663 3557 2943 3630 millibus,
2971 3560 3149 3614 donec
3171 3560 3562 3618 collectionem
3589 3559 3814 3615 fecissent

2209 3648 2265 3698 et
2302 3644 2591 3699 venissent
2628 3646 2726 3715 qui
2783 3646 3054 3702 deberent
3120 3647 3332 3704 ducere
3373 3650 3530 3705 illum
3577 3645 3809 3703 Perberis.

2211 3731 2414 3786 Verum
2440 3732 2637 3786 clerici
2660 3733 2856 3788 divina
2888 3734 3027 3790 moti
3059 3735 3374 3792 dilectione
3401 3737 3606 3806 pedites
3625 3731 3813 3790 duobus

2212 3818 2334 3873 illis
2365 3819 2662 3874 milliariis
2699 3819 2987 3892 abierunt,
3032 3828 3088 3878 et
3130 3830 3427 3892 venerunt,
3475 3830 3528 3879 et
3568 3822 3814 3879 salutave-

2210 3911 2346 3962 runt
2384 3920 2533 3977 eum,
2566 3911 2622 3962 et
2664 3914 2968 3964 oraverunt
3001 3909 3114 3980 illi,
3159 3915 3216 3966 et
3250 3911 3514 3966 manibus
3555 3909 3670 3965 suis
3704 3919 3812 3977 ges-

2210 3997 2395 4050 tantes
2430 3996 2825 4064 imposuerunt
2845 4010 2971 4052 eum
2997 4011 3168 4066 supra
3190 3999 3532 4068 jumentum,
3559 4004 3611 4052 et
3631 4006 3810 4051 reverss

2213 4087 2347 4139 sunt
2393 4096 2521 4138 cum
2583 4097 2715 4152 pace
2759 4083 2828 4138 ad
2863 4083 2984 4139 loca
3029 4098 3155 4156 sua,
3197 4091 3254 4140 et
3298 4087 3418 4156 ipse
3458 4085 3715 4141 adductus
3744 4083 3812 4134 est
3865 4119 3874 4128 .

2210 4171 2470 4226 Perberis
2502 4171 2560 4226 in
2603 4171 2923 4226 custodiam
2965 4186 3075 4243 qua
3119 4174 3418 4230 continuis
3458 4168 3835 4228 vexationibus‘

2212 4259 2530 4316 tenebatur.

2128 4349 2182 4411 D
2280 4348 2350 4401 Et
2377 4347 2480 4402 hoc
2527 4361 2752 4418 quoque
2782 4347 3100 4420 sciendum,
3133 4349 3272 4420 quia
3321 4350 3384 4407 in
3423 4349 3572 4422 regio
3606 4349 3813 4416 praten—

2207 4433 2377 4490 debat
2405 4435 2634 4492 Troilus
2674 4436 2743 4491 ad
2775 4436 3035 4492 abbatem
3081 4438 3392 4494 Maximum
3438 4438 3642 4504 dicens,
3685 4427 3805 4502 quod

2207 4522 2582 4580 consiliarius
2601 4524 2844 4580 Joannes
2867 4525 3166 4595 scripserit
3213 4526 3328 4581 sibi
3353 4527 3424 4582 de
3464 4518 3810 4581 accidentibus

2209 4610 2574 4681 quibusdam,
2626 4625 2751 4681 qua:
2813 4611 2926 4668 sibi
2985 4613 3351 4670 consulerent
3399 4628 3464 4669 ac
3535 4609 3804 4682 placerent:

2209 4698 2344 4756 licet
2383 4699 2487 4755 hoc
2514 4699 2636 4756 ﬂeri
2660 4700 2891 4756 interim
2930 4701 3353 4770 discipulorum
3386 4708 3606 4758 tuorum
3633 4692 3809 4753 inordi-

2209 4788 2366 4845 natio
2411 4787 2790 4858 prohibuerit.
2832 4788 3070 4844 IEstimo
3110 4793 3297 4844 autem
3348 4789 3496 4860 quod
3549 4799 3651 4842 non
3684 4779 3808 4838 scri-

2210 4877 2388 4946 pserit
2406 4878 2521 4946 jam
2559 4877 2755 4932 dictus
2782 4877 3158 4932 consiliarius
3184 4879 3426 4933 Joannes
3455 4877 3522 4932 ad
3565 4871 3802 4935 Troilum,

2209 4965 2304 5020 sed
2344 4965 2412 5019 ad
2460 4965 2714 5019 Mennam
2746 4965 3106 5034 monachum,
3153 4971 3210 5020 et
3254 4965 3353 5020 ille
3379 4965 3633 5032 deinceps
3659 4959 3708 5014 id
3739 4955 3803 5011 di-

2209 5051 2361 5107 xerit
2391 5050 2682 5120 palatinis.

2285 5186 2312 5216 c
2339 5173 2556 5228 Exinde
2583 5172 2848 5230 adductis
2897 5174 3022 5231 illis
3046 5174 3604 5246 ConstantinOpolim,
3631 5171 3802 5228 adver—

2283 5296 2460 5369 °AHaec
2495 5295 2832 5369 Anastasius
2877 5311 2988 5352 non
3017 5297 3195 5353 dedit.
3253 5311 3352 5353 nec
3391 5311 3516 5352 vero
3559 5291 3799 5369 pertinent

2214 5367 2280 5440 ad
2313 5367 2710 5440 Collationem:
2734 5371 2956 5440 tamen,
3000 5369 3138 5438 quia
3167 5369 3467 5438 conjuncta
3501 5359 3642 5440 sunt,
3671 5359 3799 5440 allii,"

2209 5439 2398 5564 gimus
2431 5450 2500 5493 ex
2542 5437 2679 5494 edit.
2721 5435 3287 5509 CombetiSIOperum'
3344 5437 3521 5494 sancti
3579 5435 3792 5490 Maximi.

2249 5521 2368 5564 mu.
