4034 6158
225 232 342 290 657

952 222 1471 298 COLLBCTANEA.
1501 274 1573 285 —
1608 248 1864 304 DISPUT.
1914 253 2119 308 INTER
2157 255 2209 310 S.
2255 257 2511 316 MAXIM.
2552 263 2639 316 ET
2674 264 2916 320 THEOD.

3539 273 3646 334 658
3756 228 3763 233 _

269 361 366 458 atati
405 360 654 458 ἐποίησαν
693 365 812 458 κατ’
845 367 1014 458 quem
1053 368 1269 458 «925w,
1303 370 1392 431 καὶ
1435 368 1565 458 μετᾶ
1598 372 1660 432 τὸ
1704 381 1825 435 ἄνα-

2001 387 2243 445 sumque
2271 392 2369 435 eos
2404 382 2629 439 actione
2677 385 2891 455 habita,
2925 404 2991 446 ac
3022 406 3153 447 cum
3178 397 3644 458 anathematizas-

266 449 540 538 θεματίσαι
566 450 655 538 καὶ
682 452 973 533 ἀνασκάψαι
1000 449 1184 523 αὐτοὺς
1202 456 1292 515 τὸν
1318 461 1370 515 ἐν
1389 456 1548 535 ἁγίοις
1569 460 1827 538 Μάξιμον,

265 538 361 596 καὶ
381 537 469 595 τὸν
498 536 749 618 μακάριον
766 540 1105 602 Ἀναστάσιον
1119 543 1207 603 τὸν
1226 544 1455 620 μαθητὴν
1475 550 1657 617 αὐτοῦ,

263 622 557 701 ἁγιώτατον
583 627 758 686 πάπαν
785 630 1069 709 Μαρτῖνον,
1106 632 1195 690 καὶ
1229 632 1318 691 τὸν
1365 633 1508 708 ἅγιον
1545 636 1831 717 Σιο›φρόνιον

259 713 355 805 τὸ]
392 716 721 805 πατριάρχην
752 716 1156 802 Ἱεροσολύμων,
1194 723 1283 782 καὶ
1323 721 1519 789 πάντας
1545 713 1662 791 τοὺς
1676 713 1828 805 ⁷ὀρθο-

258 799 459 871 δόξους,
491 804 583 863 καὶ
612 799 907 887 σύμφρονας
950 812 1138 879 αὐτῶν,
1182 811 1400 887 ἤνεγκαν
1430 811 1518 868 καὶ
1549 811 1636 870 τὸν
1676 799 1831 872 ἄλλον

260 889 524 971 μακάριον
560 893 920 967 Ἀναστάσιον,
950 896 1040 954 καὶ
1073 902 1182 962 τοῖς
1222 901 1392 964 αὐτοῖς
1429 897 1710 975 ἀναθέμασι
1744 903 1831 961 καὶ

256 973 446 1065 ξξϐρεσι
498 977 823 1056 χρησάμενοι
872 981 965 1041 καὶ
1006 985 1086 1040 ἐπ’
1142 984 1338 1065 αὐτὸν,
1373 973 1673 1065 παρέδωκαν
1724 993 1830 1054 τοῖς

255 1060 539 1141 ἄρχωσιν,
569 1065 795 1133 εἰπόντες
821 1066 1000 1134 οὕτως’
1045 1068 1124 1128 Σὺ
1157 1068 1250 1148 μὲν
1283 1063 1368 1130 οἷν
1410 1060 1739 1143 ’Ᾰναστάσιε,
1768 1074 1831 1133 τὸ

253 1155 412 1229 φαῖον
443 1156 540 1223 ἧς
559 1154 831 1233 πανδήμου
855 1160 959 1215 τῶν
984 1157 1314 1236 ἀναθεμάτων
1338 1164 1430 1231 τῆς
1459 1161 1580 1239 ἀρᾶς
1622 1161 1829 1220 ἐνδυσά-

256 1263 417 1315 μενος
445 1242 797 1330 περιϐόλαιον,
829 1247 1166 1308 ἀπαλλάσσου
1210 1254 1303 1322 τῆς
1327 1254 1593 1321 κανωικῆς
1632 1250 1826 1330 ἀκροά-

254 1350 413 1399 σεως,
459 1329 589 1411 πρὸς
630 1330 693 1402 ἣν
742 1333 966 1413 ᾑρετίσω
1008 1334 1188 1395 στάσιν
1206 1341 1301 1408 τῆς
1324 1334 1545 1414 γεέννης,
1575 1329 1828 1419 ἀποφερό-

256 1439 437 1491 μενος,
468 1421 719 1490 συνούσης
747 1424 872 1498 ἡμῖν
901 1427 994 1493 ἧς
1024 1425 1257 1489 εὐκλεοῦς
1297 1423 1383 1482 καὶ
1409 1424 1576 1482 πάντα
1603 1427 1819 1484 συνδιαι-

252 1502 495 1589 τησοίσης
540 1505 713 1582 τιμίας
747 1530 806 1565 τε
847 1508 934 1567 καὶ
972 1511 1108 1589 ἱερᾶς
1144 1510 1461 1588 συγκλήτου,
1504 1515 1827 1589 παραχρῆμα

250 1588 347 1660 τὴν
401 1593 518 1667 μεθ’
569 1598 706 1669 ἡμᾶς
751 1588 1187 1676 παραληψομένης
1234 1597 1431 1678 κρίσιν,
1486 1588 1825 1665 καὶτὰντοῖς

252 1678 548 1745 πολιτικοῖς
586 1681 835 1740 δοκοῦντα
873 1680 1050 1759 νόμοις
1079 1684 1162 1742 ἐπὶ
1190 1684 1271 1742 σοὶ
1297 1681 1718 1763 διαπραξομένης,
1754 1689 1824 1751 ὡς

251 1766 405 1824 αὐτοὶ
447 1766 794 1843 δοκιμάσειεν,
844 1773 946 1827 τῶν
995 1770 1311 1841 τηλικούτων
1348 1794 1439 1829 σου
1485 1772 1825 1851 βλασφημιῶν

250 1850 405 1911 ἕνεκα
432 1855 527 1912 καὶ
556 1854 878 1933 τυραννίδων.
912 1857 1108 1936 Ψῆφος
1134 1856 1231 1936 γὰρ
1258 1858 1375 1915 κατ’
1406 1861 1573 1916 αὐτῶν
1598 1850 1689 1929 τῆς
1714 1881 1823 1917 πα-

252 1938 447 2019 ρούσης
481 1941 713 2003 συνὸδου.
749 1942 837 2001 καὶ
863 1944 1124 2024 συνεργείᾳ
1150 1950 1245 2002 τοῦ
1270 1943 1662 2021 παντοδυνάμοῦ
1691 1946 1820 2025 Χρι-

251 2032 383 2084 στοῦ
411 2032 509 2084 τοῦ
546 2029 784 2097 ἀληθινοῦ
811 2033 960 2106 ἡμῶν
998 2032 1142 2089 Θεοῦ
1169 2035 1444 2098 κανονικῶς
1468 2031 1823 2114 ψηφισαμνης

248 2111 313 2170 τὰ
337 2111 529 2172 θέοντα
554 2116 663 2173 καθ’
697 2120 874 2193 ἡμῶν,
906 2115 1135 2196 Μάξιμε,
1182 2118 1505 2190 Ἀναστάσιε,
1537 2111 1627 2178 καὶ
1670 2121 1819 2178 Ἀνα-

249 2199 457 2270 στάσιε,
508 2201 621 2259 ἐπεὶ
662 2201 724 2260 τὸ
772 2203 946 2262 λειπον
992 2208 1195 2285 ὓπῆρχε
1245 2205 1371 2284 πρὸς
1410 2203 1476 2263 τὰ
1516 2206 1634 2284 παρ’
1676 2210 1820 2282 ὑμῶν

246 2286 509 2364 λεχθέντα
536 2312 595 2347 τε
621 2289 881 2356 δυσσεϐῶς
920 2291 1007 2349 καὶ
1045 2290 1357 2370 πραχθέντα,
1402 2297 1514 2357 ταῖς
1545 2295 1820 2372 αὐστηραῖς

245 2376 351 2431 τῶν
379 2373 558 2451 νόμων
586 2376 1033 2447 καθυποϐληθῆναι
1055 2383 1271 2444 ποιναῖς.
1307 2380 1374 2437 Εἰ
1399 2379 1486 2438 καὶ
1524 2377 1636 2446 ἀξία
1668 2379 1817 2450 ποινὴ

246 2465 349 2518 τῶν
401 2461 653 2521 τοιούτων
688 2467 833 2539 ὑμῶν
859 2466 1326 2542 πλημμελημάτων
1365 2465 1452 2523 καὶ
1479 2466 1818 2545 βλασφημιῶν

246 2552 347 2627 οὐχ
373 2547 570 2629 ὕπεσῃ,
600 2554 676 2631 τῷ
703 2550 882 2631 δικαίῳ
908 2555 1040 2629 ὑμᾶς
1068 2554 1187 2633 περὶ
1216 2557 1309 2623 τῆς
1348 2552 1575 2630 μείζονος
1602 2554 1813 2611 καταλι-

244 2634 430 2703 πόντες
480 2643 652 2718 κριτῆ,
702 2640 754 2696 ἐν
791 2641 868 2718 τῷ
903 2636 1115 2720 παρόντι
1157 2640 1272 2721 βίῳ,
1306 2640 1397 2699 καὶ
1430 2642 1483 2698 ἐν
1517 2644 1686 2721 τούτῳ
1723 2638 1818 2712 τὴν

244 2727 347 2781 τῶν
372 2723 551 2801 νόμων
570 2730 827 2790 κενοῦντες
861 2725 1141 2806 ἀκρίϐειαν,
1189 2724 1529 2807 κερδανόντων
1570 2731 1716 2805 ὑμῶν
1754 2727 1818 2787 τὸ

244 2813 357 2889 ζῇν,
387 2812 714 2893 ψηφιζόμεθα
741 2816 884 2889 ὑμῖν,
915 2812 1011 2896 ,τὸν
1055 2811 1285 2893 παρόντα
1322 2816 1449 2888 ἡμῖν
1485 2811 1816 2896 πανεύφημον

241 2896 505 2977 ἔπαρχον,
548 2899 729 2958 αὐτίκα
772 2895 1244 2979 παραλαμϐάνοντα
1287 2904 1422 2977 ὑμᾶς
1472 2902 1525 2959 ἐν
1569 2905 1647 2983 τῷ
1696 2902 1812 2961 κατ’

242 2985 406 3044 αὐτὸν
448 2990 788 3068 πολυαρχικῷ
822 2987 1140 3068 πραιτωρίῳ,
1176 2988 1264 3047 καὶ
1297 2986 1488 3069 νεύροις
1534 2986 1600 3045 τὰ
1648 2988 1813 3065 μετοί-

242 3096 408 3152 φρενα
427 3071 708 3142 τύπτοντα,
743 3072 1008 3153 [Μάξιμον
1033 3075 1124 3134 καὶ
1164 3073 1503 3135 Ἀνάστασιον
1528 3076 1620 3134 καὶ
1660 3077 1815 3135 Ἀνα-

242 3161 484 3232 στιίσιον,
514 3160 577 3218 τὸ
597 3160 806 3240 ὄργανον
831 3166 924 3232 τῆς
957 3165 1104 3237 ὑμῶν
1132 3161 1370 3238 Μαξίμου
1410 3161 1502 3220 καὶ
1553 3163 1810 3221 Ἀναστα·

242 3246 362 3305 σίου
390 3249 484 3306 καὶ
525 3246 894 3327 Ἀναστασίου]
917 3249 1225 3319 ἀκολασίας,
1267 3247 1504 3327 τουτέστι
1546 3247 1640 3318 τὴν
1678 3251 1813 3327 βλα-

241 3357 348 3415 σφη
355 3357 456 3409 μον
501 3339 646 3411 ὑμῶν
686 3325 928 3413 γλῶσσαν
965 3335 1131 3395 ἔδοθεν
1154 3340 1390 3415 ἐκτερεῖν.
1430 3325 1565 3394 Εἶτα
1606 3325 1687 3405 δὲ,
1722 3336 1815 3395 καὶ

238 3422 335 3494 τὴν
367 3424 743 3495 διακονήσασαν
773 3425 1068 3507 βλασφήμῳ
1084 3429 1228 3503 ὓμῶν
1245 3427 1485 3505 λογισμῷ
1504 3424 1813 3497 σκαιοτάτην

239 3508 407 3578 δεξιὰν
425 3511 616 3591 σιδήρῳ
634 3513 910 3588 διατεμεῖν,
935 3512 1424 3593 περιαχθησομένων
1449 3510 1559 3589 ἅμα
1576 3511 1812 3592 στερήσει

237 3603 347 3657 τῶν
378 3601 549 3657 αὐτῶν
570 3600 859 3677 βδελυκτῶν
881 3604 1074 3680 μερῶν,
1095 3600 1160 3660 τὰ
1184 3598 1272 3657 δύο
1295 3600 1383 3659 καὶ
1409 3597 1534 3658 δέκα
1558 3599 1812 3676 τμήματα

237 3684 440 3755 ταύτης
466 3690 559 3755 τῆς
586 3686 757 3766 κυρίας
782 3690 884 3745 τῶν
911 3685 1115 3746 πόλεων
1141 3690 1554 3765 περινοστεύσας,
1578 3686 1811 3768 ἀειφυγίᾳ

236 3797 293 3832 τε
336 3774 430 3833 καὶ
474 3775 679 3852 φυλακῇ
729 3774 829 3854 πρὸ
874 3775 959 3834 ἐπί
995 3773 1195 3840 τούτοις
1242 3776 1455 3845 διηνεκεῖ
1495 3775 1812 3855 παραδοῦναι

236 3866 400 3938 ὑμᾶς,
459 3861 583 3939 πρὸς
630 3860 692 3919 τὸ
739 3860 1013 3938 μετέπειτα
1057 3866 1191 3938 ὑμᾶς
1236 3863 1323 3920 καὶ
1364 3865 1434 3927 εἰς
1480 3861 1569 3919 τὸν
1610 3859 1811 3920 ἅπαντα

235 3953 335 4019 τῆς
392 3952 527 4018 ζωῆς
576 3951 723 4025 ὑμῶν
770 3947 959 4029 χρόνον
988 3993 1005 4021 ,
1059 3947 1127 4006 τὰ
1180 3952 1342 4006 οἰκεῖα
1389 3946 1623 4024 οἰμώζειν
1675 3947 1807 4025 βλά-

238 4058 431 4114 σφημα
502 4034 781 4113 σφάλματα
806 4080 819 4105 ,
896 4040 989 4107 τῆς
1074 4035 1416 4106 ἐπινοηθείσης
1480 4035 1591 4092 καθ’
1661 4037 1811 4110 ἡμῶν

414 4122 812 4202 περιτραπείσης
984 4125 1138 4198 ἡμῶν
1182 4123 1384 4201 κεφαλῇ
1407 4159 1420 4173 ο
1478 4118 1809 4201 Παραλαϐὼν

240 4201 329 4266 οὖν
377 4206 560 4274 αὐτοὺς
604 4213 633 4267 ὃ
677 4206 925 4289 ἔπαρχος,
970 4208 1058 4267 καὶ
1096 4207 1343 4279 κολάσας,
1386 4206 1536 4284 ἔτεμε
1570 4205 1637 4265 τὰ
1674 4206 1807 4283 μέλη

241 4298 441 4355 αὐτῶν.
472 4296 560 4353 καὶ
585 4293 910 4375 περιαγαγὼν
932 4294 1057 4366 ὅλην
1076 4293 1169 4366 τὴν
1193 4292 1344 4353 πόλιν
1363 4291 1594 4376 ἐξώρισεν
1621 4292 1807 4360 αὕτοὶις

241 4384 294 4439 ἓν
326 4384 558 4460 Λαζικῇ.

281 4744 317 4814 εἰ
335 4772 536 4829 Gloria
596 4771 726 4843 tibi,
783 4770 1079 4842 unigenite
1134 4770 1284 4825 Deus
1350 4768 1595 4825 Verbum
1652 4768 1859 4832 Patris,

205 4867 267 4916 et
285 4874 402 4917 une
440 4859 954 4916 consubstantialis
995 4857 1318 4928 Trinitatis,
1352 4857 1452 4927 qui
1487 4871 1585 4913 eos
1615 4857 1713 4927 qui
1742 4872 1865 4927 pro-

214 4955 338 5018 pter
386 4956 442 5004 te
480 4963 610 5005 eum
653 4957 704 5003 te
757 4948 1052 5017 pelluntur
1093 4950 1148 5001 et
1206 4945 1525 5015 patiuntur,
1584 4945 1752 5000 verbo
1809 4950 1864 5000 et

213 5051 382 5107 Opere
415 5034 707 5092 confertas
729 5040 785 5090 et
829 5036 1113 5105 sapientes
1138 5032 1279 5089 facis
1305 5033 1363 5088 in
1394 5033 1615 5103 Spiritu
1645 5038 1860 5088 sancto.

214 5126 322 5181 Eos
351 5138 483 5180 vero
517 5124 614 5195 qui
648 5124 757 5191 tui,
780 5130 835 5179 et
859 5137 915 5178 re
946 5136 1076 5178 vera
1112 5122 1337 5191 proprie
1358 5135 1579 5190 semper
1606 5121 1866 5192 Virginis

218 5213 419 5268 matris
445 5220 559 5267 tu:e
591 5211 815 5266 inimici
844 5217 899 5266 et
940 5210 1201 5265 veritatis
1233 5209 1677 5265 calumniatores
1707 5216 1863 5278 sunt,

218 5315 437 5373 semper
465 5298 795 5357 confundis.
837 5299 1035 5355 Gloria
1068 5299 1196 5368 tibi,
1233 5299 1487 5354 Trinitas
1526 5304 1739 5367 sancta,
1768 5298 1868 5353 in—

219 5398 423 5461 creata,
457 5390 827 5459 sempiterna,
856 5388 982 5443 sine
1011 5387 1203 5456 initio,
1247 5387 1494 5455 infinita,
1534 5385 1868 5442 inconverti—

1997 468 2123 516 sent
2159 470 2460 537 essentque
2484 473 2759 527 exsecrati
2787 481 3047 532 sanctum
3074 480 3382 539 Maximum
3404 487 3640 558 ejusque

1998 547 2350 619 discipulum
2396 555 2621 612 beatum
2651 559 3038 635 Anastasium,
3090 579 3304 625 necnon
3353 547 3644 631 sanctissi-

2000 649 2152 692 mum
2204 654 2401 710 papam
2448 645 2777 718 Martinum,
2838 657 3215 724 sanctumque
3255 656 3639 727 Sophronium

1997 727 2378 794 patriarcham
2416 732 3015 809 Hierosolymitanum,
3056 754 3122 796 ac
3165 756 3360 800 omnes
3379 748 3643 805 orthodo-

1991 826 2113 880 xos,
2171 822 2452 887 quotquot
2492 820 2741 891 denique
2783 825 3035 893 ejusdem
3080 842 3146 885 ac
3208 831 3297 887 illi
3346 838 3642 894 sententia:

1989 906 2213 955 essent:
2242 903 2484 960 alterum
2517 922 2745 979 quoque
2782 911 3008 968 beatum
3046 914 3413 976 Anastasium
3449 923 3641 979 addu-

1988 994 2216 1053 xerunt,
2257 991 2576 1065 iisdemque
2613 997 2671 1051 in
2705 1011 2835 1054 eum
2864 1000 3015 1056 diris
3051 1016 3120 1057 ac
3147 1009 3516 1066 contumeliis
3545 1013 3638 1069 usi

1991 1077 2354 1169 tradiderunt
2371 1082 2690 1169 judicibus,
2721 1086 2801 1141 ita
2829 1087 3086 1146 dicentes
3114 1109 3129 1145 :
3166 1092 3310 1150 Sane
3336 1096 3536 1169 igitur,
3573 1104 3639 1157 tu

1990 1163 2277 1236 Anastasi,
2320 1168 2542 1236 pullum
2578 1173 2775 1241 populi
2810 1175 3066 1231 universi
3101 1163 3639 1242 maledictionis'di-

1992 1264 2298 1323 rarumque
2331 1255 2569 1313 indutus
2597 1260 2893 1333 amictum,
2921 1265 3199 1323 canonica
3229 1266 3508 1327 liberatus
3539 1286 3637 1330 au-

1985 1339 2206 1429 ditione
2230 1354 2407 1426 eaque
2456 1349 2744 1425 estrusus,
2778 1348 2848 1404 ad
2878 1363 2999 1406 eam
3039 1367 3209 1422 quam
3254 1357 3519 1429 delegisti
3543 1361 3638 1416 de-

1987 1428 2211 1483 veharis
2236 1420 2507 1500 gehennai
2533 1436 2835 1492 stationem
2856 1451 2921 1494 ac
2952 1420 3173 1509 sedem;
3205 1445 3305 1513 qui
3332 1420 3630 1505 nobiscum

1985 1519 2071 1569 est
2119 1517 2357 1586 parique
2408 1521 2653 1578 consilio
2708 1530 2913 1582 cuncta
2958 1530 3284 1587 moderatur
3332 1536 3631 1602 praenobili

1989 1617 2264 1674 sacroque
2315 1613 2535 1677 senatu,
2585 1611 2780 1666 statim
2828 1626 2861 1668 a
2927 1615 3094 1671 nobis
3130 1618 3417 1686 judicium
3468 1637 3635 1680 arre—

1908 1679 1956 1739 B
1992 1694 2177 1761 pturo,
2192 1705 2257 1746 ac
2278 1707 2403 1762 qua:
2419 1695 2692 1753 civilibus
2714 1700 3027 1757 constituta
3048 1679 3271 1775 legibus
3284 1714 3437 1779 sunt,
3464 1717 3633 1779 prout

1986 1778 2171 1834 visum
2201 1780 2289 1835 illi
2324 1780 2518 1851 fuerit,
2548 1784 2705 1853 justa
2752 1788 2809 1842 in
2838 1793 2891 1843 te
2914 1778 3633 1857 animadversionefactu—

1985 1879 2066 1934 ro,
2080 1867 2164 1954 ob
2185 1872 2370 1923 tantas
2388 1875 2514 1924 tuas
2537 1871 2669 1927 illas
2690 1872 3075 1943 blasphemias
3089 1880 3434 1954 rebellisque
3448 1886 3629 1942 animi

1983 1952 2328 2008 molitiones.
2385 1954 2670 2013 Adversus
2714 1959 2832 2015 haec
2895 1963 3046 2018 enim
3102 1952 3440 2025 sententiam
3492 1972 3631 2028 tulit

1982 2053 2228 2108 praesens
2257 2041 2532 2111 synodus:
2554 2058 2798 2115 cumque
2824 2047 2945 2119 illa,
2978 2052 3388 2121 omnipotentis
3410 2057 3626 2115 Christi

1977 2127 2095 2181 veri
2134 2128 2235 2182 Dei
2277 2130 2457 2185 nostri
2500 2144 2605 2201 ope
2636 2150 2651 2199 ;
2683 2147 2809 2202 qua:
2840 2148 2942 2203 par
2978 2144 3116 2206 erat,
3163 2142 3463 2199 adversum
3504 2159 3626 2217 vos,

1979 2215 2238 2284 Maxime,
2305 2217 2567 2274 Anastasi
2620 2219 3017 2294 Anastasique,
3065 2226 3292 2284 decreto
3347 2215 3621 2302 sanxerit,

1977 2302 2167 2372 sitque
2195 2304 2481 2374 reliquum
2512 2307 2581 2361 ad
2612 2321 2677 2363 ea
2709 2324 2835 2379 qua:
2854 2324 2887 2366 a
2912 2312 3074 2369 vobis
3105 2314 3279 2384 impie
3306 2318 3461 2374 dicta
3486 2335 3623 2391 ges-

1976 2392 2145 2459 taque
2179 2397 2333 2459 sunt,
2386 2399 2452 2447 ut
2493 2396 2878 2452 severioribus
2903 2398 3089 2470 legum
3118 2403 3301 2470 pinnis
3336 2405 3625 2475 subjicia-

1977 2478 2119 2532 mini
2152 2475 2505 2550 (quanquam
2539 2482 2754 2539 idcirco
2784 2486 2934 2554 quod
2969 2488 3126 2544 nulla
3156 2490 3436 2559 ejusmodi
3465 2508 3630 2564 paena

1979 2567 2250 2636 suppetit,
2303 2583 2431 2639 qua:
2459 2569 2692 2627 delictis
2732 2574 2939 2632 vestris
2962 2589 3027 2631 ac
3057 2576 3434 2647 blasphemiis
3484 2596 3631 2638 con-

1979 2656 2153 2728 digna
2199 2657 2379 2713 videri
2416 2659 2616 2730 possit,
2641 2661 2800 2729 justo
2828 2677 2927 2718 vos
2947 2665 3133 2732 judici
3170 2667 3270 2737 qui
3305 2670 3518 2739 majora
3550 2672 3632 2727 sit

1981 2743 2325 2800 inducturus
2365 2747 2788 2821 permittimus)
2838 2749 2895 2805 in
2941 2755 3204 2821 praesenti
3244 2757 3474 2827 saeculo,
3526 2772 3629 2816 seu

1984 2831 2042 2885 in
2088 2832 2204 2887 luci
2238 2837 2472 2904 partem,
2507 2835 2637 2891 vita:
2671 2836 2832 2893 vobis
2863 2854 3037 2895 usura
3077 2852 3364 2915 concessa,
3410 2845 3631 2917 hacque

1985 2920 2106 2988 ipsa
2134 2920 2366 2987 lenitate
2392 2923 2672 2994 tantisper
2700 2932 2936 2983 vacuata
2956 2935 3221 2987 accurata
3239 2932 3425 3005 legum
3456 2935 3631 2991 disci-

1904 2990 1953 3052 C
1985 3007 2142 3077 plina
2171 3022 2236 3063 ac
2273 2990 2639 3067 districtione
2662 3030 2677 3081 ;
2704 3015 3013 3087 sancimus,
3048 3022 3112 3073 ut
3154 2990 3349 3076 statim
3397 3035 3632 3080 assum—

1986 3095 2120 3165 ptis,
2153 3096 2252 3166 qui
2286 3096 2452 3152 nobis
2482 3104 2685 3167 prmato
2723 3114 2784 3156 es
2819 3102 3180 3161 clarissimus
3209 3106 3532 3181 Praefectus,
3558 3112 3628 3166 in

1986 3196 2153 3239 suum
2182 3183 2525 3252 amplissimi
2552 3186 2882 3245 dominatus
2912 3193 3263 3263 praetorium,
3293 3195 3539 3253 Maximo
3561 3210 3628 3253 ac

1987 3274 2230 3338 utroque
2257 3270 2578 3343 Anastasio,
2610 3286 2804 3329 eorum
2842 3276 3041 3347 ﬂagris
3076 3278 3244 3334 dorsa
3296 3282 3495 3353 caedat,
3525 3297 3630 3340 ve-

1989 3362 2231 3427 straeque
2258 3357 2489 3412 Maximi
2520 3358 2928 3432 amborumque
2964 3365 3393 3422 Anastasorium
3421 3384 3630 3438 proca—

1984 3445 2179 3499 citatis
2215 3458 2489 3515 organum
2516 3444 2791 3516 (vestmm
2833 3449 3056 3506 scilicet
3086 3451 3472 3523 blasphemam
3502 3457 3627 3515 lin-

1981 3531 2179 3603 guam)
2204 3532 2408 3588 abimo
2432 3533 2591 3589 intus
2614 3534 2951 3606 abscindat;
2990 3543 3223 3609 tumque
3264 3542 3461 3614 etiam,
3498 3559 3624 3615 quae

1977 3619 2318 3689 hlasphema:
2349 3626 2547 3676 vestrae
2569 3623 2782 3679 rationi
2807 3626 3098 3696 mentique
3120 3628 3473 3688 ministravit
3495 3633 3626 3689 dex-

1975 3711 2149 3762 teram
2178 3708 2330 3764 ferro
2352 3707 2575 3764 auferat
2604 3727 2617 3763 :
2653 3723 2737 3779 ac,
2786 3711 2885 3767 ubi
2919 3712 3004 3768 sic
3042 3717 3406 3773 exsecrandis
3442 3732 3626 3775 mem—

1972 3795 2094 3851 bris
2134 3798 2373 3854 mutilos
2415 3798 2631 3867 pariter
2681 3799 3138 3874 circumducens,
3167 3803 3331 3861 urbis
3366 3813 3626 3879 augustae

1974 3885 2233 3956 regiones
2262 3886 2562 3941 duodecim
2590 3891 2741 3942 totas
2770 3887 3119 3961 lustraverit,
3152 3893 3501 3962 sempiterno
3532 3909 3627 3952 ex-

1969 3971 2106 4026 silio
2130 3972 2373 4043 jugique
2405 3979 2671 4042 praeterea
2695 3976 2973 4032 custodiae
3003 3978 3217 4035 tradat:
3246 3984 3310 4036 ut
3332 3981 3627 4057 deinceps,

1967 4073 2032 4113 ac
2064 4060 2320 4129 quandiu
2376 4061 2492 4116 vita
2536 4068 2827 4132 superstes
2867 4066 2981 4121 erit
3017 4066 3385 4136 blasphemia:
3423 4071 3623 4141 plenos

1966 4161 2188 4203 errores
2248 4154 2465 4205 vestros
2530 4150 2794 4222 lugeatis,
2852 4166 3013 4208 versa
3061 4155 3284 4212 scilicet
3332 4157 3392 4212 in
3436 4164 3623 4216 vestra

1888 4269 1942 4329 D
1968 4238 2175 4309 capita,
2224 4253 2391 4309 quam
2430 4239 2488 4294 in
2520 4254 2623 4296 nos
2665 4242 3122 4329 maledictionem
3164 4246 3437 4318 dirasque
3462 4263 3623 4306 exco-

1971 4326 2219 4397 gitastis.
2246 4326 2404 4383 Tulit
2430 4328 2623 4399 itaque
2646 4327 2962 4402 praefectus,
2998 4331 3246 4403 aliisque
3275 4336 3625 4394 excruciatis

1975 4416 2292 4484 tormentis,
2336 4417 2586 4472 membra
2627 4419 2984 4488 amputavit:
3034 4423 3265 4491 totaque
3323 4423 3464 4478 urbe
3506 4438 3629 4494 pro-

1976 4502 2217 4570 pudiosa
2274 4503 2766 4561 circumductione
2809 4506 3132 4580 traducens,
3178 4509 3431 4566 Lazicem
3472 4511 3627 4568 rele-

1971 4592 2142 4662 gavit.

1972 4755 2131 4825 bilis,
2171 4760 2227 4811 et
2277 4756 2868 4830 supersubstantialis,
2918 4772 2984 4816 ac
3031 4758 3426 4831 impartibilis.
3468 4764 3621 4823 Deus

1974 4850 2181 4901 noster.
2224 4842 2420 4901 Gloria
2464 4844 2593 4915 tibi,
2641 4847 2822 4918 gloria
2862 4848 2992 4921 tibi,
3030 4849 3214 4921 gloria
3252 4849 3383 4921 tibi,
3431 4853 3624 4911 eadem

1973 4939 2030 4989 et
2064 4936 2186 4991 sola
2213 4935 2486 5006 Trinitas,
2527 4950 2656 5006 spes
2697 4941 2753 4993 et
2799 4937 2957 4993 salus
3001 4940 3397 4997 universorum
3442 4944 3542 5013 qui
3570 4944 3627 5000 in

1975 5025 2290 5080 orthodoxa
2320 5025 2428 5080 ﬁde
2449 5026 2689 5081 adorant
2719 5030 2773 5080 te
2796 5030 2850 5080 et
2880 5026 3139 5083 serviunt
3163 5028 3271 5084 tibi
3300 5030 3359 5086 in
3385 5031 3626 5087 veritate

1978 5128 2160 5184 usque
2212 5116 2267 5170 in
2315 5114 2501 5169 ﬁnem.
2554 5113 2683 5169 Sola
2759 5114 3091 5171 intemerata
3138 5122 3192 5172 et
3241 5120 3626 5188 sanctissima,

1980 5203 2206 5273 proprie
2273 5208 2497 5272 natura,
2561 5201 2687 5257 sine
2748 5204 3041 5260 mendacio
3087 5219 3150 5261 ac
3202 5208 3478 5264 veraciter
3528 5207 3628 5263 Dei

1980 5298 2174 5362 mater,
2228 5297 2285 5347 et
2333 5295 2459 5362 post
2511 5296 2734 5361 partum
2786 5292 2993 5348 iterum
3046 5308 3174 5350 vere
3222 5296 3394 5367 Virgo
3449 5301 3625 5367 easta,

1972 5383 2126 5451 juva.

290 5516 312 5543 ⁸
338 5506 464 5562 Haec
502 5502 844 5559 Anastasius
870 5505 970 5558 aut
997 5501 1119 5571 ipse
1138 5500 1386 5569 addidit,
1413 5506 1514 5555 aut
1542 5514 1609 5555 ex
1635 5499 1875 5556 alterius
1905 5500 2121 5558 Graecis
2151 5499 2349 5555 Latina
2371 5498 2523 5556 fecit.
2556 5500 2716 5555 Sum.
