4034 6158
319 159 425 216 659

1550 154 1906 210 ANASTASII
1959 152 2496 208 BIBLIOTHECARII

1504 371 2550 546 ANAs'rAsn

1035 658 1627 728 PRESBYTERI
1728 657 1842 725 ET
1942 653 2614 726 APOCRISIABII

2721 653 3008 724 ΡιοΜᾹέ

1717 859 2320 964 EPISTOLA

1209 1064 1294 1109 AD
1350 1063 1777 1109 THEODOSIUM
1831 1062 2320 1109 PRESBYTERUM
2363 1062 2828 1108 GANGRENSEM.

1870 1196 2201 1206 .—————_

394 1318 696 1389 Exemplar
736 1317 980 1389 pr0priaa
1013 1316 1350 1386 scriptionis
1378 1314 1632 1386 epistolae
1667 1313 1848 1369 sancti
1878 1310 2237 1370 Pa-Asexto
2265 1315 2398 1370 Idus
2443 1315 2641 1370 Junias
2685 1314 2900 1385 quinta:
2942 1313 3304 1384 indictionis,
3345 1312 3542 1368 statim
3594 1325 3760 1380 sepa-

325 1408 433 1463 tris
460 1409 667 1479 nostri,
697 1420 762 1461 ac
785 1405 1038 1462 doctoris
1070 1405 1381 1474 Anastasii,
1418 1402 1727 1474 presbyteri
1759 1406 1815 1456 et
1844 1415 1973 1470 apo-

326 1495 581 1551 crisiarii
651 1495 840 1566 magni
909 1494 1160 1550 nominis
1231 1492 1476 1549 senioris
1541 1493 1766 1560 Romae,
1839 1489 1969 1544 novi

321 1583 688 1655 confessoris,
720 1582 826 1653 vel,
870 1581 1018 1653 quod
1066 1582 1248 1653 magis
1278 1580 1571 1637 fatendum
1601 1584 1688 1635 est
1724 1578 1968 1634 multum

321 1671 621 1728 certatoris
671 1675 728 1726 et
766 1671 1033 1740 martyris
1057 1671 1338 1739 veritatis,
1389 1670 1616 1738 scripta;
1669 1681 1782 1723 una
1839 1680 1969 1722 cum

323 1755 752 1829 subiacentibus
778 1758 1126 1814 testimoniis
1147 1759 1349 1826 sacris,
1374 1761 1430 1812 et
1447 1755 1818 1827 syllogismis,
1846 1769 1972 1825 quae

321 1848 547 1904 abscisa
589 1852 674 1903 est
726 1847 851 1915 ejus
899 1850 1093 1901 sancta
1135 1846 1364 1900 dextera
1409 1857 1601 1914 manu,
1640 1841 1970 1898 admirabili

323 1946 559 2008 prorws
589 1935 842 2006 ingenio,
878 1934 992 1990 imo
1020 1933 1224 1988 divina
1247 1933 1460 1988 virtute
1487 1936 1542 1987 et
1574 1931 1776 2003 gratia,
1810 1934 1976 2000 post—

325 2036 493 2095 quam
543 2034 746 2093 passus
771 2028 856 2078 est
889 2022 1010 2091 ipse
1038 2025 1095 2077 et
1126 2023 1318 2076 Patres
1360 2021 1459 2091 qui
1493 2033 1622 2076 cum
1653 2033 1717 2074 eo
1742 2017 1977 2074 fuerunt

325 2113 385 2166 in
444 2110 651 2166 misero
693 2109 960 2180 Byzantio
1005 2112 1234 2179 propter
1296 2106 1528 2164 verbum
1582 2106 1974 2163 tantummodo

324 2197 606 2262 veritatis,
645 2204 702 2254 et
743 2195 892 2268 quod
945 2196 1285 2268 noluissent,
1333 2196 1417 2252 vel
1455 2197 1649 2264 etiam,
1689 2199 1752 2250 ut
1780 2195 1974 2249 verius

323 2288 573 2357 dicatur,
622 2298 733 2342 non
785 2286 1105 2355 potuissent
1154 2285 1240 2340 eis
1285 2285 1706 2340 communicare
1756 2283 1813 2338 in
1859 2288 1972 2338 tam

323 2373 556 2444 publica
609 2373 864 2444 ipsorum
926 2372 1161 2442 perﬁdia
1209 2377 1264 2427 et
1314 2371 1612 2426 manifesta
1661 2371 1969 2441 impietate,

323 2464 636 2519 secundum
669 2467 930 2518 sanctum
960 2469 1015 2518 et
1045 2475 1310 2532 magnum
1344 2461 1403 2515 in
1433 2459 1720 2532 theologia
1754 2461 1976 2531 Grego—

325 2551 475 2606 rium
503 2560 526 2588 ι
571 2550 694 2620 qui,
741 2551 799 2604 in
850 2563 1108 2606 sermone
1155 2563 1258 2605 suo
1302 2563 1468 2620 quem
1516 2550 1577 2604 in
1622 2563 1681 2604 se
1715 2547 1868 2614 fecit,
1919 2551 1974 2603 et

326 2639 598 2694 adversus
669 2636 913 2693 Arianos
969 2637 1210 2692 affatur:
1263 2657 1291 2689 ς(
1329 2637 1610 2706 Quasdam
1641 2637 1974 2692 dimisimus

323 2727 537 2783 bestias
575 2729 901 2783 sanctorum
949 2724 1307 2798 corporibus,
1339 2727 1485 2797 quod
1528 2726 1760 2797 quidam
1794 2726 1977 2782 inhu-

325 2816 654 2871 manitatem
689 2812 1128 2884 publicaverint.
1157 2828 1332 2870 unum
1372 2821 1702 2870 accusantes
1731 2819 1972 2884 tantum,

325 2916 396 2958 ne
435 2902 716 2973 impietati
749 2900 1027 2971 cederent,
1061 2915 1163 2957 nec
1205 2903 1604 2957 communione
1648 2902 1981 2973 pollueren-

324 2995 466 3046 tur:
514 3002 682 3060 quam
729 2995 794 3046 ut
850 3003 1126 3045 venenum
1175 2990 1463 3060 serpentis
1508 2989 1810 3062 fugientes,
1867 3004 1978 3046 non

327 3094 536 3150 corpus
601 3076 916 3145 laedentem,
976 3078 1070 3135 sed
1139 3077 1420 3149 profunda
1475 3093 1712 3150 quaeque
1775 3080 1980 3135 animae

331 3167 717 3224 oﬁ‘uscantem.
757 3185 782 3217 »
820 3168 993 3223 Missa
1039 3173 1305 3238 praeterea
1347 3172 1433 3222 est
1462 3181 1494 3222 a
1541 3167 1711 3223 tertio
1749 3166 1977 3238 exsilio,

333 3258 390 3314 id
441 3262 527 3313 est
578 3258 795 3330 Lazico,
849 3255 918 3312 ad
963 3256 1343 3314 Theodosium
1389 3255 1774 3328 presbyterum
1822 3257 1984 3311 Gem-

330 3357 588 3416 grensem
620 3349 676 3400 et
705 3345 1043 3401 monachum
1090 3345 1149 3400 in
1189 3349 1382 3401 sancta
1419 3344 1635 3400 Christi
1677 3343 1858 3401 nostri
1889 3343 1984 3398 ci—

329 3433 506 3489 vitate
533 3434 932 3491 constitutum.

860 3538 1405 3594 SUPERSCRIPTIO.

327 3663 555 3716 Domino
607 3677 722 3715 meo
765 3677 863 3730 per
916 3662 1098 3714 omnia
1135 3661 1473 3713 sanctissimo
1521 3661 1628 3712 Deo
1679 3659 1988 3713 honorabili

400 3733 558 3785 Patri
600 3732 882 3800 spirituali
936 3746 1000 3783 ac
1061 3732 1322 3796 magistro
1396 3730 1684 3783 Theodosio
1744 3730 1986 3798 presby—

401 3806 533 3862 tero,
563 3801 898 3855 Anastasius
923 3803 1154 3866 emiguus
1194 3801 1568 3853 misericordia
1606 3802 1705 3853 Dei
1745 3800 1985 3870 presby—

406 3876 487 3925 ter
509 3875 559 3924 et
581 3871 875 3924 monachus
903 3885 1090 3923 servus
1120 3885 1394 3924 servorum
1420 3872 1536 3924 Dei.

403 3974 732 4030 Memoriam
793 3975 1079 4043 justorum
1158 3989 1286 4030 cum
1355 3975 1624 4032 laudibus
1700 3976 1987 4033 divinitus

337 4063 681 4133 inspiratum
744 4062 912 4118 nobis
969 4061 1151 4119 facere
1197 4063 1360 4133 jubet
1419 4065 1804 4121 Proverbium.
1873 4068 1988 4137 Ego

336 4153 519 4224 igitur
587 4151 833 4222 exiguus
905 4152 1235 4207 memoriam
1283 4154 1572 4222 justorum
1623 4155 1876 4223 illorum,
1935 4161 1991 4212 et

337 4241 623 4312 praecipue
665 4241 895 4296 Maximi
942 4254 1133 4296 revera
1194 4242 1419 4314 megisti
1464 4241 1590 4311 (hoc
1629 4242 1781 4297 enim
1804 4244 1993 4298 Maxi-

338 4344 466 4386 mus
491 4342 693 4385 nomen
722 4329 1021 4402 insinuat),
1050 4344 1308 4386 sermone
1331 4344 1452 4385 meo
1477 4331 1535 4384 in
1561 4331 1990 4399 praesentiarum

338 4417 523 4474 facere
547 4418 761 4488 volens,
790 4423 846 4474 et
877 4419 1052 4490 digne
1085 4418 1248 4474 illius
1281 4419 1552 4473 virtutem
1599 4426 1769 4490 atque
1799 4420 1994 4476 scien—

340 4507 503 4577 tiam,
549 4508 702 4563 sicut
744 4513 797 4563 et
843 4521 944 4577 pro
971 4507 1200 4562 Christo
1242 4508 1355 4561 Deo
1395 4513 1612 4578 gestum
1659 4509 1992 4578 martyrium

339 4595 466 4662 ejus
509 4595 744 4650 laudare
795 4596 1032 4650 minime
1069 4595 1285 4664 valens,
1317 4594 1422 4651 hoc
1452 4596 1635 4651 solum
1669 4597 1996 4668 signiﬁcare

2084 1408 2353 1458 raverunt
2379 1417 2481 1458 nos
2504 1403 2574 1458 ab
2601 1404 2840 1458 invicem
2873 1403 3248 1473 praceptione
3281 1403 3444 1458 illius
3476 1402 3579 1471 qui
3611 1405 3759 1455 tunc

2080 1504 2318 1560 prmesse
2348 1491 2441 1546 his
2467 1491 2564 1561 qui
2599 1491 2723 1546 illic
2752 1497 2916 1546 erant
2949 1490 3094 1546 forte
3126 1494 3430 1560 meruerat,
3466 1489 3766 1558 diripien-

2080 1589 2164 1636 tes
2183 1581 2375 1636 omnia
2393 1594 2574 1651 usque
2591 1582 2658 1635 ad
2684 1594 2853 1636 unam
2879 1594 3043 1635 acum
3071 1585 3128 1635 et
3152 1580 3358 1651 ﬁlium,
3393 1590 3764 1650 quaecunque

2079 1667 2148 1722 ad
2178 1670 2526 1724 necessarias
2557 1669 2841 1724 utilitates
2883 1673 2996 1724 tam
3031 1683 3099 1724 ex
3134 1668 3296 1724 vobis
3323 1682 3490 1738 quam
3519 1681 3586 1722 ex
3614 1666 3766 1721 aliis

2079 1755 2296 1811 Christi
2351 1758 2557 1813 amicis
2617 1757 3091 1827 acquisieramus.
3167 1759 3234 1811 Et
3291 1756 3758 1812 sacratissimum

2083 1844 2311 1914 quidem
2343 1845 2508 1900 illum
2538 1846 2746 1915 virum,
2780 1845 3074 1901 dominum
3103 1845 3196 1900 aio
3228 1845 3537 1900 Maximum
3570 1841 3766 1897 abba-

2084 1946 2218 2005 tem,
2256 1948 2438 2004 neque
2477 1934 2536 1988 in
2573 1932 2883 2004 subjugali,
2927 1947 3110 2003 neque
3150 1933 3209 1988 in
3241 1931 3508 1988 vehiculo
3554 1931 3766 1986 sedere

2080 2020 2357 2080 valentem
2390 2036 2491 2091 pro
2526 2036 2590 2077 eo
2638 2020 2786 2092 quod
2831 2020 2890 2076 in
2937 2020 3271 2076 inﬁrmitate
3317 2021 3546 2089 positus
3576 2023 3756 2082 esset,

2082 2126 2210 2168 cum
2230 2111 2536 2181 plectentes
2553 2108 2809 2181 virgulas
2829 2123 2896 2165 ex
2912 2109 2998 2165 eis
3020 2109 3184 2179 quasi
3232 2107 3507 2164 lectulum
3542 2108 3761 2162 texuis-

2082 2205 2225 2268 sent,
2259 2198 2576 2268 bajulantes
2601 2196 2950 2268 detulerunt,
2981 2202 3037 2253 et
3078 2196 3438 2252 incluserunt
3471 2197 3532 2252 in
3563 2201 3758 2251 castro

2081 2287 2369 2343 Schemari
2410 2287 2656 2342 vocitato
2687 2287 2851 2356 juxta
2895 2290 3114 2357 gentem
3157 2298 3352 2341 eorum
3397 2285 3496 2354 qui
3529 2285 3756 2339 dicun-

2085 2381 2180 2432 tur
2207 2375 2373 2430 Alani
2417 2375 2758 2431 :dominum
2802 2388 2933 2430 vero
2970 2374 3337 2430 Anastasium
3385 2372 3654 2428 abbatem
3701 2378 3758 2427 et

2083 2478 2170 2520 me
2201 2469 2544 2534 peccatorem
2576 2477 2747 2533 super
2775 2477 2952 2534 equos
2979 2461 3279 2532 impositos
3302 2461 3598 2517 duxerunt
3641 2480 3656 2527 ;
3700 2465 3761 2516 et

2085 2553 2444 2610 incluserunt
2492 2550 2658 2607 illum
2701 2552 2933 2622 quidem
2984 2552 3042 2606 in
3088 2555 3274 2606 castro
3317 2550 3539 2606 Scotori
3596 2549 3760 2605 dicto

2079 2640 2317 2711 Apsiliae
2339 2655 2463 2710 quae
2483 2644 2568 2695 est
2598 2653 2767 2710 prope
2786 2638 3110 2710 Abasgiam,
3147 2652 3233 2694 me
3267 2643 3455 2694 autem
3487 2638 3549 2693 in
3570 2634 3761 2692 alter0

2083 2735 2268 2786 castro
2326 2729 2494 2798 cujus
2545 2742 2747 2784 nomen
2815 2727 3069 2784 Buculus
3129 2729 3269 2796 erat,
3316 2726 3574 2798 regionis
3629 2738 3763 2795 quae

2085 2817 2418 2873 Mesimiana
2459 2815 2785 2886 vocabatur,
2835 2816 3028 2885 injam
3088 2815 3375 2871 dictorum
3419 2813 3759 2870 conﬁnibus

2083 2905 2394 2961 Alanorum
2425 2923 2437 2959 ε
2467 2905 2616 2976 quod
2653 2903 2922 2960 videlicet
2953 2908 3204 2960 castrum
3243 2902 3416 2958 iidem
3456 2902 3628 2958 Alani
3674 2916 3763 2958 ca-

2090 2999 2246 3064 ptum
2305 3008 2456 3050 nunc
2504 2994 2750 3048 retinere
2793 2997 3127 3050 noscuntur.
3184 2992 3327 3047 Dein
3374 2995 3501 3060 post
3543 3004 3764 3061 paucos

2085 3083 2231 3152 dies,
2263 3081 2511 3152 sumptis
2541 3085 2656 3138 tam
2686 3096 2773 3137 me
2805 3095 2971 3152 quam
3012 3081 3176 3137 beato
3209 3082 3512 3137 Anastasio
3542 3095 3575 3136 a
3609 3095 3766 3150 prae-

2087 3171 2264 3229 dictis
2302 3171 2528 3239 castris,
2577 3170 2742 3226 illum
2787 3170 3020 3241 quidem
3067 3170 3349 3225 miserunt
3388 3169 3459 3224 ad
3501 3176 3761 3224 castrum

2089 3264 2480 3328 nuncupatum
2510 3259 2772 3328 Suanias,
2793 3272 2922 3313 cum
2953 3259 3071 3327 jam
3102 3258 3411 3314 semivivus
3439 3261 3610 3327 esset,
3648 3261 3763 3311 tam

2089 3363 2158 3405 ex
2190 3347 2564 3404 multitudine
2612 3351 3023 3402 tormentorum
3061 3359 3127 3402 ac
3170 3346 3466 3401 verberum
3517 3359 3648 3414 quae
3702 3345 3761 3399 in

2092 3438 2359 3508 Byzantio
2381 3435 2789 3506 sustinuimus,
2815 3448 2984 3504 quam
3015 3434 3560 3491 exnecessitatibus
3588 3439 3766 3504 atque

2092 3524 2378 3595 angustiis
2409 3537 2533 3593 quae
2565 3523 2660 3578 hic
2685 3529 2821 3578 sunt
2848 3523 3016 3578 nobis
3048 3522 3227 3578 illata.
3260 3522 3438 3592 Unde,
3472 3527 3528 3577 et
3561 3521 3623 3576 in
3658 3535 3770 3576 me-

2093 3613 2192 3667 dio
2220 3611 2345 3680 viae,
2377 3616 2438 3666 ut
2464 3610 2696 3680 quidam
2735 3611 2921 3678 aiunt,
2973 3616 3038 3666 ut
3079 3617 3268 3666 autem
3317 3610 3420 3666 alii
3467 3613 3766 3672 asserunt.

2097 3714 2222 3755 mox
2245 3713 2310 3754 ac
2341 3704 2598 3754 retrusus
2623 3704 2709 3754 est
2741 3700 2800 3754 in
2830 3704 3017 3755 castro
3042 3699 3270 3754 Suanite
3299 3699 3368 3753 ad
3397 3699 3549 3768 quod
3579 3698 3757 3753 desti-

2095 3793 2266 3843 natus
2303 3786 2507 3857 fuerat,
2549 3787 2714 3842 obiit.
2769 3788 3151 3859 Argumentor
3181 3787 3366 3859 igitur
3410 3786 3561 3856 quod
3608 3787 3768 3842 circa

2015 3867 2066 3931 C
2097 3877 2396 3933 undecimo
2424 3876 2510 3931 vel
2541 3890 2689 3932 nono
2718 3876 3000 3932 Kalendas
3027 3876 3314 3947 Augustas
3352 3875 3660 3931 dormierit
3706 3876 3765 3930 in

2093 3965 2354 4021 Domino.
2396 3964 2828 4032 Quintodecimo
2874 3977 3118 4035 namque
3143 3964 3526 4020 Kalendarum
3569 3963 3770 4034 Augu-

2101 4058 2317 4109 storum
2343 4052 2572 4108 deducti
2605 4067 2805 4108 sumus
2832 4053 3084 4122 utrique,
3120 4065 3217 4121 per
3255 4052 3577 4121 jussionem
3627 4055 3767 4106 tunc

2099 4141 2401 4212 principis,
2441 4141 2501 4195 in
2542 4140 2597 4195 id
2626 4141 2774 4210 quod
2801 4141 3102 4196 dicebatur
3131 4139 3473 4205 Mucurisin,
3509 4152 3769 4208 praasen—

2099 4230 2258 4296 tandi
2305 4230 2363 4284 in
2416 4229 2602 4284 medio
2650 4228 2822 4283 amici
2869 4229 3085 4284 Christi
3134 4228 3440 4296 exercitus,
3488 4241 3618 4282 cum
3668 4226 3768 4282 ille

2096 4315 2234 4387 jam,
2285 4323 2348 4373 ut
2406 4317 2785 4386 praatulimus,
2851 4317 3163 4372 semivivus
3217 4317 3536 4386 exsisteret,
3591 4321 3650 4369 et
3699 4328 3765 4370 ex

2104 4413 2239 4462 tunc
2279 4419 2407 4461 eum
2440 4405 2592 4460 ultra
2636 4418 2747 4459 non
2773 4404 2913 4460 vidi.
2949 4405 3237 4459 Continuo
3269 4404 3482 4474 quippe
3510 4403 3765 4458 destina-

2101 4498 2307 4550 verunt
2351 4494 2550 4562 ipsum.
2580 4492 2832 4564 quidem,
2878 4500 2942 4548 ut
2987 4492 3208 4547 dictum
3253 4496 3358 4558 est,
3403 4491 3464 4544 in
3509 4496 3763 4545 castrum

2104 4583 2348 4652 Suaniaa,
2375 4595 2460 4637 me
2480 4587 2668 4637 autem
2693 4581 2752 4636 in
2777 4586 3028 4637 castrum
3055 4581 3206 4650 quod
3238 4580 3459 4635 dicitur
3482 4579 3762 4648 Thacyria

345 4695 443 4752 per
477 4681 622 4737 hanc
651 4683 950 4752 eptstolam
980 4685 1094 4738 Deo
1137 4682 1576 4740 honorabilibus
1610 4667 1771 4741 vobis
1800 4688 2001 4743 consi—

2105 4673 2264 4741 juxta
2293 4671 2598 4725 Hiberiam.
2629 4669 2770 4725 Hinc
2798 4670 2978 4741 igitur
3006 4668 3256 4736 conjicio
3289 4667 3436 4738 quod
3470 4667 3626 4721 circa
3671 4671 3771 4720 uu-

341 4768 557 4838 deravi,
604 4771 753 4839 quod
795 4776 850 4824 et
899 4770 1010 4839 ipsi
1061 4770 1305 4826 maxime
1353 4786 1538 4843 nosse,
1580 4779 1751 4843 prout
1792 4776 1995 4849 didici,

345 4857 737 4928 desiderastis,
782 4857 838 4912 id
905 4862 1010 4923 est,
1056 4858 1283 4928 quando
1323 4859 1472 4916 beati
1525 4863 1614 4918 illi
1657 4864 1714 4918 in
1760 4865 2000 4921 Domino

347 4945 709 5000 dormierint.
761 4947 969 5002 Notum
1005 4947 1188 5018 igitur
1239 4945 1384 5004 facio
1425 4949 1605 5020 vobis,
1651 4951 1916 5020 pluribus
1935 4967 2003 5008 ex

351 5033 444 5087 his
482 5046 605 5102 qua:
647 5033 741 5086 hic
785 5033 953 5088 nobis
1008 5035 1166 5090 illata
1218 5041 1354 5090 sunt
1398 5039 1584 5107 malis,
1637 5039 1889 5110 silentio,
1933 5041 2004 5096 ob

355 5121 780 5176 multitudinem
803 5134 1020 5193 eorum,
1043 5130 1098 5176 et
1123 5126 1402 5178 sermonis
1434 5124 1753 5195 fastidium,
1789 5141 2003 5183 necnon

2106 4752 2327 4815 decimo
2357 4758 2653 4828 Kalendas,
2687 4757 2772 4812 vel
2797 4772 2945 4813 nono
2973 4756 3254 4812 Kalendas
3278 4755 3567 4826 Augustas
3603 4753 3768 4822 quin-

2110 4851 2179 4903 ta;
2212 4848 2552 4903 indictionis
2594 4848 2653 4902 in
2682 4847 2942 4919 Domino,
2987 4847 3141 4901 sicut
3169 4846 3390 4900 dictum
3421 4848 3527 4914 est,
3571 4842 3768 4897 obdor-

2112 4937 2326 4992 mierit.

2183 5027 2356 5079 Porro
2383 5024 2596 5079 Christi
2628 5024 2728 5078 Dei
2763 5027 2996 5094 martyr,
3030 5023 3277 5078 domnus
3310 5017 3582 5074 videlicet
3628 5015 3766 5070 abba

2113 5113 2413 5182 Maximus,
2446 5126 2572 5167 cum
2609 5117 2756 5168 esset
2782 5112 3057 5168 custodiae
3095 5109 3455 5178 mancipatus
3487 5106 3546 5160 in
3579 5113 3766 5160 castro

354 5216 411 5265 et
439 5217 662 5280 tempus
698 5210 1097 5280 incongruum,
1132 5211 1365 5265 traditis
1393 5230 1404 5264 :
1445 5214 1616 5282 quod,
1649 5193 1777 5270 cum
1810 5216 2007 5271 venis—
2034 5209 2089 5270 D
2115 5201 2383 5270 superius
2413 5205 2742 5270 memorato:
2773 5201 2972 5256 (“Vina
2998 5199 3110 5255 sibi
3143 5197 3290 5252 facta
3330 5195 3573 5282 visione,
3607 5193 3768 5282 advo:

358 5312 548 5354 scmus
588 5299 657 5353 ad
725 5297 1040 5353 amicorum
1105 5296 1320 5351 Christi
1395 5300 1679 5370 regionem
1733 5304 2004 5359 Lazorum

431 5414 454 5442 ι
480 5404 633 5460 Orat.
667 5401 755 5459 25.

2115 5289 2266 5345 cavit
2292 5291 2564 5360 quosdam
2595 5305 2662 5346 ex
2695 5289 2786 5345 his
2809 5289 2908 5360 qui
2937 5292 3101 5344 erant
3137 5285 3196 5340 in
3227 5290 3417 5340 castro
3442 5287 3498 5338 et
3516 5281 3672 5337 dixit
3701 5278 3766 5334 ad
