4034 6158
275 172 387 230 664

1057 175 1563 234 COLLECTANEA.
1592 212 1665 222 —
1698 179 2057 239 ANASTASII
2096 184 2555 247 APOCRISIARII
2594 194 2940 251 EPISTOLA.

3595 197 3703 256 662

272 315 415 358 eos:
442 303 635 360 Tertio
657 304 879 360 decimo
898 305 993 361 die
1016 305 1260 376 Augusti
1290 310 1502 364 mensis
1527 309 1700 379 hujus
1727 310 1939 365 instan-
1970 308 2026 369 A
2057 312 2285 385 iterum,
2325 322 2380 371 et
2432 318 2639 388 recipit
2682 322 3098 390 principatum:
3150 322 3231 376 nil
3278 328 3462 379 tamen
3499 338 3697 382 eorum

268 390 356 446 tis
382 392 608 461 quinta
630 393 864 449 decima
891 408 912 434 ι
943 394 1302 467 indictionis,
1342 394 1482 453 feria
1515 399 1754 468 septima
1782 414 1940 455 assu-

269 485 395 535 met
422 495 508 537 me
530 484 839 539 Dominus:
878 485 1026 555 quod
1064 491 1118 539 et
1166 483 1379 541 factum
1417 491 1520 543 est.
1554 489 1737 559 Igitur
1768 491 1938 548 tertio

263 567 506 625 decimo
572 570 668 625 die
726 571 981 640 pradicti
1048 572 1293 644 Augusti
1357 576 1570 631 mensis
1640 580 1938 647 praeterita

2052 416 2176 471 qua
2209 404 2504 472 pollicitus
2550 413 2636 463 est
2663 410 2775 463 Deo
2813 413 2869 463 et
2908 409 3106 464 crebro
3131 408 3307 464 dictis
3357 411 3455 465 Dei
3494 412 3697 468 amicis

2050 490 2412 560 principibus
2462 495 2520 550 in
2556 510 2701 566 opus
2750 496 3034 566 perduxit.
3090 499 3133 551 E
3174 498 3462 553 contrario
3508 506 3695 556 autem

2048 578 2314 635 manibus
2335 594 2573 651 nequam
2591 583 2871 639 deductus
2891 584 3169 652 virorum,
3188 585 3697 653 repromissionum

265 657 502 726 quinta
536 657 877 715 indictionis
908 660 1219 716 secundum
1266 661 1528 717 divinum
1559 665 1683 733 ejus
1726 667 1939 722 vatici-
2045 665 2274 734 quidem
2316 668 2533 725 oblitus
2570 679 2675 740 est,
2723 671 2848 727 tolli
2892 677 3081 728 autem
3112 685 3201 728 me
3238 685 3271 726 a
3313 679 3500 729 castro
3538 673 3701 730 Phu—

262 744 461 815 nium,
498 745 643 802 feria
665 748 926 819 septima,
951 749 1328 818 prasentibus
1342 751 1655 823 derelictis,
1686 755 1936 829 perrexit

258 833 331 888 ad
364 834 705 891 Dominum.
732 837 926 907 Porro,
959 841 1016 891 et
1034 836 1194 893 aliud
1227 838 1569 895 miraculum
1594 841 1745 910 quod
1772 842 1934 898 divi-

256 922 432 978 nitus
460 923 526 979 in
570 929 767 980 sancto
803 925 930 994 ejus
958 931 1323 982 monumento
1359 925 1623 1000 efﬁcitur,
1667 931 1932 1001 quodque

256 1025 456 1082 usque
505 1013 563 1068 in
614 1028 883 1084 prasens,
919 1014 1019 1083 qui
1051 1018 1305 1070 castrum
1352 1014 1497 1071 illud
1533 1021 1589 1072 et
1612 1018 1737 1087 ejus
1774 1019 1930 1074 circa

253 1100 562 1169 regionem
610 1101 938 1157 inhabitant
976 1102 1276 1158 intuentur
1316 1106 1374 1158 et
1407 1104 1736 1176 pradicant,
1768 1111 1826 1161 et
1856 1106 1926 1162 ad

254 1187 549 1258 quosdam
590 1189 762 1244 etiam
803 1189 1129 1258 principum
1159 1194 1331 1260 atque
1362 1197 1685 1262 magnatum
1728 1207 1930 1262 perve-

250 1278 365 1346 nit,
415 1277 669 1348 dignum
706 1283 792 1333 est
839 1282 894 1334 et
940 1277 1101 1333 vobis
1152 1292 1380 1348 quoque
1422 1281 1825 1351 sanctissimis,
1872 1287 1927 1337 et

252 1379 356 1435 per
371 1380 486 1421 vos
506 1366 776 1421 omnibus
800 1366 901 1436 qui
930 1365 1140 1422 ibidem
1169 1374 1303 1421 sunt
1332 1369 1537 1439 sancti,
1583 1382 1680 1438 per
1705 1369 1928 1425 litteras

252 1454 380 1509 ﬁeri
416 1452 883 1510 manifestum'in
920 1455 1160 1526 gloriam
1183 1460 1239 1510 et
1269 1456 1491 1511 laudem
1519 1458 1619 1512 Dei
1652 1459 1750 1528 qui
1786 1456 1926 1514 facit

250 1542 562 1597 mirabilia
597 1543 657 1597 in
694 1543 908 1598 sanctis
932 1542 1056 1598 suis
1088 1548 1146 1598 et
1174 1543 1456 1615 gloriﬁcat
1483 1546 1809 1601 memoriam
1837 1561 1925 1602 eo-

2044 754 2323 810 stensium
2354 760 2412 812 et
2440 759 2726 815 maturius
2763 760 2823 815 in
2864 758 3233 817 Schemareos
3255 764 3506 817 castrum
3545 758 3696 817 mitti

2043 843 2328 912 pracepit.

2109 930 2340 987 Factum
2373 932 2589 990 interea
2612 938 2717 1006 est,
2749 949 2879 993 cum
2918 934 3192 993 ducerent
3221 950 3310 993 me
3348 937 3408 993 in
3429 937 3546 1007 jam
3586 951 3698 995 no-

2039 1020 2319 1075 minatum
2349 1026 2620 1093 castrum,
2655 1029 2719 1080 ut
2758 1024 2858 1081 ille
2884 1025 3092 1081 iterum
3124 1025 3434 1096 pelleretur
3470 1029 3529 1082 et
3549 1032 3698 1083 esset

2038 1104 2316 1178 profugus
2364 1110 2462 1165 ubi
2515 1117 2571 1166 et
2616 1111 2864 1181 primum
2913 1111 3121 1169 fuerat.
3175 1113 3461 1168 Excitavit
3505 1119 3695 1170 autem

2036 1194 2186 1250 Deus
2218 1196 2488 1264 spiritum
2538 1213 2706 1254 suum
2748 1200 2805 1254 in
2855 1200 2978 1255 viro
3025 1199 3159 1256 boni
3212 1200 3561 1270 amulatore,
3592 1201 3692 1273 qui

2035 1282 2136 1336 Dei
2182 1282 2384 1339 habeat
2428 1286 2487 1340 in
2541 1301 2601 1342 se
2648 1288 2909 1343 timorem
2961 1289 3175 1357 pariter
3226 1293 3281 1344 et
3322 1303 3591 1361 amorem,
3635 1294 3694 1345 et

2036 1382 2166 1424 vero
2193 1371 2534 1442 pheronyme
2557 1372 2586 1414 ι)
2617 1375 2951 1446 vigilantem
2991 1377 3303 1433 secundum
3341 1378 3518 1433 Deum
3552 1391 3692 1447 pos-

2035 1457 2219 1514 sideat
2245 1466 2507 1525 mentem,
2551 1463 2806 1533 quicum
2850 1467 2964 1520 Deo
2993 1479 3144 1521 nunc
3191 1470 3393 1535 praest
3442 1467 3686 1538 regioni,

2032 1549 2109 1614 et,
2162 1547 2335 1602 Deum
2406 1549 2667 1605 imitante
2722 1552 3200 1608 condescensione
3270 1568 3368 1609 seu
3422 1567 3690 1623 compas-

250 1643 379 1684 rum
416 1631 525 1700 qui
560 1644 621 1685 se
663 1630 976 1686 orthodoxe
1013 1644 1076 1686 ac
1101 1631 1322 1686 sincere
1351 1630 1690 1703 gloriﬁcant.
1725 1634 1783 1689 Id
1812 1640 1916 1703 est,
1950 1621 2002 1682 Β
2033 1632 2193 1688 sione
2228 1640 2433 1705 motus,
2464 1638 2695 1692 reduxit
2734 1652 2821 1693 me
2847 1652 2879 1693 a
2904 1640 2995 1694 via
3026 1639 3225 1695 crebro
3249 1640 3391 1696 dicti
3434 1621 3693 1697 Schema-

248 1725 366 1773 tres
394 1718 699 1788 lampades
724 1717 977 1774 lucifera
1013 1732 1110 1788 per
1131 1719 1391 1790 singulas
1424 1724 1616 1775 noctes
1659 1727 1919 1778 sanctum

247 1809 440 1864 sancti
494 1809 663 1864 illius
705 1807 972 1878 martyris
1018 1807 1249 1862 Maximi
1290 1816 1718 1865 monumentum
1775 1811 1920 1867 illu—

245 1903 463 1953 strant.
530 1898 659 1953 Hac
715 1896 787 1952 de
853 1894 1208 1951 memorabili
1264 1895 1370 1951 hoc
1436 1896 1580 1966 viro,
1639 1898 1919 1969 beatoque

245 1984 563 2040 Anastasio
622 1985 735 2039 Deo
804 1980 1241 2038 honorabilibus
1293 1982 1473 2052 vobis,
1529 1988 1586 2040 et
1646 1999 1744 2054 per
1817 1999 1917 2042 vos

212 2090 227 2096 '
245 2074 405 2129 omni
431 2076 650 2128 sancta
675 2073 795 2141 Dei,
825 2086 951 2141 qua
972 2072 1096 2129 illic
1123 2076 1183 2130 in
1205 2077 1355 2126 recta
1381 2072 1490 2129 fide
1513 2074 1687 2145 degit,
1716 2074 1917 2130 Eccle-

245 2162 345 2217 sia
372 2162 636 2216 breviter
654 2163 950 2218 annotavi:
986 2169 1267 2234 quatenus
1294 2168 1350 2220 et
1368 2179 1486 2236 vos,
1520 2164 1614 2219 his
1640 2162 1909 2235 cognitis,

244 2250 597 2322 glorificetis
620 2251 817 2321 Deum,
850 2252 947 2322 qui
988 2257 1075 2308 est
1114 2252 1401 2308 mirabilis
1438 2253 1496 2307 in
1530 2252 1744 2308 sanctis
1764 2252 1908 2307 suis.

311 2341 547 2394 Interea
579 2344 637 2393 et
671 2353 797 2409 qua
822 2340 965 2394 mihi
1008 2340 1289 2410 peccatori
1316 2346 1371 2396 et
1400 2341 1608 2411 exiguo
1640 2344 1765 2411 post
1795 2340 1912 2395 hac

240 2428 640 2498 contigerunt,
674 2432 730 2482 et
761 2428 819 2482 in
851 2429 1063 2499 quibus
1085 2429 1214 2500 sim,
1239 2430 1361 2499 pari
1406 2429 1571 2484 modo
1612 2428 1914 2498 perpaucis

242 2514 652 2572 manifestabo.
702 2516 839 2571 Cum
878 2517 1029 2572 enim
1088 2516 1346 2574 fecissem
1395 2519 1541 2573 duos
1589 2530 1807 2572 menses
1852 2516 1911 2571 in

239 2609 433 2660 castro
484 2605 779 2674 pradicta
818 2605 1108 2676 Thacyria
1155 2607 1217 2661 in
1256 2605 1592 2661 inﬁrmitate
1637 2606 1908 2676 rejacens,

238 2698 292 2747 et
323 2691 659 2761 pauxillum
683 2692 820 2762 quid
860 2693 1113 2763 requiem
1150 2692 1388 2750 fuissem
1419 2695 1676 2763 adeptus,
1708 2708 1911 2750 rursus

240 2781 405 2836 misit
450 2794 545 2835 me
577 2780 1017 2851 tunc_princeps
1042 2782 1125 2837 'ad
1164 2788 1352 2851 partes
1379 2783 1615 2852 Apsilia
1646 2788 1702 2839 et
1740 2783 1912 2838 Misi-

239 2870 449 2925 miana
494 2870 773 2925 custodia
824 2870 1260 2940 mancipandum
1312 2871 1370 2925 in
1406 2877 1593 2927 castro
1626 2872 1906 2928 Phustas:

2033 1732 2159 1775 reos
2205 1722 2380 1777 castri
2407 1728 2463 1778 et
2503 1725 2810 1780 constituit
2835 1740 2921 1780 me
2969 1726 3133 1796 quasi
3162 1728 3464 1797 quinque°
3504 1727 3690 1799 signis

2031 1808 2263 1880 longius
2312 1824 2344 1866 a
2390 1812 2677 1869 divinitus
2705 1815 3080 1870 custodienda
3123 1816 3290 1872 domo
3338 1816 3532 1872 suain
3566 1815 3688 1872 loco

2030 1897 2334 1956 monachos
2390 1900 2667 1955 veraciter
2717 1902 3076 1971 condecente,
3126 1903 3381 1972 prabens
3430 1916 3685 1958 necessa-

2027 1984 2144 2039 rias
2176 1984 2497 2057 largissime
2525 1989 2783 2059 corporis
2812 1990 3115 2045 utilitates.
3161 1991 3266 2045 Pro
3306 1989 3520 2060 quibus
3556 2003 3687 2044 om-

2026 2072 2199 2128 nibus
2231 2073 2499 2132 Christus
2527 2090 2695 2133 verus
2719 2080 2889 2147 Deus,
2925 2092 3024 2147 per
3049 2077 3506 2147 intercessiones,
3554 2091 3680 2148 qua

2028 2161 2193 2218 illum
2217 2164 2530 2220 secundum
2559 2178 2785 2221 carnem
2811 2166 3031 2237 genuit,
3060 2166 3161 2220 Dei
3192 2165 3495 2237 genitricis
3524 2178 3683 2221 sem-

2024 2265 2236 2322 perque
2257 2252 2514 2323 Virginis
2536 2253 2749 2323 Maria,
2798 2267 2863 2309 ac
2892 2254 3148 2309 omnium
3183 2256 3510 2309 sanctorum
3542 2267 3681 2324 pro-

2024 2343 2175 2409 tegat
2207 2353 2337 2395 eum
2381 2352 2493 2395 una
2531 2344 2661 2395 cum
2690 2340 2952 2397 amandis
2990 2342 3132 2397 filiis
3178 2341 3321 2412 suis,
3358 2346 3529 2411 atque
3572 2342 3683 2397 ho—

2024 2426 2271 2482 norabili
2305 2427 2507 2483 horum
2539 2442 2604 2484 ac
2626 2443 2861 2499 prorsus
2883 2428 3160 2485 laudabili
3186 2433 3382 2498 matre,
3414 2428 3486 2485 ab
3523 2429 3677 2485 omni

2021 2520 2245 2569 caterva
2266 2516 2771 2587 malignantiumet
2793 2517 3167 2573 multitudine
3186 2517 3545 2586 operantium
3570 2516 3684 2572 ini-

2024 2604 2319 2675 quitatem,
2342 2605 2561 2660 donans
2584 2605 2706 2662 illis
2735 2606 3012 2662 bonorum
3044 2604 3429 2675 refectionem,
3449 2610 3515 2661 ut
3543 2619 3689 2661 sem-

2022 2705 2122 2760 per
2149 2706 2370 2749 omnem
2393 2693 2791 2751 sufﬁcientiam
2826 2693 3096 2749 habentes
3114 2692 3405 2749 abundent
3430 2693 3489 2748 in
3516 2707 3682 2750 omne

2020 2795 2164 2851 opus
2177 2782 2407 2850 bonum,
2423 2789 2479 2838 et
2490 2784 2735 2839 statione
2752 2783 3051 2853 faciateos,
3068 2797 3192 2853 qua
3205 2782 3472 2839 adextris
3484 2781 3680 2841 futura

2017 2874 2122 2939 est,
2143 2870 2371 2941 dignos,
2396 2877 2568 2942 atque
2596 2872 2851 2927 divinam
2875 2872 3032 2927 illam
3057 2875 3114 2927 et
3139 2871 3339 2927 mirem
3368 2885 3560 2927 vocem
3589 2886 3684 2929 ex-

236 2965 309 3028 et,
340 2964 412 3014 ut
431 2958 702 3014 absolute
719 2959 928 3029 dicam,
957 2963 1168 3029 septem
1204 2959 1497 3015 mensibus
1521 2959 1689 3015 duxit
1709 2965 1766 3016 et
1785 2961 1910 3016 cir—
1936 2946 1987 3011 C
2019 2963 2227 3027 pertos,
2260 2973 2385 3028 qua
2412 2959 2595 3014 dicet:
2634 2961 2843 3030 Ventte,
2882 2961 3148 3015 benedicti
3172 2962 3355 3016 Patris
3390 2964 3515 3024 mei,
3560 2962 3681 3017 ha—

235 3046 788 3115 cumduxitme‘per
815 3060 1011 3102 omnes
1046 3047 1346 3117 pradictas
1388 3048 1646 3118 regiones
1688 3049 1905 3103 nudum

236 3139 291 3189 et
315 3133 758 3204 discalceatum,
806 3139 863 3188 et
899 3134 1163 3203 peditem,
1197 3139 1252 3190 et
1300 3133 1514 3206 frigore
1560 3149 1625 3190 ac
1667 3135 1813 3192 fame
1851 3142 1908 3191 et

236 3222 337 3276 siti
382 3222 749 3292 depressum,
800 3220 996 3277 volens
1037 3220 1287 3291 profecto
1326 3227 1381 3277 et
1430 3236 1517 3276 me
1564 3238 1789 3293 quoque
1835 3224 1906 3279 ab

238 3308 339 3379 hac
370 3309 673 3379 detergere
710 3308 844 3363 vita.
891 3308 995 3363 Sed
1038 3311 1229 3365 nescio
1269 3311 1408 3381 quid
1452 3324 1625 3380 super
1662 3325 1749 3366 me
1792 3312 1908 3367 hu-

236 3398 436 3454 milem
456 3397 775 3467 pravidens
796 3399 963 3469 Deus,
984 3400 1083 3470 qui
1101 3401 1292 3456 omnia
1308 3400 1527 3456 salubri
1552 3402 1907 3470 providentia

234 3499 333 3540 sua
395 3484 689 3555 producit,
738 3500 920 3557 usque
957 3501 1109 3543 nunc
1151 3489 1507 3544 conservavit
1560 3503 1647 3544 me
1685 3489 1744 3544 in
1802 3490 1908 3545 hac

236 3572 557 3629 multarum
602 3572 1044 3630 tribulationum
1076 3580 1133 3631 et
1163 3577 1410 3632 miseria
1454 3577 1589 3632 vita.
1632 3578 1763 3632 Post
1786 3577 1909 3632 ali—

234 3667 379 3730 quot
420 3661 619 3730 itaque
641 3660 767 3717 dies
797 3661 1033 3731 pellitur
1077 3663 1241 3718 illinc
1269 3664 1577 3733 pradictus
1616 3663 1895 3734 princeps.

233 3748 571 3817 Deindeque
600 3751 909 3805 succedens
937 3749 1090 3806 alius
1122 3752 1293 3819 ,visus
1320 3757 1407 3807 est
1442 3752 1705 3821 compati.
1751 3755 1905 3808 Inter

233 3848 362 3904 quae
394 3835 568 3890 duxit
609 3850 696 3891 me
733 3837 893 3906 juxta
928 3838 1159 3893 domum
1209 3851 1368 3894 suam
1401 3843 1686 3907 receptum
1717 3852 1751 3894 a
1782 3839 1900 3907 jam

234 3929 552 3979 memorato
599 3930 787 3981 castro
832 3926 1255 3982 Phustensium.
1303 3928 1372 3981 Et
1420 3932 1548 3995 post
1588 3940 1801 3983 annum
1831 3941 1899 3982 ex

232 4011 529 4067 diabolica
572 4014 901 4083 operatione
944 4019 1131 4069 motus
1168 4013 1419 4069 destinat
1459 4028 1545 4069 me
1568 4014 1650 4082 ,ad
1682 4015 1900 4083 pradi-

233 4106 393 4156 ctum
432 4106 706 4157 castrum.
757 4103 862 4158 Sed
914 4104 1063 4157 Deus
1108 4103 1407 4158 remetitur
1456 4102 1550 4158 his
1601 4103 1702 4172 qui
1759 4103 1897 4159 aliis

236 4190 654 4246 remetiuntur:
680 4191 871 4246 eadem
912 4190 1008 4245 die
1038 4203 1150 4260 qua
1182 4204 1268 4245 me
1302 4191 1542 4260 pepulit,
1581 4190 1783 4260 pulsus
1808 4197 1897 4247 est

2014 3046 2516 3117 reditatepercipite
2538 3053 2915 3119 praeparatum
2937 3050 3086 3103 vobis
3106 3064 3333 3116 regnum
3370 3050 3439 3103 ab
3468 3052 3679 3118 origine

2014 3135 2228 3197 mundi,
2252 3137 2385 3203 quia
2404 3136 2591 3205 hospes
2616 3139 2724 3203 fui,
2756 3141 2806 3190 et
2842 3137 3132 3203 collegistis
3155 3151 3238 3189 me
3280 3136 3496 3203 (Matth.
3538 3151 3677 3192 xxv,

2015 3219 2104 3283 3i,
2144 3220 2277 3294 35);
2310 3228 2366 3278 et
2406 3229 2627 3288 catera,
2673 3237 2856 3278 amen.
2905 3223 3152 3278 Obsecro
3181 3227 3369 3278 autem
3422 3224 3678 3281 sanctis-

2017 3310 2193 3366 simos
2217 3324 2315 3366 vos
2344 3311 2535 3366 eadem
2565 3325 2664 3380 pro
2710 3311 2855 3380 ipsis
2887 3311 3174 3379 postulare
3206 3311 3265 3364 in
3291 3312 3509 3368 sanctis
3538 3325 3679 3367 ora-

2018 3397 2277 3454 tionibus
2307 3398 2530 3468 vestris,
2555 3404 2611 3454 et
2642 3398 2886 3454 maxime
2914 3412 3043 3453 cum
3068 3397 3128 3452 in
3160 3398 3377 3452 sanctis
3400 3404 3457 3453 et
3476 3399 3677 3455 colen-

2014 3485 2109 3540 dis
2138 3486 2458 3541 oraveritis.
2482 3487 2655 3557 Digni
2687 3487 2901 3557 quippe
2931 3491 3067 3541 sunt
3110 3484 3325 3555 quibus
3360 3485 3478 3541 hac
3523 3501 3676 3556 pra—

2016 3574 2198 3629 stetis.
2248 3574 2381 3629 Filii
2427 3575 2579 3629 enim
2625 3574 2877 3646 germani
2911 3574 3169 3629 existunt
3214 3577 3423 3629 sancta
3455 3574 3673 3630 Christi

2014 3661 2115 3716 Dei
2166 3662 2347 3717 nostri
2392 3661 2747 3719 Anastaseos.
2790 3662 3048 3733 Denique
3077 3661 3426 3731 Stephanum
3459 3662 3560 3731 qui
3610 3663 3670 3718 in

2012 3752 2229 3807 sanctis
2265 3756 2369 3821 est,
2405 3751 2588 3807 filium
2622 3750 2890 3806 videlicet
2918 3749 3068 3804 beati
3097 3747 3333 3804 Joannis
3357 3748 3673 3818 presbyteri

2011 3841 2112 3910 qui
2142 3839 2501 3895 cimiliarcha
2531 3839 2908 3894 sanctissima
2940 3837 3105 3893 illius
3128 3834 3394 3891 Ecclesia
3423 3834 3555 3903 fuit,
3586 3850 3677 3892 ve-

2011 3928 2258 3984 nientem
2283 3927 2343 3981 in
2372 3927 2514 3982 hanc
2534 3927 2842 3997 regionem,
2877 3930 2940 3981 ut
2959 3924 3203 3992 asserui,
3234 3923 3302 3978 ad
3346 3924 3676 3994 requisitio-

2009 4027 2133 4069 nem
2160 4014 2510 4069 humilitatis
2532 4028 2665 4069 mea
2698 4014 2810 4084 ipsi
2837 4028 2967 4069 cum
2990 4013 3145 4069 omni
3175 4011 3370 4067 studio
3388 4019 3445 4066 et
3460 4012 3674 4083 gaudio

2007 4107 2382 4172 susceperunt
2420 4106 2477 4157 et
2518 4102 2957 4171 honoraverunt,
2994 4106 3050 4157 et
3079 4114 3302 4157 omnem
3343 4099 3675 4156 subvectio—

2007 4204 2132 4246 nem
2177 4188 2203 4227 ἀ
2233 4190 2301 4245 ad
2350 4190 2787 4260 requisitionem
2828 4190 2937 4244 mei
2996 4189 3348 4259 tribuerunt,
3399 4194 3670 4259 tanquam

236 4277 398 4347 hinc,
457 4284 513 4333 et
562 4277 808 4334 efﬁcitur
858 4276 1137 4349 profugus
1191 4279 1252 4333 in
1307 4278 1523 4334 Christi
1575 4267 1977 4335 amatorumD
2008 4278 2226 4335 homini
2251 4277 2959 4348 profectosanctaChristi
2981 4278 3080 4332 Dei
3107 4277 3289 4334 nostri
3308 4276 3672 4333 Anastaseos-

236 4367 474 4440 regione
521 4366 890 4438 Abasgorum.
938 4368 1008 4421 Et
1048 4366 1294 4422 consilio
1335 4372 1564 4437 accepto
1594 4380 1626 4422 a
1676 4368 1892 4424 Christi

232 4454 446 4509 amicis
479 4454 580 4523 qui
628 4454 751 4508 illic
800 4460 964 4509 erant
1005 4453 1388 4525 principibus,
1438 4455 1619 4527 magis
1655 4468 1892 4524 compa-

235 4541 420 4596 tiendi
451 4554 617 4610 quam
664 4554 750 4595 me
800 4542 1101 4596 minimum
1134 4542 1531 4612 persequendi,
1577 4551 1632 4599 et
1669 4543 1892 4597 oratio-

233 4642 363 4699 nem
393 4642 427 4683 a
473 4642 558 4683 me
596 4629 788 4698 potius
832 4643 1001 4701 quam
1041 4631 1314 4701 gemitum
1361 4632 1715 4701 percipiendi
1755 4628 1889 4702 (ipsi

232 4718 450 4786 quippe
477 4718 647 4772 amici
672 4718 885 4773 Christi
919 4719 1209 4789 principes
1233 4719 1493 4791 Abasgia
1522 4719 1892 4790 compatiun—

232 4811 330 4860 tur
370 4805 576 4860 humili
615 4806 781 4877 mihi,
811 4821 1135 4878 quanquam
1173 4809 1486 4864 nescierint
1522 4809 1648 4881 me),
1688 4821 1894 4877 repro-

232 4894 399 4949 misit
430 4895 663 4964 quidem
712 4895 855 4966 illis,
892 4898 1043 4967 quod
1098 4898 1149 4953 si
1195 4899 1382 4954 exiret
1427 4898 1579 4969 inde,
1611 4903 1667 4953 et
1713 4897 1891 4953 resti—

232 4987 492 5037 tueretur
539 4983 599 5037 in
632 4984 982 5055 principatu,
1020 4986 1213 5041 omnia
1245 5002 1370 5057 qua
1418 4986 1604 5043 forent
1628 4989 1696 5043 ad
1730 4987 1889 5044 sola—

232 5071 378 5127 tium
425 5076 483 5127 et
534 5070 897 5144 refrigerium
952 5088 1138 5131 meum
1202 5076 1510 5146 perﬁceret.
1559 5078 1701 5132 Dein
1763 5083 1889 5147 post

233 5173 445 5226 paucos
467 5161 613 5229 dies,
659 5163 849 5218 nescio
881 5164 1031 5219 unde
1054 5165 1308 5236 adjutus,
1338 5167 1631 5237 egreditur
1657 5167 1887 5237 quidem

301 5263 516 5328 Quinta
559 5265 739 5329 dicta,
774 5271 840 5321 ut
875 5269 1137 5323 emendat
1164 5269 1455 5325 Combeﬁs.

306 5340 333 5382 b
367 5334 676 5420 φςεονύμως
706 5364 717 5399 :
751 5348 1121 5404 conveniente
1172 5349 1283 5418 ipsi
1339 5350 1569 5405 nomine
1620 5351 1887 5420 Gregorii,

239 5416 383 5483 quod
411 5415 559 5471 idem
591 5420 678 5471 est
720 5430 786 5472 ac
813 5420 964 5486 vigil.

2002 4367 2160 4422 Unde
2188 4371 2243 4423 et
2262 4366 2587 4422 subsidium
2618 4378 2814 4421 eorum
2839 4363 3053 4421 habens
3079 4365 3300 4422 invenit
3321 4379 3408 4421 me
3436 4369 3673 4420 sanctus

2004 4454 2104 4509 ille
2127 4456 2468 4524 Stephanus.
2514 4454 2609 4509 cui
2647 4452 2819 4508 faciat
2854 4453 3133 4509 Dominus
3156 4456 3308 4511 Deus
3338 4451 3674 4509 misericor-

2000 4543 2153 4597 diam
2181 4543 2239 4597 in
2269 4542 2369 4597 illa
2390 4542 2485 4597 die
2504 4540 2908 4612 justusjudex,
2938 4542 3033 4597 sed
3057 4546 3113 4596 et
3140 4542 3231 4599 his
3251 4542 3351 4612 qui
3376 4540 3673 4595 miserunt

2000 4645 2149 4699 eum,
2193 4631 2464 4701 quoniam
2506 4643 2697 4685 revera
2741 4643 2885 4699 opus
2924 4630 3283 4701 evangelista
3311 4628 3464 4685 fecit.
3500 4629 3665 4685 Sicut

1999 4719 2152 4773 enim
2201 4732 2383 4788 equus
2423 4717 2750 4787 spiritualis
2794 4730 3147 4773 ascensorem
3195 4717 3426 4789 habens,
3481 4717 3669 4787 ipsum

1997 4807 2224 4880 scilicet
2276 4808 2473 4872 Deum,
2507 4806 2704 4876 Deum,
2748 4806 2914 4874 juxta
2959 4805 3316 4874 Scripturam
3368 4819 3496 4877 qua
3548 4805 3666 4861 ait:

1996 4895 2309 4951 Ascendens
2333 4910 2497 4964 super
2533 4909 2696 4962 equos
2737 4898 2875 4955 tuos,
2922 4899 2973 4948 et
3014 4896 3292 4962 equitatus
3344 4900 3472 4949 tuus
3510 4909 3672 4949 sam—

1998 4990 2080 5039 tas
2126 4984 2355 5053 (Habar.
2418 4997 2505 5053 ur,
2561 4979 2640 5057 8),
2699 4986 2873 5037 totam
2924 4982 3202 5053 Lazicam,
3250 4987 3308 5038 et
3361 4983 3667 5061 Apsiliam,

1997 5080 2053 5129 et
2081 5072 2379 5145 Abasgiam
2408 5072 2761 5140 discurrens,
2812 5069 2937 5126 sine
2968 5070 3195 5141 timore,
3228 5076 3341 5127 tam
3374 5086 3500 5142 qua
3528 5069 3674 5125 veri.

2000 5163 2137 5219 tatis
2158 5176 2325 5232 quam
2348 5175 2473 5232 qua
2515 5160 2968 5216 subintroducta
3024 5160 3306 5217 novitatis
3343 5164 3524 5228 erant,
3555 5170 3667 5212 an-

2072 5282 2096 5311 c
2125 5269 2289 5325 Notis
2323 5267 2681 5323 milliarium.

2072 5339 2486 5395 dCombeﬁsius
2527 5339 2668 5410 legit
2703 5339 3125 5395 subventionem.
