4034 6158
393 203 498 261 663

1630 207 1981 262 ANASTASII
2035 205 2574 266 BIBLIOTHECARII

3704 213 3804 271 664

394 323 702 394 nuntiavit,
756 337 821 380 ac
860 324 1169 380 multorum
1209 327 1483 382 utilitatis
1524 331 1694 396 atque
1733 326 1960 389 salutis,
1989 328 2048 378 et
2069 322 2127 382 A
2160 327 2382 383 mittere
2413 330 2642 398 pralato
2673 331 2906 386 domino
2937 335 3132 386 nostro
3161 334 3215 386 et
3255 330 3629 400 amplissimo
3659 335 3818 403 patri.

394 427 530 470 mea
565 414 752 484 ipsius
797 413 1013 482 quietis
1039 419 1095 468 et
1127 414 1538 469 consolationis
1583 427 1753 468 causa
1797 413 1907 468 viri
1960 417 2043 468 est

394 505 541 561 facta
573 502 892 572 prasentia,
932 508 987 557 et
1023 515 1260 572 nequam
1303 515 1525 571 nomen,
1572 503 1720 572 quod
1753 501 1871 556 veri
1902 512 2048 568 apo—

395 596 553 648 stata
564 591 824 645 veritatis
846 589 1012 644 nobis
1038 589 1452 658 imposuerunt,
1479 595 1684 644 ettunc
1699 589 2044 658 dissipatum

387 685 496 748 est,
528 684 584 733 et
611 677 842 732 evidens
877 677 1076 732 multis
1097 677 1308 732 veritas
1339 675 1483 732 facta
1513 683 1615 732 est.

461 767 564 822 His
610 767 804 836 itaque
839 765 1007 820 bonis
1051 765 1144 820 hic
1189 765 1420 834 proprio
1461 765 1704 820 adventu
1748 763 2042 832 correctis,

393 855 608 912 nobilis
626 855 724 910 ille
740 853 848 924 vir,
872 853 1143 908 Kalendis
1169 854 1268 908 .lan
1281 853 1461 908 uariis
1480 859 1688 908 octava
1707 851 2048 907 indictionis

393 957 520 1016 qua
557 941 722 998 modo
749 940 1048 1011 praeteriit,
1078 941 1228 1010 apud
1266 940 1481 995 Christi
1510 940 1758 996 amicum
1788 939 2048 1009 Abasgia

392 1031 710 1103 principem
726 1029 1000 1085 dormivit
1023 1029 1080 1082 in
1104 1028 1364 1083 Domino.
1387 1027 1491 1082 Cui
1520 1041 1733 1096 omnes,
1763 1027 1864 1096 qui
1895 1027 2048 1080 hunc

391 1123 690 1186 noverunt,
715 1123 780 1173 ut
805 1122 1001 1172 sancto
1033 1115 1284 1186 requiem
1307 1121 1664 1184 exoptarunt.
1694 1115 2049 1183 Quapropter

392 1206 691 1278 Oportebat
719 1204 994 1274 quosdam
1015 1215 1082 1258 ex
1112 1203 1460 1258 vestratibus
1486 1203 1581 1256 Dei
1613 1201 1966 1256 amatoribus
1995 1207 2052 1256 et

391 1295 704 1352 secundum
745 1293 1044 1349 scientiam
1081 1290 1261 1346 zelum
1297 1291 1397 1346 Dei
1429 1289 1772 1345 habentibus
1814 1290 1926 1344 huc
1951 1304 2054 1345 ve-

391 1383 538 1452 nire,
561 1387 618 1438 et
639 1395 763 1452 qua
797 1381 1057 1436 veritatis
1080 1383 1136 1434 et
1159 1393 1258 1448 pro
1295 1379 1530 1434 veritate
1561 1387 1694 1433 sunt
1733 1378 2046 1449 testiﬁcari,

393 1476 456 1526 ut
485 1477 541 1527 et
585 1471 923 1527 orthodoxia
961 1468 1141 1540 magis
1174 1467 1587 1522 convalesceret
1628 1472 1684 1522 et
1727 1467 2052 1522 introducta

391 1560 616 1615 novitas
655 1572 754 1628 per
781 1557 1032 1626 amplius
1061 1561 1414 1626 argueretur.
1449 1555 1552 1610 Sed
1595 1561 1650 1608 et
1677 1568 1779 1625 ego
1813 1555 2054 1609 humilis

2155 414 2245 469 cio
2274 422 2329 470 et
2380 431 2507 472 cum
2546 419 2659 474 Deo
2711 419 2984 490 magistro
3029 419 3340 489 Gregorio.
3384 419 3672 487 Quatenus
3721 421 3814 477 hoc

2158 499 2448 572 facientes,
2473 505 2806 574 percipiatis
2824 506 2922 576 qui
2949 519 3016 560 ex
3043 507 3166 575 ipso
3189 505 3547 574 profecerim
3565 505 3756 562 bonam
3776 521 3802 562 a

2153 588 2380 645 Christo
2407 592 2521 647 Deo
2552 599 2746 648 nostro
2781 594 3109 648 mercedem.

2227 677 2496 733 Praterea
2541 679 2672 735 misi
2718 681 2786 736 ad
2832 693 3078 750 prasens
3106 693 3234 736 cum
3271 679 3385 735 hac
3427 680 3672 750 epistola
3701 695 3807 736 mea

2152 765 2266 818 Deo
2311 765 2748 824 honorabilibus
2777 767 2960 837 vobis,
2993 773 3049 822 et
3079 781 3178 838 per
3201 781 3303 822 vos
3334 767 3714 824 sanctissima
3749 783 3807 826 ac

2156 851 2484 908 orthodoxa
2515 869 2640 924 qua
2663 855 2786 910 illic
2817 861 2902 910 est
2915 855 3202 923 Ecclesia,
3237 855 3496 910 rotulam
3529 855 3806 912 habentem

2159 941 2490 997 testimonia
2514 957 2582 998 ex
2610 943 2788 999 dictis
2811 944 2996 1000 sancti
3025 943 3314 1013 Hippolyti
3343 943 3603 1013 episcopi
3627 945 3808 1002 Portus

2158 1028 2418 1097 Romani,
2441 1044 2506 1085 ac
2532 1032 2798 1101 martyris
2833 1031 3048 1086 Christi
3087 1031 3187 1086 Dei
3216 1031 3444 1086 nostri:
3500 1045 3612 1102 quo
3631 1038 3684 1087 et
3724 1047 3809 1103 per

2161 1129 2224 1170 ea
2265 1129 2428 1171 nosse
2469 1117 2724 1174 habeatis
2774 1132 2942 1188 quam
2971 1118 3336 1175 concorditer
3379 1132 3514 1174 cum
3545 1118 3678 1174 aliis
3711 1133 3809 1175 om-

2162 1202 2336 1258 nibus
2369 1206 2584 1260 sanctis
2612 1205 2880 1261 Patribus
2919 1210 2976 1262 et
3003 1205 3180 1262 ardue
3225 1206 3378 1261 duas
3408 1206 3707 1262 salvatoris
3730 1220 3812 1262 no-

2163 1291 2268 1344 stri
2311 1291 2440 1346 Jesu
2487 1293 2701 1348 Christi
2753 1293 3020 1362 pradicet
3046 1297 3284 1348 naturas
3332 1298 3394 1347 et
3436 1293 3807 1363 operationes:

2163 1377 2385 1433 refellat
2407 1385 2593 1434 autem
2620 1394 2717 1436 eos
2739 1381 2839 1450 qui
2868 1395 3033 1436 unam
3067 1381 3461 1450 operationem
3484 1387 3541 1436 et
3571 1387 3809 1436 naturam

2165 1481 2334 1522 unam
2371 1467 2702 1524 divinitatis
2740 1475 2796 1524 et
2836 1469 3214 1524 humanitatis
3241 1470 3376 1538 ejus
3405 1469 3806 1540 dogmatizant:

2165 1561 2359 1624 utpote
2405 1557 2944 1612 convertibilitatem
3003 1557 3176 1613 simul
3235 1563 3296 1612 et
3351 1556 3806 1626 commistioncm,

391 1647 780 1704 consolatione
805 1659 870 1700 ac
911 1643 1219 1699 refectione
1250 1643 1482 1712 potirer,
1534 1648 1589 1696 et
1630 1642 1920 1697 venientes
1946 1641 2052 1697 bo-
2085 1643 2130 1701 B
2163 1641 2670 1714 confusionemque
2695 1658 2760 1699 ac
2788 1645 3130 1701 divisionem
3175 1645 3492 1714 utriusque
3520 1644 3700 1713 ipsius
3717 1656 3812 1698 na-

392 1749 521 1792 nam
551 1749 583 1790 a
603 1733 832 1789 Christo
861 1733 996 1802 Deo,
1025 1745 1126 1800 pro
1154 1744 1268 1800 quo
1307 1730 1478 1785 etiam
1505 1744 1676 1785 causa
1696 1735 1803 1800 est,
1835 1742 2056 1784 merce-

388 1824 516 1879 dem
568 1822 962 1892 perciperent;
1007 1824 1064 1874 et
1107 1819 1352 1874 maxime
1387 1831 1515 1874 cum
1544 1831 1726 1887 usque
1771 1817 1840 1872 ad
1878 1817 2055 1872 Hibe-

391 1912 536 1966 riam
570 1909 756 1978 illinc,
808 1913 873 1964 ut
899 1907 1104 1972 didici,
1146 1906 1402 1976 veniant,
1451 1906 1622 1974 cujus
1651 1905 1734 1960 rei
1771 1905 1955 1975 gratia
1998 1910 2055 1959 et

393 1999 505 2054 huc
558 1996 796 2052 minime
832 1995 1090 2050 veniunt.
1140 1991 1388 2048 Obsecro
1443 1993 1625 2062 igitur
1661 1991 2056 2047 sanctissimos

390 2091 509 2156 vos,
553 2083 604 2139 si
645 2082 920 2154 possibile
959 2081 1156 2149 fuerit,
1193 2079 1509 2135 transmitti
1552 2079 1695 2134 mihi
1729 2093 1827 2148 per
1852 2093 2058 2148 quem—

395 2187 564 2247 quam
597 2171 816 2228 ﬁdelem
860 2170 1070 2240 virum,
1112 2183 1180 2224 ex
1231 2169 1325 2224 his
1375 2168 1472 2238 qui
1502 2168 1572 2223 ad
1615 2168 1905 2223 Hiberiam
1958 2181 2061 2222 ve—

393 2263 588 2332 niunt,
631 2260 883 2316 codicem
937 2271 1132 2313 eorum
1177 2271 1303 2326 qua
1349 2257 1622 2312 canonice
1663 2261 1819 2326 gesta
1870 2260 2060 2310 sunta

393 2356 588 2407 sancta
622 2353 679 2404 et
710 2347 1024 2418 apostolica
1068 2346 1282 2416 synodo
1322 2359 1448 2414 qua
1497 2357 1595 2412 per
1642 2357 1857 2398 sacram
1909 2358 2061 2412 pra—

391 2439 708 2509 ceptionem
754 2435 937 2491 sancti
986 2432 1254 2502 martyris
1304 2439 1358 2486 et
1405 2431 1706 2500 apostolici
1737 2444 1803 2485 ac
1847 2431 2056 2485 summi

393 2540 552 2598 papa
579 2523 813 2579 Martini
843 2523 903 2577 in
933 2521 1156 2582 seniore
1189 2523 1358 2575 Roma
1378 2525 1465 2575 est
1493 2519 1775 2574 celebrata
1801 2536 1814 2572 :
1853 2524 2059 2588 quate-

394 2629 506 2672 nus
537 2612 720 2669 multo
747 2611 930 2681 magis
967 2623 1126 2664 sacra
1153 2615 1478 2664 sanctorum
1510 2609 1739 2662 Patrum
1771 2607 2054 2678 dogmata,

393 2707 451 2758 et
479 2713 606 2773 qua
639 2698 778 2755 olim
808 2703 863 2752 et
894 2709 1045 2752 nunc
1074 2702 1282 2750 exorta
1308 2700 1442 2750 sunt
1487 2695 1881 2749 hareticorum
1915 2692 2059 2748 abo—

397 2788 766 2854 minationes,
797 2783 1177 2840 evidentiores
1207 2783 1302 2838 hic
1331 2781 1536 2851 positis
1573 2780 1912 2836 eﬁiciantur.
1945 2781 2058 2836 iioc

395 2879 549 2938 enim
587 2871 982 2931 tantummodo
1027 2871 1199 2926 etiam
1242 2869 1408 2924 inviti
1440 2875 1496 2924 et
1541 2869 1796 2924 nolentes
1839 2867 2060 2922 faciunt

2164 1737 2305 1786 tura
2326 1731 2750 1788 annuntiantes.
2792 1731 3039 1800 Quarite
3059 1746 3195 1788 sane
3218 1732 3540 1804 diligenter
3562 1731 3811 1800 hujusce-

2166 1819 2318 1874 modi
2353 1833 2576 1874 sacrum
2608 1820 2794 1875 Patris
2823 1820 2989 1876 illius
3014 1819 3250 1889 librum,
3279 1819 3598 1875 secundum
3625 1831 3810 1887 super-

2165 1907 2533 1976 scriptionem
2577 1921 2704 1978 qua
2729 1907 3080 1964 testimoniis
3106 1907 3461 1978 praeminet.
3486 1907 3544 1962 Si
3573 1905 3713 1961 enim
3740 1904 3811 1959 in-

2165 1996 2438 2052 veneritis
2466 2010 2615 2065 eum,
2663 1995 2839 2051 multa
2868 2001 2924 2052 et
2951 1995 3269 2052 necessaria
3319 1995 3586 2064 poteritis
3609 2008 3672 2049 ex
3700 1993 3808 2062 ipso

2167 2085 2352 2156 legere
2399 2083 2726 2140 testimonia
2779 2097 2952 2154 super
3006 2083 3219 2139 eisdem
3275 2083 3595 2138 Salvatoris
3650 2079 3807 2137 nostri

2170 2173 2393 2228 naturis
2431 2177 2486 2228 et
2523 2171 2972 2242 operationibus.
3033 2173 3192 2227 Hunc
3217 2172 3440 2241 quippe
3483 2169 3686 2226 librum
3715 2171 3810 2238 By-

2170 2261 2346 2316 zantii
2389 2260 2574 2331 nobis,
2623 2266 2923 2330 antequam
2970 2259 3121 2328 passi
3168 2257 3510 2328 fuissemus,
3562 2257 3806 2324 delatum,

2169 2363 2299 2404 cum
2327 2349 2478 2403 hunc
2503 2353 2683 2403 totum
2711 2347 2982 2403 vellemus
3007 2346 3418 2416 transcribere,
3453 2345 3642 2400 subito
3665 2345 3810 2412 juxta

2167 2437 2636 2492 consuetudinem
2668 2448 2828 2492 suam
2852 2435 3184 2491 insistentes
3207 2433 3528 2490 adversarii
3551 2433 3806 2487 latronum

2170 2537 2323 2579 more
2345 2529 2676 2593 rapuerunt,
2709 2528 2764 2578 et
2803 2537 2912 2578 non
2938 2522 3224 2577 valuimus
3263 2535 3340 2576 ex
3368 2522 3492 2592 ipso
3537 2519 3805 2590 plusquam

2169 2611 2288 2666 hac
2329 2617 2456 2667 octo
2487 2611 2814 2666 testimonia
2846 2610 3064 2667 tollere.
3097 2610 3256 2678 Quod
3282 2623 3424 2666 vero
3454 2622 3540 2664 me
3569 2608 3625 2662 in
3648 2605 3808 2662 medio

2167 2713 2365 2755 eorum
2393 2713 2518 2769 qua
2553 2699 2708 2754 dicta
2745 2703 2880 2754 sunt
2914 2697 3089 2753 latuit
3132 2697 3330 2752 dicere
3357 2710 3468 2752 non
3501 2693 3802 2766 pigritabor-

2168 2789 2280 2844 Hoc
2340 2787 2503 2856 plane
2545 2791 2650 2854 est,
2693 2785 2829 2856 quia
2873 2799 3002 2840 cum
3055 2785 3510 2856 evangelizatum
3557 2781 3746 2838 fuisset
3778 2791 3806 2834 a

2170 2882 2378 2932 sancta
2425 2873 2709 2928 memoria
2737 2873 2947 2928 domno
2980 2872 3266 2942 Stephano
3315 2873 3392 2928 de
3421 2871 3635 2928 unitate
3659 2873 3805 2936 atque

395 2967 630 3030 bonum,
685 2961 786 3032 qui
847 2961 1022 3015 Deum
1065 2964 1124 3014 et
1165 2971 1268 3014 D05
1325 2957 1539 3026 injuste
1598 2963 2054 3026 ρθνεθαυιιηιιπς
2085 2949 2134 3011 C
2170 2961 2492 3033 concordia,
2546 2975 2672 3030 qua
2727 2959 2938 3016 ibidem
2984 2960 3241 3016 omnium
3308 2973 3416 3029 per
3467 2957 3803 3015 orthodoxam

398 3055 538 3126 quia
554 3053 616 3108 in
639 3050 864 3108 diversa
882 3048 1005 3104 loca
1033 3054 1088 3102 et
1112 3047 1370 3118 regiones
1391 3060 1494 3100 nos
1509 3045 1835 3101 exsulantes
1859 3049 2056 3115 agunt,

396 3149 464 3200 ut
507 3146 564 3197 et
610 3143 934 3196 sanctorum
979 3136 1210 3190 Patrum
1257 3133 1619 3202 orthodoxia,
1662 3145 1831 3202 quam
1869 3135 1926 3186 et
1962 3144 2062 3185 nos

397 3229 800 3303 pradicamus,
840 3237 938 3294 per
991 3221 1242 3292 amplius
1286 3219 1705 3288 manifestetur,
1735 3223 1790 3274 et
1833 3219 2064 3288 propria

397 3315 705 3376 cacodoxia
728 3314 786 3369 in
817 3311 968 3367 emni
997 3311 1120 3366 loco
1157 3314 1214 3364 et
1244 3308 1474 3378 regione
1516 3307 1842 3377 publicetur
1878 3313 1933 3362 et
1963 3321 2067 3360 ar-

398 3411 628 3482 guatur,
664 3403 978 3462 secundum
1007 3401 1173 3456 illum
1203 3400 1386 3455 sancti
1417 3399 1677 3469 Dionysii
1709 3409 1739 3439 δ
1769 3440 1783 3466 ,
1806 3396 2066 3451 Athena—

398 3510 528 3554 rum
577 3492 833 3564 episcopi
883 3495 940 3546 et
988 3489 1278 3559 martyris,
1314 3487 1578 3542 veritatis
1624 3485 1876 3551 affatum,
1911 3483 2060 3552 quod

397 3585 518 3642 ait:
562 3583 725 3638 Novit
769 3582 913 3633 Deus
959 3577 1163 3630 malum
1212 3575 1296 3628 vel
1347 3574 1560 3633 bonum,
1612 3573 1673 3625 id
1711 3577 1807 3634 est,
1852 3574 1912 3622 ut
1963 3571 2066 3622 bo—

400 3689 572 3738 num;
632 3675 683 3724 et
741 3666 892 3737 apud
932 3679 1052 3717 eum
1098 3677 1274 3716 causa
1322 3663 1590 3714 malorum
1651 3662 1877 3713 virtutes
1934 3663 2062 3712 sunt

403 3759 812 3826 benefacientes.
869 3752 1082 3806 Bonum
1114 3749 1265 3804 enim
1311 3747 1589 3802 veraciter
1616 3751 1724 3805 est.
1773 3751 2063 3814 paternam

403 3847 634 3918 quidem
673 3838 1094 3906 orthodoxiam,
1143 3841 1207 3892 ut
1235 3835 1382 3904 dixi,
1431 3832 1792 3888 manifestare
1829 3842 1884 3890 et
1925 3847 2068 3888 con-

402 3935 650 3999 ﬁrmare,
687 3926 1010 3984 hareticam
1055 3937 1186 3979 vero
1238 3922 1626 3991 cacodoxiam,
1671 3921 1967 3990 publicare
2005 3935 2070 3981 ac

403 4021 762 4088 redarguere,
823 4028 950 4069 cum
1003 4025 1101 4082 per
1157 4009 1364 4066 exsilia
1415 4011 1469 4065 id
1519 4016 1574 4064 et
1621 4009 1767 4066 alias
1819 4009 2072 4065 tribula—

404 4111 592 4168 tiones
635 4107 924 4178 gignatur.
957 4103 1051 4157 Sic
1088 4100 1240 4156 enim
1271 4099 1342 4154 ab
1370 4099 1541 4154 initio
1578 4099 1813 4155 verbum
1840 4099 2067 4168 quidem

402 4197 713 4254 dilatatum
762 4197 849 4248 est
894 4190 1198 4257 veritatis;
1245 4202 1409 4258 porro
1455 4187 1771 4257 impietatis
1814 4187 2073 4241 minora—

2169 3050 2582 3108 confessionem
2635 3049 2704 3104 ad
2747 3048 2989 3104 invicem
3029 3053 3083 3102 et
3135 3047 3205 3102 ad
3253 3049 3437 3104 Deum
3491 3045 3672 3101 effecta
3713 3047 3801 3110 est,

2172 3137 2489 3210 spirituali,
2521 3151 2587 3192 ac
2616 3137 2666 3192 si
2697 3150 2887 3191 coram
2915 3137 3029 3191 Deo
3063 3135 3214 3204 dico,
3248 3135 3459 3190 latitia
3491 3147 3612 3190 sum
3642 3129 3807 3200 reple—

2173 3235 2286 3296 tus,
2318 3229 2374 3282 et
2404 3225 2690 3296 gratiﬁcos
2716 3223 2955 3294 hymnos
2986 3237 3087 3292 pro
3115 3222 3219 3278 tali
3246 3235 3313 3278 ac
3351 3227 3508 3278 tanto
3549 3220 3685 3275 bono
3711 3215 3808 3271 mi-

2175 3313 2453 3372 sericordi
2499 3315 2612 3370 Deo
2642 3313 2776 3367 licet
2821 3317 3080 3381 peccator
3111 3310 3306 3380 retuli,
3339 3316 3398 3367 et
3433 3307 3669 3366 referens
3714 3315 3806 3359 non

2173 3403 2442 3458 cessabo:
2497 3407 2692 3470 petens
2735 3399 2876 3454 hanc
2925 3412 3112 3468 usque
3156 3399 3216 3453 in
3263 3398 3438 3454 ﬁnem
3491 3391 3803 3451 immobilem

2173 3489 2498 3546 conservari
2530 3489 2596 3542 ad
2646 3487 3074 3558 benignissima
3114 3485 3530 3542 misericordia
3553 3495 3662 3539 sua
3695 3479 3806 3550 glo—

2176 3579 2319 3634 riam
2359 3581 2415 3631 et
2445 3575 2685 3631 salutem
2727 3581 3000 3629 nostram.
3051 3575 3272 3644 Vosque
3312 3575 3432 3630 Deo
3458 3567 3802 3631 honorabiles,

2177 3674 2232 3722 et
2285 3679 2482 3722 omnes
2528 3664 2626 3734 qui
2671 3663 2964 3719 vobiscum
3005 3667 3141 3718 sunt
3191 3668 3442 3732 sanctos,
3493 3674 3554 3716 ac
3603 3670 3692 3728 per
3721 3665 3804 3708 vos

2179 3761 2352 3812 totam
2405 3756 2679 3818 sanctam,
2735 3765 2860 3821 qua
2911 3750 3034 3806 illic
3087 3753 3191 3820 est,
3243 3749 3347 3804 Dei
3407 3747 3722 3806 catholicam
3758 3744 3806 3794 et

2179 3841 2548 3914 apostolicam
2597 3839 2785 3896 saluto
2840 3837 3170 3894 ecclesiam:
3221 3837 3520 3906 postulans
3555 3832 3654 3890 mei
3691 3841 3803 3914 peo-

2181 3911 2393 3986 catoris
2417 3927 2640 3982 scilicet
2685 3932 2741 3980 et
2776 3925 2968 3980 vincti
2997 3923 3326 3979 memoriam
3370 3921 3491 3978 ﬁeri
3531 3920 3587 3975 in
3619 3911 3803 3973 sanctis

2181 4017 2250 4072 ad
2296 4017 2469 4070 Deum
2503 4013 2742 4068 directis
2781 4011 3144 4066 orationibus
3167 4010 3378 4065 vestris
3409 4010 3466 4064 in
3509 4004 3704 4063 sanctis
3723 4003 3802 4054 at—

2183 4118 2292 4174 que
2322 4102 2578 4159 colendis
2611 4101 2783 4156 locis:
2815 4114 2880 4154 ac
2920 4099 3190 4168 pretiosis
3212 4098 3472 4168 mihique
3503 4093 3800 4152 desideran-

2182 4193 2275 4249 dis
2299 4190 2536 4262 syllabis
2561 4190 2767 4244 vestris
2798 4188 3107 4259 fulciendo,
3151 4203 3218 4246 ac
3248 4204 3337 4246 me
3369 4189 3654 4244 minimum
3681 4188 3801 4233 con—
3834 4230 3840 4238 .

403 4277 528 4346 tum
565 4281 875 4354 diSparuit,
919 4277 1366 4349 persecutionem
1421 4282 1476 4331 et
1527 4275 1752 4344 exsilia,
1809 4288 1908 4328 seu
1956 4273 2070 4328 alia
2099 4288 2154 4350 D
2185 4281 2420 4337 sonando
2476 4283 2647 4348 atque
2707 4279 2921 4334 orando
2971 4283 3034 4332 ut
3087 4277 3301 4349 dignus
3355 4276 3562 4333 emam
3609 4267 3798 4324 visione

403 4379 535 4436 dira
581 4370 940 4445 patientibus
966 4373 1078 4424 tam
1119 4367 1336 4423 sanctis
1367 4363 1679 4435 prephetis,
1729 4375 1896 4432 quam
1927 4376 2074 4432 apo-

406 4465 594 4537 stolis,
640 4460 976 4529 caterisque
1023 4454 1334 4527 magistris.
1391 4454 1537 4521 Ergo
1577 4450 1648 4521 si,
1684 4457 1748 4506 ut
1787 4451 2064 4522 ﬂagitavi,

406 4571 440 4612 a
480 4556 596 4610 Deo
632 4549 958 4622 compuncti
991 4557 1214 4602 sacrum
1258 4541 1508 4598 codicem
1547 4539 1846 4608 miseritis,
1891 4540 2072 4609 siqui-

407 4645 536 4701 dem
578 4639 866 4698 voluerint
905 4635 1004 4707 qui
1034 4635 1186 4688 hunc
1229 4629 1513 4700 portaturi
1547 4633 1682 4684 sunt
1721 4629 1833 4685 huc
1854 4629 2066 4697 venire,

409 4732 479 4789 ad
525 4727 972 4784 famosissimum
1021 4727 1078 4777 et
1117 4722 1228 4775 Deo
1257 4718 1696 4775 custodiendum
1737 4718 2067 4787 patricium,

411 4825 469 4878 et
517 4831 648 4874 cum
694 4818 804 4870 Deo
849 4812 1182 4882 magistrum
1231 4807 1566 4880 Gregorium
1618 4811 1817 4876 sponte
1863 4820 2074 4861 occur-

415 4914 564 4978 rant,
589 4904 969 4974 suscipientes
997 4900 1065 4955 ad
1107 4913 1236 4954 eum
1269 4898 1451 4968 palam
1479 4897 1775 4966 epistolam
1805 4909 1836 4949 a
1868 4895 2077 4950 lauda—

415 4998 524 5054 bili
575 4994 818 5066 patricio
859 4995 914 5045 et
960 4995 1196 5058 pratore
1250 4987 1511 5043 Hiberia.
1557 4986 1630 5040 At
1657 4998 1809 5040 vero.
1857 4984 1906 5037 si
1952 4982 2077 5038 for-

420 5085 594 5144 tassis
645 5083 755 5138 huc
802 5091 984 5148 usque
1030 5077 1222 5132 venire
1275 5075 1590 5140 noluerint,
1641 5073 1897 5128 tribuant
1946 5084 2076 5126 cum

422 5174 691 5248 praedicto
716 5166 994 5227 laudabili
1019 5165 1245 5234 pratori
1271 5163 1532 5218 Hiberia.
1564 5161 1665 5230 qui
1687 5159 1886 5216 debeat
1911 5159 2074 5214 illum

555 5428 636 5482 De
657 5421 884 5480 Divinis
904 5413 1267 5474 Nominibus.

2183 4370 2378 4426 vultus
2410 4367 2605 4437 vestri,
2648 4366 2908 4436 quamvis
2931 4365 3011 4420 sit
3035 4367 3401 4422 temerarium
3430 4365 3604 4426 dictu,
3626 4354 3799 4426 privs’

2182 4470 2351 4527 quam
2385 4461 2441 4510 et
2471 4455 2592 4524 ipse
2617 4453 2762 4508 hanc
2789 4453 3053 4509 miseram
3077 4458 3135 4508 et
3157 4451 3465 4509 multarum
3495 4439 3796 4504 tribulatio-

2182 4559 2316 4602 num
2361 4543 2536 4599 vitam
2563 4541 2847 4598 excedam.

2839 4679 3192 4738 SCHOLION.

2253 4808 2413 4865 Obiit
2450 4811 2638 4864 autem
2669 4811 2722 4862 et
2763 4806 2883 4876 ipse
2917 4809 3149 4861 sanctus
3175 4805 3340 4860 Pater
3382 4804 3565 4859 noster
3589 4800 3639 4851 et
3677 4799 3795 4844 mar-

2185 4903 2276 4968 tyr
2303 4896 2658 4965 Anastasius,
2695 4895 2793 4965 qui
2824 4895 2968 4948 hanc
2991 4893 3232 4962 scripsit
3268 4889 3578 4961 epistolam,
3608 4881 3692 4937 die
3711 4876 3794 4930 Ι)οη

2187 4985 2422 5051 minico,
2485 4983 2622 5037 hora
2679 4983 2871 5050 tertia,
2932 4981 3135 5051 quinto
3187 4980 3324 5036 ldus
3369 4971 3648 5033 Octobrias
3684 4971 3787 5018 cum

2191 5075 2251 5129 in
2280 5077 2474 5127 sancta
2507 5069 2750 5124 Collecta
2775 5069 3012 5136 diceret,
3042 5069 3245 5123 Sancta
3274 5067 3493 5126 sanctis,
3520 5051 3792 5114 indictionc

2190 5161 2430 5218 decima.
