4018 6160
190 289 290 349 665

190 415 498 425 ——_—._.__—

950 286 1456 343 COLLECTANEA.
1483 317 1557 329 —
1591 287 1950 346 ANASTASII
1988 291 2443 348 APOCRISIARII
2481 293 2821 349 EPISTOLA.

374 525 898 612 PROLOGUS
993 525 1743 613 SUBJACENTIUM
1835 518 2381 618 SACRORUM
2486 532 3331 620 TESTIMONIOR-UM.

1696 705 2061 719 _-_—-

245 824 594 880 Testimonia
623 836 783 879 sacra
818 830 874 878 et
912 822 1197 879 divinitus
1238 824 1517 893 inspirata
1564 838 1664 893 per
1702 839 1827 895 quae
1854 829 1909 888 A
1935 826 2374 896 quaternitatem
2419 827 2651 897 quidem
2698 839 3065 895 personarum
3109 826 3445 881 Trinitatem
3493 839 3581 881 as-

180 911 468 981 liquidius
491 912 792 979 discimus,
819 912 965 966 duas
991 924 1089 980 per
1115 911 1435 966 unitionem
1463 911 1823 967 inconfusam

178 1005 230 1055 et
256 1000 567 1055 indivisam
598 1000 751 1057 sicut
781 1007 1037 1071 naturas,
1074 1000 1152 1055 ita
1180 1000 1351 1055 etiam
1378 1007 1434 1055 et
1461 1001 1605 1056 duas
1630 1001 1826 1056 volun-

176 1094 337 1159 tates,
393 1100 460 1143 ac
506 1089 652 1144 duas
698 1089 1077 1159 operatioues,
1129 1094 1291 1157 aptas
1337 1094 1394 1143 et
1446 1095 1825 1160 congruentes

174 1177 426 1246 naturis,
455 1177 512 1231 id
542 1182 627 1232 est
655 1177 909 1232 divinam
936 1182 993 1232 et
1020 1178 1348 1248 humanam,
1375 1190 1485 1233 non
1518 1177 1821 1247 incoeptam

174 1264 583 1333 etincaeptam,
613 1271 675 1320 ut
700 1266 799 1320 Dei
832 1265 1006 1320 simul
1031 1270 1087 1320 et
1113 1265 1365 1320 hominis
1390 1265 1567 1321 unius
1595 1270 1650 1320 et
1677 1267 1825 1335 ejus—

172 1351 291 1406 dem
333 1353 568 1407 Domini
602 1354 782 1408 nostri
818 1354 947 1409 Jesu
990 1353 1229 1419 Christi,
1274 1353 1443 1408 corde
1479 1353 1708 1409 credere
1748 1354 1819 1410 ad

169 1440 483 1510 justitiam,
506 1455 602 1495 ore
622 1441 881 1497 confiteri
904 1444 971 1497 ad
996 1443 1256 1497 salutem.
1286 1444 1406 1496 Non
1428 1448 1638 1511 autem,
1668 1443 1823 1498 sicut

174 1529 357 1599 nothi,
399 1529 503 1598 qui
547 1530 750 1585 nothas
788 1544 940 1584 nunc
978 1530 1261 1585 Ecclesias
1303 1525 1567 1585 docentes
1605 1538 1662 1586 et
1703 1546 1822 1601 per-

172 1616 493 1685 turbantes,
528 1632 696 1673 unam
725 1624 783 1672 et
836 1632 940 1673 nec
972 1632 1164 1689 unam,
1200 1632 1302 1673 nec
1331 1620 1476 1674 duas
1524 1625 1579 1674 et
1611 1620 1817 1675 iterum

170 1718 364 1774 unam,
421 1710 478 1759 et
513 1705 658 1761 duas
699 1706 1023 1762 voluntates
1064 1720 1129 1761 ac
1164 1707 1310 1762 duas
1356 1708 1717 1776 operationes
1759 1708 1819 1763 in

168 1794 358 1848 eodem
400 1794 809 1865 dogmatizant.
848 1797 960 1850 Hoc
993 1796 1145 1850 enim
1182 1809 1355 1865 super
1382 1795 1819 1852 instabilitatem

167 1888 221 1935 et
254 1880 678 1936 absurditatem
714 1896 917 1938 sensus
950 1896 1143 1938 eorum
1180 1883 1280 1953 qui
1322 1884 1653 1953 hujusmodi
1689 1885 1823 1954 dog-

168 1975 311 2023 mata
342 1974 665 2041 exponunt,
708 1971 952 2040 impium
983 1972 1218 2027 omnino
1253 1977 1310 2028 et
1337 1972 1588 2027 alienum
1628 1973 1823 2028 imma-

1936 918 2210 985 truentes,
2257 915 2443 984 ipsum
2481 928 2611 969 vero
2654 928 2829 969 unum
2868 914 3140 985 ejusdem,
3185 913 3240 968 id
3273 919 3357 969 est
3392 913 3578 968 Domi-

1934 1014 2069 1056 num
2113 1006 2367 1057 nostrum
2406 1003 2595 1058 Jesum
2633 1001 2927 1057 Christum
2956 1015 3150 1056 verum
3184 1003 3378 1071 Deum,
3409 1004 3575 1070 juxta

1934 1090 2084 1159 quod
2127 1090 2440 1146 secundum
2479 1104 2581 1145 nos
2619 1088 2805 1145 factus
2842 1094 2929 1144 est
2972 1089 3159 1158 homo,
3208 1088 3574 1144 inanimalem

1932 1176 2106 1232 simul
2137 1184 2193 1232 et
2224 1178 2612 1233 irrationalem
2645 1184 2816 1248 atque
2850 1177 2974 1232 sine
3005 1177 3298 1232 intellectu
3328 1176 3577 1231 subscri-

1932 1265 2148 1335 bentes,
2199 1270 2256 1321 et
2307 1266 2711 1335 conjecturam,
2756 1271 2812 1320 et
2856 1265 3234 1335 phantasiam,
3289 1263 3575 1320 confusio-

1931 1366 2172 1422 nemque
2205 1367 2268 1408 ac
2302 1353 2642 1408 divisionem
2686 1354 2989 1423 utriusque
3020 1359 3235 1407 naturae
3268 1352 3453 1419 ipsius
3495 1352 3576 1406 in-

1930 1441 2311 1496 troducentes.
2356 1440 2421 1495 Hi
2457 1454 2607 1510 vero,
2654 1441 2755 1511 qui
2788 1454 2889 1495 nec
2927 1441 3274 1496 voluntatem
3307 1445 3407 1495 aut
3450 1453 3575 1508 ope-

1932 1529 2209 1584 rationem
2244 1530 2303 1584 in
2332 1543 2397 1584 eo
2427 1529 2684 1584 conﬁteri
2719 1529 2917 1584 volunt
2956 1528 3377 1584 inessentialem
3407 1533 3463 1582 et
3494 1528 3576 1582 in-

1929 1617 2348 1672 existentialem
2375 1618 2688 1673 secundum
2718 1624 3017 1687 utramque
3044 1621 3303 1671 naturam
3338 1617 3461 1684 ejus
3484 1616 3575 1670 de-

1932 1706 2233 1772 nuntiant;
2266 1711 2321 1761 et
2340 1706 2455 1774 jam
2486 1706 2664 1761 dictis
2695 1706 2979 1761 haereticis
3008 1705 3190 1776 magis
3220 1705 3429 1773 impios
3460 1703 3570 1772 ipsi

1931 1795 2150 1863 seipsos
2178 1808 2300 1849 esse
2330 1809 2428 1864 per
2457 1795 2690 1864 propria
2713 1796 2977 1865 dogmata
3008 1798 3344 1848 monstrant.
3378 1794 3570 1853 Porro,

1931 1883 1988 1937 hi
2033 1883 2133 1952 qui
2177 1896 2346 1938 unam
2390 1889 2446 1938 et
2482 1883 2628 1939 duas
2670 1882 2985 1938 volontates
3024 1889 3080 1937 et
3116 1881 3473 1951 operationes
3512 1880 3571 1934 in

1932 1971 2226 2026 incarnata
2254 1972 2381 2040 ejus
2408 1971 2838 2040 dispensatione
2878 1983 3052 2039 supra
3082 1983 3280 2026 novam
3319 1966 3570 2023 fabulam

166 2057 367 2113 culatae
414 2058 549 2113 ﬁdei
597 2064 804 2114 nostra:
844 2059 1305 2115 Christianorum
1362 2061 1652 2116 consistit.
1711 2063 1821 2116 Eos
1853 2112 1896 2129 η
1929 2059 2335 2127 ettigmentum
2358 2059 2688 2128 hujusmodi
2710 2059 2995 2129 dogmatis
3019 2056 3424 2129 dogmatizant,
3458 2068 3570 2111 non

164 2145 311 2200 enim
370 2145 482 2215 qui
533 2159 703 2200 unam
757 2146 1104 2202 voluntatem
1153 2151 1209 2202 et
1264 2149 1680 2217 operationem,
1733 2148 1819 2203 vel
1853 2112 1899 2171 Β
1931 2147 2115 2203 solum
2143 2148 2474 2203 orthodoxae
2501 2161 2567 2202 ac
2594 2112 2842 2202 Paterna;
2869 2112 3218 2201 confessioni
3247 2142 3570 2199 haereticam

166 2233 332 2288 etiam
379 2238 649 2289 naturam
690 2248 860 2289 unam
900 2234 1134 2290 deitatis
1177 2240 1233 2290 et
1276 2236 1654 2292 humanitatis
1696 2237 1822 2304 ejus

163 2322 580 2393 dogmatizant,
611 2322 808 2392 inclyti
844 2323 1206 2379 institutores
1233 2325 1414 2379 nostri
1443 2330 1498 2379 et
1525 2331 1823 2393 praecepto-

164 2424 249 2465 res
296 2410 594 2479 repellunt
637 2418 692 2465 et
743 2411 1116 2467 detestantur.
1164 2413 1569 2469 Hzereticorum
1611 2414 1822 2484 quippe

162 2504 243 2553 est
267 2498 679 2567 hujuscemodi
710 2499 934 2570 dogma,
967 2501 1063 2570 qui
1095 2501 1542 2577 in'confusione,
1570 2509 1626 2557 et
1652 2504 1825 2572 phan-

162 2586 323 2656 tasia,
375 2593 435 2642 et
473 2586 758 2642 divisione
797 2586 1081 2643 oberrant.
1125 2591 1271 2660 Ergo
1310 2594 1367 2644 et
1407 2590 1489 2661 hi,
1527 2591 1627 2659 qui
1671 2605 1823 2646 nunc

162 2688 328 2729 unam
383 2678 610 2729 tantum
657 2676 901 2730 duarum
945 2676 1292 2731 voluntatem
1331 2681 1388 2732 et
1434 2679 1821 2746 Operationem

158 2762 574 2834 dogmatizant,
625 2776 813 2818 nonne
857 2778 986 2818 cum
1043 2764 1164 2819 illis
1211 2772 1267 2820 et
1319 2766 1632 2822 secundum
1689 2768 1822 2822 illos

161 2838 752 2919 supersubstantialis
806 2851 1148 2922 Theologize,
1206 2866 1271 2908 ac
1320 2852 1379 2907 in
1439 2868 1607 2909 carne
1660 2853 1822 2911 factae

156 2937 622 3007 dispensationis
648 2938 991 2994 subvertunt
1018 2944 1074 2995 et
1096 2938 1416 2996 difﬁtentur
1442 2943 1776 3012 mysterium
1793 2943 1821 2997 ἶν’

168 3103 325 3113 α-

554 3237 704 3296 ΤΟΥ
743 3238 966 3298 ΑΓΙΟΥ
1002 3240 1444 3299 ΙΠΠΟΛΥΤΟΥ

209 3319 552 3382 Ἐπισκόπου
621 3320 854 3404 Πόρτου,
914 3324 1073 3399 ἤγουν
1133 3333 1228 3384 τοῦ
1293 3324 1497 3403 λιμένος
1548 3326 1768 3406 Ῥώμης,

274 3411 377 3469 καὶ
409 3410 667 3491 μάρτυρος
706 3417 799 3481 ἧς
827 3412 1090 3483 ἀληθείας,
1129 3416 1188 3472 ἐκ
1220 3421 1317 3473 τοῦ
1357 3413 1489 3472 κατὰ
1534 3416 1770 3497 Βήρωνος

272 3499 375 3557 καὶ
419 3500 618 3564 Ηλικος
658 3511 680 3537 ⁸
722 3503 827 3557 τῶν
866 3504 1152 3579 αἱρετικῶν,
1199 3502 1315 3580 περὶ
1366 3504 1631 3578 Θεολαγίας
1684 3499 1774 3562 καὶ

274 3582 604 3670 σαρκώσεως
648 3583 784 3645 κατὰ
828 3592 1082 3666 στοιχεῖον
1125 3586 1286 3665 λόγου
1310 3632 1328 3659 .,
1386 3581 1445 3647 οὗ
1493 3594 1529 3661 ἡ
1586 3589 1723 3670 ἀρχὴ
1751 3636 1766 3662 ,

275 3668 503 3750 ⁸Δγιος,
554 3672 722 3750 ἅγιος,
780 3674 924 3752 ἅγιος
980 3674 1169 3756 Κύριος
1223 3672 1483 3747 Σαϐαὼθ,
1533 3668 1769 3760 ἀσιγήσῳ

270 3762 425 3839 φανῇ
455 3762 659 3838 βοῶντα
676 3760 742 3820 τὰ
768 3764 990 3845 σεραφὶμ
1008 3762 1098 3822 τὸν
1118 3761 1256 3822 Θεὸν
1282 3761 1565 3832 δοξάζουσι.

967 3892 1021 3952 ά.

262 4021 691 4104 Απειροδυνάμῳ
735 4020 835 4105 γὰρ
887 4024 1091 4097 θελήσει
1134 4031 1230 4084 τοῦ
1274 4026 1419 4085 Θεοῦ
1463 4026 1550 4085 καὶ⁵
1588 4025 1768 4105 γέγονε

181 4110 384 4187 πάντα,
438 4110 530 4168 καὶ
572 4108 790 4179 σώζεται
833 4108 900 4168 τὰ
937 4109 1207 4189 γενόμενα,
1256 4110 1390 4171 κατὰ
1419 4111 1537 4179 τοὺς
1573 4117 1770 4173 ἑαυτῶν

184 4201 450 4281 οὖκρινῶς
476 4195 671 4257 ἕκαστα
698 4197 1079 4278 συντηρούμενα
1113 4197 1324 4276 λόγους,
1361 4203 1501 4279 αὖτῷ
1534 4204 1610 4282 τῷ
1638 4199 1772 4258 κατὰ

177 4290 335 4365 φύσιν
366 4285 776 4368 ἀπειροδυνάμῳ
799 4286 925 4367 Θεῷ
947 4331 960 4355 ,
993 4286 1085 4344 καὶ
1116 4290 1307 4364 ποιητῇ
1343 4290 1448 4345 τῶν
1473 4284 1610 4345 ὅλων
1636 4305 1650 4320 ⁶
1678 4293 1771 4359 ἧς

177 4374 322 4440 θείας
364 4375 536 4433 αὐτοῦ
572 4373 848 4445 θελήσεως,
893 4372 930 4443 ἥ
974 4371 1041 4431 τὰ
1088 4372 1258 4432 πάντα
1303 4371 1555 4445 πεποίηκέ
1588 4398 1647 4433 τε
1682 4376 1773 4435 καὶ

174 4465 330 4531 κινεῖ,
362 4464 486 4526 τοῖς
514 4463 707 4518 ἑαυτῶν
735 4460 935 4521 ἕκαστα
957 4466 1185 4538 φυσικοῖς
1212 4458 1545 4539 διεξαγόμενα
1566 4459 1762 4539 νόμοις,

172 4548 443 4619 bavi-nim
469 4549 926 4623 συνδιαμενούσης.
960 4548 1039 4608 Τὸ
1063 4547 1163 4629 γὰρ
1204 4548 1413 4629 ἄπειρον
1438 4550 1557 4609 κατ’
1587 4550 1769 4610 οὐδένα

168 4634 403 4714 τρόπον,
444 4632 480 4705 ἢ
518 4632 697 4711 λόγον,
742 4633 1032 4715 ἐπιδέχεται
1077 4638 1296 4707 κίνησιν,
1343 4640 1439 4696 οὐκ
1465 4637 1594 4716 ἔχον
1620 4636 1763 4711 ὅποι,

168 4722 263 4781 καὶ
306 4720 450 4800 περὶ
491 4720 522 4779 ὃ
570 4721 916 4793 κινηθήσεται.
963 4720 1148 4801 Τροπὴ
1188 4720 1289 4803 γὰρ
1329 4729 1424 4781 τοῦ
1450 4721 1585 4782 κατὰ
1619 4721 1769 4805 φύσιν

167 4807 435 4888 ἀπείρου,
477 4812 719 4866 κινεῖσθαι
765 4806 840 4885 μὴ
885 4807 1196 4890 πεφυκότος,
1229 4814 1265 4880 ἡ
1294 4808 1512 4881 κίνησις.
1553 4810 1648 4868 Διὸ
1678 4808 1768 4868 καὶ

167 4898 287 4955 καθ’
312 4901 472 4973 ἡμᾶς
499 4896 702 4965 ἀληθῶς
728 4893 997 4974 γενόμενος
1023 4896 1283 4976 ἄνθρωπος
1313 4896 1476 4976 χωρὶς
1518 4897 1769 4975 ἁμαρτίας

167 4987 199 5041 ὃ
247 4990 351 5042 τοῦ
397 4982 553 5041 Θεοῦ
591 4979 771 5060 λόγος,
823 4984 1096 5064 ἐνεργήσας
1131 5007 1189 5043 τε
1226 4984 1313 5043 καὶ
1350 4980 1527 5041 παθὼν
1568 4986 1768 5064 ἀνθρω-

163 5069 337 5136 πίνως
380 5068 490 5127 ὅσα
526 5073 620 5140 τῆς
644 5066 843 5150 φύσεώς
873 5073 1009 5130 ἐστιν
1039 5070 1402 5149 ἀναμάρτητοι,
1431 5071 1524 5130 καὶ
1549 5076 1766 5150 φυσικῆς

163 5158 375 5237 σαρκὸς
406 5163 730 5238 περιγραφῆς
755 5158 1104 5238 ἀνασχόμενος
1125 5161 1188 5217 δι’
1222 5164 1387 5236 ἡμᾶς,
1427 5157 1626 5239 τροπὴν
1667 5163 1766 5239 οὐχ

159 5245 481 5325 ὑπέμεινεν,
514 5247 638 5324 μηδ’
667 5247 742 5306 ἑνὶ
764 5250 1030 5313 παντελῶς
1057 5247 1113 5313 ὃς
1134 5245 1317 5307 ταύτόν
1338 5250 1542 5329 ἐστιτῷ
1568 5248 1722 5329 πατρὶ
1747 5301 1763 5329 ,

206 5392 239 5452 ξι
265 5368 991 5452 miaiowocinNicephori
1016 5379 1297 5452 ms.iregio
1316 5385 1372 5435 et
1390 5381 1447 5436 in
1464 5381 1808 5439 Colbertino.

204 5449 236 5491 δ
269 5449 493 5505 Mutila
531 5449 614 5504 ibi
657 5449 948 5505 Anastasii
992 5451 1179 5506 vcrsio
1211 5449 1315 5506 est.
1358 5454 1435 5507 Ita
1483 5454 1812 5509 vertendum

133 5520 428 5575 videtur:
473 5521 642 5577 Nulla
685 5536 745 5573 re
780 5523 998 5574 omnino
1047 5522 1302 5584 Verbum,
1353 5523 1500 5591 (ιηοά
1545 5525 1689 5577 idem
1737 5530 1814 5578 est

1931 2235 2278 2305 opinionem,
2302 2236 2478 2291 veluti
2501 2248 2706 2306 aquam
2726 2235 2879 2302 vino,
2912 2234 3224 2289 secundum
3248 2232 3394 2289 illud
3418 2232 3568 2304 quod

1928 2324 2166 2394 dicitur,
2204 2325 2525 2393 miscentes,
2564 2324 2739 2379 simul
2774 2323 3082 2392 praadicare
3110 2322 3343 2378 volunt:
3380 2322 3475 2378 sed
3514 2326 3571 2377 et

1934 2417 2047 2467 tres
2079 2413 2419 2482 voluntates,
2461 2418 2517 2466 et
2556 2418 2669 2467 tres
2702 2411 3079 2481 operationes,
3118 2411 3352 2466 totidem
3383 2424 3452 2465 ex
3482 2423 3574 2464 ne-

1931 2501 2195 2556 cessitate
2231 2501 2403 2555 etiam
2443 2506 2694 2569 naturas,
2740 2500 2795 2554 id
2834 2504 2920 2554 est
2957 2500 3235 2554 essentias
3274 2497 3570 2553 habentem

1931 2602 2059 2644 eum
2103 2589 2402 2655 inducnut,
2444 2602 2572 2644 cum
2615 2602 2715 2643 nec
2754 2592 3014 2642 naturam
3054 2600 3175 2642 esse
3214 2587 3340 2641 sine
3382 2598 3575 2655 opera-

1932 2676 2108 2746 tione,
2136 2690 2237 2732 nec
2268 2692 2470 2733 rursus
2498 2678 2882 2746 operationem
2910 2676 3037 2730 sine
3067 2678 3271 2729 natura
3298 2672 3573 2743 possibile

1931 2766 2027 2823 sit.
2070 2766 2321 2821 Habeant
2349 2767 2501 2821 enim
2537 2780 2596 2821 se
2641 2766 2909 2836 praedicta
2949 2763 3277 2820 testimonia
3310 2761 3574 2833 quemad-

1934 2855 2161 2911 modum
2194 2853 2572 2910 subint‘ertur.
2757 2847 2765 2854 ’

1844 3228 1893 3290 C
1920 3227 2272 3293 SANCTI
2296 3231 2814 3292 HIPPOLYTI
2830 3229 3127 3309 episcopi
3157 3230 3413 3290 Portus
3445 3229 3573 3290 Ro-

2000 3327 2190 3387 mani
2214 3330 2278 3388 et
2303 3327 2638 3404 martyris
2662 3327 3004 3403 veritatis,
3028 3343 3109 3387 ea:
3130 3340 3429 3387 sermone
3450 3323 3571 3404 qui

2000 3427 2101 3485 est
2112 3440 2239 3504 per
2257 3423 2658 3486 elementum
2675 3424 2753 3485 de
2772 3422 3134 3502 Theologiu
3151 3425 3217 3483 et
3236 3423 3571 3483 [ncnc-nu-

2000 3521 2182 3581 tione
2220 3524 2457 3582 contra
2495 3522 2820 3582 Beronem
2850 3522 2914 3581 et
2941 3517 3334 3579 Heliconem
3370 3516 3571 3577 luere—

2000 3617 2188 3694 ticos,
2222 3618 2424 3696 cujus
2472 3617 2758 3679 initium
2786 3619 2908 3693 est,
2946 3615 3148 3692 Ἄγιος,
3186 3612 3350 3691 ἅγιος,
3398 3610 3566 3691 ἅγιος,

2002 3713 2194 3798 Κύριος
2224 3713 2450 3792 ςαϐαώθ,
2484 3713 2855 3776 incessanti
2887 3729 3037 3775 ooce
3075 3710 3445 3774 clamantes
3469 3725 3570 3770 se-

2000 3812 2277 3893 mpltim
2312 3814 2528 3873 Deum
2565 3809 2989 3891 glori/tcum.
3026 3830 3037 3851 π

1994 4028 2287 4080 Immensae
2314 4024 2525 4093 quippe
2551 4022 2787 4078 virtutis
2815 4022 3106 4077 voluntate
3130 4020 3229 4075 Dei
3261 4017 3407 4075 faeta
3433 4025 3567 4074 sunt

1925 4113 2135 4183 omnia,
2168 4116 2224 4166 et
2248 4110 2543 4166 salvantur
2571 4124 2697 4180 quae
2726 4108 2871 4165 facta
2904 4113 3058 4176 sunt,
3087 4108 3399 4164 secundum
3432 4119 3568 4161 suas

1925 4203 2180 4272 ipsorum
2219 4204 2537 4269 opportune
2566 4198 2792 4270 singula
2831 4201 3159 4253 conservata
3198 4196 3469 4264 rationes,
3511 4194 3564 4248 ei

1925 4290 2025 4361 qui
2047 4295 2132 4343 est
2147 4287 2461 4344 secundum
2488 4290 2747 4341 naturam
2776 4285 3063 4339 immensae
3085 4284 3319 4339 virtutis
3345 4284 3492 4337 Deus
3511 4288 3567 4336 et

1924 4378 2104 4433 factor
2151 4378 2569 4443 universorum,
2614 4373 2812 4427 divina
2849 4371 3159 4441 voluntate,
3214 4384 3338 4440 quae
3372 4369 3566 4425 omnia

1923 4465 2061 4521 fecit
2084 4479 2149 4520 ac
2171 4468 2354 4519 movet
2377 4463 2502 4519 suis
2526 4474 2881 4531 unaquaeque
2908 4459 3269 4515 naturalibus
3292 4459 3564 4528 producta

1843 4537 1896 4597 Ι)
1926 4552 2171 4624 legibus,
2205 4550 2489 4607 immobili
2523 4554 2901 4620 permanente.
2944 4545 3102 4615 Quod
3144 4546 3297 4602 enim
3332 4546 3576 4625 immen-l

1923 4656 2049 4697 sum
2081 4644 2167 4695 est
2196 4638 2355 4695 nulla
2384 4638 2605 4694 ratione
2632 4638 2718 4693 vel
2751 4638 2916 4694 modo
2946 4636 3153 4706 recipit
3184 4640 3418 4705 motum,
3451 4628 3563 4689 non

1924 4729 2138 4785 habens
2183 4741 2295 4798 quo
2341 4731 2398 4782 et
2442 4727 2597 4781 circa
2648 4726 2796 4796 quod
2845 4731 3153 4781 moveatur.
3204 4723 3565 4781 Vertibilitas

1921 4818 2074 4874 enim
2104 4817 2230 4886 ejus
2260 4815 2360 4886 qui
2386 4819 2472 4870 est
2502 4815 2767 4884 inexpers
2792 4815 3063 4871 motionis
3088 4818 3277 4870 motus
3306 4819 3409 4869 est.
3438 4815 3567 4870 Pro-

1925 4912 2048 4977 pter
2085 4905 2258 4976 quod,
2305 4904 2617 4959 secundum
2665 4917 2769 4958 nos
2816 4904 3093 4958 veraciter
3135 4901 3346 4959 factum
3398 4903 3564 4958 homo

1922 4997 2137 5066 absque
2168 4998 2394 5064 peccato
2412 4993 2513 5047 Dei
2536 4991 2800 5058 Verbum,
2825 4998 3232 5063 operatumque
3252 5006 3318 5048 ac
3345 4992 3565 5062 patiens

1926 5084 2263 5141 humanitus
2294 5096 2646 5153 quaecunque
2678 5086 2894 5137 naturze
2922 5087 3056 5137 sunt
3082 5082 3207 5137 sine
3234 5086 3478 5151 peccato,
3510 5089 3566 5137 et

1926 5172 2210 5229 naturalis
2233 5171 2426 5227 carnis
2449 5170 3040 5240 circumscriptionem
3070 5175 3298 5240 propter
3323 5184 3425 5225 nos
3446 5183 3566 5224 sus-

1926 5262 2146 5317 stinens
2168 5259 2219 5331 ῖ),
2245 5260 2462 5317 nullam
2488 5260 2722 5316 omnino
2756 5264 2983 5330 propter
3010 5259 3461 5315 exinanitionem
3486 5256 3568 5311 vi-

1923 5401 2043 5439 cum
2079 5386 2260 5511 Iéatre,
2289 5387 2497 5452 factum
2536 5389 2614 5440 est
2641 5387 2784 5440 idem
2821 5401 2940 5439 cum
2977 5401 3139 5439 carne
3164 5387 3384 5453 propter
3415 5382 3567 5435 unio-

1923 5472 2061 5510 nem.
2132 5470 2250 5511 [ιω.

1922 5472 2061 5510 nem.
2092 5470 2147 5511 δι
2157 5470 2250 5511 RM.
