4034 6158
476 185 580 246 667
1723 186 2078 243 ANASTASII

2239 184 2653 242 LIOTHECARII
3721 198 3806 255 δδε

532 339 804 432 γινομενας
850 336 1035 432 ταύτὸν
1071 344 1138 418 τῇ
1157 341 1336 432 ’σαρκὶὶ
1363 337 1444 396 διὰ
1469 335 1562 432 τὴν
1587 334 1800 396 κένωσιν
1827 346 1849 370 ⁸
1874 359 1888 373 ο
1937 336 2088 392 Ἀλλ’

2240 327 2642 432 cissitudinem
2669 327 2925 398 pertulit.
2949 327 3054 382 Cui
3083 325 3330 395 idipsum
3354 333 3435 383 est
3455 330 3593 386 Patri
3613 332 3802 408 factum,

533 428 712 508 ὥσπερ
756 422 817 498 ἦν
866 427 992 505 δίχα
1020 425 1232 506 σαρκὸς,
1261 424 1432 496 πάσης
1461 424 1556 492 ἔξω
1581 428 1892 504 περιγραφῆς
1926 422 2087 498 μεμέ·

532 538 656 587 νηκε
685 534 696 546 ·
738 515 828 573 καὶ
868 512 951 572 διὰ
979 515 1159 593 σαρκὸς
1190 517 1365 577 θεῖκῶς
1392 513 1665 593 ἐνεργήσας
1696 511 1824 590 ἅπερ
1852 509 2090 580 θεότητός

535 607 694 662 ἐστιν.
743 599 1039 682 Ἀμφότεροι
1066 599 1256 666 δεικνὺς
1292 590 1493 671 ἑαυτὸν,
1526 601 1588 657 δι’
1633 590 1703 656 ὧν
1745 595 2046 678 ἀμφοτέρως
2073 643 2088 667 ,

533 694 714 756 θεῖκῶς
739 689 801 761 δή
829 713 961 772 φημι
989 688 1076 747 καὶ
1101 689 1446 769 ἀνθρωπίνως,
1484 686 1754 767 ἐνήργησε.
1789 687 1921 772 κατ’.
1937 686 2094 755 αὐτὴν

533 775 629 848 τὴν
672 770 851 841 ὄντωςν
876 780 1042 848 ἀληθῆ
1085 776 1173 835 καὶ
1208 773 1422 858 φυσικὴν
1459 773 1682 854 ὕπαρξιν·
1715 772 1852 832 Θεὸν
1889 770 2094 852 ἄπειρον

534 868 669 940 ὁμοῦ
687 863 779 922 καὶ
801 864 1144 943 περίγραπτον
1167 862 1427 942 ἄνθρωπον
1449 860 1572 921 ὄντα
1595 885 1654 919 τε
1674 861 1762 919 καὶ
1789 864 2090 936 νοκύμενον,

534 947 628 1021 τὴν
683 951 857 1010 οὐσίαν
909 948 1151 1030 ἑκατέρου
1202 950 1406 1015 τελείως
1456 949 1658 1008 τελείαν
1703 947 1914 1026 ἔχοντα,
1965 945 2098 1022 μετὰ

534 1041 630 1118 τῆς
683 1041 842 1110 αὐτῆς
897 1038 1148 1118 ἐνεργείας
1173 1084 1189 1111 ,
1240 1039 1399 1115 ἤγουν
1446 1041 1661 1118 φυσικῆς
1714 1033 1963 1106 ἰδιότητος
1982 1048 1998 1064 ⁶
2047 1032 2098 1101 ἐξ

536 1116 608 1184 ὧν
657 1125 908 1201 μένουσαν
959 1116 1038 1184 ἀεὶ
1075 1123 1214 1184 κατὰ
1250 1124 1399 1207 φύσιν
1435 1116 1558 1203 δίχα
1582 1129 1774 1204 τροπῆς
1803 1120 1908 1207 τὴνῄ
1929 1122 2097 1178 αὐτῶν

535 1214 690 1290 ἴσμεν
718 1211 978 1294 διαφοράν.
1030 1215 1178 1273 Ἀλλ’
1211 1205 1312 1293 οὐχ
1332 1210 1404 1278 ὥς
1434 1210 1564 1277 τινές
1605 1235 1750 1293 φασι,
1793 1205 1930 1268 κατὰ
1966 1211 2096 1284 σύγ-

537 1324 722 1382 κρισιν,
763 1299 849 1360 ἵνα
884 1300 958 1379 μὴ
1002 1302 1092 1361 τὸν
1135 1301 1287 1360 αὐτὸν
1331 1304 1499 1382 ἑαυτῷ
1533 1301 1666 1358 κατὰ
1701 1299 1763 1357 τὸ
1795 1297 1942 1370 αὐτὸ,
1971 1295 2093 1374 παρ’

539 1387 568 1447 ὂ
594 1391 689 1460 δεῖ,
722 1387 928 1466 μείζονα
953 1389 1044 1448 καὶ
1069 1388 1244 1465 μείονα
1269 1387 1525 1465 λέγωμεν.
1547 1389 1833 1466 ⁹Ομοφυῶν
1850 1383 1972 1464 γὰρ,
2000 1386 2099 1460 οὐχ

540 1480 821 1558 ἐτεροφυῶν
866 1480 920 1535 αἱ
966 1477 1274 1556 συγκρίσεις.
1326 1477 1450 1556 Θεῷ
1494 1473 1550 1533 δὲ
1589 1477 1780 1551 ποιητῇ
1824 1476 1928 1531 τῶν
1962 1469 2097 1529 ὅλων

539 1564 775 1639 ποιητὸν,
821 1564 1015 1645 ἀπείρῳ
1063 1563 1309 1644 περατὸν,
1359 1564 1447 1622 καὶ
1491 1562 1693 1642 ἀπειρίᾳ
1736 1559 1924 1642 πέρας,
1978 1559 2095 1616 κατ’

539 1650 717 1710 οὐδένα
753 1651 1076 1732 συγκρίνεται
1118 1650 1296 1728 λόγον,
1343 1651 1422 1709 ἀεὶ
1465 1647 1600 1708 κατὰ
1635 1647 1803 1706 πάντα
1847 1649 2097 1729 φυσικῶς,

541 1740 659 1798 ἀλλ’
685 1743 743 1798 οὐ
773 1731 1106 1820 συγκρίτικῶς
1135 1739 1376 1810 ἀλλήλων
1403 1735 1725 1818 διαφέροντα,
1762 1734 1856 1817 κᾷν
1883 1731 2100 1816 ἄρρητός

539 1852 619 1895 τις
646 1828 737 1888 καὶ
762 1828 1016 1908 ἄῤῥηκτος
1042 1830 1113 1893 εἷς
1151 1826 1271 1904 μίαν
1299 1825 1580 1886 ὑπόστασιν
1610 1822 1916 1906 ἀμφοτέρων
1946 1820 2097 1908 γέγοο

541 1939 622 1975 νεν
651 1905 850 1987 ἕνωσις,
881 1924 1053 1975 πᾶσαν
1078 1914 1269 1980 παντὸς
1309 1921 1553 1992 γεννητοῦ
1588 1914 1850 1976 παντελῶς
1895 1905 2102 1989 διαφεύ-

541 2025 706 2079 γουσα
737 2007 949 2080 γνῶσιν·
997 2002 1080 2062 Τὸ
1121 1999 1222 2083 γὰρ
1252 2007 1404 2072 θεῖον,
1442 2005 1513 2066 ὥς
1553 1992 1616 2072 ἦν
1641 1999 1740 2080 πρὸ
1768 1995 2098 2079 σαρκώσεως,

545 2089 661 2148 ἔστι
680 2091 768 2150 καὶ
792 2088 924 2168 μετὰ
951 2089 1230 2170 σάρκωσιν,
1260 2087 1394 2149 κατὰ
1420 2087 1567 2171 φύσιν
1593 2087 1822 2165 ἄπειρον,
1855 2085 2094 2164 ἄσχετον,

541 2175 757 2250 ἀπαθὲς,
798 2177 1125 2259 ἀσύγκριτον,
1167 2177 1512 2237 ἀναλλοίωτον
1551 2176 1826 2257 ἄτρεπτον,
1855 2175 2103 2232 αὐτοσθε-

540 2263 644 2338 νὲς,
703 2267 790 2325 καὶ
842 2267 904 2326 τὸ
954 2276 1057 2326 πᾶν
1110 2270 1289 2344 εἰπεῖν,
1343 2264 1572 2346 ὑφεστὼς
1628 2266 1889 2334 οὐσιῶδες,
1951 2259 2103 2339 μόνον

543 2353 890 2436 ἀπειροσθενὲς
908 2355 1114 2433 ἀγαθόν.

984 2945 1100 3002 Τοῦ
1123 2944 1306 3020 αὐτοῦ,
1334 2945 1395 3002 ἐκ
1419 2948 1514 3001 τοῦ
1535 2938 1692 3018 λόγου
1717 2941 1800 3021 β’.

627 3071 846 3152 Γέγονεν
872 3063 959 3132 οὐν
987 3074 1210 3149 ἀληθῶς,
1240 3069 1374 3131 κατὰ
1398 3069 1489 3136 τὰς
1518 3069 1740 3151 Γραφὰς,
1775 3069 1848 3148 μὴ
1867 3071 2100 3152 τραπεὶς,

544 3165 574 3220 ὁ
615 3149 724 3220 τῶν.
758 3159 894 3220 ὅλων
929 3159 1086 3234 Θεὸς,
1139 3157 1401 3239 ἅνθρωπος
1441 3149 1818 3238 ἀναμάρτητος,
1857 3149 1927 3223 ὣς
1974 3149 2103 3217 οἶδεν

545 3251 698 3318 αὐτὸς
742 3249 898 3328 μόνος
938 3250 1187 3330 ῧπάρχων
1230 3248 1466 3329 τεχνίτης
1506 3249 1661 3330 φυκὸς
1707 3252 1809 3307 τῶν
1847 3245 1971 3328 ὑπὲρ
2014 3248 2103 3306 ἔν·-

543 3364 687 3400 νοιαν
707 3365 719 3378 ’
771 3341 887 3398 κατ’
940 3337 1097 3410 αὐτὴν
1143 3338 1254 3416 ἅμα
1290 3337 1384 3409 τὴν
1425 3338 1675 3418 σωτήριον
1711 3336 1982 3416 σάρκωσιν,
2013 3342 2104 3408 τῆς

544 3431 671 3498 ἰδίας
703 3428 941 3502 θεότητος
987 3429 1274 3506 ἐμποιήσας
1421 3429 1576 3507 σαρκὶ
1609 3425 1702 3498 τὴν
1746 3425 2012 3505 ἐνέργειαν,
2044 3429 2102 3484 οὐ

543 3514 983 3599 περιγραφομνην
1033 3519 1164 3594 αὐτῇ
1217 3512 1298 3572 διὰ
1342 3512 1434 3584 τὴν
1479 3513 1691 3573 κένωσιν
1712 3529 1728 3545 ⁸
1783 3513 1887 3571 οὐδ’
1931 3510 2104 3590 ὥσπερ

543 3597 635 3676 τῆς
660 3597 815 3663 αὐτοῦ
842 3600 1107 3676 θεότητος,
1132 3601 1268 3660 οὕτω
1295 3601 1384 3659 καὶ
1407 3605 1564 3671 αὐτῆς
1594 3603 1816 3680 φυσικῶς
1844 3597 2102 3676 ἐκφυομέ-

541 3715 633 3762 νην
657 3692 776 3749 ἀλλ’
803 3693 854 3748 ἐν
883 3681 966 3754 οἶς
993 3687 1055 3746 ἂν
1083 3687 1357 3768 σαρκωθεὶς
1385 3691 1563 3752 θεϊκῶς
1587 3687 1832 3766 ἐνήργησε
1853 3687 1914 3742 δι’
1946 3688 2102 3756 αὐτῆς

544 3775 937 3858 ἐκφαινομένην.
969 3779 1050 3834 Οὐ
1088 3773 1185 3856 γὰρ
1221 3774 1400 3852 γέγονε
1436 3773 1580 3853 φύσει
1613 3771 1807 3846 θεότης,
1838 3772 2101 3849 μεταϐλη-

542 3871 686 3924 θεῖσα
730 3864 824 3936 τὴν
869 3866 1042 3944 φύσιν,
1164 3860 1286 3940 σὰρξ
1323 3860 1571 3939 γενομένη
1691 3865 1838 3941 φύσει
1863 3859 2102 3932 θεότητος

543 3952 668 4034 σάρξ
691 3969 709 3986 ⁹
762 3942 891 4010 ἀλλί
934 3951 1063 4032 ἅπερ
1105 3942 1168 4023 ἦν
1189 3995 1204 4019 ,
1248 3951 1338 4010 καὶ
1375 3949 1573 4020 θεότητι
1619 3955 1904 4034 σύμφυεῖσα
1941 3948 2102 4027 μεμέ-

541 4029 666 4111 νηκε
691 4037 786 4112 τὴν
810 4043 960 4121 φύσιν
977 4029 1064 4098 καὶ
1080 4036 1174 4108 τὴν
1189 4036 1459 4118 ἐνέργειανο
1483 4035 1646 4102 καθὼς
1669 4029 1804 4095 εῖτέεν
1831 4043 1860 4095 δ
1888 4037 2097 4116 Σωτήρ.

549 4128 674 4188 «Τὸ
695 4128 786 4206 μὲν
805 4131 1017 4205 Πνεῦμα
1029 4125 1310 4208 πρόθυμον,
1327 4131 1361 4197 ἡ
1449 4122 1578 4204 σὰρξ
1595 4125 1828 4196 ἀσθενήςο
1843 4147 1866 4172 υ
1891 4125 2022 4184 Καθ’
2039 4125 2101 4195 ἣν

542 4204 813 4298 ἐνεργήσας
839 4239 898 4273 τε
920 4204 1007 4273 καὶ
1033 4204 1206 4272 παθὼν
1237 4213 1365 4293 ἅπερ
1395 4204 1456 4284 ἦν
1494 4213 1856 4291 ἀναμαρτήτου
1885 4212 2097 4291 σαρκὸς,

540 4299 635 4373 τὴν
660 4300 788 4383 ὐπὲρ
814 4305 964 4379 ἡμῶν
993 4300 1317 4361 ἐπιστώσατο
1343 4299 1556 4359 κένωσιν
1581 4298 1843 4372 θεότητος,
1875 4297 2100 4375 θαύμασι

540 4391 629 4450 καὶ
655 4391 843 4471 σαρκὸς
885 4391 1158 4466 παθήμασι
1196 4393 1422 4472 φυσικῶς
1463 4385 1846 4466 βεϐαιουμένην.
1881 4385 1976 4444 Διὰ
2004 4385 2101 4466 γὰρ

538 4485 693 4538 τοῦτο
726 4479 930 4557 γέγονεν
979 4478 1240 4558 ἄνθρωπος
1273 4482 1302 4536 ὁ
1341 4481 1445 4535 τῶν
1482 4474 1618 4534 ὅλων
1647 4474 1804 4550 Θεὸς,
1835 4473 1918 4533 ἵνα
1947 4476 2100 4556 σαρκὶ

527 4570 743 4644 ’παθητῇ
789 4565 1033 4644 πάσχων,
1078 4564 1216 4622 ἅπαν
1252 4568 1404 4640 ἡμῶν
1449 4563 1510 4621 τὸ
1555 4567 1631 4644 τῷ
1664 4563 1860 4641 θανάτῳ
1912 4561 2098 4644 πραθὲν

541 4650 867 4731 λυτρώσηται
894 4651 1066 4727 γένος·
1100 4653 1289 4708 ἀπαθεῖ
1314 4647 1366 4707 δὲ
1399 4648 1599 4720 θεότητι
1637 4648 1718 4708 διὰ
1745 4650 1932 4728 σαρκὸς
1971 4656 2097 4708 θαυ-

542 4742 863 4816 ματουργῶν,
918 4736 1043 4814 πρὸς
1085 4733 1178 4805 τὴν
1213 4736 1466 4815 ἀκήρατον
1507 4739 1665 4795 αὐτοῦ
1713 4737 1800 4795 καὶ
1843 4738 2094 4816 μακαρίαν

541 4823 839 4901 ἐπαναγάγῃ
870 4823 1024 4895 ζωήν·
1057 4823 1143 4881 καὶ
1169 4821 1236 4881 τὰ
1270 4825 1382 4882 κατ’
1416 4822 1656 4904 οὐρανοὺς
1700 4823 1822 4901 ἅγια
1853 4823 2096 4901 τάγματα

537 4913 641 4968 τῶν
666 4915 852 4990 νοερῶν
881 4914 1064 4970 οὐσιῶν
1095 4909 1342 4987 στομώση
1371 4911 1494 4992 πρὸς
1521 4912 1760 4992 ἀτρεψίαν
1787 4917 1863 4993 τῷ
1890 4936 2094 4988 μυστη-

542 4996 633 5078 ρίῳ
681 5001 773 5068 τῆς
826 5001 984 5058 αὐτοῦ
1031 4997 1413 5075 σωματώσεως,
1456 4993 1516 5070 ἧς
1565 4998 1709 5079 ἔργον
1752 5005 1786 5069 ἡ
1820 5004 1922 5057 τῶν
1957 4997 2093 5057 ὅλων

540 5077 676 5143 ἐστὶν
721 5087 791 5149 εἷς
831 5083 982 5143 αὐτὸν
1023 5086 1482 5167 ἀνακεφαλαίωσις.
1534 5077 1835 5163 Μεμένηκεν
1876 5077 1962 5144 οὐν
2003 5089 2093 5147 καὶ

539 5171 815 5251 σαρκωθεὶς
868 5169 1003 5230 κατὰ
1045 5171 1137 5242 τὴν
1192 5177 1342 5252 φύσιν
1393 5173 1527 5238 Θεὸς
1583 5173 1912 5252 ὐπεράπειρος
1933 5217 1948 5244 ,
1997 5173 2092 5245 τὴν

538 5262 698 5341 ἐαυτᾷ
742 5264 960 5337 συγγενῆ
1001 5261 1087 5317 καὶ
1131 5259 1456 5331 κατάλληλον
1509 5257 1643 5338 ἔχων
1690 5252 1965 5339 ἐνέργειανξ
1999 5267 2092 5334 τῆς

539 5345 633 5428 μὲν
671 5345 908 5420 θεότητος
946 5348 1202 5412 οὐσιωδῶς
1236 5344 1570 5428 ἑκφυομένην,
1616 5343 1698 5406 διὰ
1731 5344 1787 5406 δὲ
1811 5351 1906 5420 τῆς
1934 5352 2090 5410 αὐτοῦ

599 5474 621 5502 ι
642 5458 705 5509 In
730 5471 824 5510 ms.
847 5458 1126 5523 Nicephori
1151 5457 1342 5509 ἕνωσιν.

2160 2987 2208 3046 C

2240 416 2296 470 id
2345 417 2532 486 ipsum
2578 417 2755 472 carni.
2803 417 2911 471 Sen
2958 416 3111 471 sicut
3149 422 3271 469 erat
3310 415 3427 470 sine
3469 432 3638 490 carne,
3683 427 3806 479 omni

2237 506 2406 559 etiam
2449 512 2679 574 excepta
2724 503 3260 572 circumscriptione
3305 507 3608 571 permansit.
3645 514 3692 563 et
3733 527 3807 580 per

2235 607 2461 649 carnem
2496 594 2697 649 deifice
2736 607 2976 662 operans
3015 605 3138 662 qum
3171 591 3399 646 deitatis
3432 597 3572 661 sunt,
3610 605 3809 667 utraque

2238 672 2540 737 ostendens
2583 695 2642 737 se
2681 696 2779 751 per
2817 695 2942 751 qua:
2975 678 3302 748 dupliciter,
3335 679 3518 734 divine
3549 683 3740 739 scilicet
3767 696 3810 742 et

2243 769 2505 838 humane,
2535 775 2827 839 Operatum
2853 773 2939 824 est
2963 767 3272 823 secundum
3298 767 3534 821 eamdem
3561 784 3671 837 quae
3694 786 3811 828 vera-

2235 858 2380 913 citer
2400 871 2528 914 vera
2553 863 2639 914 est
2666 862 2722 914 et
2747 857 3030 913 naturalis
3055 854 3412 924 substantia;
3437 855 3597 910 Deum
3625 857 3810 914 immen-

2237 959 2362 1000 sum
2385 946 2556 1002 simul
2589 951 2644 1002 et
2667 946 3170 1014 circumscriptum
3197 942 3473 998 hominem
3502 945 3809 1001 exsistentem

2234 1039 2291 1090 et
2321 1035 2696 1106 intellectum,
2739 1035 3044 1105 utriusque
3076 1029 3319 1102 perfecte
3353 1030 3716 1099 perfectionem
3744 1035 3814 1089 ha-

2237 1123 2481 1193 bentem,
2515 1137 2644 1179 cum
2676 1124 2867 1178 eadem
2900 1121 3248 1191 operatione,
3285 1119 3338 1174 id
3370 1122 3450 1173 est
3474 1120 3697 1174 naturali
3721 1135 3815 1189 pro-

2238 1212 2498 1281 prietate,
2527 1227 2592 1268 ex
2621 1212 2834 1282 quibus
2863 1213 3177 1266 manentem
3205 1220 3420 1276 semper
3444 1208 3721 1261 secundum
3746 1222 3816 1262 na-

2237 1305 2422 1356 turam
2454 1301 2578 1355 sine
2609 1299 3091 1355 convertibilitate
3129 1309 3322 1352 earum
3352 1295 3698 1350 differentiam
3734 1297 3818 1350 sci-

2239 1404 2382 1446 mus.
2413 1390 2515 1445 Sed
2551 1403 2683 1459 non,
2721 1390 2873 1444 sicut
2903 1388 3134 1457 quidam
3171 1385 3354 1454 aiunt,
3392 1383 3676 1437 secundum
3702 1397 3818 1438 com-

2242 1479 2613 1549 parationem,
2647 1492 2714 1532 ne
2739 1476 2997 1532 eumdem
3035 1474 3148 1529 sibi
3185 1473 3491 1528 secundum
3525 1471 3691 1539 ipsum
3715 1485 3819 1538 prae-

2237 1572 2322 1622 ter
2364 1567 2512 1637 quod
2567 1571 2788 1636 oportet
2839 1565 3106 1634 majorem
3151 1576 3215 1617 ac
3273 1560 3538 1615 minorem
3583 1559 3814 1612 dicamus.

2154 1656 2207 1716 B
2235 1655 2705 1712 Connaturalium
2737 1655 2969 1724 quippe,
3006 1657 3063 1708 et
3097 1665 3208 1707 non
3251 1663 3446 1705 eorum
3483 1661 3596 1717 quae
3623 1647 3820 1701 alterius

2237 1751 2371 1800 sunt
2402 1750 2639 1812 naturm,
2675 1742 3129 1812 comparationes
3167 1739 3441 1794 existunt.
3473 1738 3578 1790 Deo
3604 1735 3734 1789 enim
3764 1734 3822 1788 fa-

2237 1834 2382 1888 ctori
2410 1833 2665 1888 omnium
2689 1831 2988 1898 factorum,
3020 1827 3364 1896 inﬁnitoque
3391 1825 3673 1892 finitivum,
3695 1825 3824 1878 etin-

2239 1923 2448 1977 finitati
2472 1921 2606 1976 finis
2627 1921 2937 1976 secundum
2963 1917 3178 1974 nullam
3197 1919 3555 1983 comparatur
3569 1913 3821 1981 rationem,

2238 2025 2366 2066 cum
2407 2024 2627 2080 semper
2663 2016 2715 2064 et
2756 2022 2854 2077 per
2891 2007 3082 2062 omnia
3122 2003 3466 2060 naturaliter
3501 2001 3566 2056 ab
3605 2001 3820 2066 invicem,

2239 2099 2332 2153 sed
2379 2112 2491 2154 non
2535 2097 2935 2166 comparative,
2980 2093 3272 2148 differant.
3320 2091 3634 2159 Quanquam
3676 2085 3826 2142 inetia-

2239 2187 2378 2242 bilis
2408 2187 2662 2257 quaedam
2693 2190 2749 2241 et
2781 2181 3250 2251 indirumpibilis
3287 2180 3344 2234 in
3377 2192 3538 2235 unam
3566 2175 3827 2231 subsisten-

2239 2276 2379 2331 tiam
2429 2276 2734 2344 utriusque
2781 2272 2927 2328 facta
2976 2272 3054 2326 sit
3101 2269 3322 2337 unitas,
3384 2279 3591 2322 omnem
3641 2263 3826 2333 penitus

2240 2365 2429 2420 omnis
2463 2363 2597 2418 facti
2635 2361 2933 2417 scientiam
2979 2357 3226 2430 fugiens.
3277 2355 3554 2412 Divinitas
3589 2351 3741 2421 enim,
3779 2354 3826 2403 ut

2239 2459 2360 2509 erat
2388 2457 2519 2508 ante
2550 2450 3022 2516 incarnationem,
3056 2451 3141 2502 est
3165 2450 3220 2501 et
3255 2450 3383 2516 post
3412 2441 3823 2500 incarnationem,

2240 2541 2553 2598 secundum
2579 2545 2838 2595 naturam
2863 2536 3109 2592 inﬁnita.
3137 2529 3731 2603 incomprehensibilis,
3751 2527 3828 2580 im-

2241 2630 2556 2701 passibilis,
2584 2629 2766 2684 incom
2777 2625 3073 2696 parabilis,
3099 2620 3574 2687 inconvertibilis,
3594 2631 3681 2687 per
3698 2629 3746 2671 se
3761 2629 3830 2684 po-

2241 2725 2385 2789 tens,
2413 2723 2486 2786 et,
2519 2722 2581 2773 ut
2601 2722 2780 2773 totum
2807 2715 3090 2784 dicamus,
3113 2711 3438 2768 subsistens
3463 2703 3827 2770 substantialis,

2241 2806 2359 2863 sola
2394 2805 2632 2861 infinitae
2663 2803 2901 2860 virtutis
2930 2802 3162 2858 bonum.

2662 2928 2944 2997 Ejusdem,
2973 2943 3041 2980 ea:
3068 2926 3250 2979 eodem
3286 2937 3516 2978 sermone
3543 2916 3592 2974 ἓ.

2309 3056 2514 3110 Factus
2545 3067 2677 3124 ergo
2714 3052 2991 3108 veraciter
3025 3049 3348 3105 secundum
3389 3045 3710 3113 Scripturas,
3746 3045 3831 3089 non

2240 3157 2568 3211 conversus,
2597 3140 2998 3196 universorum
3024 3141 3174 3194 Deus
3206 3137 3381 3193 homo
3405 3136 3524 3189 sine
3548 3131 3763 3200 peccato,
3787 3124 3836 3174 ut

2242 3233 2400 3289 novit
2424 3231 2545 3300 ipse
2564 3229 2742 3298 solus,
2766 3242 2894 3283 cum
2919 3227 2997 3282 sit
3015 3225 3224 3280 artifex
3249 3223 3531 3280 naturalis
3545 3227 3720 3274 eorum
3738 3222 3835 3280 qum

2241 3326 2377 3377 sunt
2402 3333 2573 3388 supra
2604 3331 2866 3384 sensum;
2903 3316 2961 3369 in
2995 3315 3118 3384 ipsa
3149 3314 3329 3370 simul
3366 3307 3595 3366 salutari
3627 3306 3838 3358 incarna-

2243 3410 2398 3465 tione
2427 3406 2663 3463 deitatis
2694 3419 2810 3460 suae
2839 3408 3111 3472 coaptans
3141 3402 3307 3456 carni
3340 3397 3719 3469 operationem,
3750 3396 3837 3439 non

2241 3494 2739 3562 circumscriptam
2769 3505 2832 3546 ea
2863 3495 3098 3559 proptor
3126 3488 3570 3552 evacuationem,
3605 3491 3692 3533 nec
3719 3474 3840 3528 sic“t

2239 3599 2308 3640 ex
2343 3584 2554 3640 deitate
2589 3596 2712 3648 sua,
2750 3581 2829 3634 ita
2854 3585 2909 3634 et
2937 3593 3005 3634 ex
3040 3579 3163 3647 ipsa
3197 3575 3539 3632 naturaliter
3565 3569 3836 3638 cognatam,

2241 3673 2336 3729 sed
2371 3673 2429 3726 in
2464 3669 2907 3740 quibuscunque
2940 3667 3280 3721 incarnatus
3299 3663 3497 3726 deitiee
3520 3659 3758 3728 operatus
3774 3650 3841 3701 est

2241 3775 2339 3831 per
2370 3760 2556 3828 ipsam
2601 3756 2961 3811 declaratam.
2996 3756 3117 3809 Non
3147 3753 3306 3808 enim
3342 3763 3471 3805 caro
3509 3745 3648 3831 facta
3663 3745 3747 3831 est
3767 3746 3842 3804 per

2241 3829 2504 3905 naturam
2534 3845 2722 3900 deitas
2762 3842 3040 3898 translata
3073 3838 3481 3899 natura.‘facta
3515 3829 3755 3888 videlicet
3781 3833 3844 3875 se-

2241 3937 2491 3994 cundum
2520 3938 2782 3988 naturam
2809 3929 3047 3987 deitatis
3067 3942 3221 3996 caro,
3249 3929 3351 3984 sed
3381 3923 3526 3995 quod
3553 3925 3680 3984 erat,
3704 3911 3843 3968 etiam

2240 4025 2442 4082 deitati
2473 4026 2735 4091 coaptata
2766 4019 3000 4089 mansit,
3035 4019 3091 4074 id
3127 4023 3213 4072 est
3240 4029 3378 4071 caro
3412 4012 3644 4076 infirma,
3678 4009 3726 4059 et
3752 4011 3845 4091 pas-

2241 4113 2437 4170 sibilis
2478 4088 2684 4166 natura
2719 4113 2776 4163 et
2805 4088 3155 4178 Operatione,
3190 4099 3659 4175 quemadmodum
3698 4088 3848 4178 Salva-

2240 4207 2331 4257 tor
2368 4200 2489 4255 ait:
2532 4197 2772 4268 Spiritus
2812 4177 3033 4265 quidem
3067 4197 3384 4263 promptus,
3427 4203 3548 4243 caro
3582 4186 3743 4237 autem
3785 4177 3847 4225 in-

2239 4293 2399 4359 ﬁrma
2441 4287 2657 4358 (Matth.
2701 4297 2863 4346 xxv1,
2909 4280 3018 4352 Μ).
3062 4284 3122 4336 In
3161 4293 3275 4350 qua
3306 4281 3570 4348 Operatus
3602 4276 3654 4326 ct
3683 4274 3848 4337 passus

2241 4391 2366 4448 quae
2397 4374 2560 4430 erant
2585 4372 2778 4428 carnis
2797 4371 3010 4440 absque
3037 4373 3288 4439 peccato,
3318 4361 3747 4422 exinanitionem
3769 4360 3847 4420 pro

2239 4445 2407 4521 nobis
2429 4461 2709 4518 indicavit
2734 4459 2760 4500 ι)
2784 4458 3133 4520 divinitatis,
3164 4455 3466 4511 miraculis
3483 4455 3538 4506 et
3557 4445 3734 4504 carnis
3755 4450 3852 4509 pas—

2240 4551 2506 4610 sionibus
2547 4548 2890 4604 naturaliter
2931 4545 3274 4601 roboratam.
3318 4545 3550 4610 Propter
3591 4536 3687 4589 hoc
3725 4526 3848 4582 enim

2243 4643 2429 4699 factus
2454 4644 2539 4695 est
2561 4639 2728 4694 homo
2757 4636 3157 4691 universorum
3183 4635 3354 4702 Deus,
3386 4637 3451 4685 ut
3470 4637 3632 4683 carne
3657 4615 3850 4690 quidem

2245 4729 2518 4802 passabili
2549 4727 2773 4798 patiens
2799 4730 2979 4780 totum
3008 4727 3265 4778 nostrum
3295 4719 3466 4775 morti
3498 4712 3766 4770 venditum

2241 4799 2485 4877 dimeret
2513 4831 2730 4889 genus:
2768 4812 3118 4883 impassibili
3147 4825 3277 4866 vero
3307 4808 3521 4864 deitate
3547 4815 3641 4872 per
3662 4799 3850 4889 camelli

2246 4886 2593 4964 mirabiliter
2617 4917 2878 4974 operans,
2912 4903 2980 4957 ad
3012 4899 3389 4955 immortalem
3420 4893 3563 4948 illud
3595 4893 3647 4944 et
3668 4886 3849 4939 beatam

2243 4998 2541 5054 reduceret
2581 4994 2753 5049 vitam
2800 4993 2870 5047 de
2917 5004 3029 5060 qua
3069 4989 3354 5044 ceciderat
3395 4977 3621 5038 diabolo
3662 4977 3848 5060 parens

2245 5051 2427 5156 nitique
2473 5090 2702 5139 sanctos
2746 5051 3222 5135 intelle-ctualium
3267 5069 3709 5156 substantiarum

2243 5140 2476 5231 ordines
2499 5171 2566 5227 ad
2599 5167 3199 5225 inconvertibilitatem
3231 5159 3502 5232 mysterio
3529 5167 3640 5210 sua:
3661 5140 3854 5203 stabili-

2245 5269 2330 5319 ret
2355 5256 2875 5329 incorporationis:
2907 5256 3075 5324 cujus
3105 5267 3248 5323 opus
3277 5249 3536 5304 omnium
3563 5247 3645 5298 est
3672 5240 3724 5291 in
3748 5239 3853 5286 eum

2244 5327 2665 5420 recapitul‘atio.
2706 5344 2915 5401 Mansit
2948 5356 3082 5414 ergo
3117 5342 3286 5398 etiam
3321 5337 3653 5393 incarnatus
3690 5327 3856 5379 secun-

2316 5455 2346 5497 ὶ)
2374 5452 2657 5524 Probavit,
2687 5449 2988 5522 persuasit.
