4034 6158
402 233 500 293 6⁸74

1648 232 1998 288 ANASTASII
2036 231 2573 291 BIBLIOTHECARII

3705 240 3808 299 672

464 370 553 431 καὶ
594 364 913 447 ἀνθρωπίνως
952 362 1224 444 ἐνήργησε,
1249 359 1447 447 τέλειον
1654 355 1744 415 τὸν
1778 350 2016 433 ἑκατέρου

2175 362 2464 429 ιιι-ιιηιφιθ
2488 373 2656 415 suum
2674 375 2896 431 semper
2915 376 3249 432 permanens
3274 364 3399 419 sine
3414 379 3573 433 casu,
3596 365 3808 435 quibus

466 456 619 534 λόγον
843 456 1027 511 ἑαυτοῦ
1048 443 1273 531 φυσικῶς
1305 443 1675 505 ἀναλλοίωτον.

823 810 932 871 Ton"
956 813 1135 885 αὐτοῦ,
1163 811 1224 868 ἐκ
1244 813 1335 867 eoo”
1362 810 1524 867 αὐτοῦ
1546 803 1708 883 λόγου
1740 801 1788 862 ί.

544 942 724 1023 Βήρων
768 938 866 1023 γάρ
910 964 986 1005 τις
1030 938 1269 1017 ἔναγχος,
1323 937 1434 1014 μεθ’
1476 933 1661 1017 ἑτέρων
1703 935 1875 1003 τινῶν,

466 1016 769 1087 Βαλεντίνου
805 1016 1084 1109 φαντασίαν
1109 1016 1340 1107 ἀφέντες,
1378 1016 1573 1104 χείρονι
1605 1024 1753 1101 κακῷ
1788 1016 2021 1109 κατεπά-

466 1140 651 1197 ρησαν,
698 1103 957 1193 λέγοντες⁸
1009 1112 1122 1185 Τὴν
1301 1103 1709 1197 προσληφθεῖσαν
1752 1110 1829 1197 τῷ
1865 1103 2024 1197 Λόγῳ

468 1189 646 1283 ἑτάρκα⁷
677 1189 909 1281 γενέσθαι
933 1189 1246 1282 ταῦτουργὸν
1382 1195 1580 1268 θεᾶτητι
1614 1193 1697 1253 διὰ
1720 1191 1814 1264 τὴν
1857 1189 2021 1283 πρόσξ

464 1279 641 1370 ληψιν.
824 1287 1043 1360 θεότητα
1086 1279 1141 1347 δέ
1183 1284 1414 1365 γενέσθαι
1453 1286 1748 1370 ταῦτοπαθῆ
1869 1279 2023 1358 σαρκὶ

464 1369 557 1433 διὰί
583 1376 813 1436 κένωσιν⁶
867 1375 1058 1455 τροπὴν
1108 1380 1262 1452 ὁμοῦ,
1310 1374 1397 1431 καὶ
1433 1369 1601 1453 φύσιν,
1631 1369 1721 1455 καὶ
1748 1372 2020 1455 σύγχυσιγν

467 1463 558 1522 καὶ
580 1462 673 1533 τὴν
709 1466 782 1531 εἰς
818 1452 1072 1533 ἀλλήλους
1114 1458 1415 1542 ἀμφοτέρων
1449 1452 1737 1534 μεταϐολὴν
1773 1452 2024 1542 δογματί-

466 1553 657 1617 ζοντες·
690 1553 756 1609 Εἰ
779 1547 876 1627 γὰρ
902 1539 1285 1629 προσληφθεῖσα
1310 1552 1343 1617 ἡ
1373 1544 1493 1624 σὰρξ
1521 1542 1693 1621 γένονε
1716 1539 2023 1629 ταυτουργὸς

466 1637 533 1713 τῇ
572 1635 792 1707 θεότητι,
838 1634 1074 1706 δηλονότι
1115 1627 1204 1693 καὶ
1239 1631 1385 1714 φύσει
1413 1631 1546 1696 Θεὸς
1569 1678 1586 1707 ,
1621 1630 1729 1706 μεθ’
1761 1627 1895 1687 ὅσων
1921 1649 2023 1706 φυ-

467 1726 621 1788 σικῶς
645 1728 831 1782 νοεῖται
856 1719 1013 1787 Θεός.
1049 1720 1157 1780 Καὶ
1183 1722 1227 1777 εἰ
1252 1713 1430 1796 γέγονε
1456 1721 1733 1777 κενωθεῖσα
1875 1713 2025 1793 σαρκὶ

467 1808 791 1880 ταῦτοπαθὴς
829 1813 864 1880 ἡ
910 1807 1109 1879 θεότης,
1160 1804 1397 1877 δηλονότι
1433 1829 1520 1864 και
1553 1808 1701 1885 φύσει
1729 1797 1879 1883 σὰρξ,
1913 1798 2025 1878 μεθ’

468 1893 604 1955 ὅσων
670 1900 892 1978 φυσικῶς
959 1895 1292 1976 γνωρίζεσθαι
1346 1890 1542 1978 πέφυκε
1608 1889 1752 1978 σάρξο
1806 1887 1891 1978 T3!
1928 1886 2026 1969 γὰρ

466 1973 709 2055 ἀλλήλοις
762 1973 990 2064 ὁμοεργῆ
1019 2028 1037 2054 ,
1075 1973 1199 2041 *καὶ
1247 1976 1537 2060 ταῦτουργὰ
1568 2022 1586 2051 ,
1649 1977 1739 2036 καὶ
1790 1973 2029 2064 ὁμόφυλα

468 2068 671 2137 πάντως
706 2115 723 2142 ,
778 2070 868 2129 καὶ
898 2061 1204 2139 νταῦτοπαθῆ
1238 2111 1255 2139 ,
1298 2064 1539 2147 διαφορὰν
1593 2068 1686 2125 οὔκ
1740 2061 2028 2141 ἐπιδέχεται

467 2155 684 2239 φύσεως.
718 2158 825 2218 Καὶ
849 2160 1047 2239 φύσεων
1075 2160 1245 2221 αὑτοῖς
1275 2153 1695 2234 συγκεχυμένων,
1738 2152 1881 2239 ἔσται
1909 2148 2028 2239 δυὰς

470 2237 499 2302 6
539 2245 790 2324 Χριστὸς,
835 2237 928 2303 καὶ
968 2240 1261 2325 προσώπων
1294 2239 1680 2325 μεμερισμένων
1720 2237 1927 2325 τετρὰς,

472 2323 837 2410 φευκτότατονο
892 2323 1025 2391 Kal
1046 2332 1156 2395 πῶς
1200 2331 1372 2393 αὐτοῖς
1414 2323 1495 2392 εἷς
1522 2328 1611 2386 καὶ
1637 2332 1665 2386 ὁ
1691 2325 1864 2399 αὐτὸς,
1896 2323 2030 2410 Θεὸς

475 2408 610 2494 ὁμοῦ
666 2421 815 2498 φύσει
858 2417 946 2476 καὶ
997 2416 1259 2496 ἄνθρωπος
1283 2457 1300 2485 ,
1360 2418 1389 2472 ὁ
1433 2411 1657 2492 Χριστός
1681 2435 1708 2498 ,Α
1758 2410 1924 2471 Ποίαν
1976 2408 2031 2498 δὲ

475 2505 592 2562 κατ’
623 2496 804 2569 αὖτοὺς
832 2502 930 2571 ἕξει
951 2501 1045 2573 τὴν
1071 2498 1297 2581 ὕπαρξιν,
1331 2498 1595 2577 μεταϐολῇ
1625 2496 1861 2570 θεότητος
1884 2496 2030 2576 γενό-

476 2612 626 2666 μενος
654 2589 933 2670 ἄνθρωπος,
965 2589 1053 2647 καὶ
1072 2586 1258 2667 σαρκὸς
1282 2587 1619 2663 μεταποιήσει
1637 2584 1772 2651 Θεός
1796 2609 1813 2657 ;
1839 2588 1907 2643 Ἦ
1930 2584 2029 2666 γὰρ

476 2678 545 2741 εἷς
583 2677 810 2747 ἀλλήλας
852 2678 1049 2733 τούτων
1089 2672 1438 2751 μετάπτωσις,
1471 2673 1721 2745 παντελής
1755 2674 1891 2731 ἐστιν
1920 2674 2026 2749 ἀμ-

475 2765 701 2850 φοτέρων
722 2766 990 2848 ἀναίρεσις.
1025 2764 1331 2824 Σκοπείσθω
1359 2761 1422 2834 δὴ
1465 2763 1619 2822 πάλιν
1645 2767 1769 2841 ἡμῖν
1794 2761 1977 2846 ἑτέρως
2001 2768 2031 2822 ὁ

475 2856 651 2937 λόγος.
1426 2854 1446 2871 “

799 3081 911 3139 Τοῦ
938 3081 1113 3149 αὐτοῦ,
1150 3080 1209 3137 ἐκ
1231 3082 1324 3137 τοῦ
1346 3079 1505 3137 αὐτοῦ
1529 3073 1689 3155 λόγου
1717 3075 1829 3135 σθ’.

557 3213 783 3280 Εὗσεϐὲς
823 3212 1104 3294 κεκύρωται
1151 3211 1319 3291 δόγμα
1349 3215 1681 3292 χριστιανοῖς,
1719 3210 1837 3269 κατ’
1876 3206 2033 3279 αὐτὴν

477 3326 536 3361 τε
588 3306 759 3383 φύσιν,
807 3301 896 3361 καὶ
941 3299 1035 3371 τὴν
1088 3298 1362 3381 ἐνέργειαν,
1418 3300 1509 3359 καὶ
1547 3308 1647 3383 π-ᾷν
1688 3297 1853 3378 ἕτερον
1893 3300 2032 3378 αὐτῷ

476 3377 731 3470 προσφυὲς
754 3435 771 3463 ,
815 3386 925 3446 ἴσον
971 3390 1138 3470 ἑαυτῷ
1174 3377 1271 3447 καὶ
1321 3386 1505 3446 ταύτὸν
1557 3377 1685 3446 εἶναι
1738 3385 1821 3443 τὸν
1846 3469 1849 3470 ν
1872 3377 2029 3455 Θεὸν,

479 3469 636 3554 μηδὲν
690 3479 857 3557 ἑαυτῷ
906 3480 1009 3533 τῶν
1064 3469 1244 3533 ἑαυτοῦ
1290 3476 1551 3541 παντελῶς
1604 3473 1772 3531 ἄνισον
1823 3469 2031 3549 ἔχοντα,

478 3564 569 3623 καὶ
620 3562 977 3633 ἀκατάλληλον
1000 3587 1013 3601 ·
1084 3564 1149 3620 Εἰ
1213 3561 1380 3619 τοίνυν
1443 3558 1576 3619 κατὰ
1644 3559 1881 3639 Βήρωνα,
1945 3562 2035 3628 τῆς

479 3655 637 3720 αὐτῆς
679 3652 820 3729 αὐτῷ
862 3651 1242 3728 προσληφθεῖσα
1292 3651 1505 3727 φυσικῆς
1548 3645 1795 3725 ἐνεργείας
1831 3641 2035 3721 γέγονεν

478 3742 513 3808 ἡ
542 3735 687 3816 σὰρξ,
716 3734 950 3806 δηλονότι
976 3736 1063 3794 καὶ
1103 3739 1194 3805 τῆς
1235 3738 1392 3803 αυτῆς
1428 3736 1569 3812 αὐτῷ
1598 3731 1775 3809 γέγονε
1811 3735 2030 3812 φύσεως,

481 3825 591 3900 μεθ’
641 3823 775 3882 ὅσων
817 3826 853 3893 ἡ
906 3824 1074 3901 φύσις,
1116 3820 1360 3900 ἀναρχίας
1400 3820 1723 3897 ἀγεννησίας,
1778 3818 2033 3900 ἀπειρίας,

480 3910 787 3982 ἀϊδιότητος,
846 3908 1219 3989 ἀκαταληψίας,
1269 3909 1356 3967 καὶ
1396 3912 1500 3967 τῶν
1544 3907 1642 3968 ὅσα
1680 3906 1873 3967 τούτων
1918 3908 2032 3966 καθ’

476 3995 736 4078 ὑπεροχὴν
790 4002 818 4056 ὁ
867 3995 1155 4073 θεολογικὸς
1205 3999 1473 4077 ὑπερφυῶς
1526 3998 1672 4078 ἐνορᾷ
1832 3992 2036 4065 θεότητι

476 4082 652 4162 λόγος.
687 4085 792 4144 Καὶ
816 4081 1010 4165 τροπὴν
1031 4081 1295 4164 ἀμφότερα
1318 4083 1589 4143 πέπονθεν,
1629 4083 1909 4162 μηδετέρου
1949 4083 2037 4141 τὸν

474 4177 567 4243 τῆς
595 4173 726 4240 ἰδίας
752 4172 947 4254 φύσεως
977 4170 1195 4243 οὗσιώδη
1221 4170 1376 4249 λόγον
1401 4170 1476 4230 ἔτι
1499 4170 1654 4248 σοζόμ
1663 4196 1771 4230 ενον
1800 4172 2028 4249 ἔχοντος·

474 4258 553 4317 Ὀ
595 4257 693 4340 γὰρ
740 4261 1022 4341 ἑτερο-ρυῶν
1064 4256 1207 4325 εἰδὼς
1251 4259 1584 4333 ταῦτουογίαν
1615 4256 1863 4337 σύγχυσιν
1903 4264 2036 4333 ὁμοῦ

477 4344 715 4429 φυσικὴν,
758 4346 845 4404 καὶ
874 4344 1118 4425 διαίρεσιν
1154 4348 1321 4405 αὐτῶν
1350 4348 1630 4420 εἰσηγεῖται
1657 4342 1991 4425 προσωπικὴν
2017 4362 2029 4374 ·

478 4435 825 4510 ἀδιαγνωστου
863 4436 1152 4498 παντελῶς,
1304 4435 1406 4489 τῶν
1436 4429 1715 4507 ἰδιομάτων
1741 4430 2033 4510 μεταϐολῇ,

477 4524 568 4591 τῆς
592 4525 808 4602 φυσικῆς
833 4522 1001 4580 αὐτῶν
1017 4518 1293 4597 γενομένης
1315 4516 1593 4597 ὑπάρξεως.

836 4905 953 4963 Τοῦ
977 4904 1155 4981 αὐτοῦ,
1188 4906 1253 4963 ἐκ
1264 4909 1364 4963 τοῦ
1388 4908 1542 4965 αὐτοῦ
1565 4903 1727 4983 λόγου
1755 4905 1836 4975 ζ’.

556 5038 624 5096 Εἰ
649 5033 704 5095 δὲ
727 5039 820 5107 τῆς
843 5039 999 5107 αὐτῆς
1026 5039 1167 5117 αῧτῷ
1194 5033 1268 5114 μὴ
1293 5034 1472 5114 γέγονε
1510 5040 1739 5118 φύσεως,
1784 5034 1899 5095 οὐδὲ
1941 5041 2036 5108 τῆς

475 5128 630 5195 αὐτῆς
654 5127 794 5199 αὑτῷ
817 5147 944 5182 ποτε
972 5123 1239 5199 γενήσεται
1281 5129 1496 5205 φυσικῆς
1538 5122 1818 5204 ἐνεργείας,
1848 5122 1932 5181 ἵνα
1963 5123 2037 5201 μὴ

474 5214 651 5290 δειχθῇ
678 5216 743 5281 τῆ
765 5233 911 5291 φυσει
928 5209 1021 5281 τὴν
1047 5209 1297 5289 ἐνέργειαν
1324 5210 1494 5269 ἄνισον
1516 5210 1678 5290 ἔχων,
1703 5212 1792 5269 καὶ
1813 5212 2037 5270 ἀκατάλ-

472 5301 655 5370 ληλον,
697 5299 788 5357 καὶ
830 5302 927 5368 τῆς
976 5302 1131 5357 αὐτοῦ
1184 5300 1247 5356 δι’
1284 5296 1419 5357 ὅλων
1457 5303 1561 5357 τῶν
1596 5302 1778 5357 ἑαυτοῦ
1820 5305 2037 5378 φυσικῆς

471 5383 567 5455 ἔξω
612 5383 824 5463 γεγονὴς
862 5383 1098 5456 ἰσότητος
1144 5385 1233 5444 καὶ
1656 5384 1780 5467 ὅπερ
1823 5387 2031 5457 ἀσεϐές.

2153 445 2349 501 divine
2393 448 2604 515 pariter
2632 454 2689 503 et
2742 450 2987 505 humane
3036 457 3306 520 operatus
3354 458 3457 521 est,
3493 449 3811 522 perfectio-

2157 545 2281 587 nem
2319 546 2416 603 per
2444 549 2663 591 omnem
2690 538 2993 608 utriusque
3014 539 3293 595 rationem
3321 540 3434 595 sibi
3466 540 3813 597 naturaliter

2158 620 2684 679 incommutabilem
2704 625 2950 681 salvans.

2508 750 2789 817 Ejusdem,
2821 766 2889 803 ea:
2924 751 3106 804 eodem
3134 766 3373 805 sermone
3396 750 3449 808 5.

2227 869 2365 925 Bero
2390 871 2542 926 enim
2574 872 2806 941 quidam
2850 886 3049 943 nuper,
3099 878 3157 929 et
3201 873 3305 929 alii
3332 875 3568 944 quidam
3597 875 3819 930 Valen-

2158 957 2267 1013 tini
2302 959 2602 1028 phantasia
2631 960 2873 1030 deserta,
2901 962 3184 1017 deteriore
3208 962 3421 1018 irretiti
3450 968 3586 1018 sunt
3614 963 3820 1032 pravi-

2158 1050 2292 1115 tate,
2326 1046 2583 1103 dicentes
2612 1054 2965 1119 assumptam
3027 1064 3067 1105 a.
3118 1050 3297 1107 Verbo
3349 1064 3575 1106 carnem
3632 1049 3821 1107 fuisse

2159 1134 2351 1189 eadem
2380 1149 2505 1204 qua:
2533 1134 2812 1191 divinitas
2854 1143 3084 1207 operata
3121 1142 3210 1193 est
3235 1143 3543 1208 operatam.
3576 1138 3823 1193 Divini-

2162 1226 2332 1277 tatem
2359 1237 2491 1281 vero
2515 1225 2973 1294 compassibilem
3004 1226 3165 1282 carni
3198 1231 3429 1296 pr0pter
3452 1227 3823 1283 exinanitio—

2164 1324 2321 1365 nem:
2347 1313 2887 1369 convertibilitatem
2919 1314 3092 1369 simul
3123 1319 3180 1369 et
3204 1314 3682 1384 commistionem,
3718 1329 3824 1371 seu

2161 1397 2553 1455 confusionem
2579 1406 2751 1471 atque
2768 1402 3073 1471 utriusque
3093 1401 3151 1457 in
3173 1402 3413 1457 invicem
3438 1404 3825 1458 mutationem

2161 1490 2625 1560 dogmatizantes.
2684 1491 2741 1544 Si
2787 1491 2938 1545 enim
2993 1496 3284 1560 assumpta
3340 1506 3471 1547 caro
3524 1491 3675 1547 facta
3738 1497 3828 1546 est

2162 1579 2520 1645 cooperatrix
2546 1578 2864 1647 divinitati,
2906 1579 3090 1649 liquet
3121 1579 3268 1648 quod
3303 1586 3359 1635 et
3391 1586 3592 1635 natura
3626 1581 3822 1635 Deus:

2088 1680 2315 1743 Bcum,
2370 1672 2652 1736 quotquot
2703 1673 2809 1740 est,
2861 1668 3222 1741 intelligatur
3274 1671 3441 1724 Deus.
3486 1671 3555 1723 Et
3588 1669 3640 1723 si
3670 1667 3829 1723 facta

2091 3011 2142 3076 C

2114 4334 2164 4391 ll

2164 1759 2251 1808 est
2273 1754 2569 1809 exinanita
2615 1756 3046 1825 compassibilis
3091 1758 3250 1812 carni
3299 1757 3598 1826 divinitas,
3637 1756 3831 1825 liquet

2165 1843 2313 1911 quod
2347 1847 2405 1896 et
2430 1848 2633 1899 natura
2660 1858 2826 1902 caro:
2879 1858 3008 1900 cum
3040 1850 3324 1915 quotquot
3362 1851 3449 1899 est
3477 1846 3834 1900 naturaliter

2163 1944 2285 1985 esse
2316 1931 2676 2003 intelligatur
2703 1946 2852 1988 caro.
2903 1934 2980 1989 Ea
3024 1934 3237 2004 quippe
3279 1948 3406 2004 quae
3458 1939 3658 1990 mutuo
3685 1939 3831 1989 sunt

2164 2020 2546 2088 cooperantia,
2575 2026 2631 2075 et
2672 2021 2864 2075 eadem
2921 2024 3238 2091 operantia,
3287 2028 3344 2077 et
3389 2022 3647 2091 ejusdem
3690 2022 3829 2077 ori-

2165 2107 2341 2179 ginis,
2367 2107 2614 2177 prot‘ecto
2651 2114 2709 2164 et
2734 2110 3186 2179 compassibilia,
3218 2115 3437 2167 natura:
3476 2123 3589 2165 non
3624 2112 3833 2165 susci-

2169 2197 2380 2266 pientis
2408 2196 2808 2253 differentiam.
2843 2200 2930 2269 Et,
2964 2199 3191 2254 naturis
3221 2198 3334 2254 sibi
3383 2197 3669 2269 confusis,
3715 2199 3834 2253 erit

2166 2285 2420 2341 dualitas
2447 2286 2749 2355 Christus;
2776 2293 2850 2358 et,
2903 2288 3163 2357 personis
3188 2288 3485 2357 separatis,
3534 2287 3632 2342 ﬁet
3676 2301 3835 2357 qua—

2170 2375 2442 2431 ternitas:
2475 2377 2623 2446 quod
2650 2382 2737 2432 est
2777 2376 3020 2431 nimium
3050 2376 3407 2448 fugiendum.
3438 2378 3503 2431 Et
3536 2378 3833 2446 quomodo

2172 2462 2293 2517 illis
2323 2478 2473 2519 unus
2506 2468 2562 2519 et
2614 2465 2763 2519 idem
2796 2465 2914 2534 ipse
2944 2464 3056 2520 erit
3094 2467 3243 2520 Deus
3291 2470 3492 2520 natura
3546 2464 3731 2520 simul
3778 2470 3836 2519 et

2172 2551 2339 2606 homo
2358 2552 2623 2608 Christus
2643 2553 2670 2605 ‘2
2698 2553 2876 2621 Quam
2906 2554 3076 2608 etiam
3109 2553 3424 2608 secundum
3451 2553 3610 2622 ipsos
3645 2552 3838 2608 habe-

2170 2638 2258 2694 bit
2279 2641 2583 2696 essentiam
2616 2643 2928 2697 mutatione
2956 2641 3284 2697 divinitatis
3327 2639 3511 2696 factus
3549 2641 3744 2709 homo,
3779 2646 3837 2696 et

2170 2729 2364 2784 carnis
2395 2730 2771 2785 translatione
2800 2730 3190 2786 Deus?Casus
3227 2730 3379 2785 enim
3411 2730 3469 2785 in
3513 2729 3836 2785 alterutras

2170 2818 2513 2874 ommimoda
2525 2826 2611 2875 est
2624 2826 2997 2890 utrarumque
3010 2820 3339 2890 peremptio.
3358 2819 3713 2889 Inspiciatur
3728 2819 3836 2876 ita-

2172 2921 2281 2977 que
2300 2920 2332 2962 a
2354 2907 2522 2970 nobis
2549 2907 2721 2963 aliter
2757 2921 2961 2965 sermo.

2524 3033 2806 3101 Ejusdem,
2833 3049 2901 3087 ea:
2928 3034 3109 3088 eodem
3146 3050 3386 3089 sermone
3408 3029 3463 3088 7.

2242 3138 2406 3195 Pium
2444 3138 2793 3194 Christianis
2815 3138 3195 3194 constitutum
3222 3144 3307 3194 est
3336 3139 3541 3209 dogma
3581 3139 3837 3194 creden-

2174 3227 2351 3297 tibus,
2386 3226 2698 3281 secundum
2724 3226 2975 3281 eamdem
3015 3232 3276 3282 naturam
3307 3240 3373 3281 ac
3411 3227 3831 3296 operationem.

2174 3322 2230 3371 et
2272 3328 2439 3371 omne
2469 3315 2627 3371 aliud
2673 3314 2786 3370 sibi
2845 3317 3206 3381 conveniens,
3267 3315 3541 3386 aequalem
3591 3314 3711 3369 sibi
3781 3325 3835 3371 et

2174 3403 2434 3459 eumdem
2488 3403 2674 3472 ipsum
2731 3416 2853 3458 esse
2890 3405 3087 3473 Deum,
3146 3403 3296 3458 nihil
3344 3402 3582 3458 omnino
3629 3417 3833 3459 eorum

2175 3506 2302 3562 qua:
2326 3505 2429 3547 sua
2469 3496 2605 3547 sunt
2647 3491 2927 3562 inaequale
2975 3491 3269 3547 habentem
3312 3498 3368 3546 et
3398 3492 3828 3547 inconveniens.

2176 3581 2233 3635 Si
2270 3580 2470 3651 igitur,
2526 3581 2839 3635 secundum
2886 3581 3180 3642 Beronem.
3226 3583 3518 3649 assumpta
3549 3579 3665 3634 sibi
3699 3594 3835 3635 caro

2177 3669 2427 3738 ejusdem
2465 3668 2820 3737 operationis
2853 3668 3047 3734 etfecta
3078 3673 3182 3737 est,
3213 3668 3363 3723 haud
3405 3667 3655 3724 dubium
3689 3668 3835 3738 quin

2176 3762 2234 3812 et
2260 3756 2513 3825 ejusdem
2540 3754 2687 3811 facta
2713 3763 2799 3811 est
2828 3756 2942 3812 sibi
2976 3762 3211 3827 naturae,
3252 3771 3380 3811 cum
3429 3761 3722 3826 quotquot
3750 3761 3836 3811 est

2179 3848 2402 3912 natura,
2439 3844 2496 3898 id
2545 3848 2651 3910 est,
2687 3843 3196 3913 inprincipalitate,
3243 3843 3575 3912 infactione,
3624 3843 3836 3898 inﬁni—

2179 3937 2313 4001 tate,
2335 3932 2807 4002 sempiternitate,
2843 3932 3530 4002 incomprehensibilitate
3578 3938 3637 3987 et
3667 3946 3837 4001 quae-

2178 4032 2403 4090 cunque
2432 4018 2634 4075 horum
2660 4020 2974 4075 secundum
3022 4020 3474 4091 magnitudinem
3506 4018 3832 4090 theologica

2178 4107 2533 4177 amplissime
2567 4108 2627 4162 in
2652 4108 2863 4163 deitate
2894 4108 3041 4164 ratio
3088 4108 3545 4176 contemplatur;
3573 4112 3631 4161 et
3650 4106 3834 4161 vicis-

2178 4196 2491 4251 situdinem
2520 4201 2760 4266 utraque
2812 4210 2977 4267 passa
3012 4202 3149 4252 sunt
3192 4201 3395 4251 neutro
3448 4200 3671 4250 natura:
3718 4208 3834 4250 sum

2181 4284 2616 4340 substantialem
2663 4284 2940 4340 rationem
2981 4284 3133 4340 ultra
3186 4283 3511 4339 salvandam
3566 4282 3829 4337 habente.

2181 4373 2290 4441 Qui
2318 4372 2471 4427 enim
2525 4386 2723 4428 eorum
2778 4388 2904 4444 quae
2956 4373 3197 4429 alterius
3227 4379 3364 4428 sunt
3412 4376 3632 4427 natura:
3658 4370 3833 4425 sentit

2178 4462 2429 4516 eamdem
2470 4463 2877 4531 Operationem,
2928 4460 3321 4517 confusionem
3366 4460 3541 4517 simul
3592 4464 3833 4514 natura-

2180 4550 2288 4605 lem
2324 4555 2380 4604 et
2416 4550 2761 4605 divisionem
2809 4564 3004 4605 eorum
3054 4551 3407 4620 personalem
3467 4547 3825 4614 introducit;

2182 4638 2473 4709 incognita
2503 4653 2759 4710 prorsus,
2807 4640 3144 4695 idiomatum
3174 4638 3642 4707 commutatione,
3675 4640 3831 4691 natu-

2184 4727 2291 4784 rali
2317 4742 2514 4785 eorum
2541 4727 2687 4784 facta
2718 4728 3043 4785 existentia.

2533 4853 2817 4922 Ejusdem,
2849 4869 2922 4907 ea:
2947 4852 3127 4906 eodem
3151 4867 3393 4906 sermone
3420 4849 3473 4907 6.

2250 4958 2308 5014 Si
2350 4973 2481 5015 vero
2512 4960 2762 5028 ejusdem
2794 4958 2909 5013 sibi
2958 4972 3070 5014 non
3115 4956 3229 5014 fuit
3259 4964 3498 5029 naturae,
3532 4970 3635 5012 nec
3674 4957 3831 5027 ejus-

2181 5048 2307 5103 dem
2337 5047 2451 5102 sibi
2505 5048 2815 5118 aliquando
2869 5048 2964 5102 ﬁet
3014 5047 3295 5103 naturalis
3347 5046 3725 5116 operationis,
3767 5055 3829 5098 ne

2182 5142 2451 5204 appareat
2478 5138 2789 5191 secundum
2842 5142 3103 5190 naturam
3148 5136 3536 5205 operationem
3573 5136 3831 5206 inaequa-

2183 5225 2288 5279 lem
2336 5224 2541 5279 habere
2577 5233 2632 5279 et
2686 5225 3194 5295 inconvenientem,
3235 5231 3292 5280 et
3337 5239 3452 5281 sua:
3498 5225 3687 5295 ipsius
3739 5238 3830 5297 per

2182 5313 2374 5367 omnia
2409 5327 2604 5368 eorum
2632 5328 2757 5383 quae
2787 5328 2888 5369 sua
2916 5321 3050 5369 sunt
3089 5315 3371 5370 naturalis
3400 5321 3707 5371 extraneas
3742 5314 3827 5369 fa—

2184 5406 2311 5455 ctus
2336 5394 2701 5472 mqualitatis‘
2714 5408 2771 5459 et
2799 5402 3140 5474 identitatis,
3184 5404 3333 5474 quod
3364 5410 3452 5459 est
3475 5404 3704 5474 penitus
3736 5404 3827 5459 im-

2188 5504 2363 5559 pium.
