  <div class='ocr_page' id='page_1' title='image "/cluster/home/n/w/nwhite01/storage/ocr_20150623/129/hvd.32044054759907/342.png"; bbox 0 0 4034 6158; ppageno 0'>
   <div class='ocr_carea' id='block_1_1' title="bbox 173 255 289 316">
    <p class='ocr_par' dir='ltr' id='par_1_1' title="bbox 173 255 289 316">
     <span class='ocr_line' id='line_1_1' title="bbox 173 255 289 316; baseline -0.009 0"><span class='ocrx_word' id='word_1_1' title='bbox 173 255 289 316; x_wconf 82' lang='grc'><strong>673</strong></span> 
     </span>
    </p>
   </div>
   <div class='ocr_carea' id='block_1_2' title="bbox 538 398 1515 473">
    <p class='ocr_par' dir='ltr' id='par_1_2' title="bbox 538 398 1515 473">
     <span class='ocr_line' id='line_1_2' title="bbox 538 398 1515 473; baseline 0.004 -18"><span class='ocrx_word' id='word_1_2' title='bbox 538 399 652 455; x_wconf 91' lang='grc' dir='ltr'>Τοῦ</span> <span class='ocrx_word' id='word_1_3' title='bbox 678 400 855 473; x_wconf 68' lang='grc' dir='ltr'>αὐτῶ,</span> <span class='ocrx_word' id='word_1_4' title='bbox 886 399 946 454; x_wconf 83' lang='grc' dir='ltr'><strong>ἐκ</strong></span> <span class='ocrx_word' id='word_1_5' title='bbox 971 403 1064 456; x_wconf 89' lang='grc' dir='ltr'><strong>τοῦ</strong></span> <span class='ocrx_word' id='word_1_6' title='bbox 1091 401 1248 457; x_wconf 80' lang='grc' dir='ltr'>αὐτοῦ</span> <span class='ocrx_word' id='word_1_7' title='bbox 1272 398 1432 473; x_wconf 85' lang='grc' dir='ltr'>λόγου</span> 
     </span>
    </p>
   </div>
   <div class='ocr_carea' id='block_1_3' title="bbox 319 543 1797 627">
    <p class='ocr_par' dir='ltr' id='par_1_3' title="bbox 319 543 1797 627">
     <span class='ocr_line' id='line_1_3' title="bbox 319 543 1797 627; baseline 0.004 -24"><span class='ocrx_word' id='word_1_8' title='bbox 319 547 414 611; x_wconf 78' lang='grc' dir='ltr'>Εἷς</span> <span class='ocrx_word' id='word_1_9' title='bbox 438 549 633 616; x_wconf 75' lang='grc' dir='ltr'>ταύτην</span> <span class='ocrx_word' id='word_1_10' title='bbox 654 543 708 604; x_wconf 87' lang='grc' dir='ltr'>δὲ</span> <span class='ocrx_word' id='word_1_11' title='bbox 732 544 826 616; x_wconf 76' lang='grc' dir='ltr'><strong>τὴν</strong></span> <span class='ocrx_word' id='word_1_12' title='bbox 851 545 1055 617; x_wconf 81' lang='grc' dir='ltr'>πλάνην</span> <span class='ocrx_word' id='word_1_13' title='bbox 1097 548 1450 627; x_wconf 78' lang='grc' dir='ltr'><strong>κατήχθησαν,</strong></span> <span class='ocrx_word' id='word_1_14' title='bbox 1482 554 1653 617; x_wconf 85' lang='grc' dir='ltr'>κακῶς</span> <span class='ocrx_word' id='word_1_15' title='bbox 1680 576 1797 611; x_wconf 84' lang='grc' dir='ltr'>πει-</span> 
     </span>
    </p>
   </div>
   <div class='ocr_carea' id='block_1_4' title="bbox 230 629 1797 717">
    <p class='ocr_par' dir='ltr' id='par_1_4' title="bbox 230 629 1797 717">
     <span class='ocr_line' id='line_1_4' title="bbox 230 629 1797 717; baseline 0.004 -28"><span class='ocrx_word' id='word_1_16' title='bbox 230 630 437 696; x_wconf 68' lang='grc' dir='ltr'>σθέντες</span> <span class='ocrx_word' id='word_1_17' title='bbox 465 632 592 689; x_wconf 79' lang='grc' dir='ltr'>ἰδίαν</span> <span class='ocrx_word' id='word_1_18' title='bbox 616 629 849 717; x_wconf 74' lang='grc' dir='ltr'>γενέσθαι</span> <span class='ocrx_word' id='word_1_19' title='bbox 872 636 966 702; x_wconf 76' lang='grc' dir='ltr'><strong>τῆς</strong></span> <span class='ocrx_word' id='word_1_20' title='bbox 995 633 1182 711; x_wconf 81' lang='grc' dir='ltr'>σαρκὸς</span> <span class='ocrx_word' id='word_1_21' title='bbox 1208 635 1302 705; x_wconf 86' lang='grc' dir='ltr'><strong>τὴν</strong></span> <span class='ocrx_word' id='word_1_22' title='bbox 1329 635 1394 717; x_wconf 63' lang='grc' dir='ltr'>δι’</span> <span class='ocrx_word' id='word_1_23' title='bbox 1422 640 1577 707; x_wconf 82' lang='grc' dir='ltr'>αὐτῆς</span> <span class='ocrx_word' id='word_1_24' title='bbox 1609 640 1797 717; x_wconf 83' lang='grc' dir='ltr'>ἐκφαν-</span> 
     </span>
    </p>
   </div>
   <div class='ocr_carea' id='block_1_5' title="bbox 228 713 1798 805">
    <p class='ocr_par' dir='ltr' id='par_1_5' title="bbox 228 713 1798 805">
     <span class='ocr_line' id='line_1_5' title="bbox 228 713 1798 805; baseline 0.004 -29"><span class='ocrx_word' id='word_1_25' title='bbox 228 723 409 777; x_wconf 81' lang='grc' dir='ltr'>θεῖσαν</span> <span class='ocrx_word' id='word_1_26' title='bbox 431 721 486 776; x_wconf 77' lang='grc' dir='ltr'>ἐν</span> <span class='ocrx_word' id='word_1_27' title='bbox 511 722 617 805; x_wconf 81' lang='grc' dir='ltr'>τοῖς</span> <span class='ocrx_word' id='word_1_28' title='bbox 643 716 870 793; x_wconf 76' lang='grc' dir='ltr'><strong>θαύμασι</strong></span> <span class='ocrx_word' id='word_1_29' title='bbox 896 719 1030 777; x_wconf 80' lang='grc' dir='ltr'>θείαν</span> <span class='ocrx_word' id='word_1_30' title='bbox 1052 720 1279 800; x_wconf 79' lang='grc' dir='ltr'>ἐνεργίαν</span> <span class='ocrx_word' id='word_1_31' title='bbox 1303 744 1318 759; x_wconf 76' lang='grc' dir='ltr'><strong>ο</strong></span> <span class='ocrx_word' id='word_1_32' title='bbox 1339 713 1377 792; x_wconf 68' lang='grc' dir='ltr'>ἦ</span> <span class='ocrx_word' id='word_1_33' title='bbox 1402 721 1464 780; x_wconf 83' lang='grc' dir='ltr'>τὸ</span> <span class='ocrx_word' id='word_1_34' title='bbox 1488 731 1589 780; x_wconf 84' lang='grc' dir='ltr'>πᾶν</span> <span class='ocrx_word' id='word_1_35' title='bbox 1615 728 1645 781; x_wconf 77' lang='grc' dir='ltr'>ὁ</span> <span class='ocrx_word' id='word_1_36' title='bbox 1674 713 1798 805; x_wconf 73' lang='grc' dir='ltr'>Χριο</span> 
     </span>
    </p>
   </div>
   <div class='ocr_carea' id='block_1_6' title="bbox 230 802 1795 888">
    <p class='ocr_par' dir='ltr' id='par_1_6' title="bbox 230 802 1795 888">
     <span class='ocr_line' id='line_1_6' title="bbox 230 802 1795 888; baseline 0.004 -26"><span class='ocrx_word' id='word_1_37' title='bbox 230 805 360 870; x_wconf 79' lang='grc' dir='ltr'>στὸς</span> <span class='ocrx_word' id='word_1_38' title='bbox 391 802 648 869; x_wconf 80' lang='grc' dir='ltr'>οὗσιώσας</span> <span class='ocrx_word' id='word_1_39' title='bbox 672 807 786 862; x_wconf 81' lang='grc' dir='ltr'>καθ’</span> <span class='ocrx_word' id='word_1_40' title='bbox 817 805 847 865; x_wconf 82' lang='grc' dir='ltr'>ὃ</span> <span class='ocrx_word' id='word_1_41' title='bbox 888 811 1074 864; x_wconf 86' lang='grc' dir='ltr'>νοεῖται</span> <span class='ocrx_word' id='word_1_42' title='bbox 1100 806 1264 888; x_wconf 32' lang='grc' dir='ltr'><strong>Θεὸς.Δ</strong></span> <span class='ocrx_word' id='word_1_43' title='bbox 1276 806 1480 887; x_wconf 86' lang='grc' dir='ltr'>συνέχει</span> <span class='ocrx_word' id='word_1_44' title='bbox 1503 802 1795 888; x_wconf 58' lang='grc' dir='ltr'>κρατούμε-</span> 
     </span>
    </p>
   </div>
   <div class='ocr_carea' id='block_1_7' title="bbox 227 884 1797 976">
    <p class='ocr_par' dir='ltr' id='par_1_7' title="bbox 227 884 1797 976">
     <span class='ocr_line' id='line_1_7' title="bbox 227 884 1797 976; baseline 0.004 -27"><span class='ocrx_word' id='word_1_45' title='bbox 227 914 344 950; x_wconf 89' lang='grc' dir='ltr'>νον.</span> <span class='ocrx_word' id='word_1_46' title='bbox 374 894 460 951; x_wconf 84' lang='grc' dir='ltr'>Οὐ</span> <span class='ocrx_word' id='word_1_47' title='bbox 500 890 601 973; x_wconf 70' lang='grc' dir='ltr'><strong>γὰρ</strong></span> <span class='ocrx_word' id='word_1_48' title='bbox 643 892 898 969; x_wconf 80' lang='grc' dir='ltr'><strong>ἔγνωσαν,</strong></span> <span class='ocrx_word' id='word_1_49' title='bbox 924 892 1167 951; x_wconf 80' lang='grc' dir='ltr'>ἀδύνατον</span> <span class='ocrx_word' id='word_1_50' title='bbox 1213 884 1339 953; x_wconf 67' lang='grc' dir='ltr'>εἶναι</span> <span class='ocrx_word' id='word_1_51' title='bbox 1383 884 1516 960; x_wconf 79' lang='grc' dir='ltr'>θείας</span> <span class='ocrx_word' id='word_1_52' title='bbox 1542 884 1797 976; x_wconf 24' lang='grc' dir='ltr'>*ἐνέργειαν</span> 
     </span>
    </p>
   </div>
   <div class='ocr_carea' id='block_1_8' title="bbox 228 977 1795 1064">
    <p class='ocr_par' dir='ltr' id='par_1_8' title="bbox 228 977 1795 1064">
     <span class='ocr_line' id='line_1_8' title="bbox 228 977 1795 1064; baseline 0.004 -28"><span class='ocrx_word' id='word_1_53' title='bbox 228 977 440 1059; x_wconf 71' lang='grc' dir='ltr'>φύσεως</span> <span class='ocrx_word' id='word_1_54' title='bbox 467 982 796 1059; x_wconf 77' lang='grc' dir='ltr'>ἑτεροφανοῦς</span> <span class='ocrx_word' id='word_1_55' title='bbox 823 980 997 1045; x_wconf 80' lang='grc' dir='ltr'>οὐσίας</span> <span class='ocrx_word' id='word_1_56' title='bbox 1025 979 1214 1058; x_wconf 81' lang='grc' dir='ltr'>ἰδίωμα</span> <span class='ocrx_word' id='word_1_57' title='bbox 1254 979 1485 1060; x_wconf 81' lang='grc' dir='ltr'>γενέσθαι</span> <span class='ocrx_word' id='word_1_58' title='bbox 1523 981 1646 1063; x_wconf 89' lang='grc' dir='ltr'>δίχα</span> <span class='ocrx_word' id='word_1_59' title='bbox 1672 1007 1761 1064; x_wconf 93' lang='grc' dir='ltr'><strong>τρο</strong></span> <span class='ocrx_word' id='word_1_60' title='bbox 1786 1018 1795 1027; x_wconf 75' lang='grc' dir='ltr'><strong><em>ο</em></strong></span> 
     </span>
    </p>
   </div>
   <div class='ocr_carea' id='block_1_9' title="bbox 227 1065 1795 1150">
    <p class='ocr_par' dir='ltr' id='par_1_9' title="bbox 227 1065 1795 1150">
     <span class='ocr_line' id='line_1_9' title="bbox 227 1065 1795 1150; baseline 0.001 -23"><span class='ocrx_word' id='word_1_61' title='bbox 227 1070 337 1138; x_wconf 76' lang='grc' dir='ltr'>πῆς</span> <span class='ocrx_word' id='word_1_62' title='bbox 372 1090 391 1106; x_wconf 78' lang='grc' dir='ltr'><strong>ο</strong></span> <span class='ocrx_word' id='word_1_63' title='bbox 422 1065 539 1126; x_wconf 78' lang='grc' dir='ltr'>οὐδὲ</span> <span class='ocrx_word' id='word_1_64' title='bbox 566 1073 811 1139; x_wconf 74' lang='grc' dir='ltr'>συνῆκαν.</span> <span class='ocrx_word' id='word_1_65' title='bbox 843 1071 914 1134; x_wconf 83' lang='grc' dir='ltr'>ὡς</span> <span class='ocrx_word' id='word_1_66' title='bbox 953 1072 1012 1127; x_wconf 79' lang='grc' dir='ltr'>οὗ</span> <span class='ocrx_word' id='word_1_67' title='bbox 1051 1069 1253 1134; x_wconf 79' lang='grc' dir='ltr'>πάντως</span> <span class='ocrx_word' id='word_1_68' title='bbox 1286 1068 1411 1129; x_wconf 75' lang='grc' dir='ltr'>ἴδιόν</span> <span class='ocrx_word' id='word_1_69' title='bbox 1437 1073 1549 1129; x_wconf 83' lang='grc' dir='ltr'>ἐστι</span> <span class='ocrx_word' id='word_1_70' title='bbox 1583 1071 1795 1150; x_wconf 84' lang='grc' dir='ltr'>σαρκὸς,</span> 
     </span>
    </p>
   </div>
   <div class='ocr_carea' id='block_1_10' title="bbox 227 1154 1795 1239">
    <p class='ocr_par' dir='ltr' id='par_1_10' title="bbox 227 1154 1795 1239">
     <span class='ocr_line' id='line_1_10' title="bbox 227 1154 1795 1239; baseline 0.003 -26"><span class='ocrx_word' id='word_1_71' title='bbox 227 1154 295 1213; x_wconf 80' lang='grc' dir='ltr'>τὸ</span> <span class='ocrx_word' id='word_1_72' title='bbox 320 1156 391 1213; x_wconf 87' lang='grc' dir='ltr'><strong>δι’</strong></span> <span class='ocrx_word' id='word_1_73' title='bbox 417 1157 578 1226; x_wconf 68' lang='grc' dir='ltr'>αὖτῆς</span> <span class='ocrx_word' id='word_1_74' title='bbox 614 1154 708 1232; x_wconf 67' lang='grc' dir='ltr'><strong>μὲν</strong></span> <span class='ocrx_word' id='word_1_75' title='bbox 745 1154 1128 1237; x_wconf 63' lang='grc' dir='ltr'>ἐπιφαινόμενον,</span> <span class='ocrx_word' id='word_1_76' title='bbox 1156 1160 1251 1215; x_wconf 75' lang='grc' dir='ltr'>οὐκ</span> <span class='ocrx_word' id='word_1_77' title='bbox 1285 1160 1443 1229; x_wconf 47' lang='lat' dir='ltr'><strong>una;</strong></span> <span class='ocrx_word' id='word_1_78' title='bbox 1474 1155 1536 1239; x_wconf 44' lang='grc' dir='ltr'><strong>,δὲ</strong></span> <span class='ocrx_word' id='word_1_79' title='bbox 1569 1163 1795 1239; x_wconf 80' lang='grc' dir='ltr'>φυσικῶς</span> 
     </span>
    </p>
   </div>
   <div class='ocr_carea' id='block_1_11' title="bbox 230 1239 1799 1329">
    <p class='ocr_par' dir='ltr' id='par_1_11' title="bbox 230 1239 1799 1329">
     <span class='ocr_line' id='line_1_11' title="bbox 230 1239 1799 1329; baseline 0.003 -30"><span class='ocrx_word' id='word_1_80' title='bbox 230 1239 577 1322; x_wconf 69' lang='grc' dir='ltr'>ἐπιφυόμενον,</span> <span class='ocrx_word' id='word_1_81' title='bbox 608 1242 775 1300; x_wconf 81' lang='grc' dir='ltr'>καίτοι</span> <span class='ocrx_word' id='word_1_82' title='bbox 818 1249 1012 1323; x_wconf 79' lang='grc' dir='ltr'>σαφοῦς</span> <span class='ocrx_word' id='word_1_83' title='bbox 1051 1246 1222 1310; x_wconf 81' lang='grc' dir='ltr'>αὐτοῖς</span> <span class='ocrx_word' id='word_1_84' title='bbox 1269 1242 1446 1315; x_wconf 80' lang='grc' dir='ltr'>οὔσης,</span> <span class='ocrx_word' id='word_1_85' title='bbox 1477 1245 1566 1329; x_wconf 81' lang='grc' dir='ltr'><strong>καὶ</strong></span> <span class='ocrx_word' id='word_1_86' title='bbox 1592 1269 1799 1329; x_wconf 77' lang='grc' dir='ltr'>προφα-</span> 
     </span>
    </p>
   </div>
   <div class='ocr_carea' id='block_1_12' title="bbox 228 1328 1800 1410">
    <p class='ocr_par' dir='ltr' id='par_1_12' title="bbox 228 1328 1800 1410">
     <span class='ocr_line' id='line_1_12' title="bbox 228 1328 1800 1410; baseline 0.004 -24"><span class='ocrx_word' id='word_1_87' title='bbox 228 1335 350 1395; x_wconf 76' lang='grc' dir='ltr'><strong>νῶς</strong></span> <span class='ocrx_word' id='word_1_88' title='bbox 390 1334 486 1401; x_wconf 64' lang='grc' dir='ltr'>ἧς</span> <span class='ocrx_word' id='word_1_89' title='bbox 523 1330 842 1397; x_wconf 82' lang='grc' dir='ltr'>ἀποδείξεως.</span> <span class='ocrx_word' id='word_1_90' title='bbox 893 1331 1035 1410; x_wconf 86' lang='grc' dir='ltr'><strong>Ἐγῳ</strong></span> <span class='ocrx_word' id='word_1_91' title='bbox 1074 1329 1173 1410; x_wconf 82' lang='grc' dir='ltr'><strong>γὰρ</strong></span> <span class='ocrx_word' id='word_1_92' title='bbox 1215 1329 1431 1408; x_wconf 83' lang='grc' dir='ltr'>γλώσση</span> <span class='ocrx_word' id='word_1_93' title='bbox 1469 1328 1669 1405; x_wconf 78' lang='grc' dir='ltr'>λαλῶν,</span> <span class='ocrx_word' id='word_1_94' title='bbox 1711 1333 1800 1393; x_wconf 77' lang='grc' dir='ltr'>καὶ</span> 
     </span>
    </p>
   </div>
   <div class='ocr_carea' id='block_1_13' title="bbox 231 1418 1799 1504">
    <p class='ocr_par' dir='ltr' id='par_1_13' title="bbox 231 1418 1799 1504">
     <span class='ocr_line' id='line_1_13' title="bbox 231 1418 1799 1504; baseline 0.004 -28"><span class='ocrx_word' id='word_1_95' title='bbox 231 1418 374 1499; x_wconf 83' lang='grc' dir='ltr'>χειρὶ</span> <span class='ocrx_word' id='word_1_96' title='bbox 401 1419 633 1501; x_wconf 78' lang='grc' dir='ltr'>γράφων,</span> <span class='ocrx_word' id='word_1_97' title='bbox 665 1419 785 1496; x_wconf 84' lang='grc' dir='ltr'>μίαν</span> <span class='ocrx_word' id='word_1_98' title='bbox 810 1420 897 1478; x_wconf 81' lang='grc' dir='ltr'><strong>καὶ</strong></span> <span class='ocrx_word' id='word_1_99' title='bbox 920 1418 1015 1490; x_wconf 82' lang='grc' dir='ltr'><strong>τὴν</strong></span> <span class='ocrx_word' id='word_1_100' title='bbox 1040 1418 1196 1491; x_wconf 80' lang='grc' dir='ltr'>αὐτὴν</span> <span class='ocrx_word' id='word_1_101' title='bbox 1216 1422 1280 1479; x_wconf 89' lang='grc' dir='ltr'><strong>δι’</strong></span> <span class='ocrx_word' id='word_1_102' title='bbox 1303 1424 1489 1503; x_wconf 78' lang='grc' dir='ltr'>ἀμφοῖν</span> <span class='ocrx_word' id='word_1_103' title='bbox 1507 1428 1598 1494; x_wconf 81' lang='grc' dir='ltr'><strong>τῆς</strong></span> <span class='ocrx_word' id='word_1_104' title='bbox 1614 1426 1799 1504; x_wconf 87' lang='grc' dir='ltr'>νοερῶς</span> 
     </span>
    </p>
   </div>
   <div class='ocr_carea' id='block_1_14' title="bbox 236 1506 1801 1590">
    <p class='ocr_par' dir='ltr' id='par_1_14' title="bbox 236 1506 1801 1590">
     <span class='ocr_line' id='line_1_14' title="bbox 236 1506 1801 1590; baseline 0.004 -27"><span class='ocrx_word' id='word_1_105' title='bbox 236 1528 342 1581; x_wconf 82' lang='grc' dir='ltr'><strong>μου</strong></span> <span class='ocrx_word' id='word_1_106' title='bbox 370 1507 548 1585; x_wconf 70' lang='grc' dir='ltr'>ψυχῆς</span> <span class='ocrx_word' id='word_1_107' title='bbox 576 1506 795 1587; x_wconf 75' lang='grc' dir='ltr'>ἐκφαίνω</span> <span class='ocrx_word' id='word_1_108' title='bbox 815 1506 1057 1582; x_wconf 75' lang='grc' dir='ltr'>διάνοιαν,</span> <span class='ocrx_word' id='word_1_109' title='bbox 1079 1506 1329 1589; x_wconf 75' lang='grc' dir='ltr'>ἐνέργειαν</span> <span class='ocrx_word' id='word_1_110' title='bbox 1352 1513 1509 1581; x_wconf 77' lang='grc' dir='ltr'>αὐτῆς</span> <span class='ocrx_word' id='word_1_111' title='bbox 1536 1510 1801 1590; x_wconf 76' lang='grc' dir='ltr'>ὑπάρχου-</span> 
     </span>
    </p>
   </div>
   <div class='ocr_carea' id='block_1_15' title="bbox 234 1592 1801 1675">
    <p class='ocr_par' dir='ltr' id='par_1_15' title="bbox 234 1592 1801 1675">
     <span class='ocr_line' id='line_1_15' title="bbox 234 1592 1801 1675; baseline 0.009 -26"><span class='ocrx_word' id='word_1_112' title='bbox 234 1614 336 1650; x_wconf 88' lang='grc' dir='ltr'><strong>σαν</strong></span> <span class='ocrx_word' id='word_1_113' title='bbox 365 1593 610 1673; x_wconf 85' lang='grc' dir='ltr'>φυσικήν.</span> <span class='ocrx_word' id='word_1_114' title='bbox 653 1594 849 1663; x_wconf 80' lang='grc' dir='ltr'>Μηδενὶ</span> <span class='ocrx_word' id='word_1_115' title='bbox 891 1592 1035 1675; x_wconf 80' lang='grc' dir='ltr'>λόγῳ</span> <span class='ocrx_word' id='word_1_116' title='bbox 1077 1594 1235 1663; x_wconf 78' lang='grc' dir='ltr'>δείξας</span> <span class='ocrx_word' id='word_1_117' title='bbox 1276 1594 1434 1668; x_wconf 77' lang='grc' dir='ltr'>αὐτὴν</span> <span class='ocrx_word' id='word_1_118' title='bbox 1474 1595 1735 1674; x_wconf 71' lang='grc' dir='ltr'>γλώσσης,</span> <span class='ocrx_word' id='word_1_119' title='bbox 1765 1597 1801 1670; x_wconf 77' lang='grc' dir='ltr'><strong>ἢ</strong></span> 
     </span>
    </p>
   </div>
   <div class='ocr_carea' id='block_1_16' title="bbox 233 1677 1801 1761">
    <p class='ocr_par' dir='ltr' id='par_1_16' title="bbox 233 1677 1801 1761">
     <span class='ocr_line' id='line_1_16' title="bbox 233 1677 1801 1761; baseline 0.003 -3"><span class='ocrx_word' id='word_1_120' title='bbox 233 1677 419 1759; x_wconf 70' lang='grc' dir='ltr'>χειρὸς</span> <span class='ocrx_word' id='word_1_121' title='bbox 446 1683 671 1759; x_wconf 71' lang='grc' dir='ltr'>φυσικῶς</span> <span class='ocrx_word' id='word_1_122' title='bbox 713 1678 1027 1760; x_wconf 73' lang='grc' dir='ltr'>ἐκφυομένην</span> <span class='ocrx_word' id='word_1_123' title='bbox 1059 1705 1073 1720; x_wconf 90' lang='grc'><strong>·</strong></span> <span class='ocrx_word' id='word_1_124' title='bbox 1117 1682 1249 1759; x_wconf 73' lang='grc' dir='ltr'>μήτε</span> <span class='ocrx_word' id='word_1_125' title='bbox 1278 1680 1379 1759; x_wconf 78' lang='grc' dir='ltr'>μὴν</span> <span class='ocrx_word' id='word_1_126' title='bbox 1404 1681 1680 1761; x_wconf 76' lang='grc' dir='ltr'>γενομένην</span> <span class='ocrx_word' id='word_1_127' title='bbox 1706 1688 1801 1743; x_wconf 77' lang='grc' dir='ltr'><strong>αὖ·</strong></span> 
     </span>
    </p>
   </div>
   <div class='ocr_carea' id='block_1_17' title="bbox 234 1764 1804 1853">
    <p class='ocr_par' dir='ltr' id='par_1_17' title="bbox 234 1764 1804 1853">
     <span class='ocr_line' id='line_1_17' title="bbox 234 1764 1804 1853; baseline 0.005 -30"><span class='ocrx_word' id='word_1_128' title='bbox 234 1767 370 1853; x_wconf 68' lang='grc' dir='ltr'>τῶν,</span> <span class='ocrx_word' id='word_1_129' title='bbox 394 1764 430 1837; x_wconf 79' lang='grc' dir='ltr'><strong>ἢ</strong></span> <span class='ocrx_word' id='word_1_130' title='bbox 456 1765 740 1844; x_wconf 75' lang='grc' dir='ltr'>λεγομένην</span> <span class='ocrx_word' id='word_1_131' title='bbox 765 1766 1104 1853; x_wconf 76' lang='grc' dir='ltr'>διάνοιαν,διὰ</span> <span class='ocrx_word' id='word_1_132' title='bbox 1126 1768 1190 1827; x_wconf 79' lang='grc' dir='ltr'>τὸ</span> <span class='ocrx_word' id='word_1_133' title='bbox 1211 1767 1307 1840; x_wconf 82' lang='grc' dir='ltr'><strong>τὴν</strong></span> <span class='ocrx_word' id='word_1_134' title='bbox 1334 1770 1399 1828; x_wconf 86' lang='grc' dir='ltr'>δι’</span> <span class='ocrx_word' id='word_1_135' title='bbox 1431 1774 1620 1853; x_wconf 79' lang='grc' dir='ltr'>ἀμφοῖν</span> <span class='ocrx_word' id='word_1_136' title='bbox 1647 1776 1804 1843; x_wconf 77' lang='grc' dir='ltr'>αὐτῆς</span> 
     </span>
    </p>
   </div>
   <div class='ocr_carea' id='block_1_18' title="bbox 237 1849 1804 1935">
    <p class='ocr_par' dir='ltr' id='par_1_18' title="bbox 237 1849 1804 1935">
     <span class='ocr_line' id='line_1_18' title="bbox 237 1849 1804 1935; baseline 0.005 -25"><span class='ocrx_word' id='word_1_137' title='bbox 237 1849 511 1935; x_wconf 58' lang='grc' dir='ltr'>ἔξφανσιν.</span> <span class='ocrx_word' id='word_1_138' title='bbox 541 1855 794 1913; x_wconf 69' lang='grc' dir='ltr'>Πῶσσαν</span> <span class='ocrx_word' id='word_1_139' title='bbox 818 1852 940 1933; x_wconf 75' lang='grc' dir='ltr'>γὰρ,</span> <span class='ocrx_word' id='word_1_140' title='bbox 966 1854 1003 1926; x_wconf 77' lang='grc' dir='ltr'><strong>ἢ</strong></span> <span class='ocrx_word' id='word_1_141' title='bbox 1048 1859 1200 1935; x_wconf 81' lang='grc' dir='ltr'>χεῖρα</span> <span class='ocrx_word' id='word_1_142' title='bbox 1234 1849 1555 1929; x_wconf 80' lang='grc' dir='ltr'>διανοητικὴν</span> <span class='ocrx_word' id='word_1_143' title='bbox 1596 1860 1804 1925; x_wconf 83' lang='grc' dir='ltr'>συνετὸς</span> 
     </span>
    </p>
   </div>
   <div class='ocr_carea' id='block_1_19' title="bbox 236 1929 1806 2025">
    <p class='ocr_par' dir='ltr' id='par_1_19' title="bbox 236 1929 1806 2025">
     <span class='ocr_line' id='line_1_19' title="bbox 236 1929 1806 2025; baseline 0.004 -26"><span class='ocrx_word' id='word_1_144' title='bbox 236 1929 377 1999; x_wconf 68' lang='grc' dir='ltr'>οἶδεν</span> <span class='ocrx_word' id='word_1_145' title='bbox 403 1940 567 2007; x_wconf 79' lang='grc' dir='ltr'>οὐδεὶς</span> <span class='ocrx_word' id='word_1_146' title='bbox 593 1964 611 1980; x_wconf 77' lang='grc' dir='ltr'><strong><em>ο</em></strong></span> <span class='ocrx_word' id='word_1_147' title='bbox 636 1938 812 2021; x_wconf 80' lang='grc' dir='ltr'>ὥσπερ</span> <span class='ocrx_word' id='word_1_148' title='bbox 832 1929 951 2002; x_wconf 77' lang='grc' dir='ltr'>οὐδὲ</span> <span class='ocrx_word' id='word_1_149' title='bbox 973 1929 1342 2021; x_wconf 41' lang='grc' dir='ltr'>τὴν-παναγίαν</span> <span class='ocrx_word' id='word_1_150' title='bbox 1365 1950 1457 2004; x_wconf 85' lang='grc' dir='ltr'><strong>τοῦ</strong></span> <span class='ocrx_word' id='word_1_151' title='bbox 1492 1946 1637 2005; x_wconf 87' lang='grc' dir='ltr'>Θεοῦ</span> <span class='ocrx_word' id='word_1_152' title='bbox 1676 1945 1806 2025; x_wconf 82' lang='grc' dir='ltr'>σάρ-</span> 
     </span>
    </p>
   </div>
   <div class='ocr_carea' id='block_1_20' title="bbox 234 2025 1805 2112">
    <p class='ocr_par' dir='ltr' id='par_1_20' title="bbox 234 2025 1805 2112">
     <span class='ocr_line' id='line_1_20' title="bbox 234 2025 1805 2112; baseline 0.004 -28"><span class='ocrx_word' id='word_1_153' title='bbox 234 2050 331 2112; x_wconf 81' lang='grc' dir='ltr'><strong>κα,</strong></span> <span class='ocrx_word' id='word_1_154' title='bbox 362 2025 453 2085; x_wconf 77' lang='grc' dir='ltr'><strong>διὰ</strong></span> <span class='ocrx_word' id='word_1_155' title='bbox 497 2027 558 2086; x_wconf 82' lang='grc' dir='ltr'><strong>τὸ</strong></span> <span class='ocrx_word' id='word_1_156' title='bbox 598 2030 1003 2109; x_wconf 75' lang='grc' dir='ltr'>προσληφθῆναι,</span> <span class='ocrx_word' id='word_1_157' title='bbox 1032 2028 1121 2088; x_wconf 77' lang='grc' dir='ltr'>καὶ</span> <span class='ocrx_word' id='word_1_158' title='bbox 1144 2029 1208 2088; x_wconf 82' lang='grc' dir='ltr'><strong>τὸ</strong></span> <span class='ocrx_word' id='word_1_159' title='bbox 1230 2032 1295 2088; x_wconf 87' lang='grc' dir='ltr'>δι’</span> <span class='ocrx_word' id='word_1_160' title='bbox 1323 2034 1481 2103; x_wconf 78' lang='grc' dir='ltr'>οῶτῆς</span> <span class='ocrx_word' id='word_1_161' title='bbox 1504 2034 1805 2112; x_wconf 81' lang='grc' dir='ltr'>ἐκφανθῆναι</span> 
     </span>
    </p>
   </div>
   <div class='ocr_carea' id='block_1_21' title="bbox 235 2111 1803 2199">
    <p class='ocr_par' dir='ltr' id='par_1_21' title="bbox 235 2111 1803 2199">
     <span class='ocr_line' id='line_1_21' title="bbox 235 2111 1803 2199; baseline 0.003 -27"><span class='ocrx_word' id='word_1_162' title='bbox 235 2111 337 2184; x_wconf 74' lang='grc' dir='ltr'><strong>τὴν</strong></span> <span class='ocrx_word' id='word_1_163' title='bbox 364 2114 507 2199; x_wconf 78' lang='grc' dir='ltr'>θείαν</span> <span class='ocrx_word' id='word_1_164' title='bbox 544 2112 815 2192; x_wconf 74' lang='grc' dir='ltr'>ἐνέργειαν,</span> <span class='ocrx_word' id='word_1_165' title='bbox 844 2114 1121 2193; x_wconf 81' lang='grc' dir='ltr'>γενομένην</span> <span class='ocrx_word' id='word_1_166' title='bbox 1159 2118 1276 2176; x_wconf 86' lang='grc' dir='ltr'>κατ’</span> <span class='ocrx_word' id='word_1_167' title='bbox 1331 2118 1483 2177; x_wconf 68' lang='grc' dir='ltr'>αὐτὸν</span> <span class='ocrx_word' id='word_1_168' title='bbox 1520 2111 1667 2199; x_wconf 67' lang='grc' dir='ltr'>φύσει</span> <span class='ocrx_word' id='word_1_169' title='bbox 1706 2121 1803 2191; x_wconf 83' lang='grc' dir='ltr'>δη-</span> 
     </span>
    </p>
   </div>
   <div class='ocr_carea' id='block_1_22' title="bbox 239 2197 1807 2281">
    <p class='ocr_par' dir='ltr' id='par_1_22' title="bbox 239 2197 1807 2281">
     <span class='ocr_line' id='line_1_22' title="bbox 239 2197 1807 2281; baseline 0.006 -26"><span class='ocrx_word' id='word_1_170' title='bbox 239 2197 512 2279; x_wconf 82' lang='grc' dir='ltr'>μιουργόν.</span> <span class='ocrx_word' id='word_1_171' title='bbox 537 2202 673 2259; x_wconf 79' lang='grc' dir='ltr'>Ἀλλ’</span> <span class='ocrx_word' id='word_1_172' title='bbox 690 2200 911 2268; x_wconf 75' lang='grc' dir='ltr'>εὐσεϐῶς</span> <span class='ocrx_word' id='word_1_173' title='bbox 937 2204 1185 2281; x_wconf 83' lang='grc' dir='ltr'>ὁμολογεῖ</span> <span class='ocrx_word' id='word_1_174' title='bbox 1203 2209 1483 2280; x_wconf 79' lang='grc' dir='ltr'>πιστεύων,</span> <span class='ocrx_word' id='word_1_175' title='bbox 1504 2197 1585 2265; x_wconf 76' lang='grc' dir='ltr'><strong>ὅτι</strong></span> <span class='ocrx_word' id='word_1_176' title='bbox 1604 2205 1688 2264; x_wconf 80' lang='grc' dir='ltr'><strong>διὰ</strong></span> <span class='ocrx_word' id='word_1_177' title='bbox 1710 2205 1807 2277; x_wconf 87' lang='grc' dir='ltr'><strong>τὴν</strong></span> 
     </span>
    </p>
   </div>
   <div class='ocr_carea' id='block_1_23' title="bbox 236 2287 1809 2373">
    <p class='ocr_par' dir='ltr' id='par_1_23' title="bbox 236 2287 1809 2373">
     <span class='ocr_line' id='line_1_23' title="bbox 236 2287 1809 2373; baseline 0.005 -28"><span class='ocrx_word' id='word_1_178' title='bbox 236 2289 409 2373; x_wconf 0' lang='grc' dir='ltr'>ἡμῶν,</span> <span class='ocrx_word' id='word_1_179' title='bbox 427 2287 709 2366; x_wconf 73' lang='grc' dir='ltr'>σωτηρίαν,</span> <span class='ocrx_word' id='word_1_180' title='bbox 740 2287 912 2347; x_wconf 80' lang='grc' dir='ltr'>καὶτὸ</span> <span class='ocrx_word' id='word_1_181' title='bbox 942 2292 1094 2361; x_wconf 78' lang='grc' dir='ltr'>δῆσαι</span> <span class='ocrx_word' id='word_1_182' title='bbox 1118 2290 1247 2372; x_wconf 79' lang='grc' dir='ltr'>πρὸς</span> <span class='ocrx_word' id='word_1_183' title='bbox 1270 2294 1513 2373; x_wconf 77' lang='grc' dir='ltr'>ἄτρεψίαν</span> <span class='ocrx_word' id='word_1_184' title='bbox 1536 2292 1600 2352; x_wconf 85' lang='grc' dir='ltr'><strong>τὸ</strong></span> <span class='ocrx_word' id='word_1_185' title='bbox 1622 2302 1746 2365; x_wconf 81' lang='grc' dir='ltr'>πᾶν,</span> <span class='ocrx_word' id='word_1_186' title='bbox 1779 2299 1809 2353; x_wconf 84' lang='grc' dir='ltr'>ὁ</span> 
     </span>
    </p>
   </div>
   <div class='ocr_carea' id='block_1_24' title="bbox 236 2372 1805 2461">
    <p class='ocr_par' dir='ltr' id='par_1_24' title="bbox 236 2372 1805 2461">
     <span class='ocr_line' id='line_1_24' title="bbox 236 2372 1805 2461; baseline 0.004 -28"><span class='ocrx_word' id='word_1_187' title='bbox 236 2377 350 2461; x_wconf 70' lang='grc' dir='ltr'><strong>τῶν</strong></span> <span class='ocrx_word' id='word_1_188' title='bbox 376 2372 516 2434; x_wconf 72' lang='grc' dir='ltr'>ὅλων</span> <span class='ocrx_word' id='word_1_189' title='bbox 540 2375 848 2456; x_wconf 80' lang='grc' dir='ltr'>δημιουργὸς</span> <span class='ocrx_word' id='word_1_190' title='bbox 864 2379 924 2434; x_wconf 79' lang='grc' dir='ltr'>ἐκ</span> <span class='ocrx_word' id='word_1_191' title='bbox 948 2382 1042 2449; x_wconf 82' lang='grc' dir='ltr'><strong>τῆς</strong></span> <span class='ocrx_word' id='word_1_192' title='bbox 1060 2380 1308 2457; x_wconf 79' lang='grc' dir='ltr'>παναγίας</span> <span class='ocrx_word' id='word_1_193' title='bbox 1330 2372 1657 2461; x_wconf 76' lang='grc' dir='ltr'>ἀει-παρθένου</span> <span class='ocrx_word' id='word_1_194' title='bbox 1678 2383 1805 2439; x_wconf 84' lang='grc' dir='ltr'><strong>Μα-</strong></span> 
     </span>
    </p>
   </div>
   <div class='ocr_carea' id='block_1_25' title="bbox 244 2460 1807 2548">
    <p class='ocr_par' dir='ltr' id='par_1_25' title="bbox 244 2460 1807 2548">
     <span class='ocr_line' id='line_1_25' title="bbox 244 2460 1807 2548; baseline 0.005 -27"><span class='ocrx_word' id='word_1_195' title='bbox 244 2460 385 2541; x_wconf 78' lang='grc' dir='ltr'>ρίας,</span> <span class='ocrx_word' id='word_1_196' title='bbox 407 2461 547 2522; x_wconf 70' lang='grc' dir='ltr'>κατὰ</span> <span class='ocrx_word' id='word_1_197' title='bbox 570 2466 825 2541; x_wconf 80' lang='grc' dir='ltr'>σύλληψιν</span> <span class='ocrx_word' id='word_1_198' title='bbox 844 2463 1115 2547; x_wconf 79' lang='grc' dir='ltr'>ἄχρανθον,</span> <span class='ocrx_word' id='word_1_199' title='bbox 1137 2465 1262 2545; x_wconf 84' lang='grc' dir='ltr'>δίχα</span> <span class='ocrx_word' id='word_1_200' title='bbox 1285 2472 1477 2548; x_wconf 77' lang='grc' dir='ltr'>τροπῆς</span> <span class='ocrx_word' id='word_1_201' title='bbox 1492 2460 1807 2535; x_wconf 12' lang='grc' dir='ltr'>θὶνουσιοῖισας</span> 
     </span>
    </p>
   </div>
   <div class='ocr_carea' id='block_1_26' title="bbox 241 2548 1810 2636">
    <p class='ocr_par' dir='ltr' id='par_1_26' title="bbox 241 2548 1810 2636">
     <span class='ocr_line' id='line_1_26' title="bbox 241 2548 1810 2636; baseline 0.007 -31"><span class='ocrx_word' id='word_1_202' title='bbox 241 2552 418 2630; x_wconf 48' lang='lat' dir='ltr'><strong>iam-€13</strong></span> <span class='ocrx_word' id='word_1_203' title='bbox 442 2548 620 2630; x_wconf 79' lang='grc' dir='ltr'>ψυχὴν</span> <span class='ocrx_word' id='word_1_204' title='bbox 658 2550 834 2632; x_wconf 79' lang='grc' dir='ltr'>νοερὰν</span> <span class='ocrx_word' id='word_1_205' title='bbox 862 2552 993 2630; x_wconf 75' lang='grc' dir='ltr'>μετὰ</span> <span class='ocrx_word' id='word_1_206' title='bbox 1025 2556 1326 2626; x_wconf 78' lang='grc' dir='ltr'>αἰσθητικοῦ</span> <span class='ocrx_word' id='word_1_207' title='bbox 1364 2553 1628 2632; x_wconf 79' lang='grc' dir='ltr'>σώματος,</span> <span class='ocrx_word' id='word_1_208' title='bbox 1659 2555 1810 2636; x_wconf 83' lang='grc' dir='ltr'>γέγο-</span> 
     </span>
    </p>
   </div>
   <div class='ocr_carea' id='block_1_27' title="bbox 241 2638 1810 2725">
    <p class='ocr_par' dir='ltr' id='par_1_27' title="bbox 241 2638 1810 2725">
     <span class='ocr_line' id='line_1_27' title="bbox 241 2638 1810 2725; baseline 0.006 -29"><span class='ocrx_word' id='word_1_209' title='bbox 241 2661 328 2697; x_wconf 87' lang='grc' dir='ltr'><strong>νεν</strong></span> <span class='ocrx_word' id='word_1_210' title='bbox 360 2638 622 2720; x_wconf 78' lang='grc' dir='ltr'>ἄνθρωπος</span> <span class='ocrx_word' id='word_1_211' title='bbox 648 2640 816 2722; x_wconf 79' lang='grc' dir='ltr'>φύσει,</span> <span class='ocrx_word' id='word_1_212' title='bbox 845 2640 1032 2707; x_wconf 82' lang='grc' dir='ltr'>κακίας</span> <span class='ocrx_word' id='word_1_213' title='bbox 1056 2640 1348 2725; x_wconf 77' lang='grc' dir='ltr'>ἀλλότριος,</span> <span class='ocrx_word' id='word_1_214' title='bbox 1380 2649 1409 2704; x_wconf 80' lang='grc' dir='ltr'><strong>ὁ</strong></span> <span class='ocrx_word' id='word_1_215' title='bbox 1433 2643 1588 2724; x_wconf 85' lang='grc' dir='ltr'>λόγος</span> <span class='ocrx_word' id='word_1_216' title='bbox 1615 2645 1751 2711; x_wconf 79' lang='grc' dir='ltr'>Θεὸς</span> <span class='ocrx_word' id='word_1_217' title='bbox 1780 2650 1810 2705; x_wconf 84' lang='grc' dir='ltr'>ὁ</span> 
     </span>
    </p>
   </div>
   <div class='ocr_carea' id='block_1_28' title="bbox 242 2725 1807 2811">
    <p class='ocr_par' dir='ltr' id='par_1_28' title="bbox 242 2725 1807 2811">
     <span class='ocr_line' id='line_1_28' title="bbox 242 2725 1807 2811; baseline 0.005 -27"><span class='ocrx_word' id='word_1_218' title='bbox 242 2725 407 2792; x_wconf 73' lang='grc' dir='ltr'>αὐτὸς</span> <span class='ocrx_word' id='word_1_219' title='bbox 438 2749 456 2765; x_wconf 88' lang='grc'><strong>·</strong></span> <span class='ocrx_word' id='word_1_220' title='bbox 487 2727 689 2800; x_wconf 83' lang='grc' dir='ltr'>θεότητι</span> <span class='ocrx_word' id='word_1_221' title='bbox 736 2726 829 2801; x_wconf 81' lang='grc' dir='ltr'>μὲν</span> <span class='ocrx_word' id='word_1_222' title='bbox 869 2727 937 2788; x_wconf 76' lang='grc' dir='ltr'><strong>τὰ</strong></span> <span class='ocrx_word' id='word_1_223' title='bbox 973 2735 1081 2789; x_wconf 88' lang='grc' dir='ltr'>θεῖα</span> <span class='ocrx_word' id='word_1_224' title='bbox 1121 2729 1204 2789; x_wconf 80' lang='grc' dir='ltr'><strong>διὰ</strong></span> <span class='ocrx_word' id='word_1_225' title='bbox 1239 2736 1333 2803; x_wconf 57' lang='grc' dir='ltr'>ἧς</span> <span class='ocrx_word' id='word_1_226' title='bbox 1359 2735 1516 2791; x_wconf 73' lang='grc' dir='ltr'>αὐτοῦ</span> <span class='ocrx_word' id='word_1_227' title='bbox 1553 2733 1807 2811; x_wconf 83' lang='grc' dir='ltr'>παναγίας</span> 
     </span>
    </p>
   </div>
   <div class='ocr_carea' id='block_1_29' title="bbox 243 2813 1807 2900">
    <p class='ocr_par' dir='ltr' id='par_1_29' title="bbox 243 2813 1807 2900">
     <span class='ocr_line' id='line_1_29' title="bbox 243 2813 1807 2900; baseline 0.003 -26"><span class='ocrx_word' id='word_1_228' title='bbox 243 2813 466 2900; x_wconf 73' lang='grc' dir='ltr'>σαρκὸς,</span> <span class='ocrx_word' id='word_1_229' title='bbox 490 2817 586 2875; x_wconf 75' lang='grc' dir='ltr'>οὐκ</span> <span class='ocrx_word' id='word_1_230' title='bbox 611 2815 735 2875; x_wconf 78' lang='grc' dir='ltr'>ὄντα</span> <span class='ocrx_word' id='word_1_231' title='bbox 758 2814 904 2897; x_wconf 73' lang='grc' dir='ltr'>φύσει</span> <span class='ocrx_word' id='word_1_232' title='bbox 927 2822 1022 2888; x_wconf 77' lang='grc' dir='ltr'><strong>τῆς</strong></span> <span class='ocrx_word' id='word_1_233' title='bbox 1045 2818 1486 2900; x_wconf 76' lang='grc' dir='ltr'>σαρκὸς,ἐνεργῶν</span> <span class='ocrx_word' id='word_1_234' title='bbox 1507 2843 1525 2859; x_wconf 67' lang='grc'><strong><em>⁸</em></strong></span> <span class='ocrx_word' id='word_1_235' title='bbox 1551 2818 1807 2898; x_wconf 80' lang='grc' dir='ltr'>ἀνθρωπόο</span> 
     </span>
    </p>
   </div>
   <div class='ocr_carea' id='block_1_30' title="bbox 241 2898 1808 2986">
    <p class='ocr_par' dir='ltr' id='par_1_30' title="bbox 241 2898 1808 2986">
     <span class='ocr_line' id='line_1_30' title="bbox 241 2898 1808 2986; baseline 0.007 -29"><span class='ocrx_word' id='word_1_236' title='bbox 241 2924 368 2972; x_wconf 65' lang='lat' dir='ltr'><strong>nrt:</strong></span> <span class='ocrx_word' id='word_1_237' title='bbox 393 2898 452 2959; x_wconf 76' lang='grc' dir='ltr'>δὲ</span> <span class='ocrx_word' id='word_1_238' title='bbox 485 2904 552 2960; x_wconf 78' lang='grc' dir='ltr'><strong>τὰ</strong></span> <span class='ocrx_word' id='word_1_239' title='bbox 575 2902 881 2984; x_wconf 79' lang='grc' dir='ltr'>ἀνθρώπινα,</span> <span class='ocrx_word' id='word_1_240' title='bbox 911 2907 1004 2963; x_wconf 78' lang='grc' dir='ltr'>οὐκ</span> <span class='ocrx_word' id='word_1_241' title='bbox 1031 2904 1153 2964; x_wconf 82' lang='grc' dir='ltr'>ὄντα</span> <span class='ocrx_word' id='word_1_242' title='bbox 1176 2910 1326 2985; x_wconf 80' lang='grc' dir='ltr'>φύσει</span> <span class='ocrx_word' id='word_1_243' title='bbox 1351 2898 1612 2978; x_wconf 80' lang='grc' dir='ltr'>θεότητος,</span> <span class='ocrx_word' id='word_1_244' title='bbox 1640 2909 1808 2986; x_wconf 79' lang='grc' dir='ltr'>ἀνοχῇ</span> 
     </span>
    </p>
   </div>
   <div class='ocr_carea' id='block_1_31' title="bbox 242 2986 1806 3075">
    <p class='ocr_par' dir='ltr' id='par_1_31' title="bbox 242 2986 1806 3075">
     <span class='ocr_line' id='line_1_31' title="bbox 242 2986 1806 3075; baseline 0.001 -26"><span class='ocrx_word' id='word_1_245' title='bbox 242 2986 475 3075; x_wconf 63' lang='grc' dir='ltr'>πάσχω</span> <span class='ocrx_word' id='word_1_246' title='bbox 512 2988 751 3061; x_wconf 81' lang='grc' dir='ltr'>θεότητος</span> <span class='ocrx_word' id='word_1_247' title='bbox 774 3029 788 3044; x_wconf 88' lang='lat'><strong>-</strong></span> <span class='ocrx_word' id='word_1_248' title='bbox 823 2990 981 3069; x_wconf 78' lang='grc' dir='ltr'>μηδὲν</span> <span class='ocrx_word' id='word_1_249' title='bbox 1006 2997 1138 3052; x_wconf 86' lang='grc' dir='ltr'>θεῖον</span> <span class='ocrx_word' id='word_1_250' title='bbox 1160 2993 1355 3072; x_wconf 82' lang='grc' dir='ltr'>γυμνὸν</span> <span class='ocrx_word' id='word_1_251' title='bbox 1390 2993 1634 3071; x_wconf 85' lang='grc' dir='ltr'>σώματος</span> <span class='ocrx_word' id='word_1_252' title='bbox 1661 2997 1806 3075; x_wconf 84' lang='grc' dir='ltr'>ἐνερ-</span> 
     </span>
    </p>
   </div>
   <div class='ocr_carea' id='block_1_32' title="bbox 242 3250 1803 3335">
    <p class='ocr_par' dir='ltr' id='par_1_32' title="bbox 242 3250 1803 3335">
     <span class='ocr_line' id='line_1_32' title="bbox 242 3250 1803 3335; baseline 0.003 -27"><span class='ocrx_word' id='word_1_253' title='bbox 242 3255 472 3329; x_wconf 73' lang='grc' dir='ltr'>νοπρετῆ</span> <span class='ocrx_word' id='word_1_254' title='bbox 514 3250 722 3331; x_wconf 81' lang='grc' dir='ltr'>τρόπον,</span> <span class='ocrx_word' id='word_1_255' title='bbox 751 3255 814 3312; x_wconf 81' lang='grc' dir='ltr'>τὸ</span> <span class='ocrx_word' id='word_1_256' title='bbox 859 3256 973 3313; x_wconf 83' lang='grc' dir='ltr'>κατ’</span> <span class='ocrx_word' id='word_1_257' title='bbox 1004 3254 1161 3335; x_wconf 81' lang='grc' dir='ltr'>ἄμφω</span> <span class='ocrx_word' id='word_1_258' title='bbox 1186 3259 1411 3335; x_wconf 80' lang='grc' dir='ltr'>φυσικῶς</span> <span class='ocrx_word' id='word_1_259' title='bbox 1437 3258 1803 3325; x_wconf 73' lang='grc' dir='ltr'>ἇναλλοίιιηον,</span> 
     </span>
    </p>
   </div>
   <div class='ocr_carea' id='block_1_33' title="bbox 245 3338 1807 3426">
    <p class='ocr_par' dir='ltr' id='par_1_33' title="bbox 245 3338 1807 3426">
     <span class='ocr_line' id='line_1_33' title="bbox 245 3338 1807 3426; baseline 0.001 -24"><span class='ocrx_word' id='word_1_260' title='bbox 245 3340 321 3426; x_wconf 57' lang='lat' dir='ltr'><strong>{is</strong></span> <span class='ocrx_word' id='word_1_261' title='bbox 642 3345 733 3413; x_wconf 77' lang='grc' dir='ltr'><strong>τῆς</strong></span> <span class='ocrx_word' id='word_1_262' title='bbox 776 3344 957 3401; x_wconf 80' lang='grc' dir='ltr'>ἑαυτοῦ</span> <span class='ocrx_word' id='word_1_263' title='bbox 1001 3342 1199 3410; x_wconf 84' lang='grc' dir='ltr'>τελείας</span> <span class='ocrx_word' id='word_1_264' title='bbox 1226 3345 1648 3426; x_wconf 73' lang='grc' dir='ltr'>ἐνανθρωπήσεως</span> <span class='ocrx_word' id='word_1_265' title='bbox 1669 3390 1684 3416; x_wconf 87' lang='grc'><strong>,</strong></span> <span class='ocrx_word' id='word_1_266' title='bbox 1713 3350 1807 3417; x_wconf 80' lang='grc' dir='ltr'><strong>τῆς</strong></span> 
     </span>
    </p>
   </div>
   <div class='ocr_carea' id='block_1_34' title="bbox 245 3420 1806 3512">
    <p class='ocr_par' dir='ltr' id='par_1_34' title="bbox 245 3420 1806 3512">
     <span class='ocr_line' id='line_1_34' title="bbox 245 3420 1806 3512; baseline 0.004 -28"><span class='ocrx_word' id='word_1_267' title='bbox 245 3422 410 3512; x_wconf 51' lang='grc' dir='ltr'>ὄντως</span> <span class='ocrx_word' id='word_1_268' title='bbox 437 3420 684 3500; x_wconf 76' lang='grc' dir='ltr'>ἀληθοῦς,</span> <span class='ocrx_word' id='word_1_269' title='bbox 711 3429 800 3487; x_wconf 81' lang='grc' dir='ltr'>καὶ</span> <span class='ocrx_word' id='word_1_270' title='bbox 825 3427 980 3505; x_wconf 83' lang='grc' dir='ltr'>μηδὲν</span> <span class='ocrx_word' id='word_1_271' title='bbox 1003 3430 1223 3509; x_wconf 74' lang='grc' dir='ltr'>ἐχούσης</span> <span class='ocrx_word' id='word_1_272' title='bbox 1243 3420 1580 3512; x_wconf 68' lang='grc' dir='ltr'>φαυλότητος.</span> <span class='ocrx_word' id='word_1_273' title='bbox 1610 3434 1687 3490; x_wconf 77' lang='grc'><strong>⁸0</strong></span> <span class='ocrx_word' id='word_1_274' title='bbox 1714 3430 1806 3508; x_wconf 81' lang='grc' dir='ltr'><strong>μὲν</strong></span> 
     </span>
    </p>
   </div>
   <div class='ocr_carea' id='block_1_35' title="bbox 246 3501 1809 3599">
    <p class='ocr_par' dir='ltr' id='par_1_35' title="bbox 246 3501 1809 3599">
     <span class='ocr_line' id='line_1_35' title="bbox 246 3501 1809 3599; baseline -0.017 1"><span class='ocrx_word' id='word_1_275' title='bbox 246 3501 335 3599; x_wconf 51' lang='grc' dir='ltr'><strong>ὦῗ</strong></span> <span class='ocrx_word' id='word_1_276' title='bbox 361 3512 574 3592; x_wconf 70' lang='grc' dir='ltr'>Βήρωνι</span> <span class='ocrx_word' id='word_1_277' title='bbox 603 3512 763 3581; x_wconf 63' lang='grc' dir='ltr'><strong>οὕτως</strong></span> <span class='ocrx_word' id='word_1_278' title='bbox 798 3501 939 3595; x_wconf 42' lang='grc' dir='ltr'><strong>ἵκων</strong></span> <span class='ocrx_word' id='word_1_279' title='bbox 964 3501 1209 3599; x_wconf 54' lang='grc' dir='ltr'>ὧςΠέφην,</span> <span class='ocrx_word' id='word_1_280' title='bbox 1510 3518 1689 3596; x_wconf 80' lang='grc' dir='ltr'>μονάδι</span> <span class='ocrx_word' id='word_1_281' title='bbox 1712 3501 1809 3589; x_wconf 75' lang='grc' dir='ltr'><strong>τὴν</strong></span> 
     </span>
    </p>
   </div>
   <div class='ocr_carea' id='block_1_36' title="bbox 243 3594 1801 3686">
    <p class='ocr_par' dir='ltr' id='par_1_36' title="bbox 243 3594 1801 3686">
     <span class='ocr_line' id='line_1_36' title="bbox 243 3594 1801 3686; baseline 0.004 -29"><span class='ocrx_word' id='word_1_282' title='bbox 243 3594 469 3669; x_wconf 74' lang='grc' dir='ltr'>θεότητα</span> <span class='ocrx_word' id='word_1_283' title='bbox 493 3605 586 3659; x_wconf 87' lang='grc' dir='ltr'><strong>τοῦ</strong></span> <span class='ocrx_word' id='word_1_284' title='bbox 612 3603 836 3683; x_wconf 85' lang='grc' dir='ltr'>Χριστοῦ</span> <span class='ocrx_word' id='word_1_285' title='bbox 860 3594 971 3663; x_wconf 83' lang='grc' dir='ltr'>καὶ</span> <span class='ocrx_word' id='word_1_286' title='bbox 1137 3594 1521 3686; x_wconf 36' lang='grc' dir='ltr'>ἀνθρυητότητα-</span> <span class='ocrx_word' id='word_1_287' title='bbox 1551 3603 1801 3685; x_wconf 81' lang='grc' dir='ltr'>συγχέας,</span> 
     </span>
    </p>
   </div>
   <div class='ocr_carea' id='block_1_37' title="bbox 244 3689 1809 3773">
    <p class='ocr_par' dir='ltr' id='par_1_37' title="bbox 244 3689 1809 3773">
     <span class='ocr_line' id='line_1_37' title="bbox 244 3689 1809 3773; baseline 0.004 -30"><span class='ocrx_word' id='word_1_288' title='bbox 244 3689 385 3763; x_wconf 78' lang='grc' dir='ltr'>ὁμοῦ</span> <span class='ocrx_word' id='word_1_289' title='bbox 411 3692 639 3767; x_wconf 84' lang='grc' dir='ltr'>φυσικῶς</span> <span class='ocrx_word' id='word_1_290' title='bbox 664 3690 753 3750; x_wconf 82' lang='grc' dir='ltr'>καὶ</span> <span class='ocrx_word' id='word_1_291' title='bbox 789 3695 1132 3773; x_wconf 84' lang='grc' dir='ltr'>προσωπικῶς</span> <span class='ocrx_word' id='word_1_292' title='bbox 1167 3693 1408 3772; x_wconf 80' lang='grc' dir='ltr'>μερίζων,</span> <span class='ocrx_word' id='word_1_293' title='bbox 1436 3696 1680 3753; x_wconf 77' lang='grc' dir='ltr'>καταλύει</span> <span class='ocrx_word' id='word_1_294' title='bbox 1719 3694 1809 3752; x_wconf 83' lang='grc' dir='ltr'><strong>τὸν</strong></span> 
     </span>
    </p>
   </div>
   <div class='ocr_carea' id='block_1_38' title="bbox 245 3773 1808 3862">
    <p class='ocr_par' dir='ltr' id='par_1_38' title="bbox 245 3773 1808 3862">
     <span class='ocr_line' id='line_1_38' title="bbox 245 3773 1808 3862; baseline -0.005 -16"><span class='ocrx_word' id='word_1_295' title='bbox 245 3773 360 3850; x_wconf 76' lang='grc' dir='ltr'><strong>βίον</strong></span> <span class='ocrx_word' id='word_1_296' title='bbox 387 3798 405 3814; x_wconf 87' lang='grc'><strong>⁹</strong></span> <span class='ocrx_word' id='word_1_297' title='bbox 757 3777 917 3857; x_wconf 67' lang='grc' dir='ltr'>μόνης</span> <span class='ocrx_word' id='word_1_298' title='bbox 959 3783 1054 3851; x_wconf 58' lang='grc' dir='ltr'>ἧς</span> <span class='ocrx_word' id='word_1_299' title='bbox 1097 3784 1202 3839; x_wconf 77' lang='grc' dir='ltr'><strong>τῶν</strong></span> <span class='ocrx_word' id='word_1_300' title='bbox 1241 3785 1481 3862; x_wconf 65' lang='grc' dir='ltr'>ὁμοφνῶν</span> <span class='ocrx_word' id='word_1_301' title='bbox 1517 3779 1808 3862; x_wconf 81' lang='grc' dir='ltr'>προσώπων</span> 
     </span>
    </p>
   </div>
   <div class='ocr_carea' id='block_1_39' title="bbox 245 3858 1806 3950">
    <p class='ocr_par' dir='ltr' id='par_1_39' title="bbox 245 3858 1806 3950">
     <span class='ocr_line' id='line_1_39' title="bbox 245 3858 1806 3950; baseline -0.001 -20"><span class='ocrx_word' id='word_1_302' title='bbox 245 3864 512 3945; x_wconf 57' lang='lat' dir='ltr'><strong>bruma:</strong></span> <span class='ocrx_word' id='word_1_303' title='bbox 537 3864 843 3939; x_wconf 78' lang='grc' dir='ltr'>ταυνότητος</span> <span class='ocrx_word' id='word_1_304' title='bbox 865 3864 960 3938; x_wconf 81' lang='grc' dir='ltr'><strong>τὴν</strong></span> <span class='ocrx_word' id='word_1_305' title='bbox 984 3868 1319 3950; x_wconf 65' lang='grc' dir='ltr'>τωῦτουργίαν</span> <span class='ocrx_word' id='word_1_306' title='bbox 1344 3858 1471 3927; x_wconf 72' lang='grc' dir='ltr'>εἶναι</span> <span class='ocrx_word' id='word_1_307' title='bbox 1494 3858 1806 3941; x_wconf 77' lang='grc' dir='ltr'>δηλωτοιήν.</span> 
     </span>
    </p>
   </div>
   <div class='ocr_carea' id='block_1_40' title="bbox 259 4413 1844 4485">
    <p class='ocr_par' dir='ltr' id='par_1_40' title="bbox 259 4413 1844 4485">
     <span class='ocr_line' id='line_1_40' title="bbox 259 4413 1844 4485; baseline -0.004 -13"><span class='ocrx_word' id='word_1_308' title='bbox 259 4425 290 4458; x_wconf 77' lang='grc' dir='ltr'>ι</span> <span class='ocrx_word' id='word_1_309' title='bbox 318 4417 382 4473; x_wconf 91' lang='lat' dir='ltr'><strong>In</strong></span> <span class='ocrx_word' id='word_1_310' title='bbox 411 4418 610 4475; x_wconf 61' lang='lat' dir='ltr'><strong>Graeco</strong></span> <span class='ocrx_word' id='word_1_311' title='bbox 638 4415 877 4471; x_wconf 79' lang='lat' dir='ltr'><strong>additur</strong></span> <span class='ocrx_word' id='word_1_312' title='bbox 901 4416 1255 4485; x_wconf 80' lang='lat' dir='ltr'><strong>suspensione</strong></span> <span class='ocrx_word' id='word_1_313' title='bbox 1276 4415 1497 4484; x_wconf 83' lang='lat' dir='ltr'><strong>patiens</strong></span> <span class='ocrx_word' id='word_1_314' title='bbox 1518 4413 1844 4468; x_wconf 78' lang='lat' dir='ltr'><strong>divinitatis.</strong></span> 
     </span>
    </p>
   </div>
   <div class='ocr_carea' id='block_1_41' title="bbox 942 264 2828 345">
    <p class='ocr_par' dir='ltr' id='par_1_41' title="bbox 942 264 2828 345">
     <span class='ocr_line' id='line_1_41' title="bbox 942 264 2828 345; baseline 0.013 -26"><span class='ocrx_word' id='word_1_315' title='bbox 942 264 1443 328; x_wconf 76' lang='lat' dir='ltr'><strong>COLLECTANEA.</strong></span> <span class='ocrx_word' id='word_1_316' title='bbox 1478 298 1552 308; x_wconf 96' lang='lat'>—</span> <span class='ocrx_word' id='word_1_317' title='bbox 1585 268 1944 329; x_wconf 77' lang='lat' dir='ltr'><strong>ANASTASII</strong></span> <span class='ocrx_word' id='word_1_318' title='bbox 1979 277 2439 339; x_wconf 83' lang='lat' dir='ltr'><strong>APOCRISIARII</strong></span> <span class='ocrx_word' id='word_1_319' title='bbox 2479 287 2828 345; x_wconf 76' lang='lat' dir='ltr'><strong>EPISTOLA.</strong></span> 
     </span>
    </p>
   </div>
   <div class='ocr_carea' id='block_1_42' title="bbox 1865 400 1926 460">
    <p class='ocr_par' dir='ltr' id='par_1_42' title="bbox 1865 400 1926 460">
     <span class='ocr_line' id='line_1_42' title="bbox 1865 400 1926 460; baseline 0 0"><span class='ocrx_word' id='word_1_320' title='bbox 1865 400 1926 460; x_wconf 87' lang='lat' dir='ltr'><strong>A</strong></span> 
     </span>
    </p>
   </div>
   <div class='ocr_carea' id='block_1_43' title="bbox 3490 287 3599 347">
    <p class='ocr_par' dir='ltr' id='par_1_43' title="bbox 3490 287 3599 347">
     <span class='ocr_line' id='line_1_43' title="bbox 3490 287 3599 347; baseline -0.018 0"><span class='ocrx_word' id='word_1_321' title='bbox 3490 287 3599 347; x_wconf 70' lang='lat' dir='ltr'><strong>67L</strong></span> 
     </span>
    </p>
   </div>
   <div class='ocr_carea' id='block_1_44' title="bbox 2304 409 3238 477">
    <p class='ocr_par' dir='ltr' id='par_1_44' title="bbox 2304 409 3238 477">
     <span class='ocr_line' id='line_1_44' title="bbox 2304 409 3238 477; baseline 0.009 -15"><span class='ocrx_word' id='word_1_322' title='bbox 2304 409 2587 477; x_wconf 84' lang='lat' dir='ltr'><strong>Ejusdem,</strong></span> <span class='ocrx_word' id='word_1_323' title='bbox 2614 429 2682 465; x_wconf 68' lang='lat' dir='ltr'><strong>ex</strong></span> <span class='ocrx_word' id='word_1_324' title='bbox 2711 414 2892 467; x_wconf 85' lang='lat' dir='ltr'><strong>eodem</strong></span> <span class='ocrx_word' id='word_1_325' title='bbox 2920 429 3159 469; x_wconf 80' lang='lat' dir='ltr'><strong>sermone</strong></span> <span class='ocrx_word' id='word_1_326' title='bbox 3184 414 3238 471; x_wconf 92' lang='lat'><strong>8.</strong></span> 
     </span>
    </p>
   </div>
   <div class='ocr_carea' id='block_1_45' title="bbox 2021 511 3599 579">
    <p class='ocr_par' dir='ltr' id='par_1_45' title="bbox 2021 511 3599 579">
     <span class='ocr_line' id='line_1_45' title="bbox 2021 511 3599 579; baseline 0.008 -12"><span class='ocrx_word' id='word_1_327' title='bbox 2021 511 2083 567; x_wconf 92' lang='lat' dir='ltr'><strong>In</strong></span> <span class='ocrx_word' id='word_1_328' title='bbox 2110 514 2262 569; x_wconf 90' lang='lat' dir='ltr'><strong>hunc</strong></span> <span class='ocrx_word' id='word_1_329' title='bbox 2288 522 2475 571; x_wconf 89' lang='lat' dir='ltr'><strong>autem</strong></span> <span class='ocrx_word' id='word_1_330' title='bbox 2508 530 2757 572; x_wconf 90' lang='lat' dir='ltr'><strong>errorem</strong></span> <span class='ocrx_word' id='word_1_331' title='bbox 2782 518 2932 574; x_wconf 89' lang='lat' dir='ltr'><strong>illati</strong></span> <span class='ocrx_word' id='word_1_332' title='bbox 2966 527 3102 576; x_wconf 90' lang='lat' dir='ltr'><strong>sunt</strong></span> <span class='ocrx_word' id='word_1_333' title='bbox 3134 521 3277 577; x_wconf 91' lang='lat' dir='ltr'><strong>male</strong></span> <span class='ocrx_word' id='word_1_334' title='bbox 3307 523 3599 579; x_wconf 82' lang='lat' dir='ltr'><strong>credentes</strong></span> 
     </span>
    </p>
   </div>
   <div class='ocr_carea' id='block_1_46' title="bbox 1953 603 3601 680">
    <p class='ocr_par' dir='ltr' id='par_1_46' title="bbox 1953 603 3601 680">
     <span class='ocr_line' id='line_1_46' title="bbox 1953 603 3601 680; baseline 0.007 -25"><span class='ocrx_word' id='word_1_335' title='bbox 1953 603 2239 671; x_wconf 82' lang='lat' dir='ltr'><strong>propriam</strong></span> <span class='ocrx_word' id='word_1_336' title='bbox 2256 604 2450 658; x_wconf 89' lang='lat' dir='ltr'><strong>carnis</strong></span> <span class='ocrx_word' id='word_1_337' title='bbox 2474 604 2726 660; x_wconf 74' lang='lat' dir='ltr'><strong>effectam</strong></span> <span class='ocrx_word' id='word_1_338' title='bbox 2757 607 3013 661; x_wconf 84' lang='lat' dir='ltr'><strong>divinam</strong></span> <span class='ocrx_word' id='word_1_339' title='bbox 3035 610 3442 678; x_wconf 79' lang='lat' dir='ltr'><strong>operationem,</strong></span> <span class='ocrx_word' id='word_1_340' title='bbox 3477 624 3601 680; x_wconf 64' lang='lat' dir='ltr'><strong>quae</strong></span> 
     </span>
    </p>
   </div>
   <div class='ocr_carea' id='block_1_47' title="bbox 1954 692 3597 767">
    <p class='ocr_par' dir='ltr' id='par_1_47' title="bbox 1954 692 3597 767">
     <span class='ocr_line' id='line_1_47' title="bbox 1954 692 3597 767; baseline 0.006 -23"><span class='ocrx_word' id='word_1_341' title='bbox 1954 703 2051 758; x_wconf 91' lang='lat' dir='ltr'><strong>per</strong></span> <span class='ocrx_word' id='word_1_342' title='bbox 2077 692 2255 759; x_wconf 88' lang='lat' dir='ltr'><strong>ipsam</strong></span> <span class='ocrx_word' id='word_1_343' title='bbox 2286 692 2341 746; x_wconf 91' lang='lat' dir='ltr'><strong>in</strong></span> <span class='ocrx_word' id='word_1_344' title='bbox 2385 693 2685 749; x_wconf 84' lang='lat' dir='ltr'><strong>miraculis</strong></span> <span class='ocrx_word' id='word_1_345' title='bbox 2726 694 3083 751; x_wconf 86' lang='lat' dir='ltr'><strong>manifestata</strong></span> <span class='ocrx_word' id='word_1_346' title='bbox 3112 704 3220 765; x_wconf 88' lang='lat' dir='ltr'><strong>est,</strong></span> <span class='ocrx_word' id='word_1_347' title='bbox 3252 711 3383 767; x_wconf 91' lang='lat' dir='ltr'><strong>qua,</strong></span> <span class='ocrx_word' id='word_1_348' title='bbox 3417 704 3597 754; x_wconf 88' lang='lat' dir='ltr'><strong>totum</strong></span> 
     </span>
    </p>
   </div>
   <div class='ocr_carea' id='block_1_48' title="bbox 1948 778 3603 857">
    <p class='ocr_par' dir='ltr' id='par_1_48' title="bbox 1948 778 3603 857">
     <span class='ocr_line' id='line_1_48' title="bbox 1948 778 3603 857; baseline 0.006 -25"><span class='ocrx_word' id='word_1_349' title='bbox 1948 778 2216 835; x_wconf 75' lang='lat' dir='ltr'><strong>Christus</strong></span> <span class='ocrx_word' id='word_1_350' title='bbox 2258 780 2655 839; x_wconf 88' lang='lat' dir='ltr'><strong>substantians</strong></span> <span class='ocrx_word' id='word_1_351' title='bbox 2697 786 3009 840; x_wconf 90' lang='lat' dir='ltr'><strong>secundum</strong></span> <span class='ocrx_word' id='word_1_352' title='bbox 3058 787 3206 855; x_wconf 90' lang='lat' dir='ltr'><strong>quod</strong></span> <span class='ocrx_word' id='word_1_353' title='bbox 3251 786 3603 857; x_wconf 85' lang='lat' dir='ltr'><strong>intelligitur</strong></span> 
     </span>
    </p>
   </div>
   <div class='ocr_carea' id='block_1_49' title="bbox 1949 868 3605 945">
    <p class='ocr_par' dir='ltr' id='par_1_49' title="bbox 1949 868 3605 945">
     <span class='ocr_line' id='line_1_49' title="bbox 1949 868 3605 945; baseline 0.006 -24"><span class='ocrx_word' id='word_1_354' title='bbox 1949 868 2117 934; x_wconf 88' lang='lat' dir='ltr'><strong>Deus,</strong></span> <span class='ocrx_word' id='word_1_355' title='bbox 2151 874 2304 923; x_wconf 90' lang='lat' dir='ltr'><strong>tenet</strong></span> <span class='ocrx_word' id='word_1_356' title='bbox 2348 876 2649 927; x_wconf 87' lang='lat' dir='ltr'><strong>retentum.</strong></span> <span class='ocrx_word' id='word_1_357' title='bbox 2704 875 2827 928; x_wconf 88' lang='lat' dir='ltr'><strong>Non</strong></span> <span class='ocrx_word' id='word_1_358' title='bbox 2863 874 3015 929; x_wconf 92' lang='lat' dir='ltr'><strong>enim</strong></span> <span class='ocrx_word' id='word_1_359' title='bbox 3064 882 3451 945; x_wconf 85' lang='lat' dir='ltr'><strong>cognoverunt</strong></span> <span class='ocrx_word' id='word_1_360' title='bbox 3487 876 3605 931; x_wconf 90' lang='lat' dir='ltr'><strong>im-</strong></span> 
     </span>
    </p>
   </div>
   <div class='ocr_carea' id='block_1_50' title="bbox 1953 956 3603 1031">
    <p class='ocr_par' dir='ltr' id='par_1_50' title="bbox 1953 956 3603 1031">
     <span class='ocr_line' id='line_1_50' title="bbox 1953 956 3603 1031; baseline 0.005 -21"><span class='ocrx_word' id='word_1_361' title='bbox 1953 956 2228 1024; x_wconf 89' lang='lat' dir='ltr'><strong>possibile</strong></span> <span class='ocrx_word' id='word_1_362' title='bbox 2275 971 2398 1013; x_wconf 86' lang='lat' dir='ltr'><strong>esse</strong></span> <span class='ocrx_word' id='word_1_363' title='bbox 2426 960 2637 1015; x_wconf 69' lang='lat' dir='ltr'><strong>divinae</strong></span> <span class='ocrx_word' id='word_1_364' title='bbox 2685 962 3073 1031; x_wconf 89' lang='lat' dir='ltr'><strong>operationem</strong></span> <span class='ocrx_word' id='word_1_365' title='bbox 3106 968 3325 1019; x_wconf 64' lang='lat' dir='ltr'><strong>natura:</strong></span> <span class='ocrx_word' id='word_1_366' title='bbox 3360 963 3603 1019; x_wconf 90' lang='lat' dir='ltr'><strong>alterius</strong></span> 
     </span>
    </p>
   </div>
   <div class='ocr_carea' id='block_1_51' title="bbox 1954 1045 3605 1121">
    <p class='ocr_par' dir='ltr' id='par_1_51' title="bbox 1954 1045 3605 1121">
     <span class='ocr_line' id='line_1_51' title="bbox 1954 1045 3605 1121; baseline 0.005 -23"><span class='ocrx_word' id='word_1_367' title='bbox 1954 1049 2172 1099; x_wconf 60' lang='lat' dir='ltr'><strong>natura</strong></span> <span class='ocrx_word' id='word_1_368' title='bbox 2194 1045 2530 1103; x_wconf 73' lang='lat' dir='ltr'><strong>substantia:</strong></span> <span class='ocrx_word' id='word_1_369' title='bbox 2574 1049 2790 1104; x_wconf 88' lang='lat' dir='ltr'><strong>idioma</strong></span> <span class='ocrx_word' id='word_1_370' title='bbox 2821 1050 2943 1105; x_wconf 80' lang='lat' dir='ltr'><strong>ﬁeri</strong></span> <span class='ocrx_word' id='word_1_371' title='bbox 2977 1051 3190 1121; x_wconf 81' lang='lat' dir='ltr'><strong>absque</strong></span> <span class='ocrx_word' id='word_1_372' title='bbox 3211 1051 3605 1107; x_wconf 89' lang='lat' dir='ltr'><strong>convertibili-</strong></span> 
     </span>
    </p>
   </div>
   <div class='ocr_carea' id='block_1_52' title="bbox 1954 1136 3603 1211">
    <p class='ocr_par' dir='ltr' id='par_1_52' title="bbox 1954 1136 3603 1211">
     <span class='ocr_line' id='line_1_52' title="bbox 1954 1136 3603 1211; baseline 0.005 -24"><span class='ocrx_word' id='word_1_373' title='bbox 1954 1138 2104 1201; x_wconf 83' lang='lat' dir='ltr'><strong>tate;</strong></span> <span class='ocrx_word' id='word_1_374' title='bbox 2146 1148 2328 1205; x_wconf 87' lang='lat' dir='ltr'><strong>neque</strong></span> <span class='ocrx_word' id='word_1_375' title='bbox 2385 1136 2793 1194; x_wconf 84' lang='lat' dir='ltr'><strong>intellexerunt</strong></span> <span class='ocrx_word' id='word_1_376' title='bbox 2826 1140 2976 1209; x_wconf 92' lang='lat' dir='ltr'><strong>quod</strong></span> <span class='ocrx_word' id='word_1_377' title='bbox 3042 1154 3152 1195; x_wconf 93' lang='lat' dir='ltr'><strong>non</strong></span> <span class='ocrx_word' id='word_1_378' title='bbox 3207 1141 3411 1211; x_wconf 87' lang='lat' dir='ltr'><strong>utique</strong></span> <span class='ocrx_word' id='word_1_379' title='bbox 3462 1155 3603 1210; x_wconf 62' lang='lat' dir='ltr'><strong>pro«</strong></span> 
     </span>
    </p>
   </div>
   <div class='ocr_carea' id='block_1_53' title="bbox 1954 1221 3598 1298">
    <p class='ocr_par' dir='ltr' id='par_1_53' title="bbox 1954 1221 3598 1298">
     <span class='ocr_line' id='line_1_53' title="bbox 1954 1221 3598 1298; baseline 0.005 -22"><span class='ocrx_word' id='word_1_380' title='bbox 1954 1221 2143 1290; x_wconf 88' lang='lat' dir='ltr'><strong>prium</strong></span> <span class='ocrx_word' id='word_1_381' title='bbox 2167 1224 2244 1278; x_wconf 91' lang='lat' dir='ltr'><strong>sit</strong></span> <span class='ocrx_word' id='word_1_382' title='bbox 2268 1226 2461 1280; x_wconf 90' lang='lat' dir='ltr'><strong>carnis</strong></span> <span class='ocrx_word' id='word_1_383' title='bbox 2478 1226 2625 1295; x_wconf 88' lang='lat' dir='ltr'><strong>quod</strong></span> <span class='ocrx_word' id='word_1_384' title='bbox 2653 1240 2752 1295; x_wconf 92' lang='lat' dir='ltr'><strong>per</strong></span> <span class='ocrx_word' id='word_1_385' title='bbox 2774 1240 2896 1282; x_wconf 89' lang='lat' dir='ltr'><strong>eam</strong></span> <span class='ocrx_word' id='word_1_386' title='bbox 2916 1228 3147 1298; x_wconf 88' lang='lat' dir='ltr'><strong>quidem</strong></span> <span class='ocrx_word' id='word_1_387' title='bbox 3174 1235 3466 1284; x_wconf 89' lang='lat' dir='ltr'><strong>ostensum</strong></span> <span class='ocrx_word' id='word_1_388' title='bbox 3492 1234 3598 1296; x_wconf 91' lang='lat' dir='ltr'><strong>est,</strong></span> 
     </span>
    </p>
   </div>
   <div class='ocr_carea' id='block_1_54' title="bbox 1953 1314 3602 1386">
    <p class='ocr_par' dir='ltr' id='par_1_54' title="bbox 1953 1314 3602 1386">
     <span class='ocr_line' id='line_1_54' title="bbox 1953 1314 3602 1386; baseline 0.005 -22"><span class='ocrx_word' id='word_1_389' title='bbox 1953 1323 2065 1365; x_wconf 93' lang='lat' dir='ltr'><strong>non</strong></span> <span class='ocrx_word' id='word_1_390' title='bbox 2090 1324 2159 1366; x_wconf 82' lang='lat' dir='ltr'><strong>ex</strong></span> <span class='ocrx_word' id='word_1_391' title='bbox 2199 1325 2263 1367; x_wconf 88' lang='lat' dir='ltr'><strong>ea</strong></span> <span class='ocrx_word' id='word_1_392' title='bbox 2295 1314 2637 1369; x_wconf 87' lang='lat' dir='ltr'><strong>naturaliter</strong></span> <span class='ocrx_word' id='word_1_393' title='bbox 2682 1320 2892 1384; x_wconf 90' lang='lat' dir='ltr'><strong>ortum,</strong></span> <span class='ocrx_word' id='word_1_394' title='bbox 2926 1316 3241 1386; x_wconf 76' lang='lat' dir='ltr'><strong>praesertim</strong></span> <span class='ocrx_word' id='word_1_395' title='bbox 3268 1331 3397 1373; x_wconf 89' lang='lat' dir='ltr'><strong>cum</strong></span> <span class='ocrx_word' id='word_1_396' title='bbox 3433 1317 3602 1373; x_wconf 66' lang='lat' dir='ltr'><strong>clara:</strong></span> 
     </span>
    </p>
   </div>
   <div class='ocr_carea' id='block_1_55' title="bbox 1950 1399 3600 1477">
    <p class='ocr_par' dir='ltr' id='par_1_55' title="bbox 1950 1399 3600 1477">
     <span class='ocr_line' id='line_1_55' title="bbox 1950 1399 3600 1477; baseline 0.005 -24"><span class='ocrx_word' id='word_1_397' title='bbox 1950 1399 2029 1453; x_wconf 93' lang='lat' dir='ltr'><strong>sit</strong></span> <span class='ocrx_word' id='word_1_398' title='bbox 2069 1400 2154 1455; x_wconf 90' lang='lat' dir='ltr'><strong>eis</strong></span> <span class='ocrx_word' id='word_1_399' title='bbox 2200 1406 2256 1455; x_wconf 92' lang='lat' dir='ltr'><strong>et</strong></span> <span class='ocrx_word' id='word_1_400' title='bbox 2296 1401 2610 1458; x_wconf 63' lang='lat' dir='ltr'><strong>manifestae</strong></span> <span class='ocrx_word' id='word_1_401' title='bbox 2659 1404 3031 1472; x_wconf 87' lang='lat' dir='ltr'><strong>probationis.</strong></span> <span class='ocrx_word' id='word_1_402' title='bbox 3066 1407 3179 1476; x_wconf 90' lang='lat' dir='ltr'><strong>Ego</strong></span> <span class='ocrx_word' id='word_1_403' title='bbox 3204 1406 3355 1461; x_wconf 91' lang='lat' dir='ltr'><strong>enim</strong></span> <span class='ocrx_word' id='word_1_404' title='bbox 3403 1406 3600 1477; x_wconf 79' lang='lat' dir='ltr'><strong>lingua</strong></span> 
     </span>
    </p>
   </div>
   <div class='ocr_carea' id='block_1_56' title="bbox 1952 1486 3602 1562">
    <p class='ocr_par' dir='ltr' id='par_1_56' title="bbox 1952 1486 3602 1562">
     <span class='ocr_line' id='line_1_56' title="bbox 1952 1486 3602 1562; baseline 0.004 -21"><span class='ocrx_word' id='word_1_405' title='bbox 1952 1486 2192 1556; x_wconf 88' lang='lat' dir='ltr'><strong>loquens</strong></span> <span class='ocrx_word' id='word_1_406' title='bbox 2241 1493 2297 1543; x_wconf 91' lang='lat' dir='ltr'><strong>et</strong></span> <span class='ocrx_word' id='word_1_407' title='bbox 2336 1502 2506 1544; x_wconf 90' lang='lat' dir='ltr'><strong>manu</strong></span> <span class='ocrx_word' id='word_1_408' title='bbox 2560 1489 2838 1559; x_wconf 88' lang='lat' dir='ltr'><strong>scribens,</strong></span> <span class='ocrx_word' id='word_1_409' title='bbox 2889 1505 3056 1547; x_wconf 92' lang='lat' dir='ltr'><strong>unam</strong></span> <span class='ocrx_word' id='word_1_410' title='bbox 3105 1500 3161 1547; x_wconf 89' lang='lat' dir='ltr'><strong>et</strong></span> <span class='ocrx_word' id='word_1_411' title='bbox 3202 1494 3454 1548; x_wconf 85' lang='lat' dir='ltr'><strong>eamdem</strong></span> <span class='ocrx_word' id='word_1_412' title='bbox 3504 1507 3602 1562; x_wconf 85' lang='lat' dir='ltr'><strong>per</strong></span> 
     </span>
    </p>
   </div>
   <div class='ocr_carea' id='block_1_57' title="bbox 1951 1577 3601 1652">
    <p class='ocr_par' dir='ltr' id='par_1_57' title="bbox 1951 1577 3601 1652">
     <span class='ocr_line' id='line_1_57' title="bbox 1951 1577 3601 1652; baseline 0.004 -23"><span class='ocrx_word' id='word_1_413' title='bbox 1951 1579 2253 1645; x_wconf 85' lang='lat' dir='ltr'><strong>utramque</strong></span> <span class='ocrx_word' id='word_1_414' title='bbox 2286 1577 2695 1633; x_wconf 83' lang='lat' dir='ltr'><strong>intellectualis</strong></span> <span class='ocrx_word' id='word_1_415' title='bbox 2737 1579 2941 1635; x_wconf 62' lang='lat' dir='ltr'><strong>animae</strong></span> <span class='ocrx_word' id='word_1_416' title='bbox 2989 1594 3122 1635; x_wconf 75' lang='lat' dir='ltr'><strong>meae</strong></span> <span class='ocrx_word' id='word_1_417' title='bbox 3155 1580 3378 1650; x_wconf 88' lang='lat' dir='ltr'><strong>profero</strong></span> <span class='ocrx_word' id='word_1_418' title='bbox 3412 1582 3601 1652; x_wconf 82' lang='lat' dir='ltr'><strong>cogita</strong></span> 
     </span>
    </p>
   </div>
   <div class='ocr_carea' id='block_1_58' title="bbox 1953 1662 3601 1736">
    <p class='ocr_par' dir='ltr' id='par_1_58' title="bbox 1953 1662 3601 1736">
     <span class='ocr_line' id='line_1_58' title="bbox 1953 1662 3601 1736; baseline 0.004 -20"><span class='ocrx_word' id='word_1_419' title='bbox 1953 1662 2203 1718; x_wconf 89' lang='lat' dir='ltr'><strong>tionem:</strong></span> <span class='ocrx_word' id='word_1_420' title='bbox 2262 1666 2646 1733; x_wconf 89' lang='lat' dir='ltr'><strong>operationem</strong></span> <span class='ocrx_word' id='word_1_421' title='bbox 2701 1668 2830 1736; x_wconf 88' lang='lat' dir='ltr'><strong>ejus</strong></span> <span class='ocrx_word' id='word_1_422' title='bbox 2883 1668 3219 1723; x_wconf 80' lang='lat' dir='ltr'><strong>existentem</strong></span> <span class='ocrx_word' id='word_1_423' title='bbox 3284 1668 3601 1723; x_wconf 87' lang='lat' dir='ltr'><strong>naturalem</strong></span> 
     </span>
    </p>
   </div>
   <div class='ocr_carea' id='block_1_59' title="bbox 1872 1739 3606 1828">
    <p class='ocr_par' dir='ltr' id='par_1_59' title="bbox 1872 1739 3606 1828">
     <span class='ocr_line' id='line_1_59' title="bbox 1872 1739 3606 1828; baseline 0.005 -24"><span class='ocrx_word' id='word_1_424' title='bbox 1872 1739 1922 1798; x_wconf 88' lang='grc' dir='ltr'>Β</span> <span class='ocrx_word' id='word_1_425' title='bbox 1956 1750 2113 1806; x_wconf 90' lang='lat' dir='ltr'><strong>nulla</strong></span> <span class='ocrx_word' id='word_1_426' title='bbox 2157 1752 2377 1808; x_wconf 89' lang='lat' dir='ltr'><strong>ratione</strong></span> <span class='ocrx_word' id='word_1_427' title='bbox 2410 1754 2715 1810; x_wconf 91' lang='lat' dir='ltr'><strong>ostendens</strong></span> <span class='ocrx_word' id='word_1_428' title='bbox 2739 1768 2861 1810; x_wconf 89' lang='lat' dir='ltr'><strong>eam</strong></span> <span class='ocrx_word' id='word_1_429' title='bbox 2888 1755 3082 1828; x_wconf 88' lang='lat' dir='ltr'><strong>lingna</strong></span> <span class='ocrx_word' id='word_1_430' title='bbox 3110 1756 3195 1811; x_wconf 87' lang='lat' dir='ltr'><strong>vel</strong></span> <span class='ocrx_word' id='word_1_431' title='bbox 3224 1769 3396 1811; x_wconf 89' lang='lat' dir='ltr'><strong>manu</strong></span> <span class='ocrx_word' id='word_1_432' title='bbox 3429 1761 3606 1812; x_wconf 88' lang='lat' dir='ltr'><strong>natu-</strong></span> 
     </span>
    </p>
   </div>
   <div class='ocr_carea' id='block_1_60' title="bbox 1954 1840 3600 1908">
    <p class='ocr_par' dir='ltr' id='par_1_60' title="bbox 1954 1840 3600 1908">
     <span class='ocr_line' id='line_1_60' title="bbox 1954 1840 3600 1908; baseline 0.003 -14"><span class='ocrx_word' id='word_1_433' title='bbox 1954 1840 2155 1895; x_wconf 89' lang='lat' dir='ltr'><strong>raliter</strong></span> <span class='ocrx_word' id='word_1_434' title='bbox 2186 1845 2387 1908; x_wconf 86' lang='lat' dir='ltr'><strong>ortam,</strong></span> <span class='ocrx_word' id='word_1_435' title='bbox 2440 1844 2535 1898; x_wconf 87' lang='lat' dir='ltr'><strong>sed</strong></span> <span class='ocrx_word' id='word_1_436' title='bbox 2582 1857 2682 1898; x_wconf 91' lang='lat' dir='ltr'><strong>nec</strong></span> <span class='ocrx_word' id='word_1_437' title='bbox 2723 1843 2975 1899; x_wconf 72' lang='lat' dir='ltr'><strong>effectam</strong></span> <span class='ocrx_word' id='word_1_438' title='bbox 3020 1858 3215 1901; x_wconf 88' lang='lat' dir='ltr'><strong>earum</strong></span> <span class='ocrx_word' id='word_1_439' title='bbox 3255 1845 3339 1900; x_wconf 87' lang='lat' dir='ltr'><strong>vel</strong></span> <span class='ocrx_word' id='word_1_440' title='bbox 3389 1845 3600 1900; x_wconf 87' lang='lat' dir='ltr'><strong>dictam</strong></span> 
     </span>
    </p>
   </div>
   <div class='ocr_carea' id='block_1_61' title="bbox 1953 1928 3604 2003">
    <p class='ocr_par' dir='ltr' id='par_1_61' title="bbox 1953 1928 3604 2003">
     <span class='ocr_line' id='line_1_61' title="bbox 1953 1928 3604 2003; baseline 0.003 -20"><span class='ocrx_word' id='word_1_441' title='bbox 1953 1928 2354 1999; x_wconf 81' lang='lat' dir='ltr'><strong>cogitationem</strong></span> <span class='ocrx_word' id='word_1_442' title='bbox 2393 1936 2623 1999; x_wconf 90' lang='lat' dir='ltr'><strong>propter</strong></span> <span class='ocrx_word' id='word_1_443' title='bbox 2650 1932 2776 2000; x_wconf 89' lang='lat' dir='ltr'><strong>ejus</strong></span> <span class='ocrx_word' id='word_1_444' title='bbox 2795 1946 2864 1988; x_wconf 79' lang='lat' dir='ltr'><strong>ex</strong></span> <span class='ocrx_word' id='word_1_445' title='bbox 2895 1938 3139 2003; x_wconf 90' lang='lat' dir='ltr'><strong>utraque</strong></span> <span class='ocrx_word' id='word_1_446' title='bbox 3175 1932 3604 1988; x_wconf 84' lang='lat' dir='ltr'><strong>manifestatio—</strong></span> 
     </span>
    </p>
   </div>
   <div class='ocr_carea' id='block_1_62' title="bbox 1951 2016 3607 2092">
    <p class='ocr_par' dir='ltr' id='par_1_62' title="bbox 1951 2016 3607 2092">
     <span class='ocr_line' id='line_1_62' title="bbox 1951 2016 3607 2092; baseline 0.004 -22"><span class='ocrx_word' id='word_1_447' title='bbox 1951 2029 2097 2070; x_wconf 91' lang='lat' dir='ltr'><strong>nem.</strong></span> <span class='ocrx_word' id='word_1_448' title='bbox 2146 2016 2421 2089; x_wconf 79' lang='lat' dir='ltr'><strong>Linguam</strong></span> <span class='ocrx_word' id='word_1_449' title='bbox 2473 2018 2626 2074; x_wconf 92' lang='lat' dir='ltr'><strong>enim</strong></span> <span class='ocrx_word' id='word_1_450' title='bbox 2678 2020 2766 2074; x_wconf 89' lang='lat' dir='ltr'><strong>vel</strong></span> <span class='ocrx_word' id='word_1_451' title='bbox 2812 2034 3040 2076; x_wconf 91' lang='lat' dir='ltr'><strong>manum</strong></span> <span class='ocrx_word' id='word_1_452' title='bbox 3093 2022 3455 2092; x_wconf 89' lang='lat' dir='ltr'><strong>cogitativam</strong></span> <span class='ocrx_word' id='word_1_453' title='bbox 3502 2034 3607 2076; x_wconf 77' lang='lat' dir='ltr'><strong>sa-</strong></span> 
     </span>
    </p>
   </div>
   <div class='ocr_carea' id='block_1_63' title="bbox 1950 2103 3600 2175">
    <p class='ocr_par' dir='ltr' id='par_1_63' title="bbox 1950 2103 3600 2175">
     <span class='ocr_line' id='line_1_63' title="bbox 1950 2103 3600 2175; baseline 0.003 -18"><span class='ocrx_word' id='word_1_454' title='bbox 1950 2103 2172 2173; x_wconf 88' lang='lat' dir='ltr'><strong>pienter</strong></span> <span class='ocrx_word' id='word_1_455' title='bbox 2219 2106 2377 2160; x_wconf 90' lang='lat' dir='ltr'><strong>novit</strong></span> <span class='ocrx_word' id='word_1_456' title='bbox 2424 2119 2620 2175; x_wconf 83' lang='lat' dir='ltr'><strong>nemo;</strong></span> <span class='ocrx_word' id='word_1_457' title='bbox 2675 2106 2828 2162; x_wconf 84' lang='lat' dir='ltr'><strong>sicut</strong></span> <span class='ocrx_word' id='word_1_458' title='bbox 2866 2121 2969 2163; x_wconf 92' lang='lat' dir='ltr'><strong>nec</strong></span> <span class='ocrx_word' id='word_1_459' title='bbox 3031 2108 3451 2163; x_wconf 89' lang='lat' dir='ltr'><strong>sanctissimam</strong></span> <span class='ocrx_word' id='word_1_460' title='bbox 3502 2107 3600 2162; x_wconf 91' lang='lat' dir='ltr'><strong>Dei</strong></span> 
     </span>
    </p>
   </div>
   <div class='ocr_carea' id='block_1_64' title="bbox 1949 2195 3604 2265">
    <p class='ocr_par' dir='ltr' id='par_1_64' title="bbox 1949 2195 3604 2265">
     <span class='ocr_line' id='line_1_64' title="bbox 1949 2195 3604 2265; baseline 0.002 -19"><span class='ocrx_word' id='word_1_461' title='bbox 1949 2205 2196 2261; x_wconf 88' lang='lat' dir='ltr'><strong>carnem,</strong></span> <span class='ocrx_word' id='word_1_462' title='bbox 2230 2207 2331 2262; x_wconf 89' lang='lat' dir='ltr'><strong>pro</strong></span> <span class='ocrx_word' id='word_1_463' title='bbox 2355 2207 2422 2249; x_wconf 90' lang='lat' dir='ltr'><strong>eo</strong></span> <span class='ocrx_word' id='word_1_464' title='bbox 2448 2195 2598 2263; x_wconf 87' lang='lat' dir='ltr'><strong>quod</strong></span> <span class='ocrx_word' id='word_1_465' title='bbox 2619 2200 2909 2265; x_wconf 89' lang='lat' dir='ltr'><strong>assumpta</strong></span> <span class='ocrx_word' id='word_1_466' title='bbox 2934 2196 3032 2264; x_wconf 86' lang='lat' dir='ltr'><strong>sit,</strong></span> <span class='ocrx_word' id='word_1_467' title='bbox 3055 2200 3110 2251; x_wconf 94' lang='lat' dir='ltr'><strong>et</strong></span> <span class='ocrx_word' id='word_1_468' title='bbox 3145 2210 3242 2265; x_wconf 90' lang='lat' dir='ltr'><strong>per</strong></span> <span class='ocrx_word' id='word_1_469' title='bbox 3261 2208 3381 2251; x_wconf 90' lang='lat' dir='ltr'><strong>eam</strong></span> <span class='ocrx_word' id='word_1_470' title='bbox 3407 2196 3604 2251; x_wconf 84' lang='lat' dir='ltr'><strong>divina</strong></span> 
     </span>
    </p>
   </div>
   <div class='ocr_carea' id='block_1_65' title="bbox 1949 2281 3606 2352">
    <p class='ocr_par' dir='ltr' id='par_1_65' title="bbox 1949 2281 3606 2352">
     <span class='ocr_line' id='line_1_65' title="bbox 1949 2281 3606 2352; baseline 0.001 -17"><span class='ocrx_word' id='word_1_471' title='bbox 1949 2281 2029 2336; x_wconf 89' lang='lat' dir='ltr'><strong>sit</strong></span> <span class='ocrx_word' id='word_1_472' title='bbox 2064 2281 2321 2350; x_wconf 90' lang='lat' dir='ltr'><strong>operatio</strong></span> <span class='ocrx_word' id='word_1_473' title='bbox 2344 2281 2497 2337; x_wconf 88' lang='lat' dir='ltr'><strong>clara</strong></span> <span class='ocrx_word' id='word_1_474' title='bbox 2528 2282 2743 2352; x_wconf 75' lang='lat' dir='ltr'><strong>effecta,</strong></span> <span class='ocrx_word' id='word_1_475' title='bbox 2777 2284 3077 2339; x_wconf 89' lang='lat' dir='ltr'><strong>secundam</strong></span> <span class='ocrx_word' id='word_1_476' title='bbox 3106 2291 3363 2339; x_wconf 88' lang='lat' dir='ltr'><strong>naturam</strong></span> <span class='ocrx_word' id='word_1_477' title='bbox 3395 2283 3606 2339; x_wconf 90' lang='lat' dir='ltr'><strong>condi—</strong></span> 
     </span>
    </p>
   </div>
   <div class='ocr_carea' id='block_1_66' title="bbox 1950 2370 3606 2442">
    <p class='ocr_par' dir='ltr' id='par_1_66' title="bbox 1950 2370 3606 2442">
     <span class='ocr_line' id='line_1_66' title="bbox 1950 2370 3606 2442; baseline 0.002 -19"><span class='ocrx_word' id='word_1_478' title='bbox 1950 2370 2169 2424; x_wconf 91' lang='lat' dir='ltr'><strong>tricem.</strong></span> <span class='ocrx_word' id='word_1_479' title='bbox 2237 2371 2342 2426; x_wconf 88' lang='lat' dir='ltr'><strong>Sed</strong></span> <span class='ocrx_word' id='word_1_480' title='bbox 2394 2372 2488 2441; x_wconf 89' lang='lat' dir='ltr'><strong>pie</strong></span> <span class='ocrx_word' id='word_1_481' title='bbox 2535 2372 2839 2428; x_wconf 81' lang='lat' dir='ltr'><strong>conﬁtetur</strong></span> <span class='ocrx_word' id='word_1_482' title='bbox 2883 2373 3139 2442; x_wconf 84' lang='lat' dir='ltr'><strong>credens,</strong></span> <span class='ocrx_word' id='word_1_483' title='bbox 3186 2379 3321 2442; x_wconf 89' lang='lat' dir='ltr'><strong>quta</strong></span> <span class='ocrx_word' id='word_1_484' title='bbox 3378 2377 3606 2442; x_wconf 88' lang='lat' dir='ltr'><strong>propter</strong></span> 
     </span>
    </p>
   </div>
   <div class='ocr_carea' id='block_1_67' title="bbox 1953 2458 3607 2531">
    <p class='ocr_par' dir='ltr' id='par_1_67' title="bbox 1953 2458 3607 2531">
     <span class='ocr_line' id='line_1_67' title="bbox 1953 2458 3607 2531; baseline 0.001 -18"><span class='ocrx_word' id='word_1_485' title='bbox 1953 2458 2193 2515; x_wconf 88' lang='lat' dir='ltr'><strong>salutem</strong></span> <span class='ocrx_word' id='word_1_486' title='bbox 2218 2465 2490 2530; x_wconf 91' lang='lat' dir='ltr'><strong>nostram,</strong></span> <span class='ocrx_word' id='word_1_487' title='bbox 2520 2466 2575 2515; x_wconf 92' lang='lat' dir='ltr'><strong>et</strong></span> <span class='ocrx_word' id='word_1_488' title='bbox 2597 2468 2661 2517; x_wconf 93' lang='lat' dir='ltr'><strong>ut</strong></span> <span class='ocrx_word' id='word_1_489' title='bbox 2684 2462 2753 2517; x_wconf 90' lang='lat' dir='ltr'><strong>ad</strong></span> <span class='ocrx_word' id='word_1_490' title='bbox 2811 2460 3423 2517; x_wconf 77' lang='lat' dir='ltr'><strong>inconversibilitstem</strong></span> <span class='ocrx_word' id='word_1_491' title='bbox 3452 2461 3607 2531; x_wconf 88' lang='lat' dir='ltr'><strong>liga-</strong></span> 
     </span>
    </p>
   </div>
   <div class='ocr_carea' id='block_1_68' title="bbox 1954 2548 3610 2620">
    <p class='ocr_par' dir='ltr' id='par_1_68' title="bbox 1954 2548 3610 2620">
     <span class='ocr_line' id='line_1_68' title="bbox 1954 2548 3610 2620; baseline 0.001 -18"><span class='ocrx_word' id='word_1_492' title='bbox 1954 2553 2040 2603; x_wconf 91' lang='lat' dir='ltr'><strong>ret</strong></span> <span class='ocrx_word' id='word_1_493' title='bbox 2070 2548 2523 2620; x_wconf 87' lang='lat' dir='ltr'><strong>universitatem,</strong></span> <span class='ocrx_word' id='word_1_494' title='bbox 2551 2550 2951 2606; x_wconf 88' lang='lat' dir='ltr'><strong>universorum</strong></span> <span class='ocrx_word' id='word_1_495' title='bbox 2975 2550 3241 2605; x_wconf 89' lang='lat' dir='ltr'><strong>conditor</strong></span> <span class='ocrx_word' id='word_1_496' title='bbox 3263 2564 3332 2604; x_wconf 84' lang='lat' dir='ltr'><strong>ex</strong></span> <span class='ocrx_word' id='word_1_497' title='bbox 3352 2549 3610 2604; x_wconf 89' lang='lat' dir='ltr'><strong>sanctis-</strong></span> 
     </span>
    </p>
   </div>
   <div class='ocr_carea' id='block_1_69' title="bbox 1951 2635 3610 2709">
    <p class='ocr_par' dir='ltr' id='par_1_69' title="bbox 1951 2635 3610 2709">
     <span class='ocr_line' id='line_1_69' title="bbox 1951 2635 3610 2709; baseline 0.001 -18"><span class='ocrx_word' id='word_1_498' title='bbox 1951 2635 2098 2692; x_wconf 91' lang='lat' dir='ltr'><strong>sima</strong></span> <span class='ocrx_word' id='word_1_499' title='bbox 2122 2649 2345 2706; x_wconf 91' lang='lat' dir='ltr'><strong>semper</strong></span> <span class='ocrx_word' id='word_1_500' title='bbox 2364 2637 2599 2709; x_wconf 85' lang='lat' dir='ltr'><strong>Virgine</strong></span> <span class='ocrx_word' id='word_1_501' title='bbox 2626 2638 2806 2694; x_wconf 86' lang='lat' dir='ltr'><strong>Maria</strong></span> <span class='ocrx_word' id='word_1_502' title='bbox 2829 2651 2930 2709; x_wconf 89' lang='lat' dir='ltr'><strong>per</strong></span> <span class='ocrx_word' id='word_1_503' title='bbox 2960 2638 3384 2706; x_wconf 89' lang='lat' dir='ltr'><strong>conceptionem</strong></span> <span class='ocrx_word' id='word_1_504' title='bbox 3414 2636 3610 2692; x_wconf 87' lang='lat' dir='ltr'><strong>invio-</strong></span> 
     </span>
    </p>
   </div>
   <div class='ocr_carea' id='block_1_70' title="bbox 1952 2725 3611 2796">
    <p class='ocr_par' dir='ltr' id='par_1_70' title="bbox 1952 2725 3611 2796">
     <span class='ocr_line' id='line_1_70' title="bbox 1952 2725 3611 2796; baseline -0.001 -16"><span class='ocrx_word' id='word_1_505' title='bbox 1952 2725 2203 2796; x_wconf 91' lang='lat' dir='ltr'><strong>labilem,</strong></span> <span class='ocrx_word' id='word_1_506' title='bbox 2251 2728 2376 2782; x_wconf 92' lang='lat' dir='ltr'><strong>sine</strong></span> <span class='ocrx_word' id='word_1_507' title='bbox 2417 2726 2909 2783; x_wconf 89' lang='lat' dir='ltr'><strong>conversibilitate</strong></span> <span class='ocrx_word' id='word_1_508' title='bbox 2948 2726 3345 2782; x_wconf 77' lang='lat' dir='ltr'><strong>substantians</strong></span> <span class='ocrx_word' id='word_1_509' title='bbox 3378 2725 3611 2781; x_wconf 80' lang='lat' dir='ltr'><strong>sibimet</strong></span> 
     </span>
    </p>
   </div>
   <div class='ocr_carea' id='block_1_71' title="bbox 1951 2814 3612 2885">
    <p class='ocr_par' dir='ltr' id='par_1_71' title="bbox 1951 2814 3612 2885">
     <span class='ocr_line' id='line_1_71' title="bbox 1951 2814 3612 2885; baseline -0.001 -17"><span class='ocrx_word' id='word_1_510' title='bbox 1951 2814 2200 2869; x_wconf 88' lang='lat' dir='ltr'><strong>animam</strong></span> <span class='ocrx_word' id='word_1_511' title='bbox 2257 2815 2704 2871; x_wconf 87' lang='lat' dir='ltr'><strong>intellectualem</strong></span> <span class='ocrx_word' id='word_1_512' title='bbox 2751 2829 2880 2872; x_wconf 90' lang='lat' dir='ltr'><strong>cum</strong></span> <span class='ocrx_word' id='word_1_513' title='bbox 2926 2815 3152 2871; x_wconf 89' lang='lat' dir='ltr'><strong>sensivo</strong></span> <span class='ocrx_word' id='word_1_514' title='bbox 3202 2828 3459 2885; x_wconf 90' lang='lat' dir='ltr'><strong>corpore,</strong></span> <span class='ocrx_word' id='word_1_515' title='bbox 3502 2826 3612 2868; x_wconf 90' lang='lat' dir='ltr'><strong>na-</strong></span> 
     </span>
    </p>
   </div>
   <div class='ocr_carea' id='block_1_72' title="bbox 1952 2902 3612 2960">
    <p class='ocr_par' dir='ltr' id='par_1_72' title="bbox 1952 2902 3612 2960">
     <span class='ocr_line' id='line_1_72' title="bbox 1952 2902 3612 2960; baseline 0 -3"><span class='ocrx_word' id='word_1_516' title='bbox 1952 2908 2082 2959; x_wconf 89' lang='lat' dir='ltr'><strong>tura</strong></span> <span class='ocrx_word' id='word_1_517' title='bbox 2125 2902 2312 2960; x_wconf 87' lang='lat' dir='ltr'><strong>factus</strong></span> <span class='ocrx_word' id='word_1_518' title='bbox 2341 2910 2427 2960; x_wconf 91' lang='lat' dir='ltr'><strong>est</strong></span> <span class='ocrx_word' id='word_1_519' title='bbox 2469 2903 2638 2960; x_wconf 89' lang='lat' dir='ltr'><strong>homo</strong></span> <span class='ocrx_word' id='word_1_520' title='bbox 2668 2905 2907 2959; x_wconf 60' lang='lat' dir='ltr'><strong>malitia;</strong></span> <span class='ocrx_word' id='word_1_521' title='bbox 2953 2904 3216 2960; x_wconf 90' lang='lat' dir='ltr'><strong>alienus:</strong></span> <span class='ocrx_word' id='word_1_522' title='bbox 3267 2909 3425 2960; x_wconf 89' lang='lat' dir='ltr'><strong>totus</strong></span> <span class='ocrx_word' id='word_1_523' title='bbox 3461 2904 3612 2958; x_wconf 90' lang='lat' dir='ltr'><strong>Deus</strong></span> 
     </span>
    </p>
   </div>
   <div class='ocr_carea' id='block_1_73' title="bbox 1952 2992 3614 3064">
    <p class='ocr_par' dir='ltr' id='par_1_73' title="bbox 1952 2992 3614 3064">
     <span class='ocr_line' id='line_1_73' title="bbox 1952 2992 3614 3064; baseline -0.001 -17"><span class='ocrx_word' id='word_1_524' title='bbox 1952 2992 2094 3064; x_wconf 89' lang='lat' dir='ltr'><strong>ipse,</strong></span> <span class='ocrx_word' id='word_1_525' title='bbox 2128 2998 2285 3049; x_wconf 90' lang='lat' dir='ltr'><strong>totus</strong></span> <span class='ocrx_word' id='word_1_526' title='bbox 2316 2994 2483 3049; x_wconf 91' lang='lat' dir='ltr'><strong>homo</strong></span> <span class='ocrx_word' id='word_1_527' title='bbox 2532 2994 2680 3048; x_wconf 92' lang='lat' dir='ltr'><strong>idem</strong></span> <span class='ocrx_word' id='word_1_528' title='bbox 2721 2993 2864 3063; x_wconf 90' lang='lat' dir='ltr'><strong>ipse,</strong></span> <span class='ocrx_word' id='word_1_529' title='bbox 2896 2998 3051 3048; x_wconf 88' lang='lat' dir='ltr'><strong>totus</strong></span> <span class='ocrx_word' id='word_1_530' title='bbox 3074 2994 3227 3048; x_wconf 90' lang='lat' dir='ltr'><strong>Deus</strong></span> <span class='ocrx_word' id='word_1_531' title='bbox 3264 2992 3479 3062; x_wconf 91' lang='lat' dir='ltr'><strong>pariter</strong></span> <span class='ocrx_word' id='word_1_532' title='bbox 3504 3005 3614 3046; x_wconf 88' lang='lat' dir='ltr'><strong>na—</strong></span> 
     </span>
    </p>
   </div>
   <div class='ocr_carea' id='block_1_74' title="bbox 1951 3080 3613 3151">
    <p class='ocr_par' dir='ltr' id='par_1_74' title="bbox 1951 3080 3613 3151">
     <span class='ocr_line' id='line_1_74' title="bbox 1951 3080 3613 3151; baseline -0.001 -16"><span class='ocrx_word' id='word_1_533' title='bbox 1951 3084 2103 3151; x_wconf 85' lang='lat' dir='ltr'><strong>tura,</strong></span> <span class='ocrx_word' id='word_1_534' title='bbox 2152 3090 2208 3137; x_wconf 88' lang='lat' dir='ltr'><strong>et</strong></span> <span class='ocrx_word' id='word_1_535' title='bbox 2238 3082 2405 3137; x_wconf 89' lang='lat' dir='ltr'><strong>homo</strong></span> <span class='ocrx_word' id='word_1_536' title='bbox 2469 3081 2618 3136; x_wconf 90' lang='lat' dir='ltr'><strong>idem</strong></span> <span class='ocrx_word' id='word_1_537' title='bbox 2659 3082 2818 3150; x_wconf 89' lang='lat' dir='ltr'><strong>ipse:</strong></span> <span class='ocrx_word' id='word_1_538' title='bbox 2864 3081 3075 3136; x_wconf 87' lang='lat' dir='ltr'><strong>deitate</strong></span> <span class='ocrx_word' id='word_1_539' title='bbox 3124 3080 3379 3150; x_wconf 88' lang='lat' dir='ltr'><strong>quidem,</strong></span> <span class='ocrx_word' id='word_1_540' title='bbox 3413 3080 3613 3135; x_wconf 88' lang='lat' dir='ltr'><strong>divina</strong></span> 
     </span>
    </p>
   </div>
   <div class='ocr_carea' id='block_1_75' title="bbox 1955 3168 3615 3239">
    <p class='ocr_par' dir='ltr' id='par_1_75' title="bbox 1955 3168 3615 3239">
     <span class='ocr_line' id='line_1_75' title="bbox 1955 3168 3615 3239; baseline -0.002 -15"><span class='ocrx_word' id='word_1_541' title='bbox 1955 3183 2053 3239; x_wconf 91' lang='lat' dir='ltr'><strong>per</strong></span> <span class='ocrx_word' id='word_1_542' title='bbox 2080 3182 2241 3225; x_wconf 90' lang='lat' dir='ltr'><strong>suam</strong></span> <span class='ocrx_word' id='word_1_543' title='bbox 2276 3170 2464 3239; x_wconf 91' lang='lat' dir='ltr'><strong>ipsius</strong></span> <span class='ocrx_word' id='word_1_544' title='bbox 2482 3169 2907 3224; x_wconf 87' lang='lat' dir='ltr'><strong>sanctissimam</strong></span> <span class='ocrx_word' id='word_1_545' title='bbox 2937 3181 3183 3236; x_wconf 89' lang='lat' dir='ltr'><strong>carnem,</strong></span> <span class='ocrx_word' id='word_1_546' title='bbox 3236 3181 3348 3223; x_wconf 92' lang='lat' dir='ltr'><strong>non</strong></span> <span class='ocrx_word' id='word_1_547' title='bbox 3368 3168 3615 3223; x_wconf 84' lang='lat' dir='ltr'><strong>existen-</strong></span> 
     </span>
    </p>
   </div>
   <div class='ocr_carea' id='block_1_76' title="bbox 1950 3256 3613 3326">
    <p class='ocr_par' dir='ltr' id='par_1_76' title="bbox 1950 3256 3613 3326">
     <span class='ocr_line' id='line_1_76' title="bbox 1950 3256 3613 3326; baseline -0.001 -15"><span class='ocrx_word' id='word_1_548' title='bbox 1950 3257 2032 3312; x_wconf 88' lang='lat' dir='ltr'><strong>tia</strong></span> <span class='ocrx_word' id='word_1_549' title='bbox 2079 3262 2283 3312; x_wconf 89' lang='lat' dir='ltr'><strong>natura</strong></span> <span class='ocrx_word' id='word_1_550' title='bbox 2326 3258 2545 3319; x_wconf 89' lang='lat' dir='ltr'><strong>carnis,</strong></span> <span class='ocrx_word' id='word_1_551' title='bbox 2583 3270 2844 3326; x_wconf 89' lang='lat' dir='ltr'><strong>operans,</strong></span> <span class='ocrx_word' id='word_1_552' title='bbox 2894 3256 3252 3312; x_wconf 86' lang='lat' dir='ltr'><strong>humanitate</strong></span> <span class='ocrx_word' id='word_1_553' title='bbox 3291 3269 3443 3325; x_wconf 90' lang='lat' dir='ltr'><strong>vero,</strong></span> <span class='ocrx_word' id='word_1_554' title='bbox 3496 3256 3613 3310; x_wconf 83' lang='lat' dir='ltr'><strong>hu—</strong></span> 
     </span>
    </p>
   </div>
   <div class='ocr_carea' id='block_1_77' title="bbox 1953 3344 3607 3413">
    <p class='ocr_par' dir='ltr' id='par_1_77' title="bbox 1953 3344 3607 3413">
     <span class='ocr_line' id='line_1_77' title="bbox 1953 3344 3607 3413; baseline -0.002 -13"><span class='ocrx_word' id='word_1_555' title='bbox 1953 3358 2139 3413; x_wconf 90' lang='lat' dir='ltr'><strong>mana,</strong></span> <span class='ocrx_word' id='word_1_556' title='bbox 2174 3358 2285 3400; x_wconf 90' lang='lat' dir='ltr'><strong>non</strong></span> <span class='ocrx_word' id='word_1_557' title='bbox 2309 3344 2616 3400; x_wconf 78' lang='lat' dir='ltr'><strong>existentia</strong></span> <span class='ocrx_word' id='word_1_558' title='bbox 2647 3352 2851 3399; x_wconf 88' lang='lat' dir='ltr'><strong>natura</strong></span> <span class='ocrx_word' id='word_1_559' title='bbox 2878 3344 3115 3399; x_wconf 90' lang='lat' dir='ltr'><strong>deitatis</strong></span> <span class='ocrx_word' id='word_1_560' title='bbox 3145 3355 3184 3396; x_wconf 82' lang='grc' dir='ltr'><strong>ι.</strong></span> <span class='ocrx_word' id='word_1_561' title='bbox 3219 3344 3310 3397; x_wconf 91' lang='lat' dir='ltr'><strong>Nil</strong></span> <span class='ocrx_word' id='word_1_562' title='bbox 3341 3344 3607 3398; x_wconf 86' lang='lat' dir='ltr'><strong>divinum</strong></span> 
     </span>
    </p>
   </div>
   <div class='ocr_carea' id='block_1_78' title="bbox 1954 3431 3610 3503">
    <p class='ocr_par' dir='ltr' id='par_1_78' title="bbox 1954 3431 3610 3503">
     <span class='ocr_line' id='line_1_78' title="bbox 1954 3431 3610 3503; baseline -0.004 -13"><span class='ocrx_word' id='word_1_563' title='bbox 1954 3435 2171 3490; x_wconf 92' lang='lat' dir='ltr'><strong>nudum</strong></span> <span class='ocrx_word' id='word_1_564' title='bbox 2201 3447 2436 3502; x_wconf 88' lang='lat' dir='ltr'><strong>corpore</strong></span> <span class='ocrx_word' id='word_1_565' title='bbox 2479 3438 2769 3503; x_wconf 89' lang='lat' dir='ltr'><strong>operatur,</strong></span> <span class='ocrx_word' id='word_1_566' title='bbox 2803 3431 2886 3487; x_wconf 90' lang='lat' dir='ltr'><strong>nil</strong></span> <span class='ocrx_word' id='word_1_567' title='bbox 2938 3432 3251 3486; x_wconf 89' lang='lat' dir='ltr'><strong>humanum</strong></span> <span class='ocrx_word' id='word_1_568' title='bbox 3297 3431 3444 3485; x_wconf 92' lang='lat' dir='ltr'><strong>idem</strong></span> <span class='ocrx_word' id='word_1_569' title='bbox 3487 3432 3610 3500; x_wconf 90' lang='lat' dir='ltr'><strong>ipse</strong></span> 
     </span>
    </p>
   </div>
   <div class='ocr_carea' id='block_1_79' title="bbox 1956 3518 3607 3592">
    <p class='ocr_par' dir='ltr' id='par_1_79' title="bbox 1956 3518 3607 3592">
     <span class='ocr_line' id='line_1_79' title="bbox 1956 3518 3607 3592; baseline -0.002 -15"><span class='ocrx_word' id='word_1_570' title='bbox 1956 3523 2241 3592; x_wconf 88' lang='lat' dir='ltr'><strong>privatum</strong></span> <span class='ocrx_word' id='word_1_571' title='bbox 2271 3522 2578 3577; x_wconf 87' lang='lat' dir='ltr'><strong>divinitate</strong></span> <span class='ocrx_word' id='word_1_572' title='bbox 2603 3534 2834 3592; x_wconf 88' lang='lat' dir='ltr'><strong>gerens:</strong></span> <span class='ocrx_word' id='word_1_573' title='bbox 2859 3533 3093 3576; x_wconf 89' lang='lat' dir='ltr'><strong>servans</strong></span> <span class='ocrx_word' id='word_1_574' title='bbox 3124 3518 3356 3575; x_wconf 89' lang='lat' dir='ltr'><strong>sibimet</strong></span> <span class='ocrx_word' id='word_1_575' title='bbox 3376 3520 3607 3575; x_wconf 89' lang='lat' dir='ltr'><strong>modum</strong></span> 
     </span>
    </p>
   </div>
   <div class='ocr_carea' id='block_1_80' title="bbox 1952 3606 3612 3679">
    <p class='ocr_par' dir='ltr' id='par_1_80' title="bbox 1952 3606 3612 3679">
     <span class='ocr_line' id='line_1_80' title="bbox 1952 3606 3612 3679; baseline -0.003 -14"><span class='ocrx_word' id='word_1_576' title='bbox 1952 3610 2269 3665; x_wconf 89' lang='lat' dir='ltr'><strong>secundum</strong></span> <span class='ocrx_word' id='word_1_577' title='bbox 2302 3614 2610 3679; x_wconf 91' lang='lat' dir='ltr'><strong>utrumque</strong></span> <span class='ocrx_word' id='word_1_578' title='bbox 2655 3606 3093 3668; x_wconf 87' lang='lat' dir='ltr'><strong>immutabilem,</strong></span> <span class='ocrx_word' id='word_1_579' title='bbox 3126 3619 3226 3676; x_wconf 90' lang='lat' dir='ltr'><strong>per</strong></span> <span class='ocrx_word' id='word_1_580' title='bbox 3255 3619 3422 3676; x_wconf 90' lang='lat' dir='ltr'><strong>quem</strong></span> <span class='ocrx_word' id='word_1_581' title='bbox 3468 3619 3612 3675; x_wconf 87' lang='lat' dir='ltr'><strong>ope—</strong></span> 
     </span>
    </p>
   </div>
   <div class='ocr_carea' id='block_1_81' title="bbox 1954 3693 3605 3766">
    <p class='ocr_par' dir='ltr' id='par_1_81' title="bbox 1954 3693 3605 3766">
     <span class='ocr_line' id='line_1_81' title="bbox 1954 3693 3605 3766; baseline -0.004 -13"><span class='ocrx_word' id='word_1_582' title='bbox 1954 3705 2114 3753; x_wconf 91' lang='lat' dir='ltr'><strong>ratus</strong></span> <span class='ocrx_word' id='word_1_583' title='bbox 2160 3704 2246 3753; x_wconf 88' lang='lat' dir='ltr'><strong>est</strong></span> <span class='ocrx_word' id='word_1_584' title='bbox 2276 3704 2519 3766; x_wconf 91' lang='lat' dir='ltr'><strong>utraque</strong></span> <span class='ocrx_word' id='word_1_585' title='bbox 2563 3696 2788 3751; x_wconf 90' lang='lat' dir='ltr'><strong>decenti</strong></span> <span class='ocrx_word' id='word_1_586' title='bbox 2821 3709 2993 3765; x_wconf 91' lang='lat' dir='ltr'><strong>more,</strong></span> <span class='ocrx_word' id='word_1_587' title='bbox 3021 3695 3089 3749; x_wconf 91' lang='lat' dir='ltr'><strong>ad</strong></span> <span class='ocrx_word' id='word_1_588' title='bbox 3135 3693 3605 3764; x_wconf 88' lang='lat' dir='ltr'><strong>approbationem</strong></span> 
     </span>
    </p>
   </div>
   <div class='ocr_carea' id='block_1_82' title="bbox 1956 3781 3611 3856">
    <p class='ocr_par' dir='ltr' id='par_1_82' title="bbox 1956 3781 3611 3856">
     <span class='ocr_line' id='line_1_82' title="bbox 1956 3781 3611 3856; baseline -0.003 -15"><span class='ocrx_word' id='word_1_589' title='bbox 1956 3784 2216 3856; x_wconf 71' lang='lat' dir='ltr'><strong>perfecta:</strong></span> <span class='ocrx_word' id='word_1_590' title='bbox 2245 3800 2311 3842; x_wconf 89' lang='lat' dir='ltr'><strong>ac</strong></span> <span class='ocrx_word' id='word_1_591' title='bbox 2340 3799 2485 3840; x_wconf 70' lang='lat' dir='ltr'><strong>vera:</strong></span> <span class='ocrx_word' id='word_1_592' title='bbox 2517 3784 2783 3854; x_wconf 88' lang='lat' dir='ltr'><strong>nihilque</strong></span> <span class='ocrx_word' id='word_1_593' title='bbox 2812 3783 3079 3839; x_wconf 90' lang='lat' dir='ltr'><strong>habentis</strong></span> <span class='ocrx_word' id='word_1_594' title='bbox 3110 3782 3413 3853; x_wconf 88' lang='lat' dir='ltr'><strong>pravitatis</strong></span> <span class='ocrx_word' id='word_1_595' title='bbox 3443 3781 3611 3836; x_wconf 91' lang='lat' dir='ltr'><strong>inhu-</strong></span> 
     </span>
    </p>
   </div>
   <div class='ocr_carea' id='block_1_83' title="bbox 1953 3869 3604 3943">
    <p class='ocr_par' dir='ltr' id='par_1_83' title="bbox 1953 3869 3604 3943">
     <span class='ocr_line' id='line_1_83' title="bbox 1953 3869 3604 3943; baseline -0.004 -13"><span class='ocrx_word' id='word_1_596' title='bbox 1953 3876 2302 3931; x_wconf 90' lang='lat' dir='ltr'><strong>manationis</strong></span> <span class='ocrx_word' id='word_1_597' title='bbox 2331 3888 2466 3931; x_wconf 63' lang='lat' dir='ltr'><strong>suae.</strong></span> <span class='ocrx_word' id='word_1_598' title='bbox 2501 3876 2699 3943; x_wconf 84' lang='lat' dir='ltr'><strong>Itaque</strong></span> <span class='ocrx_word' id='word_1_599' title='bbox 2747 3874 2885 3928; x_wconf 90' lang='lat' dir='ltr'><strong>Bero</strong></span> <span class='ocrx_word' id='word_1_600' title='bbox 2907 3872 3138 3943; x_wconf 88' lang='lat' dir='ltr'><strong>quidem</strong></span> <span class='ocrx_word' id='word_1_601' title='bbox 3169 3872 3255 3927; x_wconf 91' lang='lat' dir='ltr'><strong>sic</strong></span> <span class='ocrx_word' id='word_1_602' title='bbox 3281 3884 3340 3926; x_wconf 89' lang='lat' dir='ltr'><strong>se</strong></span> <span class='ocrx_word' id='word_1_603' title='bbox 3371 3869 3604 3939; x_wconf 92' lang='lat' dir='ltr'><strong>habens,</strong></span> 
     </span>
    </p>
   </div>
   <div class='ocr_carea' id='block_1_84' title="bbox 1954 3958 3604 4033">
    <p class='ocr_par' dir='ltr' id='par_1_84' title="bbox 1954 3958 3604 4033">
     <span class='ocr_line' id='line_1_84' title="bbox 1954 3958 3604 4033; baseline -0.002 -15"><span class='ocrx_word' id='word_1_604' title='bbox 1954 3968 2018 4018; x_wconf 91' lang='lat' dir='ltr'><strong>ut</strong></span> <span class='ocrx_word' id='word_1_605' title='bbox 2056 3964 2205 4030; x_wconf 86' lang='lat' dir='ltr'><strong>dixi,</strong></span> <span class='ocrx_word' id='word_1_606' title='bbox 2232 3962 2585 4033; x_wconf 88' lang='lat' dir='ltr'><strong>operationis</strong></span> <span class='ocrx_word' id='word_1_607' title='bbox 2627 3961 2863 4016; x_wconf 91' lang='lat' dir='ltr'><strong>monade</strong></span> <span class='ocrx_word' id='word_1_608' title='bbox 2890 3961 3159 4016; x_wconf 87' lang='lat' dir='ltr'><strong>deitatem</strong></span> <span class='ocrx_word' id='word_1_609' title='bbox 3179 3959 3397 4014; x_wconf 89' lang='lat' dir='ltr'><strong>Christi</strong></span> <span class='ocrx_word' id='word_1_610' title='bbox 3422 3962 3479 4014; x_wconf 90' lang='lat' dir='ltr'><strong>et</strong></span> <span class='ocrx_word' id='word_1_611' title='bbox 3502 3958 3604 4014; x_wconf 89' lang='lat' dir='ltr'><strong>hu-</strong></span> 
     </span>
    </p>
   </div>
   <div class='ocr_carea' id='block_1_85' title="bbox 1955 4046 3609 4116">
    <p class='ocr_par' dir='ltr' id='par_1_85' title="bbox 1955 4046 3609 4116">
     <span class='ocr_line' id='line_1_85' title="bbox 1955 4046 3609 4116; baseline -0.002 -11"><span class='ocrx_word' id='word_1_612' title='bbox 1955 4051 2282 4105; x_wconf 89' lang='lat' dir='ltr'><strong>manitatem</strong></span> <span class='ocrx_word' id='word_1_613' title='bbox 2341 4050 2684 4105; x_wconf 88' lang='lat' dir='ltr'><strong>naturaliter</strong></span> <span class='ocrx_word' id='word_1_614' title='bbox 2729 4048 2904 4103; x_wconf 89' lang='lat' dir='ltr'><strong>simul</strong></span> <span class='ocrx_word' id='word_1_615' title='bbox 2954 4046 3331 4115; x_wconf 84' lang='lat' dir='ltr'><strong>confundens,</strong></span> <span class='ocrx_word' id='word_1_616' title='bbox 3364 4052 3421 4102; x_wconf 92' lang='lat' dir='ltr'><strong>et</strong></span> <span class='ocrx_word' id='word_1_617' title='bbox 3468 4059 3609 4116; x_wconf 85' lang='lat' dir='ltr'><strong>par—-</strong></span> 
     </span>
    </p>
   </div>
   <div class='ocr_carea' id='block_1_86' title="bbox 1952 4136 3602 4209">
    <p class='ocr_par' dir='ltr' id='par_1_86' title="bbox 1952 4136 3602 4209">
     <span class='ocr_line' id='line_1_86' title="bbox 1952 4136 3602 4209; baseline -0.004 -14"><span class='ocrx_word' id='word_1_618' title='bbox 1952 4139 2104 4195; x_wconf 88' lang='lat' dir='ltr'><strong>tiens</strong></span> <span class='ocrx_word' id='word_1_619' title='bbox 2146 4139 2541 4209; x_wconf 87' lang='lat' dir='ltr'><strong>personaliter,</strong></span> <span class='ocrx_word' id='word_1_620' title='bbox 2586 4137 2854 4193; x_wconf 91' lang='lat' dir='ltr'><strong>dissolvit</strong></span> <span class='ocrx_word' id='word_1_621' title='bbox 2878 4137 3075 4207; x_wconf 88' lang='lat' dir='ltr'><strong>vitam,</strong></span> <span class='ocrx_word' id='word_1_622' title='bbox 3111 4137 3382 4207; x_wconf 87' lang='lat' dir='ltr'><strong>ignorans</strong></span> <span class='ocrx_word' id='word_1_623' title='bbox 3417 4136 3602 4192; x_wconf 87' lang='lat' dir='ltr'><strong>solius</strong></span> 
     </span>
    </p>
   </div>
   <div class='ocr_carea' id='block_1_87' title="bbox 1954 4224 3608 4297">
    <p class='ocr_par' dir='ltr' id='par_1_87' title="bbox 1954 4224 3608 4297">
     <span class='ocr_line' id='line_1_87' title="bbox 1954 4224 3608 4297; baseline -0.004 -11"><span class='ocrx_word' id='word_1_624' title='bbox 1954 4228 2418 4286; x_wconf 88' lang='lat' dir='ltr'><strong>connaturalium</strong></span> <span class='ocrx_word' id='word_1_625' title='bbox 2451 4240 2820 4297; x_wconf 89' lang='lat' dir='ltr'><strong>personarum</strong></span> <span class='ocrx_word' id='word_1_626' title='bbox 2854 4226 3252 4282; x_wconf 90' lang='lat' dir='ltr'><strong>connaturalis</strong></span> <span class='ocrx_word' id='word_1_627' title='bbox 3282 4224 3608 4281; x_wconf 89' lang='lat' dir='ltr'><strong>identitatis</strong></span> 
     </span>
    </p>
   </div>
   <div class='ocr_carea' id='block_1_88' title="bbox 1956 4314 3458 4387">
    <p class='ocr_par' dir='ltr' id='par_1_88' title="bbox 1956 4314 3458 4387">
     <span class='ocr_line' id='line_1_88' title="bbox 1956 4314 3458 4387; baseline -0.005 -13"><span class='ocrx_word' id='word_1_628' title='bbox 1956 4319 2207 4374; x_wconf 89' lang='lat' dir='ltr'><strong>eamdem</strong></span> <span class='ocrx_word' id='word_1_629' title='bbox 2240 4318 2421 4387; x_wconf 87' lang='lat' dir='ltr'><strong>ipsam</strong></span> <span class='ocrx_word' id='word_1_630' title='bbox 2451 4315 2836 4387; x_wconf 83' lang='lat' dir='ltr'><strong>Operationem</strong></span> <span class='ocrx_word' id='word_1_631' title='bbox 2857 4328 2981 4371; x_wconf 89' lang='lat' dir='ltr'><strong>esse</strong></span> <span class='ocrx_word' id='word_1_632' title='bbox 2997 4314 3458 4386; x_wconf 80' lang='lat' dir='ltr'><strong>signiﬁcativam.</strong></span> 
     </span>
    </p>
   </div>
   <div class='ocr_carea' id='block_1_89' title="bbox 1173 4733 2631 4807">
    <p class='ocr_par' dir='ltr' id='par_1_89' title="bbox 1173 4733 2631 4807">
     <span class='ocr_line' id='line_1_89' title="bbox 1173 4733 2631 4807; baseline -0.003 -1"><span class='ocrx_word' id='word_1_633' title='bbox 1173 4737 1545 4807; x_wconf 85' lang='lat' dir='ltr'><strong>EJUSDEM</strong></span> <span class='ocrx_word' id='word_1_634' title='bbox 1620 4737 2057 4806; x_wconf 86' lang='lat' dir='ltr'><strong>ANASTASII</strong></span> <span class='ocrx_word' id='word_1_635' title='bbox 2135 4733 2631 4804; x_wconf 83' lang='lat' dir='ltr'><strong>SYLLOGISMI</strong></span> 
     </span>
    </p>
   </div>
   <div class='ocr_carea' id='block_1_90' title="bbox 766 4916 3026 5005">
    <p class='ocr_par' dir='ltr' id='par_1_90' title="bbox 766 4916 3026 5005">
     <span class='ocr_line' id='line_1_90' title="bbox 766 4916 3026 5005; baseline -0.002 -21"><span class='ocrx_word' id='word_1_636' title='bbox 766 4924 866 4984; x_wconf 82' lang='lat' dir='ltr'><strong>De</strong></span> <span class='ocrx_word' id='word_1_637' title='bbox 926 4923 1308 5005; x_wconf 72' lang='lat' dir='ltr'><strong>suppositis</strong></span> <span class='ocrx_word' id='word_1_638' title='bbox 1363 4922 1711 4985; x_wconf 70' lang='lat' dir='ltr'><strong>divinitus</strong></span> <span class='ocrx_word' id='word_1_639' title='bbox 1768 4921 2196 5004; x_wconf 72' lang='lat' dir='ltr'><strong>sapientibus</strong></span> <span class='ocrx_word' id='word_1_640' title='bbox 2252 4917 2660 4982; x_wconf 75' lang='lat' dir='ltr'><strong>testimoniis</strong></span> <span class='ocrx_word' id='word_1_641' title='bbox 2713 4918 2781 4979; x_wconf 78' lang='lat' dir='ltr'><strong>et</strong></span> <span class='ocrx_word' id='word_1_642' title='bbox 2835 4916 3026 4980; x_wconf 78' lang='lat' dir='ltr'><strong>aliis.</strong></span> 
     </span>
    </p>
   </div>
   <div class='ocr_carea' id='block_1_91' title="bbox 258 5085 3600 5163">
    <p class='ocr_par' dir='ltr' id='par_1_91' title="bbox 258 5085 3600 5163">
     <span class='ocr_line' id='line_1_91' title="bbox 258 5085 3600 5163; baseline 0 -19"><span class='ocrx_word' id='word_1_643' title='bbox 258 5090 401 5145; x_wconf 89' lang='lat' dir='ltr'><strong>Ecce</strong></span> <span class='ocrx_word' id='word_1_644' title='bbox 430 5102 583 5144; x_wconf 91' lang='lat' dir='ltr'><strong>nunc</strong></span> <span class='ocrx_word' id='word_1_645' title='bbox 611 5093 670 5145; x_wconf 91' lang='lat' dir='ltr'><strong>et</strong></span> <span class='ocrx_word' id='word_1_646' title='bbox 692 5090 1125 5146; x_wconf 88' lang='lat' dir='ltr'><strong>sacratissimus</strong></span> <span class='ocrx_word' id='word_1_647' title='bbox 1152 5090 1247 5145; x_wconf 91' lang='lat' dir='ltr'><strong>hic</strong></span> <span class='ocrx_word' id='word_1_648' title='bbox 1271 5096 1328 5146; x_wconf 92' lang='lat' dir='ltr'><strong>et</strong></span> <span class='ocrx_word' id='word_1_649' title='bbox 1354 5105 1594 5162; x_wconf 88' lang='lat' dir='ltr'><strong>magnus</strong></span> <span class='ocrx_word' id='word_1_650' title='bbox 1620 5092 1840 5163; x_wconf 92' lang='lat' dir='ltr'><strong>doctor,</strong></span> <span class='ocrx_word' id='word_1_651' title='bbox 1872 5095 1924 5155; x_wconf 90' lang='lat' dir='ltr'><strong>D</strong></span> <span class='ocrx_word' id='word_1_652' title='bbox 1955 5095 2039 5146; x_wconf 91' lang='lat' dir='ltr'><strong>tes</strong></span> <span class='ocrx_word' id='word_1_653' title='bbox 2066 5095 2122 5146; x_wconf 91' lang='lat' dir='ltr'><strong>et</strong></span> <span class='ocrx_word' id='word_1_654' title='bbox 2152 5088 2550 5146; x_wconf 87' lang='lat' dir='ltr'><strong>convenientes</strong></span> <span class='ocrx_word' id='word_1_655' title='bbox 2580 5085 2826 5157; x_wconf 91' lang='lat' dir='ltr'><strong>naturis,</strong></span> <span class='ocrx_word' id='word_1_656' title='bbox 2852 5086 3128 5159; x_wconf 91' lang='lat' dir='ltr'><strong>divinam,</strong></span> <span class='ocrx_word' id='word_1_657' title='bbox 3156 5092 3221 5144; x_wconf 88' lang='lat' dir='ltr'><strong>ut</strong></span> <span class='ocrx_word' id='word_1_658' title='bbox 3244 5089 3463 5145; x_wconf 90' lang='lat' dir='ltr'><strong>dictum</strong></span> <span class='ocrx_word' id='word_1_659' title='bbox 3494 5093 3600 5159; x_wconf 91' lang='lat' dir='ltr'><strong>est,</strong></span> 
     </span>
    </p>
   </div>
   <div class='ocr_carea' id='block_1_92' title="bbox 194 5178 1848 5249">
    <p class='ocr_par' dir='ltr' id='par_1_92' title="bbox 194 5178 1848 5249">
     <span class='ocr_line' id='line_1_92' title="bbox 194 5178 1848 5249; baseline 0.002 -18"><span class='ocrx_word' id='word_1_660' title='bbox 194 5178 567 5248; x_wconf 79' lang='lat' dir='ltr'><strong>veritatisque</strong></span> <span class='ocrx_word' id='word_1_661' title='bbox 606 5178 773 5233; x_wconf 90' lang='lat' dir='ltr'><strong>testis</strong></span> <span class='ocrx_word' id='word_1_662' title='bbox 798 5178 1006 5249; x_wconf 80' lang='lat' dir='ltr'><strong>ﬁdelis,</strong></span> <span class='ocrx_word' id='word_1_663' title='bbox 1028 5179 1389 5234; x_wconf 89' lang='lat' dir='ltr'><strong>concorditer</strong></span> <span class='ocrx_word' id='word_1_664' title='bbox 1412 5193 1542 5234; x_wconf 85' lang='lat' dir='ltr'><strong>eum</strong></span> <span class='ocrx_word' id='word_1_665' title='bbox 1566 5180 1703 5235; x_wconf 91' lang='lat' dir='ltr'><strong>aliis</strong></span> <span class='ocrx_word' id='word_1_666' title='bbox 1733 5194 1848 5235; x_wconf 80' lang='lat' dir='ltr'><strong>om~</strong></span> 
     </span>
    </p>
   </div>
   <div class='ocr_carea' id='block_1_93' title="bbox 197 5263 1838 5336">
    <p class='ocr_par' dir='ltr' id='par_1_93' title="bbox 197 5263 1838 5336">
     <span class='ocr_line' id='line_1_93' title="bbox 197 5263 1838 5336; baseline 0.002 -17"><span class='ocrx_word' id='word_1_667' title='bbox 197 5263 366 5321; x_wconf 89' lang='lat' dir='ltr'><strong>nibus</strong></span> <span class='ocrx_word' id='word_1_668' title='bbox 402 5266 620 5321; x_wconf 89' lang='lat' dir='ltr'><strong>sanctis</strong></span> <span class='ocrx_word' id='word_1_669' title='bbox 649 5266 948 5321; x_wconf 63' lang='lat' dir='ltr'><strong>catholica</strong></span> <span class='ocrx_word' id='word_1_670' title='bbox 971 5268 1070 5321; x_wconf 92' lang='lat' dir='ltr'><strong>Dei</strong></span> <span class='ocrx_word' id='word_1_671' title='bbox 1094 5280 1161 5321; x_wconf 86' lang='lat' dir='ltr'><strong>ac</strong></span> <span class='ocrx_word' id='word_1_672' title='bbox 1190 5268 1517 5336; x_wconf 66' lang='lat' dir='ltr'><strong>apostolicae</strong></span> <span class='ocrx_word' id='word_1_673' title='bbox 1548 5268 1838 5323; x_wconf 74' lang='lat' dir='ltr'><strong>instituto-</strong></span> 
     </span>
    </p>
   </div>
   <div class='ocr_carea' id='block_1_94' title="bbox 198 5351 1846 5424">
    <p class='ocr_par' dir='ltr' id='par_1_94' title="bbox 198 5351 1846 5424">
     <span class='ocr_line' id='line_1_94' title="bbox 198 5351 1846 5424; baseline 0.004 -20"><span class='ocrx_word' id='word_1_674' title='bbox 198 5351 357 5409; x_wconf 88' lang='lat' dir='ltr'><strong>ribus</strong></span> <span class='ocrx_word' id='word_1_675' title='bbox 380 5353 672 5424; x_wconf 71' lang='lat' dir='ltr'><strong>Ecclesiae,</strong></span> <span class='ocrx_word' id='word_1_676' title='bbox 705 5353 853 5409; x_wconf 88' lang='lat' dir='ltr'><strong>duas</strong></span> <span class='ocrx_word' id='word_1_677' title='bbox 882 5356 1195 5410; x_wconf 90' lang='lat' dir='ltr'><strong>secundum</strong></span> <span class='ocrx_word' id='word_1_678' title='bbox 1230 5355 1551 5410; x_wconf 89' lang='lat' dir='ltr'><strong>unitionem</strong></span> <span class='ocrx_word' id='word_1_679' title='bbox 1587 5355 1846 5411; x_wconf 85' lang='lat' dir='ltr'><strong>inconfu-</strong></span> 
     </span>
    </p>
   </div>
   <div class='ocr_carea' id='block_1_95' title="bbox 199 5442 1843 5514">
    <p class='ocr_par' dir='ltr' id='par_1_95' title="bbox 199 5442 1843 5514">
     <span class='ocr_line' id='line_1_95' title="bbox 199 5442 1843 5514; baseline 0.002 -19"><span class='ocrx_word' id='word_1_680' title='bbox 199 5452 314 5494; x_wconf 85' lang='lat' dir='ltr'><strong>sam</strong></span> <span class='ocrx_word' id='word_1_681' title='bbox 359 5447 413 5496; x_wconf 87' lang='lat' dir='ltr'><strong>st</strong></span> <span class='ocrx_word' id='word_1_682' title='bbox 468 5442 881 5511; x_wconf 88' lang='lat' dir='ltr'><strong>impartibilem</strong></span> <span class='ocrx_word' id='word_1_683' title='bbox 937 5443 1411 5513; x_wconf 89' lang='lat' dir='ltr'><strong>quemadmodum</strong></span> <span class='ocrx_word' id='word_1_684' title='bbox 1459 5450 1713 5514; x_wconf 89' lang='lat' dir='ltr'><strong>naturas,</strong></span> <span class='ocrx_word' id='word_1_685' title='bbox 1762 5444 1843 5500; x_wconf 90' lang='lat' dir='ltr'><strong>ita</strong></span> 
     </span>
    </p>
   </div>
   <div class='ocr_carea' id='block_1_96' title="bbox 200 5527 1844 5604">
    <p class='ocr_par' dir='ltr' id='par_1_96' title="bbox 200 5527 1844 5604">
     <span class='ocr_line' id='line_1_96' title="bbox 200 5527 1844 5604; baseline 0.005 -24"><span class='ocrx_word' id='word_1_686' title='bbox 200 5527 366 5584; x_wconf 89' lang='lat' dir='ltr'><strong>etiam</strong></span> <span class='ocrx_word' id='word_1_687' title='bbox 387 5530 535 5587; x_wconf 88' lang='lat' dir='ltr'><strong>duas</strong></span> <span class='ocrx_word' id='word_1_688' title='bbox 549 5528 873 5586; x_wconf 90' lang='lat' dir='ltr'><strong>voluntates</strong></span> <span class='ocrx_word' id='word_1_689' title='bbox 899 5536 957 5585; x_wconf 91' lang='lat' dir='ltr'><strong>et</strong></span> <span class='ocrx_word' id='word_1_690' title='bbox 977 5531 1122 5587; x_wconf 88' lang='lat' dir='ltr'><strong>duas</strong></span> <span class='ocrx_word' id='word_1_691' title='bbox 1146 5530 1506 5600; x_wconf 89' lang='lat' dir='ltr'><strong>operationes</strong></span> <span class='ocrx_word' id='word_1_692' title='bbox 1531 5544 1844 5604; x_wconf 85' lang='lat' dir='ltr'><strong>congruen-</strong></span> 
     </span>
    </p>
   </div>
   <div class='ocr_carea' id='block_1_97' title="bbox 1953 5177 3603 5249">
    <p class='ocr_par' dir='ltr' id='par_1_97' title="bbox 1953 5177 3603 5249">
     <span class='ocr_line' id='line_1_97' title="bbox 1953 5177 3603 5249; baseline -0.001 -14"><span class='ocrx_word' id='word_1_693' title='bbox 1953 5186 2009 5235; x_wconf 89' lang='lat' dir='ltr'><strong>et</strong></span> <span class='ocrx_word' id='word_1_694' title='bbox 2037 5180 2361 5247; x_wconf 87' lang='lat' dir='ltr'><strong>humanam,</strong></span> <span class='ocrx_word' id='word_1_695' title='bbox 2392 5177 2699 5233; x_wconf 88' lang='lat' dir='ltr'><strong>increatam</strong></span> <span class='ocrx_word' id='word_1_696' title='bbox 2731 5182 2788 5231; x_wconf 92' lang='lat' dir='ltr'><strong>et</strong></span> <span class='ocrx_word' id='word_1_697' title='bbox 2826 5182 3092 5247; x_wconf 89' lang='lat' dir='ltr'><strong>creatam,</strong></span> <span class='ocrx_word' id='word_1_698' title='bbox 3138 5190 3251 5233; x_wconf 93' lang='lat' dir='ltr'><strong>non</strong></span> <span class='ocrx_word' id='word_1_699' title='bbox 3300 5178 3603 5249; x_wconf 76' lang='lat' dir='ltr'><strong>incmptam</strong></span> 
     </span>
    </p>
   </div>
   <div class='ocr_carea' id='block_1_98' title="bbox 1954 5265 3604 5337">
    <p class='ocr_par' dir='ltr' id='par_1_98' title="bbox 1954 5265 3604 5337">
     <span class='ocr_line' id='line_1_98' title="bbox 1954 5265 3604 5337; baseline -0.001 -13"><span class='ocrx_word' id='word_1_700' title='bbox 1954 5275 2009 5324; x_wconf 88' lang='lat' dir='ltr'><strong>et</strong></span> <span class='ocrx_word' id='word_1_701' title='bbox 2048 5274 2309 5337; x_wconf 77' lang='lat' dir='ltr'><strong>emptam,</strong></span> <span class='ocrx_word' id='word_1_702' title='bbox 2358 5273 2630 5337; x_wconf 88' lang='lat' dir='ltr'><strong>tanquam</strong></span> <span class='ocrx_word' id='word_1_703' title='bbox 2671 5265 2770 5321; x_wconf 91' lang='lat' dir='ltr'><strong>Dei</strong></span> <span class='ocrx_word' id='word_1_704' title='bbox 2814 5265 2987 5323; x_wconf 85' lang='lat' dir='ltr'><strong>simul</strong></span> <span class='ocrx_word' id='word_1_705' title='bbox 3044 5270 3101 5322; x_wconf 90' lang='lat' dir='ltr'><strong>et</strong></span> <span class='ocrx_word' id='word_1_706' title='bbox 3130 5266 3384 5322; x_wconf 84' lang='lat' dir='ltr'><strong>hominis</strong></span> <span class='ocrx_word' id='word_1_707' title='bbox 3426 5268 3604 5323; x_wconf 89' lang='lat' dir='ltr'><strong>unius</strong></span> 
     </span>
    </p>
   </div>
   <div class='ocr_carea' id='block_1_99' title="bbox 1953 5355 3602 5426">
    <p class='ocr_par' dir='ltr' id='par_1_99' title="bbox 1953 5355 3602 5426">
     <span class='ocr_line' id='line_1_99' title="bbox 1953 5355 3602 5426; baseline -0.002 -14"><span class='ocrx_word' id='word_1_708' title='bbox 1953 5357 2204 5425; x_wconf 88' lang='lat' dir='ltr'><strong>ejusdem</strong></span> <span class='ocrx_word' id='word_1_709' title='bbox 2251 5356 2477 5411; x_wconf 91' lang='lat' dir='ltr'><strong>Domini</strong></span> <span class='ocrx_word' id='word_1_710' title='bbox 2530 5355 2710 5411; x_wconf 91' lang='lat' dir='ltr'><strong>nostri</strong></span> <span class='ocrx_word' id='word_1_711' title='bbox 2759 5355 2892 5412; x_wconf 84' lang='lat' dir='ltr'><strong>Jesu</strong></span> <span class='ocrx_word' id='word_1_712' title='bbox 2932 5355 3171 5423; x_wconf 85' lang='lat' dir='ltr'><strong>Christi,</strong></span> <span class='ocrx_word' id='word_1_713' title='bbox 3224 5368 3422 5426; x_wconf 85' lang='lat' dir='ltr'><strong>magna</strong></span> <span class='ocrx_word' id='word_1_714' title='bbox 3469 5368 3602 5411; x_wconf 87' lang='lat' dir='ltr'><strong>voce</strong></span> 
     </span>
    </p>
   </div>
   <div class='ocr_carea' id='block_1_100' title="bbox 1952 5443 3602 5515">
    <p class='ocr_par' dir='ltr' id='par_1_100' title="bbox 1952 5443 3602 5515">
     <span class='ocr_line' id='line_1_100' title="bbox 1952 5443 3602 5515; baseline -0.003 -15"><span class='ocrx_word' id='word_1_715' title='bbox 1952 5446 2257 5501; x_wconf 79' lang='lat' dir='ltr'><strong>confitetur</strong></span> <span class='ocrx_word' id='word_1_716' title='bbox 2275 5459 2341 5499; x_wconf 90' lang='lat' dir='ltr'><strong>ac</strong></span> <span class='ocrx_word' id='word_1_717' title='bbox 2374 5444 2662 5515; x_wconf 66' lang='lat' dir='ltr'><strong>praedicat,</strong></span> <span class='ocrx_word' id='word_1_718' title='bbox 2686 5451 2742 5500; x_wconf 89' lang='lat' dir='ltr'><strong>et</strong></span> <span class='ocrx_word' id='word_1_719' title='bbox 2769 5446 3029 5501; x_wconf 81' lang='lat' dir='ltr'><strong>conﬁteri</strong></span> <span class='ocrx_word' id='word_1_720' title='bbox 3060 5443 3227 5500; x_wconf 88' lang='lat' dir='ltr'><strong>nobis</strong></span> <span class='ocrx_word' id='word_1_721' title='bbox 3251 5444 3602 5511; x_wconf 71' lang='lat' dir='ltr'><strong>sine.pra:va—</strong></span> 
     </span>
    </p>
   </div>
   <div class='ocr_carea' id='block_1_101' title="bbox 1955 5527 3603 5602">
    <p class='ocr_par' dir='ltr' id='par_1_101' title="bbox 1955 5527 3603 5602">
     <span class='ocr_line' id='line_1_101' title="bbox 1955 5527 3603 5602; baseline -0.004 -14"><span class='ocrx_word' id='word_1_722' title='bbox 1955 5532 2234 5589; x_wconf 89' lang='lat' dir='ltr'><strong>ricatione</strong></span> <span class='ocrx_word' id='word_1_723' title='bbox 2266 5532 2449 5602; x_wconf 87' lang='lat' dir='ltr'><strong>jubet.</strong></span> <span class='ocrx_word' id='word_1_724' title='bbox 2479 5531 2898 5590; x_wconf 80' lang='lat' dir='ltr'><strong>Diﬁicillimum</strong></span> <span class='ocrx_word' id='word_1_725' title='bbox 2927 5536 3117 5588; x_wconf 87' lang='lat' dir='ltr'><strong>autem</strong></span> <span class='ocrx_word' id='word_1_726' title='bbox 3141 5543 3285 5600; x_wconf 89' lang='lat' dir='ltr'><strong>esse,</strong></span> <span class='ocrx_word' id='word_1_727' title='bbox 3324 5543 3390 5585; x_wconf 89' lang='lat' dir='ltr'><strong>ac</strong></span> <span class='ocrx_word' id='word_1_728' title='bbox 3416 5527 3603 5584; x_wconf 89' lang='lat' dir='ltr'><strong>modis</strong></span> 
     </span>
    </p>
   </div>
  </div>
