4034 6158
385 272 494 332 6'75

1640 264 1998 320 ANASTASII
2043 265 2582 324 BIBLIOTHECARII

3693 255 3805 320 676

385 389 655 448 omnibus
677 384 1034 455 impossibile
1059 381 1291 452 difﬂuit,
1323 388 1389 438 ut
1419 395 1586 438 unam
1617 382 2033 438 voluntatemet
2060 378 2122 441 A
2143 388 2380 448 naturae,
2407 397 2536 440 cum
2560 388 2844 454 quthuot
2871 386 2959 439 est
2988 387 3212 454 natura,
3248 382 3305 438 id
3332 387 3420 438 est
3446 379 3810 450 inprincipa.

387 476 790 548 Operationem,
837 476 938 528 aut
967 475 1224 526 naturam
1259 482 1426 526 unam
1479 469 1716 525 deitatis
1743 473 1800 527 et
1823 467 2034 524 huma-

388 563 590 620 nitatis
623 562 750 630 ejus
796 559 1178 616 conﬁteantur
1217 557 1276 612 hi
1323 557 1422 627 qui
1453 555 1546 626 pie
1585 556 1774 611 vivere
1809 554 2028 610 volunt.

385 653 620 720 Propter
649 648 796 718 quod
837 651 893 702 et
921 646 1033 701 tale
1059 645 1198 716 quid
1229 645 1288 699 in
1319 657 1384 700 eo
1415 642 1880 716 degmatizantes,
1915 645 2032 698 tan-

387 751 557 810 quam
583 736 791 806 impios
814 741 870 790 et
885 733 1106 790 alienos
1128 731 1508 788 immaculata:
1533 735 1740 788 nostris
1758 729 2038 786 Christia-

386 839 590 882 norum
631 823 784 890 fidei,
815 821 1019 891 abjicit
1056 826 1113 878 et
1152 821 1510 890 condemnat,
1544 832 1762 890 nosque
1791 818 1898 874 hoc
1936 815 2034 872 fa-

383 927 511 970 cere
531 915 895 982 protestatur.

455 1004 536 1058 De
562 999 788 1058 duabus
831 998 983 1055 enim
1014 997 1317 1054 salvatoris
1343 997 1529 1054 nostri
1562 995 1778 1052 Christi
1805 993 2034 1050 naturis

385 1097 444 1148 et
471 1087 924 1160 operationibus,
971 1091 1038 1142 ut
1072 1086 1322 1141 breviter
1361 1097 1540 1155 pauca
1569 1097 1637 1139 ex
1661 1081 1844 1138 sacris
1869 1081 2035 1136 illius

385 1177 638 1250 eloquiis
683 1175 1000 1246 expediam,
1045 1175 1163 1230 haec
1191 1173 1482 1229 evidenter
1521 1170 1764 1227 affatur:
1801 1190 1828 1222 α
1859 1169 2035 1225 Utra—

388 1281 500 1340 que
513 1265 820 1323 ostendens
835 1277 1007 1334 super
1027 1261 1496 1333 qumdupliciter,
1519 1260 1714 1316 divine
1735 1259 1960 1315 scilicet
1977 1261 2036 1314 et

388 1355 636 1411 humane
655 1357 923 1423 operatus
943 1355 1030 1407 est
1074 1350 1388 1406 secundum
1414 1349 1685 1412 eamdem,
1716 1360 1841 1418 quae
1865 1349 2036 1402 vera-

388 1443 533 1500 citer
561 1455 692 1498 vera
721 1447 807 1496 est
830 1444 887 1495 et
912 1438 1196 1494 naturalis
1225 1435 1569 1504 substantia,
1596 1437 1774 1493 Deum
1801 1435 2037 1491 immen-

390 1525 518 1589 sum
543 1529 717 1588 simul
764 1535 822 1584 et
849 1527 1346 1596 circumscriptum
1382 1526 1669 1581 hominem
1697 1525 2033 1580 existentem

391 1627 450 1678 et
479 1619 852 1676 intellectum.
893 1615 1274 1672 substantiam
1297 1614 1603 1685 utriusque
1629 1611 1872 1683 perfecte
1901 1625 2039 1682 per-

2141 471 2322 544 litate,
2365 470 2696 542 infactione,
2731 471 3035 542 inﬁnitate,
3063 470 3539 541 sempiternitate,
3575 467 3810 523 incom—

2141 560 2659 630 prehensibilitate,
2717 563 2774 615 et
2825 574 3180 631 quaecunque
3230 560 3435 615 horum
3481 555 3809 613 secundum

2143 648 2594 719 magnitudinem
2614 647 2933 720 theologica
2949 647 3306 718 amplissime
3331 647 3392 702 in
3407 645 3624 702 deitate
3654 641 3810 698 ratio

2139 735 2588 806 contemplatur:
2618 741 2674 792 et
2693 737 3158 792 vicissitudinem
3182 741 3426 806 utraque
3449 745 3617 804 passa
3635 736 3802 794 sunt,

2141 829 2345 880 neutro
2391 830 2628 894 naturae,
2677 839 2795 880 suae
2834 823 3272 881 substantialem
3313 823 3596 878 rationem
3649 821 3812 877 ultra

2140 910 2466 969 salvandam
2489 912 2749 968 habente.
2785 931 2811 962 »
2845 914 2915 968 Et
2945 927 3188 968 rursus:
3216 931 3242 964 α
3275 910 3386 980 Qui
3419 911 3575 966 enim
3602 922 3811 965 eorum

2141 1015 2267 1072 qua:
2291 1001 2533 1057 alterius
2563 1005 2698 1056 sunt
2723 1005 2961 1070 naturae,
2985 1001 3239 1056 eamdem
3274 999 3456 1070 ipsam
3474 998 3656 1055 sentit
3679 1011 3814 1066 ope-

2142 1089 2440 1158 rationem,
2485 1087 2880 1145 confusionem
2913 1088 3128 1158 pariter
3168 1087 3506 1155 naturalem,
3554 1091 3613 1142 et
3639 1085 3813 1140 divi-

2143 1175 2362 1231 sionem
2381 1187 2576 1230 eorum
2602 1174 2827 1230 inducit
2851 1173 3224 1244 personalem,
3245 1173 3541 1244 incognita
3560 1185 3810 1240 prorsus

2144 1263 2483 1319 idiomatum
2523 1263 2898 1319 translatione
2929 1261 3184 1318 naturali
3215 1274 3413 1318 eorum
3445 1258 3597 1316 facta
3614 1273 3814 1316 essen-

2143 1351 2246 1408 tia.
2274 1368 2300 1402 »
2333 1353 2502 1407 Item:
2535 1372 2562 1403 «
2594 1351 2654 1406 Si
2686 1364 2816 1406 vero
2839 1352 3094 1431 ejusdem
3119 1350 3234 1406 sibi
3269 1363 3382 1406 non
3413 1348 3530 1406 fuit
3557 1353 3810 1418 naturae,

2145 1453 2330 1510 neque
2365 1439 2620 1509 ejusdem
2663 1439 2779 1495 sibi
2817 1439 2913 1495 fiet
2954 1439 3240 1495 naturalis
3269 1437 3639 1508 operationis.
3675 1455 3703 1486 ι
3736 1438 3813 1492 Et

2146 1528 2388 1584 iterum:
2425 1547 2452 1580 ‹‹
2497 1530 2557 1584 In
2603 1527 2864 1583 eumdem
2907 1533 3096 1584 autem
3133 1540 3384 1584 errorem
3436 1525 3588 1581 illati
3641 1530 3806 1596 sunt,

2146 1615 2291 1671 male
2310 1615 2603 1671 credentes
2633 1615 2922 1686 prepriam
2949 1614 3152 1672 factam
3170 1615 3362 1671 carnis
3393 1614 3650 1670 divinam
3676 1626 3816 1682 ope-

391 1709 594 1766 fectam
626 1707 924 1763 habentem
970 1719 1099 1761 cum
1144 1703 1473 1774 Operatione
1501 1715 1624 1774 sua,
1653 1703 1711 1758 id
1747 1707 1836 1757 est
1858 1706 2036 1758 natu—
2066 1699 2118 1760 Β
2148 1703 2446 1772 rationem,
2471 1717 2597 1774 qua:
2628 1703 2686 1758 in
2719 1703 3018 1760 miraculis
3040 1717 3136 1773 per
3161 1703 3344 1772 ipsam
3365 1700 3654 1772 apparuit,
3687 1712 3813 1771 qua

392 1798 500 1855 rali
533 1797 898 1868 proprietate.
929 1811 956 1843 ι)
988 1795 1058 1848 Ει
1086 1807 1327 1848 rursus:
1363 1811 1390 1844 α
1417 1793 1534 1847 Non
1579 1789 1732 1846 enim
1763 1787 1910 1844 facta
1951 1793 2040 1845 est

394 1892 599 1945 natura
619 1884 805 1940 deitas
836 1886 1212 1938 transmutata
1239 1885 1445 1936 natura
1473 1893 1626 1949 caro,
1660 1877 1807 1934 facta
1832 1883 2038 1933 natura

393 1973 722 2033 divinitatis
737 1985 896 2027 caro:
914 1970 1008 2026 sed
1028 1968 1176 2039 quod
1195 1972 1318 2024 erat
1336 1968 1508 2023 etiam
1523 1966 1762 2022 deitatis
1779 1971 2038 2035 coaptata

395 2064 608 2120 mansit
645 2074 796 2130 caro,
832 2059 1056 2115 inﬁrma
1089 2063 1146 2112 et
1177 2055 1478 2128 passibilis
1514 2060 1718 2111 natura
1746 2061 1804 2111 et
1830 2067 2040 2124 opera—

394 2153 572 2222 tione,
637 2150 801 2226 sicut
833 2132 918 2202 ait
957 2145 1246 2202 Salvator:
1304 2144 1546 2214 Spiritus
1585 2143 1804 2213 quidem
1842 2157 2042 2212 prom—

386 2247 541 2314 ptus,
575 2255 700 2293 caro
730 2242 911 2292 autem
950 2237 1168 2306 inﬁrma
1205 2231 1423 2302 (Matth.
1460 2246 1624 2303 xxvx,
1663 2229 1738 2304 4).
1770 2250 1796 2282 »
1828 2233 1898 2287 Et
1942 2231 2043 2288 ite-

394 2345 558 2388 rum:
597 2350 622 2380 «
667 2328 770 2382 Per
817 2338 986 2396 quam
1030 2328 1298 2394 operatus
1342 2327 1400 2378 et
1441 2322 1666 2392 patiens
1713 2334 1839 2390 qua:
1878 2326 2044 2376 erant

393 2419 586 2475 carnis
613 2416 739 2471 sine
766 2418 1010 2483 peccato,
1044 2425 1146 2482 pro
1185 2409 1354 2466 nobis
1385 2408 1662 2464 indicavit
1699 2407 2044 2464 exinanitio-

394 2520 520 2564 nem
546 2503 801 2568 deitatis,
821 2499 1122 2556 miraculis
1141 2498 1399 2554 etcarnis
1425 2495 1798 2567 passionibus
1813 2501 2040 2552 natura.

393 2595 528 2650 liter
565 2591 904 2646 roboratam.
941 2606 968 2637 »
1013 2589 1082 2641 Et
1110 2587 1318 2642 iterum
1349 2605 1360 2641 :
1398 2606 1424 2638 α
1457 2587 1790 2657 Mysterium
1829 2585 2041 2641 divina:

395 2676 814 2738 incarnationis
832 2675 1109 2745 apostolis
1124 2679 1181 2728 et
1202 2674 1496 2744 prophetis
1511 2680 1684 2744 atque
1703 2673 2043 2731 doctoribus

391 2769 626 2840 duplam
647 2770 702 2822 et
716 2765 1002 2821 diversam
1022 2763 1229 2818 habere
1250 2763 1618 2834 dignoscitur
1637 2762 1955 2819 naturalem
1979 2763 2040 2818 in

391 2857 662 2915 omnibus
694 2853 994 2922 theoriam,
1046 2851 1412 2906 indiminutae
1441 2851 1676 2908 deitatis
1704 2851 1956 2907 existens
1983 2856 2042 2907 et

392 2947 572 3018 plena:
613 2941 1122 3000 demonstrativum
1173 2939 1570 2996 humanitatis.
1623 2958 1650 2990 ι)
1682 2941 1753 2996 Et
1787 2940 2032 2995 iterum:

393 3055 421 3088 ‹‹
460 3033 684 3104 Quibus
707 3029 903 3086 divine
931 3028 1144 3098 pariler
1157 3033 1214 3084 et
1239 3027 1486 3084 humane
1514 3035 1782 3098 operatus
1811 3033 1898 3086 est
1921 3041 2043 3098 per-

391 3123 717 3192 fectionem,
732 3133 831 3190 per
846 3131 1068 3175 omnem
1091 3117 1397 3192 utriusque
1417 3119 1718 3185 rationem,
1742 3117 1857 3174 sibi
1881 3123 2045 3174 natu-

391 3212 592 3270 raliter
622 3191 1146 3266 ineommutabilem
1174 3191 1416 3262 salvans.
1447 3224 1474 3256 υ
1517 3207 1586 3263 Et
1617 3207 1860 3264 iterum:
1892 3227 1918 3258 α
1946 3206 2038 3264 Nil

391 3301 654 3359 divinum
713 3297 932 3354 nudum
979 3307 1216 3364 corpore
1261 3300 1549 3367 operatus,
1596 3295 1682 3350 nil
1723 3293 2036 3352 humanum

392 3390 539 3446 idem
571 3388 692 3458 ipse
731 3385 1015 3456 privatum
1043 3383 1328 3455 dignitate
1352 3396 1581 3454 gerens:
1617 3397 1848 3440 servans
1885 3383 2041 3440 sibi-
2077 3401 2084 3409 ·

392 3483 507 3534 met
526 3476 755 3532 modum
779 3473 1091 3529 secundum
1140 3479 1449 3542 utrumque
1482 3473 1912 3544 immotabilem,
1941 3487 2040 3542 per

392 3579 559 3638 quem
585 3571 854 3634 operatus
881 3567 968 3616 est
1001 3566 1242 3630 utraque
1264 3560 1486 3616 decenti
1528 3574 1702 3629 more,
1729 3562 1798 3617 ad
1824 3575 2041 3630 appro-

391 3653 678 3710 bationem
711 3655 970 3720 perjectaa
1008 3661 1074 3702 ac
1092 3661 1238 3702 vera:
1263 3648 1528 3718 nihilque
1551 3647 1816 3704 habentis
1842 3650 2040 3718 pravi—

390 3741 530 3798 tatis
558 3735 1054 3795 inhumanationis
1097 3749 1234 3790 sum.
1273 3753 1300 3784 n
1330 3737 1409 3790 De
1441 3736 1533 3790 his
1561 3749 1693 3792 vero
1732 3736 1832 3806 qui
1867 3750 2037 3792 unam

389 3827 626 3886 deitatis
645 3831 701 3880 et
722 3822 1100 3878 humantiatis
1128 3823 1254 3892 ejus
1277 3823 1664 3892 operationem
1691 3831 1749 3880 et
1775 3829 2037 3882 naturam

392 3928 563 3970 unam
603 3911 1008 3982 dogmatizant,
1055 3909 1240 3966 dicit:
1271 3931 1298 3964 α
1325 3913 1448 3968 Non
1477 3911 1630 3968 enim
1661 3912 2040 3970 circumscri-

392 4003 552 4059 bitur
590 3999 812 4055 factitia
852 4004 1056 4054 natura
1087 3999 1145 4056 id
1189 3999 1341 4070 quod
1376 4013 1474 4070 per
1517 4007 1779 4058 naturam
1821 4000 2034 4060 factum

391 4105 504 4148 non
535 4095 636 4156 est,
669 4089 805 4145 licet
829 4087 1125 4144 cooriatur
1147 4089 1200 4144 ei
1228 4103 1327 4160 per
1355 4091 1782 4160 conceptionem
1811 4105 2058 4149 omnem.

389 4177 954 4236 circumscribentem
975 4189 1240 4234 sensum:
1277 4191 1379 4234 nec
1401 4178 1574 4234 etiam
1606 4179 1665 4234 in
1689 4179 1884 4236 eodem
1912 4180 2038 4250 ipso

391 4267 504 4324 sibi
525 4271 728 4324 natura
755 4265 1022 4321 differtur
1041 4265 1353 4336 aliquando
1377 4270 1434 4322 et
1454 4267 1737 4322 naturalis
1759 4268 2035 4336 operatio,

2149 1795 2332 1847 totum
2359 1791 2626 1847 Christus
2651 1791 3049 1848 substantians
3071 1790 3385 1848 secundum
3409 1789 3560 1860 quod
3588 1787 3816 1844 intelli-

2148 1879 2307 1950 gitur
2333 1881 2533 1943 Deum,
2563 1881 2821 1937 continet
2849 1884 3151 1936 retentum.
3187 1897 3214 1929 ››
3246 1881 3316 1936 Et
3337 1879 3544 1935 iterum
3577 1895 3591 1932 :
3625 1897 3654 1929 α
3677 1877 3812 1933 Non

2147 1967 2300 2024 enim
2330 1975 2710 2040 cognoverant
2738 1968 3100 2039 impossibile
3137 1981 3260 2024 esse
3284 1967 3498 2024 divinae
3523 1965 3820 2035 operatio-

2150 2070 2274 2112 nem
2301 2063 2518 2113 naturze
2561 2058 2778 2114 idioma
2822 2057 2945 2113 fieri
2972 2057 3098 2113 sine
3121 2055 3626 2112 convertibilitate.
3665 2074 3692 2106 α
3733 2053 3814 2108 Et

2151 2145 2387 2201 iterum:
2407 2166 2434 2198 ς(
2447 2146 2696 2215 Quarum
2710 2147 2890 2203 donec
2901 2160 3079 2203 unum
3090 2145 3405 2202 secundum
3417 2143 3814 2200 substantiam

2149 2240 2526 2305 cognoscatur
2567 2234 2812 2291 Verbum
2860 2235 3038 2292 unius
3083 2233 3458 2304 operationis,
3505 2243 3811 2302 nunquam

2150 2321 2464 2393 aliquando
2479 2337 2546 2380 eo
2561 2325 2713 2396 quod
2734 2325 3038 2395 utriusque
3061 2324 3140 2379 sit
3153 2327 3526 2395 cognoscetur
3539 2327 3748 2376 motus.
3775 2337 3808 2371 ι

2150 2411 2220 2466 Et
2250 2411 2494 2468 iterum:
2550 2434 2576 2465 «
2609 2417 2804 2485 Itaque
2835 2415 2970 2470 Bero
2997 2413 3227 2484 quidem
3259 2411 3344 2468 sic
3374 2424 3434 2466 se
3473 2409 3709 2480 habens,
3738 2414 3813 2466 ut

2149 2499 2298 2570 dixi,
2329 2501 2683 2570 operationis
2706 2501 2983 2558 unalitate
3000 2501 3268 2557 deitatem
3297 2497 3589 2554 Christiet
3607 2497 3814 2552 huma-

2152 2587 2389 2644 nitatem
2433 2589 2607 2646 simul
2655 2589 3012 2646 confundens
3055 2588 3415 2659 naturaliter,
3449 2591 3505 2642 et
3545 2586 3812 2656 partiens

2151 2678 2549 2747 personaliter,
2572 2679 2842 2735 dissolvit
2860 2679 3058 2747 vitam,
3089 2679 3361 2750 ignorans
3385 2675 3570 2732 solius
3595 2687 3813 2731 conna-

2151 2766 2426 2822 turalium
2458 2779 2826 2836 personarum
2865 2766 3259 2824 connaturalis
3283 2764 3617 2822 identitatis
3637 2776 3813 2819 eam-

2147 2855 2276 2911 dem
2308 2855 2488 2926 ipsam
2517 2854 2903 2926 0perationem
2923 2869 3046 2912 esse
3069 2854 3529 2928 signiﬁcativam.
3557 2871 3584 2903 ι

2220 2943 2322 2998 His
2351 2943 2533 3014 igitur
2580 2943 2661 3000 ita
2704 2948 2760 2999 et
2801 2943 2874 2999 ab
2903 2943 3010 3000 hoc
3039 2955 3266 3014 quoque
3305 2939 3699 2998 sacratissimo
3743 2947 3807 2996 et

2154 3043 2357 3102 magno
2380 3031 2610 3088 doctore
2625 3047 2691 3088 ac
2721 3037 2967 3102 martyre
2989 3030 3252 3088 veritatis
3275 3028 3354 3101 (id
3389 3030 3578 3099 ipsum
3607 3032 3807 3084 autem

2150 3124 2256 3191 est,
2289 3119 2340 3176 si
2377 3120 2640 3176 dicamus
2679 3135 2711 3176 a
2743 3120 3128 3191 sanctissimo,
3177 3120 3278 3190 qui
3305 3119 3365 3174 in
3403 3132 3470 3175 eo
3514 3117 3806 3188 loquitur,

2149 3207 2392 3282 Spiritu)
2418 3207 2783 3265 manifestius
2805 3209 3002 3277 dictis,
3027 3208 3338 3278 diligenter
3363 3206 3665 3262 intendant
3697 3205 3806 3276 qui

2149 3297 2370 3366 volunt,
2396 3303 2452 3354 et
2483 3298 2727 3354 maxime
2754 3297 2856 3369 qui
2877 3297 3303 3353 communicant
3329 3296 3424 3352 his
3452 3295 3552 3366 qui
3585 3293 3810 3350 novita-

2149 3391 2235 3442 tes
2268 3400 2421 3442 nunc
2467 3387 2687 3457 operati
2734 3391 2905 3443 sunt:
2935 3393 2991 3442 et
3028 3385 3214 3442 sciant
3252 3385 3592 3454 certissime,
3634 3382 3800 3454 quia,

2149 3473 2250 3543 qui
2277 3474 2423 3529 duas
2450 3475 2755 3530 salvatoris
2781 3474 2962 3530 nostri
2982 3473 3198 3528 Christi
3220 3473 3544 3529 voluntates
3573 3475 3808 3526 natura-

2149 3558 2232 3615 les
2267 3566 2324 3616 et
2351 3561 2712 3630 operationes
2747 3562 3030 3634 denegant
3057 3566 3116 3617 et
3140 3559 3446 3630 abjiciunt,
3468 3565 3527 3615 et
3555 3557 3800 3627 impiam

2145 3661 2212 3703 ac
2252 3647 2494 3704 alienam
2525 3649 2901 3706 Christianici
2928 3649 3215 3720 dogmatis
3239 3653 3354 3704 tam
3381 3659 3598 3703 sacram
3625 3651 3683 3700 et
3703 3659 3800 3701 or-

2149 3735 2452 3792 thodoxam
2483 3735 2898 3794 confessionem
2921 3737 3228 3808 appellant,
3253 3749 3540 3806 unamque
3557 3733 3803 3790 deitatis

2146 3829 2201 3880 et
2241 3825 2619 3882 humanitatis
2641 3827 2768 3896 ejus
2805 3827 3152 3882 voluntatem
3183 3830 3242 3880 et
3275 3823 3661 3896 operationem
3703 3822 3803 3878 do-

2146 3914 2474 3986 gmatizant,
2520 3929 2617 3971 eos
2645 3916 2745 3986 qui
2791 3915 2988 3972 taliter
3030 3903 3144 3972 sibi
3185 3927 3432 3970 consone
3477 3925 3588 3968 non
3610 3911 3805 3968 conii-

2145 4006 2339 4058 tentur
2390 4003 2955 4073 anathematizantes,
2997 4003 3245 4072 liquido,
3293 4001 3512 4070 absque
3554 3999 3674 4056 ullo
3708 4003 3804 4054 te—

2146 4096 2310 4162 gente
2371 4091 2650 4146 velamine
2711 4096 2940 4147 sanctos
3009 4090 3332 4161 prophetas.
3375 4093 3434 4144 et
3482 4086 3798 4158 apostolos,

2147 4183 2318 4250 atque
2355 4179 2652 4249 doctores;
2699 4179 2784 4234 vel
2811 4179 3004 4249 etiam,
3050 4184 3116 4235 ut
3136 4178 3329 4234 verius
3365 4176 3614 4247 dicatur,
3659 4187 3804 4230 san-

2147 4267 2471 4324 ctissimum
2509 4269 2791 4338 Spiritum
2830 4268 2930 4338 qui
2986 4267 3108 4324 illis
3140 4266 3366 4322 locutus
3392 4269 3498 4334 est,
3531 4263 3801 4334 quinimo

388 4359 568 4414 donec
612 4361 919 4425 utrumque
958 4354 1110 4410 intra
1153 4355 1442 4424 propriam
1483 4359 1672 4410 manet
1718 4357 2034 4412 naturalem
2066 4342 2121 4403 D
2147 4362 2204 4412 et
2227 4356 2506 4428 loquitur,
2539 4356 3040 4426 anathematizant,
3073 4361 3130 4412 et
3149 4355 3306 4412 abeo
3333 4367 3432 4424 per
3461 4353 3596 4408 illos
3626 4351 3804 4408 tradi-

391 4443 1021 4502 inconversibilitatem.
1067 4461 1095 4494 »
1145 4445 1215 4498 Et
1259 4443 1426 4497 item:
1476 4462 1503 4494 «
1559 4442 2034 4502 Connaturalium

391 4535 604 4606 quippe
627 4539 850 4590 tantum
877 4538 964 4588 est
991 4533 1185 4587 eadem
1208 4531 1334 4600 ipsa
1357 4544 1599 4600 operans
1615 4537 1824 4595 motus,
1851 4546 2036 4590 essen-

391 4623 530 4678 tiam
558 4623 842 4692 indicans,
855 4621 1022 4690 cujus
1042 4619 1360 4675 naturalem
1379 4625 1602 4676 constat
1616 4635 1739 4678 esse
1763 4622 2033 4678 virtutem

387 4709 632 4766 alterius
643 4713 860 4764 natura:
878 4707 1223 4777 proprietate
1237 4707 1574 4765 substantia:
1585 4710 1897 4766 secundum
1912 4708 2038 4765 nui-

389 4797 501 4854 lam
517 4797 795 4882 rationem
807 4809 930 4852 esse
949 4795 1034 4852 vel
1058 4794 1180 4851 ﬂeri
1201 4796 1326 4853 sine
1346 4798 1828 4855 convertibilitate
1851 4798 2036 4854 valen-

387 4890 462 4942 te.
489 4903 515 4936 ι)
537 4886 702 4940 Item:
731 4903 757 4938 α
786 4886 862 4940 Ea
891 4883 1106 4956 quippe
1123 4900 1250 4956 qua:
1271 4891 1470 4944 mutuo
1495 4892 1632 4944 sunt
1645 4887 2028 4959 cooperantia,

387 4979 446 5032 et
471 4973 662 5029 eadem
689 4973 1003 5045 operantia,
1036 4978 1092 5030 et
1119 4975 1373 5045 ejusdem
1397 4975 1666 5048 originis,
1700 4975 1950 5046 profecto
1977 4981 2034 5031 et

389 5059 820 5131 compassibilia
846 5068 1064 5118 naturae
1091 5076 1201 5118 non
1223 5065 1602 5134 suscipientia
1622 5064 2028 5132 diii‘erentiam,

387 5158 444 5209 et
473 5149 699 5206 naturis
741 5149 855 5204 sibi
895 5149 1154 5207 confusis
1210 5153 1600 5208 eritdualitas
1649 5152 1934 5215 Christus,
1975 5160 2034 5208 et

387 5237 647 5311 personis
670 5237 949 5306 separatis
977 5238 1073 5292 ﬁet
1094 5240 1469 5310 quaternitas,
1497 5239 1647 5308 quod
1673 5246 1759 5294 est
1784 5240 2029 5296 nimium

389 5327 744 5400 fugiendum.
783 5343 810 5376 ››
841 5326 912 5380 Et
940 5324 1184 5380 iterum:
1219 5345 1244 5376 «
1271 5327 1329 5380 Si
1359 5326 1558 5396 igitur,
1587 5327 1900 5382 secundum
1934 5329 2028 5385 Be-

388 5429 604 5487 ronem,
634 5419 930 5486 assumpta
957 5411 1070 5470 sibi
1097 5426 1228 5470 caro
1252 5415 1503 5483 ejusdem
1530 5416 1883 5484 operationis
1907 5417 2032 5474 effe-

385 5509 480 5562 cta
503 5507 611 5575 est,
641 5503 792 5562 haud
813 5501 1056 5562 dubium
1079 5501 1222 5574 quin
1251 5506 1309 5558 et
1333 5501 1588 5572 ejusdem
1617 5501 1766 5560 facta
1801 5511 1887 5562 est
1911 5505 2027 5562 sibi

2148 4451 2262 4500 tam
2295 4445 2460 4501 nobis
2489 4457 2706 4500 sacram
2748 4450 2805 4500 et
2842 4444 3216 4501 orthodoxam
3241 4442 3658 4499 confessionem
3687 4439 3804 4495 ab-

2147 4539 2354 4605 negant
2410 4539 2468 4589 et
2527 4533 2812 4603 abjiclunt
2849 4539 3022 4604 atque
3081 4533 3316 4602 impiam
3377 4535 3432 4588 et
3464 4529 3718 4586 alienam
3766 4541 3802 4584 a

2141 4620 2470 4678 Christiano
2529 4621 2790 4692 dogmate
2829 4635 2954 4677 esse
2989 4626 3332 4691 asseverant,
3390 4624 3448 4674 et
3493 4630 3677 4688 aeque,
3736 4619 3804 4672 ut

2145 4709 2453 4780 praedictus
2485 4708 2808 4780 haereticus,
2859 4709 3002 4780 quin
3034 4709 3246 4778 potius,
3281 4713 3344 4764 ut
3389 4719 3588 4762 omnes
3611 4702 3790 4761 simul

2144 4795 2370 4868 profani
2417 4797 2671 4854 haeretici
2721 4797 2823 4868 qui
2857 4797 2916 4853 in
2963 4795 3301 4854 confusione
3329 4801 3386 4850 et
3409 4793 3718 4865 phantasia
3739 4799 3800 4850 et

2141 4884 2427 4941 divisione
2485 4885 2705 4954 decepti
2762 4891 2917 4955 sunt,
2985 4884 3170 4940 solum
3214 4879 3799 4954 supersubstantialis

2139 4972 2441 5045 theologia:
2465 4987 2530 5029 ac
2555 4975 2862 5030 incarnataa
2886 4972 3339 5044 dispensationis
3370 4984 3484 5026 non
3507 4969 3800 5042 abnegant

2138 5066 2196 5118 et
2244 5060 2586 5118 subvertunt
2645 5061 3000 5132 mysterium,
3049 5059 3492 5132 quaternitatem
3557 5057 3794 5128 quidem

2141 5163 2508 5222 personarum
2532 5154 2782 5206 sanctam
2807 5151 3139 5206 confitentes
3167 5148 3507 5204 Trinitatem
3533 5164 3549 5201 :
3579 5151 3640 5202 at
3663 5159 3794 5202 vero

2142 5252 2320 5296 unum
2352 5238 2547 5309 hujus,
2585 5239 2642 5296 id
2669 5243 2754 5295 est
2780 5239 3086 5296 Dominum
3113 5242 3372 5293 nostrum
3401 5237 3596 5292 Jesnm
3614 5235 3794 5292 Chri-

2139 5331 2312 5409 stum,
2339 5328 2738 5400 inanimatum,
2761 5333 2817 5385 et
2840 5329 2966 5384 sine
2987 5327 3281 5383 intellectu
3301 5340 3368 5382 ac
3395 5325 3522 5381 sine
3545 5327 3790 5397 ratione,

2139 5418 2451 5474 secundum
2483 5418 2634 5488 quod
2664 5423 2892 5488 propter
2923 5431 3026 5474 nos
3053 5413 3240 5472 factus
3266 5419 3354 5472 est
3381 5415 3574 5484 homo,
3615 5415 3792 5470 intro-

2137 5505 2430 5578 ducentes,
2461 5509 2526 5581 et
2545 5506 3084 5564 convertibilitatem
3134 5503 3310 5562 simul
3334 5507 3394 5561 et
3417 5503 3790 5574 conspersio—
