4034 6158
386 235 492 296 679

1609 242 1963 300 ANASTASII
2015 243 2558 303 BIBLIO'I‘HEQARII

387 368 862 438 quemadmodum
895 379 1134 439 magnus
1163 368 1237 423 ab
1267 367 1698 424 immortalitate
1725 367 2026 439 cognomi—
2051 361 2113 422 A
2135 372 2306 434 atam,
2357 367 2484 422 sine
2523 367 2868 438 inceptione
2901 373 2958 424 et
2987 381 3117 424 cum
3159 367 3526 436 incmptione,
3563 366 3627 422 in
3668 367 3798 436 ipso

386 463 575 526 natus,
621 457 733 512 imo
778 471 909 511 vero
947 460 1190 512 cunctus
1230 463 1556 512 sanctorum
1607 457 1819 513 chorus
1867 456 2028 512 aﬁir—

386 547 519 613 mat,
544 545 692 612 quod
727 557 866 613 pene
892 543 1030 598 ﬁdes
1055 543 1355 599 salvatoris
1385 545 1566 600 nostri
1594 558 1705 599 non
1736 543 2023 612 admittat,

383 645 512 688 cum
545 631 652 686 hoc
687 631 956 687 instabile
983 632 1256 702 quiddam
1297 633 1609 690 secundum
1645 647 1806 689 suam
1838 633 2028 702 ipsius

385 717 660 774 rationem
697 719 924 774 existat.
955 720 1112 789 Quod
1152 721 1200 776 si
1235 721 1340 778 hoc
1371 720 1546 777 fuerit
1587 735 1770 791 passa,
1795 725 1854 775 et
1876 719 2023 790 quod

385 805 518 860 huic
539 811 623 861 est
646 808 999 863 contrarium
1025 809 1220 878 procul
1242 809 1420 864 dubio
1445 809 1776 878 sustinebit,
1809 807 2030 862 addita-

383 899 632 950 mentum
667 895 910 966 scilicet,
939 902 994 950 et
1024 897 1308 966 quomodo
1337 897 1590 953 manebit
1616 897 1862 952 ulterius
1888 894 2028 950 ﬁdes

377 982 696 1039 defectibus
723 997 790 1038 ac
812 983 1165 1054 profectibus
1199 987 1495 1042 immutata
1512 986 1780 1050 ‘?Dicant,
1809 984 2022 1054 inquit,

381 1071 567 1138 nobis,
605 1072 706 1141 qui
741 1085 839 1142 per
879 1073 1142 1143 singulos
1171 1074 1298 1129 dies
1328 1073 1468 1128 ﬁdes
1503 1078 1718 1144 creant,
1753 1073 1868 1128 imo
1890 1072 2028 1128 deos

380 1160 493 1217 sibi
519 1161 778 1216 diversos
809 1161 1051 1234 ﬁngunt,
1085 1163 1358 1233 quoniam
1388 1177 1519 1218 cum
1552 1163 1681 1218 ﬁdei
1713 1161 1882 1218 verbo
1909 1175 2028 1217 mu-

379 1254 537 1306 tatur
558 1253 730 1320 atque
753 1249 1176 1320 multiplicatur
1195 1264 1227 1306 a
1249 1251 1464 1307 talibus
1485 1251 1542 1306 id
1566 1251 1715 1321 quod
1743 1249 2018 1305 creditur.

376 1338 524 1408 Ergo
571 1341 628 1392 et
667 1337 981 1393 adversarii
1035 1339 1172 1394 ﬁdes
1219 1338 1332 1394 sibi
1389 1339 1696 1394 condentes
1744 1338 2019 1406 diversas,

375 1425 590 1496 absque
606 1426 760 1481 omni
783 1427 1238 1483 contradictione
1255 1427 1567 1482 secundum
1588 1427 1943 1497 qualitatem,
1966 1431 2023 1482 et

375 1515 751 1584 quantitatem
771 1519 942 1584 atque
965 1515 1418 1570 immutationem
1437 1515 1764 1585 dogmatum
1783 1529 2019 1570 suorum

2135 457 2482 511 conﬁtentur
2500 461 2556 512 et
2573 457 2829 512 conﬁteri
2852 455 3019 512 nobis
3046 456 3407 526 pracipiunt.
3433 457 3556 511 Non
3576 459 3793 523 autem,

2137 545 2200 595 ut
2227 543 2286 596 hi
2331 555 2484 597 nunc
2527 543 2808 599 novitates
2848 541 3126 611 fecerunt,
3170 556 3342 598 unam
3379 547 3438 596 et
3476 555 3580 596 nec
3620 555 3794 596 unam

2142 643 2243 684 nec
2279 630 2444 699 duas,
2471 635 2528 684 et
2569 645 2772 686 rursus
2813 645 2985 686 unam
3026 635 3082 686 et
3117 631 3284 698 duas,
3325 630 3381 686 id
3414 635 3500 685 est
3528 634 3648 684 tres
3686 643 3799 684 vo—

2141 715 2390 771 luntates
2432 722 2487 771 et
2521 718 2882 787 operationes
2918 717 3125 772 habere
3169 717 3334 772 illum
3373 715 3644 771 fatentur.

2207 805 2389 874 Super
2419 805 2536 861 haec
2569 811 2759 862 autem
2795 808 2988 862 omnia
3018 821 3144 877 quae
3173 807 3330 862 dicta
3363 811 3517 874 sunt,
3551 810 3610 860 et
3641 803 3794 860 illud

2139 905 2367 963 quoque
2425 894 2746 950 certissime
2798 895 3082 965 noverint,
3143 894 3415 965 quoniam
3467 906 3639 949 unam
3689 905 3798 947 nec

2139 994 2332 1050 unam,
2372 995 2556 1052 neque
2588 983 2754 1051 duas,
2782 988 2838 1038 et
2869 983 3077 1039 iterum
3114 995 3282 1038 unam
3312 989 3367 1038 et
3393 982 3539 1037 duas
3577 980 3798 1036 volun—

2137 1075 2282 1126 tates
2306 1076 2362 1126 et
2385 1072 2765 1141 operationes,
2803 1075 2858 1126 et
2891 1073 3088 1128 omnia
3125 1085 3258 1127 cum
3298 1069 3791 1136 anathematibus,

2137 1163 2194 1213 et
2234 1159 2343 1228 dep
2381 1158 2719 1230 sitionibus,
2761 1174 2828 1215 ac
2865 1159 3455 1215 excommunicatione
3491 1158 3796 1229 dogmati—

2135 1251 2347 1318 zantes,
2388 1253 2582 1318 aperte
2615 1247 2730 1304 sibi
2762 1254 2818 1304 et
2846 1247 3146 1304 alterutris
3185 1259 3500 1316 repugnare
3530 1246 3795 1316 proban-

2135 1340 2272 1390 tur:
2306 1341 2363 1390 et
2398 1336 2511 1406 ipsi
2559 1350 2658 1412 per
2695 1337 2918 1406 seipsos
2954 1343 3008 1391 et
3051 1335 3294 1390 invicem
3338 1333 3686 1390 subvertunt
3724 1347 3794 1389 ac

2131 1422 2460 1490 destruunt,
2493 1424 2710 1480 alterna
2743 1424 2910 1480 verba
2935 1427 2992 1478 et
3021 1425 3308 1494 dogmata,
3341 1436 3516 1492 seque
3547 1423 3710 1492 ipsos
3734 1428 3794 1477 et

2129 1512 2460 1584 alterutros,
2489 1519 2545 1569 et
2573 1528 2668 1569 eos
2699 1513 2801 1584 qui
2833 1513 2948 1568 sibi
2981 1512 3427 1581 communicant,
3461 1511 3795 1566 anathema-

376 1602 684 1657 immutant
707 1602 878 1658 simul
907 1608 962 1657 et
989 1603 1380 1672 multiplicant
1405 1603 1460 1657 id
1491 1603 1638 1672 quod
1667 1603 1944 1670 creditur,
1963 1607 2020 1656 et
2046 1669 2088 1672 _
2129 1600 2330 1670 tizant,
2354 1607 2411 1656 et
2430 1601 2502 1656 ab
2523 1602 2678 1657 omni
2712 1615 2872 1656 sacra
2900 1601 3186 1672 dignitate
3214 1613 3279 1655 ac
3311 1599 3638 1655 ministerio
3670 1599 3793 1669 pel-

375 1690 632 1760 quinque
669 1691 930 1746 Christos
969 1669 1202 1748 eatenus
1252 1669 1562 1760 plasmasse
1601 1669 2012 1746 monstrantur.
2045 1669 2099 1729 B
2131 1688 2258 1744 lunt
2287 1669 2458 1760 atque
2481 1691 2793 1759 deponunt.
2826 1669 3055 1745 Necnon
3085 1688 3512 1758 a_perceptione
3543 1686 3791 1742 illibata:

373 1777 534 1832 Hunc
576 1777 805 1849 quidem
861 1791 1029 1834 unam
1077 1778 1486 1850 operationem,
1511 1778 1697 1833 illum
1741 1791 1872 1834 vero
1921 1792 2018 1833 nec

374 1879 542 1922 unam
589 1867 974 1936 operationem
1018 1871 1075 1922 et
1112 1866 1288 1922 alium
1335 1880 1507 1922 unam
1551 1866 1922 1936 voluntatem,
1963 1871 2020 1921 et

371 1953 614 2010 alterum
640 1968 740 2010 nec
768 1969 934 2010 unam
957 1955 1336 2010 voluntatem:
1362 1967 1529 2024 porro
1551 1954 1820 2024 quintum
1846 1967 2017 2010 unam

371 2041 611 2112 etduas,
641 2047 812 2112 atque
839 2055 1006 2097 unam
1033 2046 1090 2097 et
1111 2043 1276 2108 duas,
1311 2041 1368 2097 id
1399 2047 1487 2097 est
1517 2047 1631 2097 tres
1659 2041 2020 2111 operationes

371 2125 587 2184 et’tres
625 2131 968 2201 voluntates,
1009 2134 1074 2186 ut
1105 2129 1294 2199 aiunt,
1334 2129 1654 2184 habentem.
1695 2131 1760 2184 Et
1800 2129 2016 2196 dicant,

370 2217 420 2272 si
447 2217 645 2273 volunt
667 2217 756 2272 illi
793 2217 904 2286 ipsi
929 2217 1029 2288 qui
1063 2218 1198 2274 talia
1226 2222 1519 2288 exponunt
1547 2218 1810 2289 dogmata
1835 2222 1890 2272 et
1916 2219 2015 2288 qui

368 2305 794 2360 communicant
812 2305 916 2375 eis,
943 2305 1004 2360 in
1029 2319 1196 2374 quem
1220 2305 1422 2360 talium
1450 2319 1514 2360 ac
1543 2309 1629 2360 tot
1655 2305 2016 2360 Christorum

368 2405 400 2446 a
427 2405 487 2446 se
518 2391 776 2447 ﬁctorum
809 2392 1102 2446 credentes
1131 2391 1402 2460 baptizati
1437 2397 1592 2454 sunt,
1621 2391 1704 2446 vel
1731 2391 2020 2460 baptizan-

370 2487 468 2534 tur
493 2498 506 2534 :
532 2485 632 2535 aut
659 2480 829 2548 cujus
858 2493 1052 2534 eorum
1086 2493 1296 2549 corpus
1323 2484 1382 2534 et
1409 2479 1745 2550 sanguinem
1777 2486 2017 2535 sumunt

368 2572 540 2637 atque
563 2567 928 2622 distribuunt
944 2566 1182 2622 ?utrum
1207 2569 1332 2637 ejus
1353 2567 1452 2630 qui
1478 2579 1670 2636 unam,
1691 2581 1763 2622 an
1791 2567 1892 2638 qui
1915 2581 2017 2622 nec

369 2667 540 2709 unam
578 2653 962 2722 operationem
991 2671 1007 2714 ς
1033 2655 1157 2722 ejus
1187 2654 1287 2724 qui
1321 2668 1490 2709 unam
1533 2653 1908 2722 voluntatem,
1941 2668 2013 2709 an

367 2743 493 2813 ejus
521 2742 619 2812 qui
651 2755 820 2797 unam
847 2746 902 2797 et
929 2742 1092 2812 duas,
1125 2747 1182 2797 et
1211 2755 1380 2797 unam
1412 2748 1468 2797 et
1494 2743 1659 2811 duas,
1694 2742 1750 2797 id
1783 2749 1868 2798 est
1897 2749 2014 2799 tres
2050 2811 2058 2820 ι

367 2831 727 2900 operationes
765 2835 819 2884 et
851 2835 966 2884 tres
1000 2829 1344 2895 voluntates,
1381 2835 1437 2884 et
1471 2836 1767 2899 propterea
1793 2832 1911 2901 jam
1945 2845 2014 2887 ex

367 2918 704 2974 necessitate
731 2923 846 2972 tres
884 2918 1056 2972 etiam
1093 2923 1329 2973 naturas
1365 2917 1581 2972 habet?
1609 2917 1711 2972 Sed
1749 2934 1858 2972 non
1897 2924 2015 2973 erat

2129 1778 2555 1834 communionis
2572 1779 2784 1834 viviﬁci
2803 1778 3066 1848 corporis
3079 1782 3136 1833 et
3152 1777 3456 1848 sanguinis
3474 1775 3665 1848 magni
3684 1777 3786 1831 Dei

2131 1871 2187 1922 et
2215 1867 2518 1922 salvatoris
2550 1867 2732 1922 nostri
2761 1869 2894 1922 .lesu
2913 1867 3129 1922 Christi
3161 1871 3542 1935 sequestrant.
3567 1867 3638 1919 Et
3663 1864 3788 1919 hmo

2132 1953 2358 2024 liquido
2399 1969 2522 2025 nos,
2557 1960 2612 2010 et
2653 1954 2814 2010 nullo
2855 1955 3114 2010 intuente
3152 1957 3206 2009 et
3243 1953 3458 2008 sciente
3497 1951 3789 2008 obstantis

2130 2042 2426 2110 velamine,
2462 2055 2572 2098 non
2600 2042 2786 2098 solum
2819 2046 3050 2112 propter
3069 2041 3478 2097 multiformem
3505 2053 3783 2107 errorem,

2129 2144 2326 2186 verum
2351 2130 2522 2186 etiam
2551 2137 2605 2186 et
2627 2136 2857 2200 propter
2887 2129 3346 2197 instabilitatem,
3380 2135 3435 2184 et
3459 2128 3793 2184 absurdita-

2131 2223 2264 2289 tem,
2295 2231 2362 2274 ac
2393 2219 2900 2289 reciprocationem
2941 2217 3145 2273 talium
3178 2217 3431 2272 virorum
3457 2222 3515 2272 et
3537 2217 3789 2288 dogma—

2131 2310 2274 2377 tum,
2291 2307 2446 2362 omni
2465 2307 2731 2362 custodia
2750 2305 3210 2374 nosmetipsosab
3231 2305 3460 2360 illorum
3483 2304 3786 2373 impietate

2129 2397 2184 2448 et
2213 2394 2618 2449 communione
2646 2407 2954 2462 servemus,
2992 2398 3275 2462 quotquot
3300 2393 3360 2447 in
3385 2393 3628 2447 veritate
3657 2403 3786 2446 esse

2127 2495 2194 2536 ac
2217 2482 2336 2538 dici
2365 2483 2680 2538 Christiani
2708 2483 2990 2538 volumus.
3024 2482 3286 2538 Alienum
3320 2481 3534 2551 quippe
3556 2494 3589 2535 a
3619 2479 3786 2534 Chri-

2127 2569 2337 2626 stianis
2356 2574 2460 2639 est,
2488 2585 2618 2625 cum
2641 2570 2981 2626 orthodoxia
3011 2570 3182 2624 etiam
3206 2570 3554 2639 impietatem
3583 2567 3784 2623 susci—

2127 2672 2277 2728 pere,
2305 2663 2408 2714 aut
2437 2659 2694 2714 conﬁteri
2728 2659 2960 2728 quidem
2990 2659 3363 2714 orthodoxam
3397 2657 3584 2726 ﬁdem,
3614 2670 3782 2712 com-

2129 2745 2423 2804 municare
2458 2759 2589 2801 vero
2625 2746 2718 2801 his
2750 2747 2850 2816 qui
2891 2747 3037 2803 hanc
3066 2759 3166 2815 per
3203 2759 3376 2800 novas
3415 2744 3782 2800 inventiones

2125 2833 2410 2904 abnegant
2437 2839 2495 2888 et
2523 2833 2867 2889 adulterant.
2915 2836 3152 2904 Propter
3187 2833 3335 2903 quod
3377 2831 3576 2888 divina
3607 2831 3778 2887 nobis

2127 2920 2215 2976 lex
2242 2921 2416 2976 simul
2447 2926 2504 2977 et
2527 2922 2840 2990 apostolica
2875 2921 3058 2991 jubet,
3091 2935 3188 2978 eos
3216 2921 3340 2992 qui,
3371 2920 3531 2976 aliud
3571 2927 3780 2990 praeter

365 3022 490 3074 vom,
519 3011 570 3060 et
597 3021 706 3059 non
736 3009 855 3060 erat
881 3005 1092 3060 auditio
1123 3007 1226 3076 (III
1249 3007 1378 3074 Reg.
1411 3019 1579 3069 xvm,
1609 3003 1718 3078 26),
1750 3009 2014 3077 quemad-
2043 3027 2092 3090 α
2128 3009 2276 3079 quod
2309 3023 2342 3064 a
2362 3009 2723 3065 Christiferis
2765 3010 2910 3065 viris
2954 3009 3300 3079 accepimus,
3339 3008 3543 3064 docere
3584 3022 3650 3064 ac
3693 3009 3777 3063 in-

367 3095 596 3150 modum
629 3095 714 3150 ait
745 3093 1016 3164 propheta
1058 3107 1296 3165 magnus
1335 3093 1488 3150 Elias
1527 3095 1796 3150 scelestos
1833 3109 2014 3151 sacer-

364 3185 526 3240 dotes
568 3189 624 3239 et
665 3183 1188 3252 pseudoprophetas
1229 3181 1590 3238 confusionis
1638 3182 2003 3255 redarguens.

363 3273 524 3336 Nam,
544 3271 829 3342 quidquid
853 3271 1056 3326 horum
1077 3270 1352 3342 dixerint,
1380 3270 1544 3325 illinc
1564 3285 1693 3326 cum
1717 3271 2011 3340 impietate

364 3359 536 3415 etiam
599 3359 1058 3432 redargutionem
1121 3372 1306 3414 sermo
1363 3372 1559 3414 eorum
1622 3358 2004 3429 circumferet,

365 3448 635 3519 quoniam
694 3461 806 3504 non
860 3449 920 3503 in
979 3461 1174 3503 verum
1227 3453 1284 3502 et
1337 3447 1617 3501 veraciter
1671 3446 2006 3502 existentem

361 3536 651 3592 Christum
679 3535 918 3592 credunt
942 3540 1113 3605 atque
1142 3534 1452 3603 baptizant,
1483 3547 1584 3588 nec
1611 3532 1774 3588 illius
1798 3547 2006 3602 corpus

363 3629 419 3678 et
442 3624 776 3694 sanguinem
807 3623 1104 3692 accipiunt
1133 3627 1188 3675 et
1211 3619 1594 3676 distribuunt.
1628 3619 1796 3675 Illum
1827 3621 2000 3688 enim,

363 3724 556 3766 verum
581 3710 804 3766 scilicet
827 3714 883 3764 et
907 3709 1006 3780 qui
1034 3721 1162 3762 vere
1185 3707 1476 3774 consistit,
1512 3707 1805 3762 Christum
1829 3709 2004 3762 Deum

362 3799 535 3856 simul
575 3803 631 3852 et
668 3797 954 3852 hominem
997 3795 1194 3864 inclyti
1242 3794 1502 3865 magistri
1540 3794 1721 3849 nostri
1756 3807 1821 3848 ac
1856 3809 2009 3863 prae-

361 3891 616 3953 ceptores
661 3884 926 3952 scientes,
971 3883 1116 3938 duas
1155 3887 1212 3938 et
1260 3887 1482 3936 tantum
1530 3881 2004 3951 quemadmodum

362 3979 617 4042 naturas,
641 3972 726 4027 sic
745 3971 914 4027 etiam
937 3978 994 4028 et
1011 3973 1156 4028 duas
1179 3971 1519 4040 voluntates,
1543 3976 1601 4025 et
1625 3970 1858 4026 totidem
1882 3985 2006 4041 ope-

359 4061 613 4118 rationes
651 4067 1029 4132 congruentes
1061 4059 1198 4124 sibi,
1236 4059 1490 4114 divinam
1525 4058 1766 4128 scilicet,
1800 4064 1864 4114 ut
1889 4060 2006 4129 jam

358 4149 576 4206 dictum
601 4153 688 4205 est
709 4154 766 4204 et
792 4147 1220 4218 comprobatum
1250 4152 1356 4218 est,
1383 4153 1440 4202 et
1465 4145 1789 4214 humanam,
1825 4147 2005 4204 incre-

2123 3098 2424 3153 troducere
2448 3097 2638 3153 conati
2663 3097 2895 3168 fuerint,
2919 3103 3170 3154 avertere
3189 3103 3243 3154 et
3265 3097 3773 3161 anathematizare,

2124 3198 2232 3240 non
2277 3190 2496 3240 tantum
2531 3185 2578 3240 si
2607 3185 2866 3241 homines
2915 3185 3153 3257 fuerint,
3195 3186 3289 3241 sed
3323 3190 3380 3240 et
3412 3185 3546 3240 licet
3581 3184 3774 3256 angeli

2122 3271 2386 3329 fortassis
2416 3287 2446 3328 e
2469 3273 2612 3328 cmlo
2649 3274 3054 3329 descendentes
3095 3273 3445 3329 exstiterint.
3481 3274 3549 3328 Et
3581 3273 3631 3328 si
3667 3271 3777 3327 hoc

2121 3360 2426 3418 fecerimus
2455 3367 2512 3417 et
2533 3361 2789 3417 divinam
2827 3363 2953 3418 sine
2985 3361 3452 3432 praevaricatione
3481 3361 3776 3430 adimple—

2118 3449 2374 3504 verimus
2415 3449 2870 3518 prmeeptionem,
2918 3463 3252 3520 sacramque
3287 3463 3352 3504 ac
3391 3449 3769 3504 orthodoxam

2121 3535 2286 3591 ﬁdem
2312 3535 2526 3606 absque
2550 3537 2969 3592 adulteratione
2989 3536 3162 3592 simul
3181 3541 3236 3593 et
3257 3537 3624 3592 innovatione
3647 3549 3773 3605 pos-

2118 3623 2438 3678 sederimus
2461 3628 2518 3678 et
2541 3625 2788 3680 confessi
2821 3623 3126 3696 fuerimus,
3157 3626 3227 3682 ad
3253 3625 3428 3680 vitam
3465 3623 3608 3680 salvi
3642 3621 3775 3678 eﬁi—

2116 3711 2340 3766 ciemur
2381 3716 2648 3768 aeternam
2699 3714 2757 3768 in
2795 3713 3028 3770 Christo
3065 3715 3196 3769 Jesu
3243 3713 3486 3769 Domino
3528 3719 3766 3768 nostro:

2117 3811 2246 3853 cum
2283 3813 2397 3868 quo
2421 3801 2536 3856 Deo
2565 3804 2621 3856 et
2641 3801 2816 3871 Patri,
2847 3816 2958 3856 una
2999 3816 3127 3857 cum
3150 3801 3515 3857 sanctissimo
3539 3807 3594 3856 et
3620 3801 3772 3856 bono

2117 3898 2184 3940 ac
2209 3885 2433 3942 viviﬁco
2463 3887 2704 3960 Spiritu,
2741 3887 2943 3960 gloria,
2979 3889 3178 3949 honor.
3217 3889 3542 3960 imperium,
3576 3894 3634 3944 et
3655 3890 3772 3945 ad-

2118 3973 2305 4030 oratio
2347 3988 2498 4030 nunc
2539 3981 2597 4031 et
2630 3990 2872 4048 semper,
2913 3983 2970 4032 et
3012 3978 3070 4032 in
3115 3977 3308 4033 omnia
3357 3991 3772 4048 nunquamque

2121 4061 2372 4118 ﬁnienda
2414 4063 2621 4120 sacula
2665 4065 3024 4121 saeculorum.
3064 4066 3260 4120 Amen.

1106 4430 1636 4502 POSTEBIORA
1731 4427 1815 4498 S.
1904 4429 2354 4500 HIPPOLYTI
2435 4433 2982 4506 TESTIMONIA.

1354 4589 1382 4659 (
1398 4591 1486 4644 Ea:
1531 4587 1832 4658 Combeﬁsii
1869 4585 2104 4642 editione
2133 4587 2367 4657 Operam
2400 4587 2457 4643 S.
2486 4589 2764 4664 Mamimi.)

573 4846 699 4901 Haec
729 4843 1020 4900 evidenter
1046 4841 1266 4898 effatur.
1283 4843 1554 4914 _Utraque
1582 4847 1887 4902 ostendens
1911 4861 1990 4915 se,
2020 4848 2074 4908 D
2106 4847 2384 4904 translata
2405 4850 2629 4919 natura,
2655 4845 2802 4904 facta
2840 4847 3108 4904 videlicet
3149 4847 3464 4905 secundum
3489 4851 3758 4904 naturam

356 4948 425 4993 eo
461 4935 609 5006 quod
638 4932 952 5004 dupliciter
977 4927 1190 5002 (divine
1215 4931 1438 4988 scilicet
1469 4939 1526 4988 et
1553 4933 1820 5005 humane)
1855 4949 1996 5006 ope—

359 5031 519 5084 ratus
548 5027 654 5093 est,
685 5022 998 5077 secundum
1039 5019 1288 5075 eamdem
1319 5035 1445 5090 quae
1475 5025 1752 5078 veraciter
1780 5037 1907 5079 vera
1939 5027 1996 5078 et

358 5111 642 5171 naturalis
671 5108 994 5166 substantia
1021 5112 1126 5174 est,
1158 5109 1334 5163 Deum
1365 5108 1703 5164 immensum
1735 5111 1907 5166 simul
1937 5117 1994 5166 et

357 5199 858 5268 circumscriptum
927 5197 1172 5252 existere
1218 5209 1284 5251 ac
1337 5197 1589 5268 intelligi
1656 5198 1990 5260 hominem:

358 5291 663 5360 utriusque
703 5282 943 5356 perfecte
986 5281 1288 5353 perfectam
1325 5285 1631 5340 essentiam
1673 5284 1990 5354 habentem,

353 5393 484 5435 cum
521 5375 686 5432 illius
730 5371 1079 5443 operatione,
1131 5371 1186 5425 id
1218 5377 1304 5427 est
1343 5373 1591 5428 naturali
1625 5373 1988 5443 proprietate.

354 5469 424 5524 Et
466 5479 701 5522 rursus:
734 5463 856 5518 Non
889 5459 1044 5514 enim
1082 5471 1215 5515 caro
1240 5457 1384 5514 facta
1427 5464 1514 5516 est
1544 5463 1748 5517 natura
1784 5461 1989 5533 deitas,

2103 4935 2441 4991 Divinitatis
2487 4948 2658 5005 caro;
2690 4936 2786 4992 sed
2828 4935 2976 5006 quod
3018 4941 3161 5007 erat,
3192 4937 3364 4993 etiam
3401 4935 3608 4992 deitati
3651 4949 3762 4992 co-

2101 5028 2313 5094 aptata,
2349 5025 2578 5088 mansit,
2617 5024 2674 5080 id
2701 5028 2790 5079 est
2816 5037 2950 5080 caro
2983 5024 3211 5080 inﬁrma
3234 5029 3292 5080 et
3317 5023 3616 5094 passibilis
3647 5037 3762 5079 na—

2103 5118 2252 5182 tura,
2285 5117 2340 5166 et
2365 5112 2718 5182 operatione,
2742 5111 2898 5166 sicut
2919 5111 3004 5166 ait
3031 5111 3317 5168 Salvator:
3351 5111 3592 5181 Spiritus
3621 5113 3760 5180 qui—

2101 5201 2220 5254 dem
2255 5205 2560 5270 promptus,
2587 5215 2711 5254 caro
2740 5205 2920 5254 autem
2946 5202 3164 5269 inﬁrma
3193 5200 3408 5269 (Matth.
3443 5213 3604 5262 xxvr,
3639 5197 3756 5266 M.)

2100 5289 2170 5343 Et
2194 5302 2432 5343 rursus:
2467 5287 2588 5356 Qua
2609 5293 2877 5357 operatus
2901 5293 2959 5342 et
2979 5301 3200 5358 passus,
3231 5301 3356 5358 qua:
3376 5292 3540 5344 erant
3557 5287 3754 5344 carnis

2101 5375 2172 5430 ab
2201 5376 2355 5431 omni
2391 5380 2618 5445 peccato
2645 5375 2941 5444 immunis,
2969 5375 3300 5432 divinitatis
3341 5390 3440 5445 pro
3471 5375 3641 5432 nobis
3662 5389 3755 5431 ex-

2103 5463 2480 5520 inanitionem
2497 5462 2794 5519 miraculis
2807 5467 2865 5518 et
2879 5463 3072 5520 carnis
3090 5463 3457 5533 passionibus
3472 5463 3750 5520 naturali-

3689 243 3799 304 ego
3859 281 3880 292 -
