4034 6158
212 238 311 297 681

788 239 1291 299 COLLECTANEA.
1335 276 1403 284 —
1460 246 2027 303 HYPOMNESTICON
2078 251 2168 304 DE
2205 251 2439 307 GESTIS
2475 253 2528 308 S.
2573 254 2853 327 ΜΑΧΙΜΙ,
2902 256 3046 313 ETC.

3448 219 3625 322 ‘682

208 374 293 424 ter
320 368 713 423 conﬁrmatam
777 369 1055 438 probavit.
1118 372 1183 425 Et
1238 386 1470 428 rursus:
1530 374 1857 443 Mysterium
1883 374 1943 433 A
1978 374 2065 429 illi
2092 388 2222 430 caro
2244 377 2495 446 ejusdem
2517 393 2582 434 ac
2601 381 2721 449 ipse
2736 384 2972 440 virtutis
2993 401 3091 442 seu
3112 392 3462 458 operationis
3478 394 3624 452 facta

204 456 419 511 divinae
453 457 886 528 incarnationis,
938 459 1234 528 apostolis,
1274 466 1331 515 et
1372 463 1663 531 prophetis
1691 469 1862 533 atque

203 545 545 601 doctoribus
572 546 806 615 duplam
841 560 906 601 ac
944 546 1227 603 diversam
1260 549 1319 603 in
1360 550 1629 606 omnibus
1661 551 1864 607 habere

204 639 559 703 compertum
626 640 712 689 est
761 636 1076 691 naturalem
1128 637 1678 703 considerationem;
1732 654 1858 694 cum

204 722 464 793 perfectae
503 724 740 779 deitatis
783 729 839 778 et
887 724 1065 793 plenae
1095 724 1208 778 vim
1254 724 1455 781 habeat
1502 728 1863 783 ostendendae.

203 811 607 869 humanitatis.
666 812 732 867 Et
782 812 1025 867 iterum:
1074 812 1297 882 Quibus
1338 814 1533 870 divine
1564 817 1779 886 pariter
1806 823 1862 871 et

201 901 451 956 humane
482 905 754 970 operatus
776 906 881 968 est,
916 898 1159 970 perfecte
1188 908 1429 972 utroque
1460 904 1549 959 sui
1581 905 1857 960 rationem

200 996 406 1045 natura
432 1003 665 1044 servans
692 989 1130 1045 immutabilem.
1160 992 1227 1046 Et
1250 992 1487 1047 iterum:
1520 992 1677 1048 Nihil
1714 993 1860 1048 divi-

199 1091 329 1133 num
354 1078 580 1132 nudum
606 1091 842 1146 corpore
870 1083 1156 1148 operatus,
1188 1078 1334 1133 nihil
1370 1079 1680 1135 humanum
1706 1080 1855 1137 idem

198 1167 314 1236 ipse
340 1180 551 1237 gerens
576 1167 727 1236 quod
749 1180 950 1235 expers
970 1174 1120 1223 esset
1141 1168 1407 1224 deitatis:
1434 1183 1544 1240 qua
1569 1170 1689 1239 ipsa
1715 1184 1857 1227 nova

194 1255 540 1325 decentique
583 1255 803 1311 ratione
835 1260 1075 1325 utraque
1148 1261 1378 1325 peratus
1406 1263 1511 1327 est,
1552 1259 1855 1328 utriusque

195 1342 422 1397 ratione
449 1342 759 1397 immunem
792 1355 850 1397 se
879 1355 911 1397 a
940 1341 1254 1398 mutatione
1302 1357 1552 1415 servans,
1603 1345 1671 1400 ad
1722 1359 1857 1415 per-

194 1429 346 1486 recte
381 1444 508 1486 suae
540 1429 919 1485 humanitatis
950 1444 1075 1500 qua:
1116 1430 1282 1499 plane
1314 1445 1444 1487 vera
1476 1432 1556 1487 sit
1590 1433 1854 1503 nihilque

196 1524 291 1575 aut
316 1519 456 1573 vitii
504 1524 604 1572 aut
648 1517 796 1573 labis
824 1517 1110 1589 admittat,
1144 1518 1308 1575 ﬁdem
1356 1520 1777 1577 adstruendam.

257 1610 331 1661 De
398 1608 486 1661 his
540 1622 664 1661 vero
726 1609 824 1675 qui
892 1624 1056 1661 unam
1122 1608 1340 1663 deitatis
1405 1616 1455 1664 et
1498 1610 1855 1665 humanitatis

1972 469 2077 531 est,
2132 465 2295 534 plane
2350 466 2519 522 etiam
2575 468 2826 537 ejusdem
2883 471 3027 527 facta
3078 483 3163 530 est
3204 484 3437 552 naturae,
3492 498 3621 539 cum

1975 552 2187 621 quibus
2211 554 2481 611 omnibus
2513 561 2713 612 natura
2750 563 2855 629 est,
2902 562 3049 629 quod
3086 564 3359 634 principii
3401 581 3619 639 expers,

1972 640 2121 710 quod
2150 641 2423 713 ingenita,
2453 646 2602 714 quod
2629 645 2877 716 inﬁnita,
2910 649 3057 718 quod
3083 652 3445 721 sempiterna,
3471 659 3621 725 quod

1976 729 2461 801 incomprehensa,
2489 738 2545 786 et
2565 733 2615 787 si
2648 748 2759 803 qua
2788 734 3070 803 ejusmodi
3103 741 3414 795 secundum
3439 744 3623 798 excel-

1972 816 2200 872 lentiam
2225 819 2583 891 theologicus
2612 836 2797 878 sermo
2821 824 3031 880 eximie
3062 826 3119 880 in
3145 828 3357 883 deitate
3380 836 3627 887 contem-

1972 905 2192 975 platur:
2222 914 2277 962 et
2302 908 2766 966 vicissitudinem
2790 917 3032 983 utraque
3054 928 3218 983 passa
3240 922 3394 986 sunt,
3419 923 3622 976 neutro

1968 994 2402 1051 substantialem
2424 1002 2639 1053 natura:
2664 1013 2781 1055 sua:
2802 1000 3078 1056 rationem
3104 1003 3253 1058 ultra
3279 1004 3621 1062 incolumem

1968 1088 2243 1138 servante.
2277 1086 2344 1139 Et
2376 1100 2606 1141 rursus:
2637 1087 2746 1155 Qui
2788 1088 2937 1143 enim
2967 1103 3164 1146 eorum
3204 1106 3329 1162 qua
3359 1099 3496 1149 sunt
3521 1094 3624 1149 di-

1966 1185 2139 1225 versae
2172 1177 2389 1229 natura:
2420 1175 2671 1231 eamdem
2698 1177 2873 1232 sentit
2897 1179 3303 1252 operationem,
3335 1180 3627 1237 confusio-

1967 1272 2092 1314 nem
2136 1261 2350 1329 pariter
2388 1264 2702 1319 naturalem
2733 1265 3191 1338 divisionemque
3234 1268 3489 1338 ipsorum
3522 1271 3622 1325 in-

1964 1348 2129 1403 ducit
2164 1350 2511 1406 naturalem:
2563 1351 2755 1421 ignota
2806 1369 3041 1424 prorsus
3082 1369 3148 1411 ac
3191 1355 3491 1413 obscurata
3523 1372 3622 1427 per

1970 1435 2307 1492 idiomatum
2329 1441 2832 1497 commutationem
2866 1443 3114 1499 naturali
3145 1457 3338 1499 eorum
3363 1444 3625 1501 substan-

1965 1524 2048 1579 tia
2095 1525 2534 1597 existentiaque.
2590 1531 2759 1584 Item:
2806 1530 2864 1585 Si
2914 1544 3044 1586 vero
3093 1544 3203 1587 non
3260 1533 3510 1602 ejusdem
3554 1546 3620 1589 ac

1964 1612 2065 1668 ille
2090 1612 2236 1669 facta
2260 1618 2347 1669 est
2372 1621 2608 1687 naturas,
2640 1630 2739 1672 nec
2777 1618 3028 1686 ejusdem
3067 1632 3319 1689 unquam
3353 1619 3447 1676 ﬁet
3479 1634 3621 1695 Ope-

186 1691 302 1765 'ejus
348 1699 744 1765 operationem,
798 1700 849 1749 et
907 1701 1166 1749 naturam
1230 1696 1615 1763 dogmatizant,
1684 1699 1847 1755 dicit:
1887 1686 1937 1745 Β
1964 1703 2225 1758 rationis.
2251 1704 2319 1759 Et
2342 1704 2546 1760 iterum
2576 1686 2601 1758 :7
2623 1708 2683 1761 In
2709 1706 2859 1762 hunc
2879 1712 3068 1763 autem
3100 1686 3349 1763 errorem
3382 1686 3623 1781 impege-

190 1786 305 1839 Non
347 1784 516 1839 enim
556 1781 953 1838 circumscribi
986 1787 1190 1839 natura
1229 1784 1420 1855 genita
1463 1793 1850 1855 comparatum

191 1878 289 1942 est,
317 1874 483 1943 quod
505 1872 819 1928 secundum
854 1877 1114 1928 naturam
1138 1872 1459 1943 ingenitum
1485 1879 1590 1944 est,
1623 1876 1848 1930 tametsi

191 1962 239 2015 ei
269 1961 501 2017 coaluit
532 1974 631 2030 per
659 1959 1108 2028 conceptionem,
1138 1975 1263 2027 quae
1284 1961 1396 2015 vim
1428 1974 1649 2017 omnem
1689 1976 1854 2018 men-

192 2051 262 2105 tis
297 2048 768 2105 circumscribit:
803 2062 868 2103 ac
901 2061 1001 2104 nec
1032 2062 1281 2118 unquam
1316 2048 1373 2103 in
1401 2050 1647 2105 eamdem
1679 2056 1856 2106 natu-

190 2152 300 2192 ram
346 2137 792 2207 naturalemque
834 2138 1103 2191 virtutem
1155 2150 1253 2192 seu
1298 2137 1682 2206 operationem
1721 2153 1856 2193 ver—

188 2231 406 2291 tantur,
455 2225 636 2280 donec
677 2230 985 2294 utrumque
1016 2224 1167 2278 intra
1209 2225 1495 2293 propriam
1538 2226 1852 2280 naturalem

189 2313 798 2374 inconvertibilitatem
846 2316 1051 2367 manet.
1111 2314 1178 2366 Et
1227 2312 1391 2367 item:
1448 2314 1655 2369 Eorum
1700 2313 1852 2368 enim

186 2401 468 2458 duntaxat
501 2416 627 2472 qua:
649 2401 902 2470 ejusdem
943 2405 1161 2456 natura:
1192 2405 1346 2471 sunt,
1383 2407 1571 2457 motus
1596 2402 1849 2471 ejusdem

187 2491 426 2547 virtutis
450 2504 519 2546 ac
539 2489 796 2545 eﬁicacia:
816 2494 921 2559 est,
951 2488 1330 2544 substantiam
1352 2489 1660 2560 designans
1686 2492 1853 2560 cujus

188 2585 267 2635 est
292 2578 588 2635 naturalis
606 2578 810 2646 virtus,
843 2590 972 2632 cum
1017 2576 1339 2632 substantia
1364 2577 1601 2633 diversze
1633 2584 1851 2635 natura:

190 2667 565 2737 proprietatis
585 2666 744 2722 nulla
768 2665 987 2720 ratione
1010 2678 1133 2720 esse
1156 2664 1337 2734 possit
1360 2670 1461 2721 aut
1481 2665 1604 2721 ﬁeri
1636 2666 1850 2737 absque

188 2754 695 2811 convertibilitate.
743 2755 913 2809 Item:
962 2753 1205 2823 Etenim,
1240 2766 1365 2823 qua:
1403 2754 1656 2822 ejusdem
1700 2755 1850 2811 inter

188 2858 242 2898 se
264 2843 513 2899 virtutis
542 2847 697 2912 sunt,
730 2846 786 2897 et
813 2841 1186 2912 operationis,
1222 2841 1589 2913 ejusdemque
1614 2858 1849 2913 prorsus

188 2931 438 3002 originis
458 2944 525 2986 ac
546 2930 869 2985 earumdem
898 2928 1249 2998 passionum,
1283 2942 1344 2984 ea
1383 2933 1600 2985 naturae
1628 2932 1850 2987 distin-

186 3020 434 3075 ctionem
495 3032 607 3073 non
637 3017 972 3084 admittunt,
1004 3014 1376 3087 confusisque
1405 3031 1595 3073 secum
1624 3020 1849 3076 naturis

186 3109 292 3164 erit
311 3107 590 3163 Christus
618 3105 890 3176 dualitas,
931 3106 1305 3176 personisque
1341 3105 1550 3161 divisis
1578 3107 1671 3162 ﬁet
1700 3122 1851 3178 qua-

186 3197 469 3253 ternitas:
498 3195 650 3266 quod
686 3194 942 3249 omnium
985 3193 1228 3250 maxime
1257 3195 1588 3250 cavendum.
1635 3197 1705 3250 Et
1737 3196 1850 3251 ite-

188 3300 342 3343 ium:
373 3284 435 3339 Si
460 3283 692 3355 quidem
718 3282 916 3355 igitur,
942 3286 1009 3339 ut
1035 3287 1237 3339 auctor
1260 3284 1399 3339 Bero
1423 3286 1529 3345 est.
1552 3290 1847 3354 assumpta

1962 1796 2119 1862 runt,
2183 1793 2476 1849 credentes
2537 1794 2681 1850 male
2738 1796 3026 1864 propriam
3100 1797 3294 1852 carnis
3365 1796 3618 1854 eﬁ‘ectam

1961 1879 2215 1934 divinam
2264 1883 2647 1950 operationem
2696 1896 2821 1953 quae
2853 1897 2951 1953 per
2993 1884 3171 1953 ipsam
3229 1886 3287 1940 in
3320 1886 3620 1953 miraculis

1964 1966 2263 2023 manifesta
2307 1973 2418 2037 est;
2454 1984 2565 2039 qua
2602 1970 2886 2039 Christus,
2945 1984 3133 2026 rerum
3176 1973 3280 2027 hac
3324 1974 3620 2029 universi—

1965 2058 2077 2109 tate
2097 2056 2346 2127 condita,
2376 2057 2686 2112 secundum
2711 2059 2859 2128 quod
2892 2058 3244 2130 intelligitur
3272 2062 3440 2131 Deus,
3464 2062 3614 2130 quod

1966 2143 2046 2197 ita
2071 2144 2211 2198 cond
2223 2144 2366 2199 itum
2396 2149 2482 2200 est
2516 2150 2667 2200 tenet
2691 2159 2756 2200 ac
2785 2152 3097 2201 conservat.
3134 2148 3201 2202 Et
3229 2148 3465 2203 iterum:
3494 2151 3614 2203 Non

1964 2232 2115 2286 enim
2146 2238 2530 2303 cognoverunt
2573 2233 2696 2288 ﬁeri
2724 2247 2834 2289 non
2864 2247 3046 2304 posse,
3070 2240 3133 2291 ut
3156 2235 3366 2290 divina:
3397 2241 3616 2291 natura:

1963 2320 2218 2389 operatio
2246 2319 2490 2377 alterius
2530 2322 2881 2393 diversaaque
2920 2322 3256 2378 substantia
3297 2323 3616 2393 proprietas

1964 2408 2121 2463 ﬁeret
2163 2408 2378 2479 absque
2411 2409 2912 2465 convertibilitate.
2950 2412 3017 2465 Et
3059 2410 3298 2465 iterum:
3347 2411 3615 2480 Quandiu

1963 2509 2074 2551 non
2108 2510 2283 2552 unum
2315 2497 2626 2553 secundum
2656 2498 2960 2552 essentiam
2994 2498 3171 2552 unius
3198 2498 3457 2553 noscitur
3479 2511 3616 2553 ver-

1960 2582 2096 2639 bum
2118 2584 2488 2654 operationis,
2534 2584 2693 2640 nulla
2720 2598 2970 2655 unquam
3001 2584 3221 2640 ratione
3247 2585 3361 2655 ﬁat,
3391 2589 3455 2641 ut
3488 2599 3618 2640 am-

1959 2669 2161 2727 borum
2187 2678 2374 2728 motus
2413 2677 2807 2743 cognoscatur.
2834 2674 2902 2727 Et
2932 2672 3173 2727 iterum:
3209 2674 3421 2743 Itaque,
3454 2673 3616 2746 Bero,

1960 2758 2060 2830 qui
2084 2760 2168 2815 sic
2196 2759 2417 2828 habeat,
2451 2764 2516 2815 ut
2562 2759 2839 2829 dicebam,
2888 2773 3001 2814 una
3025 2760 3353 2829 operatione
3397 2760 3614 2816 Christi

1960 2847 2177 2916 pariter
2196 2848 2464 2903 deitatem
2496 2851 2553 2902 et
2584 2847 2993 2902 humanitatem
3025 2852 3226 2902 natura
3261 2845 3617 2903 confundens
3656 2876 3661 2879 -

1957 2948 2022 2989 ac
2076 2935 2336 3004 personis
2377 2934 2662 3005 dividens,
2713 2935 2887 2989 vitam
2921 2934 3217 3005 dissolvit;
3268 2934 3366 3004 qui
3418 2947 3617 3004 nempe

1958 3023 2194 3092 nesciat,
2254 3023 2505 3077 eamdem
2574 3022 2983 3091 Operationem,
3061 3035 3431 3092 personarum
3491 3034 3617 3093 qua:

1958 3110 2210 3179 ejusdem
2268 3114 2485 3165 natura:
2533 3109 2670 3179 sint,
2719 3109 3073 3164 identitatem
3140 3109 3420 3164 duntaxat
3470 3109 3619 3165 desi-

1958 3211 2148 3269 gnare.

1017 3575 1559 3647 SCHOLION
1620 3576 1772 3646 sive
1845 3575 2790 3661 HYPOMNESTICUM,

183 3750 480 3836 His_qui
509 3751 842 3836 desiderio
871 3767 949 3836 ac
979 3750 1116 3815 zelo
1142 3753 1390 3836 dicina,
1404 3752 1624 3836 legere
1648 3752 1997 3836 coluerint
2027 3753 2319 3817 breviter
2344 3754 2706 3836 declarans
2736 3771 2889 3836 qua,
2897 3753 3143 3836 paucis
3167 3757 3335 3816 sunt
3364 3756 3612 3835 agnita

258 3834 368 3909 (θ’.
402 3831 727 3916 agitata),
758 3832 835 3894 id
852 3835 953 3916 est
973 3850 1125 3916 cum
1144 3831 1492 3916 atbleticis
1522 3835 2030 3916 certaminibus,
2060 3838 2219 3916 quot
2248 3834 2524 3916 exsilia,
2547 3839 2612 3897 et
2636 3831 2986 3916 inquibus
3016 3834 3182 3916 locis
3210 3850 3288 3896 ac
3318 3831 3611 3915 tempore

248 3910 688 3995 pertulerint
710 3912 1152 3995 martyrium,
1173 3913 1476 3993 diemque
1498 3914 1636 3992 ﬁde
1665 3915 1755 3975 ad
1784 3910 2016 3976 Deum
2016 3910 2591 3995 profectionismt
2629 3910 3088 3995 exhibitionis,
3126 3910 3517 3975 sanctorum
3543 3918 3610 3977 et

260 3988 680 4085 dei/‘erorum
695 3988 986 4083 Patrum
1008 3988 1390 4085 nostrorum
1410 3988 2359 4085 ac'maqistrorum,"no_oqr2lm
2377 3988 2611 4085 revera
2630 4012 2697 4085 co
2706 3988 3104 4085 nfessorum,
3128 3996 3193 4054 et
3212 4008 3319 4053 ma
3321 4010 3494 4085 qnor
3503 4011 3611 4055 um

260 4074 655 4165 martyrum
677 4093 701 4149 ;
719 4070 1300 4165 pra-cipueillius
1330 4073 1450 4165 qui
1470 4070 1771 4165 positam
1954 4070 2312 4165 epistolam
2336 4074 2569 4165 digito
2612 4070 3103 4165 D.ei'.scr.ipsit,
3125 4090 3219 4165 'eo
3250 4070 3427 4165 quod
3448 4073 3608 4165 ipse

262 4151 547 4231 quidem,
560 4166 808 4227 eorum,
835 4151 955 4230 qui
974 4154 1134 4231 ante
1152 4167 1222 4212 se
1241 4150 1550 4231 defuncti
1573 4155 1761 4229 sunt,
1780 4150 2071 4214 Maximi
2090 4152 2352 4214 scilicet
2372 4150 2443 4213 et
2448 4151 2510 4231 Α
2522 4152 2817 4214 nastasii
2846 4150 3175 4231 discipuli
3200 4150 3373 4231 ejus,
3395 4150 3612 4231 siqni-

257 4230 581 4324 ﬁca'cerit
606 4231 801 4321 diem,
830 4233 909 4291 ut
923 4230 1294 4324 praelatum
1315 4230 1414 4324 est
1434 4232 1569 4324 ide
1592 4248 1665 4324 se
1690 4236 1936 4324 autem,
1958 4236 2030 4323 et
2050 4232 2396 4324 germanis
2417 4230 2763 4324 fratribus
2786 4231 2960 4324 ejus,
2986 4230 3317 4293 Theodoro
3346 4230 3611 4324 scilicet

261 4326 342 4371 ac
367 4310 748 4390 Euprepio,
784 4309 989 4371 nemo.
1016 4311 1188 4371 Insu
1241 4326 1316 4371 er
1337 4313 1401 4371 et
1418 4311 1721 4372 Martini
1742 4309 2166 4373 sanctissimi
2186 4315 2250 4373 et
2270 4309 2517 4373 summi
2542 4309 2903 4391 apostolici
2914 4325 3115 4391 papa
3143 4326 3221 4372 ac
3240 4310 3599 4389 martyris,

261 4390 385 4451 aui
408 4389 613 4451 omni.
639 4406 782 4451 quae
799 4389 921 4451 sub
944 4387 1083 4451 sole
1111 4328 1235 4451 est?
1272 4388 1602 4451 nracellit
1630 4390 1976 4451 liieraticce
2019 4391 2377 4451 dignitati.
2408 4394 2611 4451 atque
2654 4390 3097 4451 quorumdam
3124 4388 3425 4451 aliorum
3454 4405 3599 4451 auo-

1214 4437 1232 4466 2

261 4390 385 4470 qui
408 4387 782 4469 animique:
799 4389 921 4470 sub
944 4387 1083 4470 sole
1111 4406 1179 4451 es

1262 4388 1602 4481 praecellit
1630 4390 1976 4481 [eieraticce
2019 4391 2377 4469 dignitati,
2408 4388 2611 4481 atque
2654 4388 3097 4481 quorumdam
3124 4388 3425 4481 aliorum
3454 4405 3606 4469 quo-

259 4467 419 4531 rum
442 4467 740 4549 praesens
757 4468 1049 4549 epistola
1073 4467 1475 4532 mentionem
1500 4486 1634 4531 non
1660 4467 1859 4549 facit,
1886 4487 2003 4533 nec
2033 4467 2461 4551 quacunque,
2487 4467 2571 4533 ut
2595 4467 2768 4549 reor,
2792 4468 2941 4531 alia
2966 4468 3227 4547 cliarta,
3260 4468 3370 4532 cel
3389 4467 3597 4530 nemo.

252 4628 489 4698 Oportet
506 4642 604 4685 eos
635 4630 732 4700 qui
759 4630 877 4685 haec
901 4629 1144 4701 legerint
1172 4628 1516 4699 exemplaria
1540 4627 1836 4697 praesentis
1862 4626 1917 4687 D
1948 4626 2009 4683 in
2040 4627 2327 4698 Byzantio,
2370 4641 2482 4683 una
2523 4642 2652 4684 cum
2690 4630 3075 4684 concertatore
3105 4638 3209 4682 suo
3237 4628 3295 4680 et
3321 4636 3449 4680 vere
3482 4622 3608 4693 phi-
3646 4592 3671 4621 ’ί

184 4729 358 4773 sacrae
389 4716 556 4774 illius
576 4718 723 4774 sacri
755 4719 1030 4789 epistolae,
1048 4720 1162 4773 Deo
1187 4717 1539 4787 parentibus,
1562 4716 1660 4787 qui
1681 4730 1839 4772 scru-

185 4810 340 4860 tatur
369 4820 533 4862 renes
551 4811 607 4861 et
636 4808 826 4877 corda,
859 4806 1186 4862 ﬁrmissime
1216 4806 1463 4874 credere,
1496 4804 1634 4874 quia
1666 4804 1724 4859 in
1749 4817 1832 4875 ea,

186 4893 299 4949 Deo
344 4899 487 4949 teste
533 4894 814 4964 veritatis,
858 4908 927 4950 ex
979 4893 1103 4964 ipsa
1141 4893 1403 4963 epistola,
1437 4906 1562 4962 qum
1608 4892 1837 4962 prapria

188 4995 355 5039 manu
384 4985 531 5053 ejus,
561 4983 676 5039 imo
704 4989 769 5039 ut
793 4984 985 5039 verius
1017 4988 1247 5053 propter
1270 4981 1537 5038 miraculi
1574 4981 1836 5037 dicamus

185 5070 430 5143 insigne,
468 5072 655 5143 digito
688 5073 786 5128 Dei
815 5073 1030 5142 scripta
1054 5077 1159 5143 est,
1193 5071 1377 5128 sancti
1423 5069 1691 5125 videlicet
1726 5071 1836 5125 Pa-

187 5161 295 5215 tris
344 5168 401 5217 et
447 5162 708 5234 magistri
754 5162 935 5219 nostri
995 5162 1190 5218 domni
1239 5160 1466 5216 abbatis
1520 5159 1832 5229 Anastasii,

172 5250 494 5320 presbyteri
523 5257 579 5305 et
615 5251 980 5320 apocrisiarii
1026 5250 1275 5307 senioris
1318 5254 1374 5304 et
1419 5248 1835 5317 opinatissima:

189 5338 348 5393 urbis
392 5340 601 5407 Romae,
658 5339 1016 5411 multumque
1058 5338 1332 5395 certantis
1381 5336 1569 5408 magni
1618 5340 1675 5391 et
1705 5335 1831 5390 novi

191 5438 373 5483 revera
404 5427 674 5497 martyris
689 5427 951 5482 veritatis
969 5426 1315 5496 transcripta
1337 5428 1492 5492 sunt,
1526 5422 1739 5492 scripta
1763 5421 1833 5476 ab

191 5526 257 5569 eo
276 5522 564 5589 postquam
591 5531 797 5587 passus
816 5521 921 5588 est,
956 5515 1432 5587 quemadmodum
1462 5511 1681 5569 dictum
1724 5516 1831 5575 est,

606 5624 822 5679 Parnm.
882 5622 1136 5679 CXXIX.

1948 4715 2206 4786 losopho,
2272 4716 2387 4771 imo
2470 4715 2760 4797 degsopho
2828 4729 3163 4787 magnopere
3229 4716 3602 4782 commartyre

1945 4804 2161 4859 Christi
2192 4804 2311 4859 veri
2340 4803 2441 4858 Dei
2472 4807 2528 4858 et
2574 4803 2878 4859 salvatoris
2911 4803 3093 4859 nostri
3134 4802 3399 4869 Maximo,
3430 4800 3486 4855 id
3517 4804 3603 4855 est
3671 4874 3675 4878 _

1946 4905 2075 4948 cum
2105 4891 2176 4946 ab
2205 4891 2363 4946 intus
2395 4879 2663 4945 abscissa:
2705 4888 2920 4945 fuerint
2959 4890 3221 4960 pretiosa
3260 4888 3514 4958 ipsorum
3535 4900 3603 4942 ac

1946 4994 2140 5043 sacrae,
2190 4979 2589 5053 divinitusque
2643 4978 2921 5033 veraciter
2987 4977 3226 5034 mobiles
3271 4977 3483 5049 lingua:
3534 4988 3602 5031 ac

1948 5082 2168 5138 manus,
2196 5082 2325 5123 cum
2346 5065 2678 5122 verberibus
2693 5071 2749 5120 et
2768 5065 3069 5121 tormentis
3097 5064 3498 5134 amarissimis,
3530 5077 3600 5118 ex

1947 5156 2160 5227 quibus
2188 5154 2489 5227 sanguinis
2528 5154 2763 5210 ﬁuorem
2785 5157 2840 5208 et
2867 5167 3127 5222 pompam
3168 5167 3266 5223 per
3287 5157 3463 5209 totam
3506 5165 3600 5205 ur-

1946 5244 2069 5299 bem
2120 5244 2370 5314 perpessi
2414 5249 2569 5314 sunt,
2615 5243 2764 5313 quod
2812 5255 2913 5297 nec
2963 5242 3122 5297 malae
3176 5255 3427 5311 unquam
3466 5236 3598 5292 vitae

1947 5347 2137 5388 revera
2159 5334 2463 5403 quisquam
2496 5330 2797 5386 sustinuit.
2824 5331 2893 5385 Et
2915 5330 3028 5385 nisi
3052 5330 3210 5386 solus
3232 5332 3383 5384 Deus
3404 5326 3502 5397 qui
3525 5339 3594 5380 ex

1946 5421 2133 5477 nihilo
2163 5427 2229 5477 ut
2256 5427 2444 5477 essent
2460 5426 2663 5475 cuncta
2696 5419 2967 5489 produxit
2982 5424 3039 5473 et
3056 5423 3309 5474 mortuos
3330 5414 3588 5480 suscitat,

1945 5523 2013 5565 ex
2034 5508 2429 5579 hujuscemodi
2451 5507 2790 5564 crudelitate
2820 5506 3074 5576 ipsorum
3100 5510 3156 5559 et
3179 5508 3337 5558 tanto
3366 5496 3592 5568 sangui-

3158 5604 3233 5661 22
