4018 6160
437 319 546 380 683
1665 291 2027 354 ANASTASII
2065 289 2085 342 ι

2196 285 2604 342 .lOTllECAlilI
3693 273 3776 330 68.;

439 445 535 501 nis
562 433 746 512 ﬂuxu,
769 437 1026 495 cauterio
1052 430 1385 490 nullomodo
1418 427 1541 482 illis
1571 424 1819 491 indulto,
1852 418 1938 474 vel
1969 414 2164 512 con-A
2206 411 2538 512 Alanorum,
2562 407 2728 507 quasi
2760 403 2948 512 signis
2979 401 3294 512 qnuinqﬁuea
3318 394 3790 512 Ρῖειέξὲἕῖἱοέιὲορῗῗ

438 482 746 602 ἔίὶἶέῐὲῖῖδ
777 482 976 595 ali-quo
1013 518 1443 579 abscisionibus
1480 526 1750 570 manuum
1781 482 1954 579 atque
1993 503 2102 559 lin-
2212 500 2321 568 rio,
2349 499 2528 600 .est
2558 496 2742 602 prima
2781 494 2950 548 domo
2997 486 3258 602 Gregorii
3285 485 3393 584 veri
3431 483 3583 602 amici
3613 482 3786 540 Christi

437 571 767 694 gnarum-ald
789 571 1163 670 cessationem
1186 604 1492 677 sanguinis
1507 603 1672 672 juxta
1693 571 1905 654 morem
1927 603 2102 663 appO‘
2213 587 2448 659 patricii
2491 593 2545 641 et
2574 583 2942 655 Magistratus
2971 577 3220 676 ejusdem
3247 571 3788 694 regionis-atomorum.

1455 691 1494 694 --
1658 689 1672 694 -
1886 684 1897 694 -
2054 693 2059 694 κ
2417 681 2460 694 -.
2516 673 2780 694 -_.:_m
2817 679 3144 694 mmmam
3180 676 3313 694 mm“
3345 675 3375 694 τ,
3427 674 3502 694 ηρ,

437 658 692 778 :itomos
707 697 1174 760 conservassetad
1193 658 1594 750 verecundiam
1607 684 2096 748 adversariorum,
2208 677 2385 778 Cujus
2409 681 2478 775 et.
2509 673 2784 778 Optimam
2817 661 3376 778 memoriammerito
3404 658 3532 778 facit
3560 658 3794 778 iiinhujus.

438 747 1440 854 desiderato
1477 793 1510 834 a
1537 792 1597 834 se
1623 780 1736 832 Deo
1769 787 1906 830 suas
1935 747 2100 841 ipso-4
2211 765 2362 820 modi
2391 762 2656 834 epistola,
2690 755 2954 816 translati
3000 751 3268 854 videlicet
3309 749 3360 804 vi
3385 751 3438 804 et
3478 747 3796 854 praceptipne

440 835 829 942 $3253“
853 835 1050 932 revera
1079 876 1134 928 et
1173 871 1365 927 beatas
1395 866 1594 938 procul
1635 863 1816 921 dubio
1846 835 2096 916 animas.
2213 854 2552 910 miserorum
2596 849 2926 921 principum
2965 843 3074 942 qui.
3097 841 3225 897 illic
3246 843 3380 942 ante
3403 851 3458 892 se
3491 848 3652 936 usque
3673 835 3797 942 {die

604 921 829 1025 23;;
843 921 1036 1021 omnia
1073 961 1146 1017 ob
1185 958 1337 1014 nihil
1367 921 1528 1012 aliud
1560 953 1621 1008 in
1661 966 1760 1007 eos
1799 947 2098 1021 gesserunt
2208 939 2580 1012 praefuerunt,
2625 939 2686 993 in
2711 936 2906 992 eodem
2947 931 3117 988 tertio
3141 927 3346 1029 exsilio
3375 925 3588 1026 septies,
3603 921 3802 1029 Iin‘dini-

436 1011 568 1117 $3;
603 1011 998 1128 profanissimi
1043 1055 1098 1106 et
1143 1045 1458 1104 miserrimi
1496 1045 1768 1113 apostatae
1800 1011 2092 1104 veritatis,
2205 1011 2516 1088 cilioribus
2537 1027 2683 1084 locis
2701 1031 2758 1128 et
2779 1021 3154 1128 tribulatione
3177 1016 3372 1120 multa,
3401 1014 3456 1070 in
3483 1011 3800 1128 pradic‘toca.

591 1107 1156 1218 propter—pessimam
1199 1133 1478 1192 veraciter
1515 1107 1572 1188 et
1608 1129 1784 1186 solam
1817 1124 2096 1182 invidiam
2207 1121 2670 1218 SIPO.Thu.SllﬂleS
2694 1112 2972 1218 dormivit
3001 1111 3061 1166 in
3083 1107 3348 1218 Domino,
3369 1107 3802 1218 cumetips:

439 1188 950 1308 ZEJ'Echus
1014 1227 1200 1284 hostis
1247 1225 1466 1280 daemon
1523 1221 1583 1276 in
1632 1219 1718 1276 eis
1771 1213 2094 1282 seminavit,
2207 1209 2422 1266 tamine
2473 1207 2622 1264 bono
2687 1205 2980 1270 certasset,
3017 1196 3398 1308 orthodoxam
3451 1203 3625 1308 revera
3669 1188 3801 1308 ﬁdem

440 1283 916 1394 quemadmodjum
965 1321 1020 1372 et
1068 1314 1130 1369 iu
1177 1310 1472 1369 similibus
1521 1307 1648 1364 suis
1687 1303 1921 1373 Judmis,
1965 1314 2094 1356 cum
2207 1286 3152 1394 servasset,‘etncursum'martyrﬁ
3190 1283 3636 1394 consummasset,
3653 1290 3804 1394 luenn-

439 1368 930 1478 nou-potuissent
980 1402 1179 1458 saltem
1215 1401 1282 1456 ad
1325 1397 1614 1455 modicum
1649 1393 1791 1465 quid
1833 1368 2098 1446 resistere
2207 1389 2290 1444 sis
2314 1384 2623 1443 Octembrii
2649 1382 2744 1438 die
2767 1378 3089 1446 undecima,
3120 1371 3485 1478 feiaprirpa,
3510 1368 3632 1478 h‘ora
3653 1368 3802 1478 tertia:

439 1457 758 1568 sapientia,
782 1507 908 1565 qua:
929 1491 1054 1547 illis
1081 1489 1282 1546 merito
1305 1487 1490 1544 fuerat
1519 1499 1550 1540 a
1574 1457 1689 1539 Deo
1714 1482 1946 1548 donata,
1973 1476 2097 1548 (pro
2205 1490 2336 1532 cum
2370 1475 2663 1530 diceretur
2711 1471 2862 1525 inter
2901 1470 3095 1522 sancta
3142 1460 3348 1568 otiicia,
3387 1457 3584 1568 ‘Sm‘wt-a
3619 1457 3802 1568 satiras.

439 1543 572 1642 vera
603 1543 825 1640 scilicet
861 1581 1120 1648 veritate,
1153 1581 1209 1632 et
1228 1577 1414 1632 solum
1445 1587 1545 1644 pro
1582 1587 1647 1628 eo
1679 1569 1830 1641 quod
1864 1567 2098 1624 noluis—
2209 1564 2528 1621 indictione
2579 1560 2820 1626 decima,
2870 1570 2998 1612 cum
3049 1549 3408 1648 praedixisset
3447 1551 3500 1648 et
3524 1543 3805 1648 cipse‘dietn

440 1675 572 1731 sent
591 1672 679 1728 illi
703 1633 1125 1727 communicare
1149 1679 1278 1721 cum
1304 1664 1396 1719 his
1422 1633 1483 1718 in
1507 1668 1618 1718 tam
1645 1633 1875 1730 publica
1895 1663 1950 1712 et
1971 1655 2096 1711 sine
2127 1707 2176 1731 η
2208 1657 2419 1710 sanctae
2449 1648 2836 1720 depositionis
2857 1660 2972 1702 sua:
3003 1641 3350 1714 quibusdam
3377 1635 3474 1708 qui
3493 1633 3596 1690 sibi
3617 1633 3807 1688 aderant

437 1763 552 1817 Deo
601 1757 891 1827 impietate
937 1752 1211 1823 ipsorum)
1265 1765 1396 1807 cum
1446 1750 1571 1819 ipsa
1625 1751 1819 1803 sancta
1863 1745 2093 1800 dextera
2127 1745 2178 1768 ³-³
2204 1749 2334 1799 ante
2366 1753 2586 1797 menses
2612 1746 2747 1795 tres.

442 1862 615 1904 manu
647 1808 772 1912 sua,
821 1857 944 1914 qum
963 1808 1238 1898 labscissla
1291 1808 1496 1908 fuerat,
1539 1837 1823 1906 cujusque
1853 1838 2096 1888 truncus
2275 1833 2344 1886 Et
2371 1829 2509 1885 aliis
2539 1839 2766 1897 quoque
2797 1821 3066 1895 pluribus
3097 1816 3400 1874 miraculis
3431 1808 3746 1914 sanctissimi
3765 1812 3809 1862 et

685 1897 1146 1999 remanseratﬁd
1188 1933 1274 1985 est
1300 1928 1424 1984 sine
1457 1897 1648 1996 planta
1683 1897 1747 1979 et
1759 1921 1966 1994 digitis
1997 1921 2098 1976 in-
2205 1919 2393 1976 omnis
2429 1915 2728 1973 efﬁcientis
2755 1913 3010 1983 Spiritus
3051 1905 3468 1999 cooperatione,
3494 1907 3615 1999 tam.

440 2023 674 2093 opinato
703 1985 1060 2091 argumento,
1093 2031 1224 2074 cum
1250 1985 1522 2072 videlicet
1545 2015 1662 2070 duo
1699 1985 1932 2068 sibimet
1957 2023 2098 2079 par—
2205 2021 2375 2078 quam
2409 2007 2469 2062 in
2502 2003 2730 2060 duobus
2759 2001 2988 2057 exsiliis
3016 1998 3159 2064 suis,
3195 1991 3530 2064 Trapezunti
3568 1985 3807 2093 videlicet,

438 2072 676 2167 virssima
705 2072 862 2180 ligona
887 2111 942 2162 et
979 2105 1176 2162 tenuia
1207 2103 1588 2176 colligaverit,
1637 2101 1774 2170 imo,
1810 2104 1875 2154 ut
1901 2097 2095 2152 verius
2204 2101 2262 2151 et
2321 2093 2670 2150 Mesembria:
2733 2089 2994 2161 patratis,
3025 2085 3418 2158 plurimisque
3459 2075 3719 2180 conversis
3754 2072 3808 2180 ad

705 2163 919 2252 virtute
938 2200 996 2250 et
1015 2194 1199 2266 gratia
1220 2163 1418 2250 divina
1447 2198 1504 2249 et
1526 2163 1812 2248 invisibili
1835 2187 2096 2258 expedite
2203 2184 2498 2242 veritatem
2515 2187 2572 2238 et
2598 2179 2966 2236 illuminatis.
2985 2176 3095 2246 Qui
3123 2167 3582 2267 cumconversati
3611 2163 3812 2267 fuissent

951 2249 1344 2353 prohibitione
1375 2280 1736 2352 loquebatur,
1767 2249 2093 2348 quanquam
2204 2281 2260 2328 et
2291 2273 2692 2342 perdurasseut
2732 2269 2790 2323 in
2825 2267 2930 2322 hoc
2955 2271 3152 2321 sancto
3175 2268 3232 2318 et
3262 2257 3588 2316 beatissimo
3614 2258 3664 2358 et
3689 2249 3814 2358 mul-

439 2341 512 2432 ab
533 2377 692 2432 intus
715 2387 784 2429 ex
815 2341 1146 2442 ipso-fuerit
1180 2369 1358 2426 fundo
1389 2341 1654 2436 rescissa,
1695 2341 1849 2422 sicut
1881 2341 2092 2419 Le-bar—
2205 2341 2392 2418 torum
2439 2359 2714 2416 sudorum
2755 2354 3089 2424 certamine,
3131 2352 3186 2406 id
3227 2355 3320 2406 est
3347 2358 3598 2442 coronam
3641 2341 3814 2442 ferente

438 2464 634 2520 nicius
665 2433 945 2531 patricius
967 2459 1176 2514 Lazicae
1206 2471 1335 2513 cum
1363 2433 1708 2526 juramentis
1729 2451 2094 2508 terribilibus
2203 2449 2562 2505 confessione
2583 2462 2648 2503 ac
2665 2443 3018 2505 testimonio,
3050 2440 3365 2511 praedictus
3391 2435 3605 2508 quidem
3623 2433 3814 2486 sanctus

439 2525 731 2606 enarravit
762 2547 948 2616 nobis,
985 2525 1416 2615 dispensatione
1457 2543 1558 2599 Dei
1609 2543 1670 2598 in
1696 2541 1802 2598 hoc
1831 2541 1956 2610 ipso
1996 2555 2094 2610 per
2201 2538 2542 2593 Anastasius
2583 2535 2874 2606 presbyter
2911 2537 2968 2586 et
3015 2527 3438 2600 apocrisiarius
3486 2525 3758 2616 Roman-us,
3789 2526 3814 2566 a

439 2640 617 2694 semet
638 2637 924 2705 inspector
938 2608 1195 2700 effectus,
1224 2631 1489 2688 difﬁdens
1514 2637 1686 2700 su'per
1711 2630 1818 2685 hoc
1839 2608 2091 2701 glorioso
2203 2630 2359 2682 sexta
2412 2625 2730 2680 indictione
2775 2619 3049 2692 prmteriti
3097 2617 3242 2688 cycli
3279 2611 3553 2705 usquead
3581 2608 3813 2705 decimam

437 2691 1063 2796 etingentilmiraculo.
1108 2720 1258 2788 Quin
1279 2726 1336 2777 et
1364 2721 1699 2777 Theodorus
1730 2691 2095 2788 protosecre-
2203 2714 2598 2780 indictionem,
2643 2713 2701 2767 in
2751 2691 3021 2767 omnibus
3063 2706 3362 2777 prtedictis
3407 2701 3586 2796 tribus
3617 2691 3816 2796 “exsiliis

2127 1707 2178 1768 B

440 2814 626 2871 tarius
684 2810 938 2882 praetorii
986 2807 1235 2879 praefecti
1284 2807 1906 2877 Constantinopolitani
1961 2812 2091 2861 ante

441 2902 595 2958 hunc
622 2898 912 2958 enarravit
939 2897 1104 2968 mihi,
1138 2903 1195 2952 et
1225 2897 1348 2966 ipse
1375 2911 1500 2952 cum
1535 2895 1921 2952 horribilibus
1937 2895 2096 2964 jura-

440 2989 668 3057 mentis,
697 3001 827 3044 cum
855 2985 1126 3042 conscius
1147 2985 1354 3042 fuisset
1381 2991 1706 3041 sanctarum
1759 2984 2087 3054 passionum

2202 2803 2346 2874 suis,
2389 2779 2856 2858 traductionibus
2885 2796 3132 2854 diversis
3170 2792 3430 2862 atiectus,
3464 2779 3816 2874 tribulationi-

2201 2867 2425 2962 busque
2452 2905 2518 2946 ac
2548 2887 3010 2955 necessitatibus,
3031 2890 3089 2940 et
3115 2881 3414 2955 angustiis
3440 2891 3546 2934 non
3568 2867 3820 2962 mediocri-

2202 2979 2310 3036 bus
2331 2954 2442 3034 ἠερ
2463 2976 2726 3045 modicis,
2750 2954 3062 3046 permansit
3085 2954 3254 3026 annis
3292 2967 3520 3040 viginti.
3549 2954 3816 3046 Discipulis

440 3043 721 3148 ipsorum,
745 3079 1015 3145 tanquam
1036 3074 1309 3130 dominus
1327 3078 1384 3130 et
1405 3074 1676 3146 magister
1694 3043 2088 3142 hujuscemodi
2119 3063 2170 3127 C
2199 3081 2332 3124 vero
2361 3069 2486 3138 ejus
2521 3043 2817 3121 Theodoro
2847 3069 2903 3118 et
2926 3059 3221 3148 Euprepio
3253 3054 3545 3148 germanis
3563 3043 3815 3148 et.

440 3178 652 3234 rerum,
713 3162 966 3234 glorians
1009 3167 1065 3218 et
1111 3162 1354 3218 laudans
1401 3175 1466 3217 ac
1509 3161 1722 3233 gratias
1768 3174 1940 3232 agens
1977 3161 2091 3215 Deo

437 3267 614 3324 super
640 3251 744 3308 tali
767 3251 1046 3307 miraculo
1071 3257 1128 3308 et
1151 3257 1264 3306 tam
1294 3249 1550 3306 fiduciali
1571 3250 1787 3305 virtute
1809 3249 2086 3318 ipsorum.

437 3341 742 3412 Quoniam,
786 3338 939 3395 sicut
986 3339 1148 3395 canis
1178 3339 1262 3394 vel
1293 3352 1494 3394 cervus
1518 3351 1764 3394 excursu
1817 3337 1999 3394 multo
2035 3339 2092 3391 et

439 3430 541 3486 siti
580 3429 666 3486 vel
701 3430 980 3500 caumate,
1023 3427 1103 3483 ila
1132 3427 1467 3483 laxaverunt
1495 3431 1550 3482 et
1580 3427 1948 3482 tradiderunt
1984 3425 2094 3480 lin-

439 3531 582 3590 guas
613 3519 844 3573 suas'ut
879 3515 1050 3571 etiam
1093 3529 1315 3583 manus,
1358 3526 1684 3584 quanquam
1740 3513 1893 3568 brevi
1931 3511 2090 3566 valde

437 3608 657 3661 statura
687 3608 919 3660 sanctus
952 3608 1009 3658 et
1039 3601 1306 3656 inﬁrmus
1340 3605 1488 3656 esset
1517 3613 1755 3668 corpore
1781 3599 2086 3667 Maximus,

435 3692 612 3749 sicuti
640 3691 866 3747 cunctis
891 3695 977 3744 est
1003 3686 1386 3743 manifestum.

505 3778 781 3848 Quocirca
833 3781 890 3832 et
953 3774 1344 3830 abundantius
1394 3773 1714 3829 adversarii
1765 3772 2090 3830 sauciantes

433 3881 640 3925 sensus
668 3880 804 3922 suos
825 3877 998 3932 super
1017 3867 1176 3917 tanta
1202 3867 1259 3918 et
1279 3861 1381 3917 tali
1412 3861 1711 3918 alacritate
1737 3868 2086 3924 sanctorum,

435 3953 788 4011 intrinsecus
829 3949 1170 4020 nequissimi
1218 3953 1275 4004 et
1305 3949 1584 4005 veraciter
1644 3949 1969 4016 inhumani,
2017 3957 2080 4005 ut

434 4053 629 4099 revera
674 4038 806 4095 feras
837 4042 1088 4110 agrestes
1131 4038 1234 4094 bas
1279 4036 1708 4094 abscindebant.
1748 4040 1868 4094 Non
1901 4038 2087 4096 solum

437 4129 548 4185 ista
569 4128 654 4184 sic
681 4126 753 4182 ab
781 4139 846 4183 eo
870 4125 1116 4196 epistola
1145 4126 1379 4198 scripta,
1419 4126 1514 4183 sal
1545 4133 1603 4182 et
1629 4127 1768 4183 aliis
1790 4127 1990 4184 multis
2020 4127 2088 4183 li-

433 4215 559 4273 bris
600 4228 666 4272 ac
711 4215 883 4271 tomis
925 4215 1250 4271 studiorum
1286 4215 1491 4286 ipsius.
1532 4216 1785 4285 Quorum
1814 4215 1926 4284 ipsi
1971 4229 2084 4272 non

432 4303 622 4362 solum
667 4304 1018 4374 inspectores
1053 4303 1252 4360 divina
1301 4303 1659 4374 providentia
1699 4302 1832 4359 facti
1861 4317 2080 4374 sumus,

2201 3135 2499 3226 fratribus,
2530 3153 2672 3210 ﬁliis
2701 3151 2918 3208 Plutini
2949 3147 3268 3206 beatissimi
3313 3139 3650 3216 imperatorii
3676 3135 3815 3206 pisto-

2201 3247 2305 3318 ris,
2325 3245 2382 3300 id
2397 3243 2592 3314 estqui
2607 3255 2778 3312 super
2789 3253 2984 3296 omnes
2999 3239 3245 3308 pistores
3265 3234 3530 3306 publicos
3542 3233 3638 3298 est,
3653 3230 3814 3318 eorum

2200 3313 2468 3391 videlicet
2509 3313 2608 3402 qui
2644 3343 2901 3385 annonas
2951 3326 3279 3383 scholarum
3317 3322 3568 3380 omnium
3606 3313 3812 3373 solvunt»

2202 3423 2352 3493 quod
2405 3401 2726 3490 appellatur
2781 3417 3164 3484 Tetransiton,
3213 3413 3452 3470 divitiis
3493 3401 3734 3480 pretiosis
3772 3402 3817 3493 et

2199 3489 2584 3581 dignitatibus
2647 3506 2912 3576 diversis,
3000 3505 3342 3574 divinisque
3405 3489 3818 3581 virtutibus,_el

2199 3575 2550 3669 virginitate,
2591 3609 2718 3665 quae
2746 3595 2840 3650 his
2869 3575 3138 3650 omnibus
3169 3593 3357 3662 major
3385 3593 3488 3650 est,
3526 3575 3810 3672 adornatis}

2199 3666 2499 3757 perquam
2524 3684 2769 3754 scilicet,
2797 3689 2864 3740 ut
2883 3685 3108 3754 opinor,
3145 3683 3325 3738 etiam
3357 3676 3569 3736 sanctis
3587 3684 3677 3743 pro
3693 3666 3821 3760 Chri-

2199 3779 2288 3830 sto
2307 3773 2592 3846 agonibus
2617 3779 2674 3828 et
2693 3776 2924 3829 coronis
2947 3771 3218 3828 honorari
3243 3769 3594 3832 meruerunt,
3621 3762 3677 3815 ut
3701 3757 3816 3846 casti

2198 3868 2254 3918 et
2284 3843 2484 3918 mundi
2526 3863 2715 3934 corde,
2743 3862 3016 3933 quoniam
3042 3861 3156 3932 ipsi
3188 3863 3374 3916 Deum
3407 3853 3687 3913 videbunt.
3715 3843 3822 3899 Post

2199 3952 2448 4023 primum
2495 3951 2756 4024 magistri
2801 3951 2892 4008 sui
2932 3957 2988 4006 et
3030 3949 3211 4006 nostri
3257 3948 3414 4020 apud
3459 3939 3818 4024 Trapezuntem

2198 4019 2468 4096 exsilium
2517 4019 2717 4095 multis
2741 4039 3118 4109 eleemosynis
3149 4042 3205 4094 et
3233 4032 3626 4094 oblationibus
3665 4019 3820 4109 factis,

2194 4128 2521 4186 volentibus
2575 4129 2805 4184 Romam
2859 4106 3164 4198 confugere
3221 4126 3494 4196 protinus
3533 4126 3587 4176 et
3615 4113 3741 4186 ipsis
3772 4106 3820 4160 in

2193 4219 2386 4275 eadem
2437 4217 2827 4288 persecutione
2870 4230 3043 4286 prope
3089 4215 3349 4285 Abydum
3409 4199 3816 4288 comprehensis,

2196 4282 2719 4376 propter'eamdem
2765 4309 2823 4360 et
2849 4282 3028 4361 solam
3083 4282 3340 4376 causam,
3390 4309 3448 4358 et
3477 4313 3575 4372 pro
3604 4309 3666 4351 eo
3695 4282 3818 4361 Ψιοά

429 4393 528 4450 sed
566 4397 625 4450 et.
662 4393 868 4464 partim
913 4391 974 4446 in
1003 4397 1211 4448 sortem
1246 4392 1430 4464 gratia
1473 4391 1572 4446 Dei
1609 4405 1676 4446 ex
1710 4391 1796 4448 eis
1823 4393 2084 4462 accipere
2115 4375 2168 4436 D
2196 4375 2516 4450 noluissent
2535 4409 2663 4450 cum
2693 4393 2781 4449 eis
2807 4393 3186 4449 contaminari
3215 4375 3334 4448 tam
3365 4391 3622 4448 evidente
3644 4379 3823 4451 impie—

432 4479 600 4538 illius
629 4481 1007 4552 praeceptione
1029 4480 1364 4549 meruimus,
1387 4485 1445 4536 et
1475 4479 1620 4549 ipsis
1651 4494 1877 4552 quoque
1897 4481 2080 4537 simili

429 4575 762 4640 argumento
775 4573 830 4624 et
851 4582 1040 4639 manu,
1068 4569 1203 4635 imo,
1230 4572 1296 4624 ut
1313 4568 1506 4623 verius
1529 4568 1748 4624 dictum
1769 4573 1874 4640 est,
1897 4570 2080 4642 digito

330 4666 338 4672 '
429 4655 669 4726 scriptis
691 4656 814 4726 Dei,
851 4657 1005 4712 sicut
1040 4655 1228 4726 magni
1260 4655 1436 4726 Moysi
1472 4658 1722 4726 tempore
1759 4657 1972 4730 legitur
1987 4657 2080 4713 fa.

428 4748 616 4798 ctum:
666 4743 1026 4812 providentia
1059 4742 1328 4798 videlicet
1369 4748 1426 4799 et
1453 4747 1854 4815 c00peratione
1897 4746 2080 4803 solius

427 4829 840 4899 omnipotentis
880 4830 979 4885 Dei
1030 4830 1152 4901 qui,
1193 4844 1322 4886 cum
1354 4832 1432 4888 sit
1465 4839 1686 4890 amator
1719 4834 1996 4891 bonitatis
2021 4839 2077 4890 et

431 4915 750 4988 hominum,
799 4915 937 4972 facit
968 4917 1260 4974 mirabilia
1294 4933 1493 4992 magna
1538 4921 1596 4976 in
1629 4922 1846 4978 sanctis
1877 4923 2003 4979 suis
2027 4927 2084 4978 et

432 5002 714 5076 glorificat
759 5018 887 5061 vere
941 5005 1326 5078 gloriﬁcantes
1373 5021 1452 5076 se,
1515 5016 1626 5064 tam
1682 5010 2080 5066 indeclinabili

433 5105 602 5162 opere
651 5105 816 5162 quam
861 5093 1031 5150 verbo
1063 5099 1121 5150 et
1160 5095 1434 5150 veritate:
1479 5109 1608 5152 cum
1639 5098 1827 5154 adhuc
1855 5099 2085 5169 degeret

435 5179 496 5236 in
527 5179 750 5250 ultimo,
779 5179 836 5236 id
876 5187 963 5236 est
993 5183 1162 5238 tertio
1191 5183 1398 5239 exsilio
1419 5198 1524 5240 suo
1549 5186 1780 5256 Lazicaa,
1815 5187 1874 5240 in
1897 5192 2084 5244 castro

432 5267 754 5324 Thusumes
805 5276 1153 5340 nuncupata,
1195 5271 1307 5327 sito
1352 5285 1524 5342 supra
1566 5273 1761 5328 villam
1801 5276 2080 5348 Mochoes,

435 5355 687 5415 climatis
700 5357 932 5428 Apsillae
951 5358 1204 5429 termini,
1229 5361 1298 5415 ad
1329 5360 1616 5416 Orientem
1641 5363 1857 5418 Pontici
1884 5365 2082 5433 maris,

436 5444 586 5514 apud
637 5443 825 5515 ipsum
870 5445 1063 5516 pedem
1115 5446 1517 5505 Caucasiorum
1575 5450 1872 5522 montium,
1917 5453 2082 5522 juxta

432 5531 649 5588 Christi
686 5533 1000 5591 amicorum
1035 5533 1320 5606 regionem
1364 5536 1738 5610 Abasgorum,
1774 5543 1832 5594 et
1859 5545 2080 5611 gentem

2193 4488 2308 4538 tate
2333 4483 2394 4538 in
2427 4481 2660 4554 profano
2684 4488 2740 4538 et
2771 4483 3000 4553 penitus
3029 4483 3154 4538 sine
3181 4483 3294 4538 Deo
3314 4477 3679 4552 imperatorio
3696 4473 3820 4540 Typo

2192 4571 2292 4642 qui
2319 4585 2387 4626 ex
2421 4570 2806 4626 submissione
2837 4570 3022 4626 factus
3057 4575 3145 4626 est
3177 4583 3378 4626 eorum
3419 4567 3519 4640 qui
3556 4566 3708 4621 erant
3730 4558 3820 4614 Ec-

2188 4659 2378 4715 clesite
2405 4659 2993 4731 ConstantinOpoleos,
3020 4663 3076 4715 et
3096 4658 3434 4728 publicatis,
3461 4657 3518 4712 id
3550 4658 3632 4710 est
3662 4650 3822 4705 denu-

2189 4747 2342 4804 datis
2359 4747 2511 4803 omni
2535 4747 2857 4803 substantia
2879 4762 3003 4818 qua:
3029 4747 3214 4803 inerat
3233 4747 3344 4804 sibi
3357 4789 3372 4817 ,
3397 4750 3455 4801 et
3471 4735 3820 4816 dignitatibus

2193 4849 2337 4906 quas
2365 4835 2676 4891 habebant:
2711 4836 3048 4908 ﬂagellaque
3077 4835 3343 4891 mortalia
3379 4848 3411 4889 a
3447 4831 3698 4904 praefecto
3723 4833 3823 4878 sus-

2193 4925 2567 4995 cipientibus,
2619 4929 2676 4979 et
2719 4923 3058 4980 Chersonem
3111 4923 3170 4978 in
3205 4923 3483 4979 exsilium
3531 4915 3735 4984 missis,
3775 4911 3822 4962 el

2195 5012 2319 5068 illic
2356 5013 2413 5067 vi
2453 5013 2666 5083 saepius
2693 5012 2764 5068 ab
2796 5011 3038 5068 invicem
3083 5012 3386 5082 separatis,
3433 5013 3492 5065 et
3540 5008 3599 5063 in
3645 4997 3823 5060 castris

2194 5101 2450 5171 gentium
2487 5100 2696 5156 ibidem
2725 5101 3107 5170 adjacentium
3128 5099 3458 5170 deputatis:
3485 5095 3682 5166 junior
3707 5084 3821 5158 qui-

2194 5188 2322 5243 dem
2372 5187 2566 5260 frater,
2599 5188 2721 5260 qui,
2775 5194 2838 5244 ut
2887 5202 3014 5245 vere
3062 5189 3122 5244 in
3178 5187 3408 5244 cunctis
3449 5185 3820 5260 pheronymus,

2194 5278 2482 5346 Euprepes
2525 5255 2854 5334 nominatus
2889 5281 2995 5348 est,
3045 5275 3325 5346 completo
3364 5274 3424 5329 in
3457 5255 3819 5348 hujuscemodi

2193 5366 2292 5422 Dei
2347 5366 2530 5422 amico
2578 5379 2775 5438 agone,
2830 5347 2988 5423 anno
3019 5379 3189 5434 nono,
3233 5363 3299 5419 ad
3341 5361 3652 5418 Dominum
3699 5347 3824 5409 abiit

2197 5467 2386 5510 mense
2458 5453 2748 5526 Octobrio,
2818 5454 2914 5511 die
2981 5453 3250 5510 vicesima
3313 5455 3479 5506 sexta
3536 5441 3820 5503 indictione

2195 5555 2314 5599 XIV.
