4034 6158
855 326 1364 420 CODLECTANEA.
1408 397 1477 406 —
1516 367 2084 429 IIYPOMNESTICON
2118 376 2208 433 DE
2245 381 2496 439 GESTiS.
2539 388 2593 440 s.
2639 390 2917 462 MAXIM],
2967 395 3111 449 ere.

3575 399 3684 464 686

321 488 489 544 Alter
519 505 670 607 viro,
706 507 739 561 q
773 508 782 546 ξ
834 498 891 546 (ί
922 493 1084 562 prior
1114 493 1308 565 frater,
1343 497 1559 607 qluiqxe
1584 499 1684 554 Dei
1710 500 1921 556 donum
1951 503 2010 562 Α
2036 512 2192 589 nota,
2234 512 2332 581 qui
2365 515 2557 572 omnia
2598 518 2871 576 nimirum
2902 524 2971 578 ad
3015 527 3322 585 utilitatem
3363 532 3677 607 dispensat,

321 578 464 607 mann
498 593 523 607 η
609 580 798 607 Ληιῖηη
844 586 920 607 ηηι
956 586 1186 607 "Anne.--
1263 598 1375 607 --μω
1404 600 1574 607 --..,...-
1608 587 1670 607 AL
1734 589 1913 607 --.μμ
2039 593 2051 605 ο
2347 602 2360 607 -
2618 606 2623 607 ,

253 578 466 634 merito
495 593 529 634 a
557 580 799 635 Domino
841 586 927 636 est
956 586 1209 654 vocatus,
1263 586 1577 653 perdurans
1605 587 1676 643 ab
1729 589 1919 644 eadem

2036 584 2311 655 immensa
2346 602 2499 659 hunc
2524 612 2581 660 et
2612 606 2889 665 ineffabili
2914 614 3270 680 providentia
3288 584 3673 680 conservante:

251 673 416 769 sexta
451 668 771 768 indictione
796 673 1216 769 usqueadjam
1257 674 1470 730 dictam
1516 676 1792 731 decimam
1823 677 1922 769 inf
2029 683 2168 740 Cum
2200 686 2429 747 fecisset
2460 693 2519 747 in
2545 695 2773 752 duobus
2806 668 3246 769 carceribusiin
3277 668 3682 767 “cubitu-sci:

246 754 573 810 dictionem
592 757 866 817 instantis
886 759 1054 831 cycli,
1082 760 1139 815 id
1162 766 1248 816 est
1270 776 1451 832 usque
1471 764 1540 819 ad
1565 764 1916 820 sanctissimi

247 844 446 899 Patris
465 848 523 900 et
544 846 805 916 magistri
832 861 1030 903 eorum
1055 862 1121 904 ac
1144 850 1327 907 nostri
1364 853 1656 908 Anastasii
1678 853 1919 924 presby—

245 933 385 1003 teri,
421 934 525 1004 qui
559 948 750 990 revera
780 936 1163 1009 miserrimus,
1196 944 1252 994 et
1276 939 1518 1009 orphani
1544 946 1774 1012 propter
1804 947 1915 998 tam

246 1023 576 1093 raritatem,
606 1028 662 1077 et
684 1023 938 1094 inopiam
960 1025 1118 1081 verbi
1156 1028 1418 1084 veritatis
1433 1033 1489 1084 et
1513 1030 1703 1086 omnis
1731 1032 1918 1101 spiri—

243 1110 434 1167 tualis
457 1124 619 1183 escae,
640 1113 720 1168 ita
743 1117 806 1169 ut
832 1127 984 1169 nunc
1008 1115 1181 1171 etiam
1206 1117 1581 1187 adimpletum
1607 1120 1852 1190 sitquod
1883 1134 1916 1176 a

240 1199 502 1256 Domino
525 1201 596 1256 de
631 1201 800 1257 malis
839 1204 1287 1260 novissimorum
1328 1210 1643 1276 temporum
1673 1208 1912 1281 dicitur,

247 1301 371 1343 non
428 1287 636 1344 famem
677 1289 843 1359 panis
893 1292 1248 1365 mittendam,
1302 1309 1486 1365 neque
1542 1296 1701 1352 sitim
1729 1312 1911 1369 aqua},

244 1375 351 1431 sed
388 1374 595 1433 famem
625 1379 900 1434 audiendi
930 1380 1162 1436 verbum
1202 1384 1455 1453 Domini,
1490 1385 1664 1443 sicuti
1694 1386 1912 1442 dictum

241 1470 358 1535 est,
395 1471 651 1521 sanctam
682 1466 740 1522 in
774 1468 1017 1524 Domino
1048 1470 1482 1540 requietionem,
1511 1486 1724 1529 annum
1753 1475 1914 1530 vice-

242 1554 471 1609 simum
484 1555 806 1625 agitadhuc
829 1570 1193 1626 perseverans
1216 1560 1273 1614 in
1292 1560 1586 1617 athleticis
1600 1563 1912 1620 sudoribus

238 1645 298 1696 et
322 1640 636 1712 agonibus,
664 1642 725 1697 iu
755 1643 948 1698 eodem
978 1644 1285 1702 Chersonis
1309 1647 1538 1718 exsilio,
1562 1649 1679 1718 jam
1708 1664 1913 1706 memo-

241 1734 414 1785 ratus
483 1729 749 1785 videlicet
805 1729 980 1788 frater
1034 1733 1363 1791 Theodorus
1425 1737 1524 1806 qui
1574 1741 1629 1792 et
1678 1739 1909 1808 propria

2030 773 2164 829 licet
2194 781 2250 832 et
2295 781 2557 837 custodia
2586 783 2859 857 praefecti,
2893 788 2955 843 in
3005 789 3379 849 tribulatione
3408 798 3587 854 multa
3622 804 3680 855 et

2030 860 2365 921 infirmitate
2385 870 2724 938 gravissima
2769 874 2893 930 dies
2923 883 3149 934 centum
3190 882 3682 954 octogintazom-

2028 963 2153 1005 nem
2180 965 2310 1009 vero
2342 954 2741 1015 tribulationis
2765 976 2882 1017 suae
2910 977 3146 1035 agonem
3192 968 3252 1023 in
3290 970 3461 1027 annis
3488 972 3677 1030 tribus

2024 1042 2081 1132 et
2116 1038 2285 1132 uitra,
2314 1041 2511 1132 sicuti,
2545 1059 2612 1100 ex
2639 1046 2732 1103 his
2763 1063 2889 1119 qua:
2915 1051 2985 1106 de
3017 1052 3142 1122 ipso
3164 1056 3491 1128 conscripta
3516 1064 3672 1132 sunt,

2025 1129 2082 1180 et
2104 1139 2134 1180 a
2158 1128 2428 1186 Romanis
2455 1132 2766 1206 militibus,
2794 1140 2852 1192 et
2895 1140 3146 1209 propriis
3186 1142 3312 1211 ejus
3339 1128 3674 1205 hominibus

2025 1213 2125 1283 qui
2158 1228 2286 1270 cum
2318 1230 2384 1273 eo
2414 1220 2615 1276 multis
2646 1226 2945 1281 tormentis
2972 1226 3160 1283 affecti
3187 1243 3286 1299 per
3303 1231 3529 1290 diversa
3551 1233 3675 1291 loca

2023 1300 2295 1358 exsilium
2334 1307 2636 1379 pertulere,
2671 1310 2821 1367 scire
2850 1314 3162 1381 potuimus.
3198 1318 3370 1375 Porro
3398 1320 3675 1378 dormivit

2022 1393 2079 1443 et
2110 1389 2230 1458 ipse
2262 1392 2320 1447 in
2349 1395 2609 1469 Domino,
2651 1412 2779 1453 cum
2812 1414 2981 1456 unam
3011 1417 3231 1473 semper
3266 1412 3322 1462 et
3344 1407 3523 1464 solam
3548 1424 3674 1466 san-

2021 1482 2167 1532 ctam
2190 1480 2527 1537 catholicam
2556 1490 2610 1539 et
2635 1488 3006 1555 apostolicam
3028 1491 3336 1563 gloriosam
3359 1495 3461 1551 Dei
3484 1499 3666 1553 nostri

2019 1567 2328 1623 Ecclesiam
2380 1572 2791 1631 sacratissimis
2837 1581 2895 1632 et
2953 1580 3253 1637 veracibus
3301 1583 3671 1656 dogmatibus

2019 1657 2290 1725 synodice
2339 1658 2705 1733 illustrasset,
2745 1669 2801 1719 et
2830 1672 2941 1720 tam
2971 1675 3297 1725 sanctarum
3335 1684 3402 1727 ac
3433 1673 3673 1729 univer—

2021 1743 2228 1799 salium
2258 1745 2475 1817 quique
2519 1750 2887 1823 synodorum,
2932 1755 3175 1811 Nicazna:
3204 1757 3490 1830 videlicet,
3515 1760 3673 1816 Con-

240 1831 427 1873 manu
460 1817 641 1921 multa
670 1824 996 1875 sanctorum
1035 1823 1309 1891 opuscula
1338 1824 1612 1896 dignatus
1634 1832 1722 1880 est
1749 1826 1911 1881 exhi-
1938 1828 1991 1889 Β
2021 1817 2568 1904 stantinopolitanze,
2592 1817 2891 1907 Ephesium
2916 1842 3149 1913 prioris,
3168 1817 3668 1921 Chalcedonensis,

239 1906 382 1961 bere
412 1905 603 1977 nobis,
634 1907 734 1977 qui
762 1908 1133 1981 pergebamus
1164 1911 1304 1967 illuc
1338 1913 1407 1968 ad
1438 1913 1825 1970 visitationem
1850 1919 1908 1970 et

240 1995 647 2051 adorationem
700 1996 845 2065 ejus,
902 2002 958 2053 et
1010 1999 1271 2067 pretiosae
1325 2002 1610 2058 memoria;
1666 2003 1900 2058 Martini

239 2085 463 2141 summi
496 2090 554 2139 et
576 2099 703 2141 vere
736 2087 1083 2143 universalis
1117 2101 1270 2158 papae
1311 2095 1367 2144 et
1394 2092 1580 2162 magni
1633 2092 1901 2161 martyris

240 2173 534 2230 veritatis.
562 2174 738 2243 Cujus
766 2178 822 2229 et
853 2174 1130 2231 miracula
1171 2177 1338 2233 nobis
1367 2179 1601 2248 copiosa
1630 2194 1755 2250 qua:
1785 2180 1907 2235 ibi—

240 2262 376 2318 dem
409 2260 561 2317 facta
588 2268 742 2332 sunt,
767 2277 897 2319 cum
920 2263 1100 2319 illatis
1126 2279 1354 2336 quoque
1381 2266 1503 2322 illis
1525 2267 1908 2337 importabili-

243 2350 381 2421 bus,
420 2350 643 2422 retulit,
667 2351 875 2407 donata
903 2352 1074 2408 etiam
1102 2354 1386 2422 particula
1412 2357 1595 2412 sancti
1619 2357 1819 2427 orarii,
1847 2357 1902 2412 id

243 2445 335 2496 est
366 2437 620 2508 facialis,
650 2454 775 2510 quae
806 2440 919 2495 sibi
961 2439 1146 2496 fuerat
1174 2441 1245 2496 ab
1297 2456 1363 2498 eo
1392 2443 1632 2500 dimissa
1658 2462 1670 2498 :
1704 2450 1760 2500 et
1791 2458 1906 2501 uno

242 2542 314 2583 ex
345 2528 642 2599 campagis
666 2528 811 2597 ejus,
852 2528 909 2583 id
953 2533 1040 2584 est
1067 2529 1302 2602 caligis:
1342 2546 1486 2602 quos
1531 2532 1729 2608 nullus
1753 2533 1906 2589 alius

245 2617 409 2672 inter
434 2616 696 2672 homines
737 2621 943 2689 portat,
985 2618 1100 2675 nisi
1142 2624 1377 2676 sanctus
1407 2634 1548 2691 papa
1574 2623 1898 2678 Romanus:

242 2720 311 2763 eo
330 2707 490 2776 quod
503 2711 560 2761 et
578 2706 698 2776 ipse
714 2705 837 2761 illic
854 2704 1032 2762 fuerit
1051 2707 1259 2764 exsilio
1278 2709 1582 2779 relegatus,
1606 2716 1903 2781 postquam

243 2794 449 2850 omnia
496 2794 624 2850 dira
680 2808 881 2864 passus
913 2799 1018 2863 est.
1073 2809 1203 2851 cum
1254 2796 1635 2853 abduceretur
1662 2798 1733 2854 ab
1764 2799 1904 2855 urbe

243 2883 449 2951 Roma,
480 2882 580 2952 qui
620 2883 873 2952 seipsum
905 2883 1237 2952 tradiderat,
1271 2886 1519 2957 gestiens
1543 2891 1712 2957 atque
1743 2888 1906 2943 desi-

242 2971 464 3027 derans
492 2971 796 3026 admodum
829 2985 932 3042 pro
959 2972 1187 3028 Christo
1222 2973 1419 3029 subire
1450 2975 1805 3045 martyrium,
1842 2980 1905 3031 ut

244 3046 515 3115 imitator
532 3064 590 3114 et
608 3074 902 3117 successor
920 3061 1102 3116 sancti
1132 3067 1188 3116 et
1210 3062 1598 3131 apostolorum
1622 3063 1905 3133 principis

2016 1924 2075 1974 et
2100 1935 2302 1976 rursus
2329 1921 2973 1995 Constantinopolitanae
2998 1930 3106 1985 sub
3131 1932 3459 1989 Justiniano
3490 1935 3669 2004 impe-

2017 2012 2222 2078 ratore,
2256 2022 2426 2078 quam
2466 2012 2724 2068 omnium
2756 2022 3084 2072 sanctorum
3114 2019 3403 2076 divinitus
3431 2022 3671 2090 sapien-

2017 2100 2158 2167 tum,
2178 2101 2234 2151 et
2254 2097 2640 2166 probabilium
2664 2102 2893 2158 Patrum
2921 2110 3273 2175 nostrorum,
3296 2120 3362 2162 ac
3378 2108 3667 2164 veracium

2018 2185 2423 2256 magistrorum
2453 2200 2611 2242 sacra
2644 2193 2699 2244 et
2739 2190 3003 2259 piissima
3032 2193 3297 2265 dOgmata
3322 2195 3665 2268 roborasset,

2017 2273 2491 2341 quemadmodum
2523 2275 2603 2346 bi,
2642 2277 2740 2346 qui
2790 2291 2983 2334 amore
3012 2280 3108 2349 pio
3135 2280 3318 2351 legere
3356 2282 3663 2354 voluerint,

2018 2359 2078 2414 in
2114 2361 2295 2416 sacris
2325 2362 2503 2433 gestis
2549 2370 2757 2421 sanctae
2806 2379 2872 2420 ac
2918 2368 3246 2436 apostolicae
3278 2369 3669 2442 piissimaeque

2016 2448 2219 2517 synodi
2251 2462 2378 2518 qua:
2420 2448 2492 2504 ab
2539 2464 2605 2506 eo
2648 2452 2837 2508 Romae
2886 2454 3167 2513 celebrata
3197 2460 3302 2526 est,
3353 2456 3664 2528 invenient,

2015 2548 2142 2591 cum
2192 2536 2251 2591 in
2282 2550 2503 2592 omnem
2537 2538 2723 2594 locum
2772 2546 2829 2595 et
2880 2555 3100 2598 omnem
3154 2543 3438 2614 regionem
3471 2530 3669 2602 trans-

2017 2623 2191 2678 missa
2248 2624 2402 2679 sint:
2455 2631 2510 2680 et
2556 2627 2734 2682 ardue
2780 2629 3076 2685 veritatem
3132 2629 3553 2688 manifestasset
3601 2645 3668 2689 ac

2016 2712 2398 2783 praedicasset,
2444 2718 2500 2768 et
2554 2715 2773 2785 ﬂagitia
2825 2716 3076 2773 hostium
3122 2718 3442 2790 relevasset,
3495 2725 3669 2791 atque

2015 2799 2306 2871 liquidius
2333 2801 2685 2870 publicasset
2722 2803 2871 2860 bono
2903 2804 3261 2875 multumque
3288 2806 3401 2862 sibi
3428 2807 3665 2863 amabili

2013 2901 2191 2959 agone
2213 2889 2542 2961 agonizans,
2577 2896 2633 2945 et
2660 2892 2729 2947 ad
2774 2892 3160 2948 desideratum
3199 2894 3525 2966 Dominum,
3564 2909 3667 2965 pro

2016 2989 2128 3045 quo
2158 2981 2214 3030 et
2238 2977 2535 3046 proprium
2579 2977 2936 3048 sanguinem,
2964 2985 3241 3049 quantum
3274 2982 3332 3037 in
3380 2981 3504 3052 ipso
3529 2980 3664 3055 fuit,

2013 3061 2237 3133 effudit,
2272 3064 2332 3118 in
2362 3064 2566 3118 laetitia
2593 3066 2825 3134 copiosa
2858 3066 3143 3134 profectus
3175 3082 3365 3124 mense
3401 3070 3666 3140 Septem-

242 3149 425 3217 Petri,
460 3154 573 3203 tam
607 3149 666 3203 in
696 3149 946 3221 navigio,
974 3163 1145 3220 quam
1178 3150 1237 3204 in
1265 3151 1390 3219 ipso
1415 3153 1704 3223 Byzantio,
1737 3153 1817 3207 ita
1842 3158 1905 3208 ut
1933 3144 1982 3205 C
2014 3149 2153 3220 bris,
2208 3151 2303 3206 die
2332 3158 2488 3206 sexta
2530 3152 2770 3221 decima,
2826 3152 3143 3209 indictione
3173 3160 3378 3225 quarta
3418 3156 3663 3228 decima,

243 3237 434 3306 palam
463 3236 652 3307 alapis
680 3237 993 3294 cmderetur
1032 3238 1103 3293 ab
1134 3237 1395 3294 inimicis
1422 3240 1543 3294 Dei.

312 3326 571 3397 Dignum
599 3330 790 3382 autem
846 3331 1004 3395 patre
1054 3340 1159 3383 suo
1209 3326 1442 3383 diabolo
1516 3333 1904 3398 perpetrantes

250 3429 402 3485 opus
432 3414 493 3469 in
525 3428 678 3486 eum,
712 3419 827 3469 tam
868 3420 1021 3470 veste
1052 3414 1218 3470 illum
1266 3429 1369 3471 sua
1397 3424 1699 3487 exuerunt,
1732 3431 1901 3487 quam

249 3502 538 3560 ferrorum
571 3503 900 3574 gravamina
929 3504 1293 3560 vinculorum
1322 3510 1378 3559 et
1407 3510 1733 3561 catenarum
1761 3519 1904 3562 san-

247 3598 339 3647 cto
370 3593 500 3661 ejus
528 3590 676 3647 collo
723 3595 780 3647 et
809 3591 1079 3661 pretiosis
1108 3592 1354 3662 reliquis
1400 3593 1670 3649 membris
1728 3594 1904 3664 impo-

248 3684 510 3735 suerunt.
570 3679 787 3735 Deinde
832 3693 963 3735 cum
1020 3679 1234 3736 eisdem
1275 3678 1477 3735 ferreis
1531 3682 1903 3751 compedibus

249 3772 583 3839 pompantes
622 3782 720 3838 per
766 3772 941 3824 totam
982 3768 1222 3838 plateam
1253 3772 1552 3825 traxerunt
1600 3784 1633 3825 a
1690 3770 1902 3840 palatio

252 3870 431 3926 usque
451 3857 522 3911 ad
548 3857 877 3925 praetorium
910 3855 1181 3927 praefecti,
1208 3871 1337 3912 cum
1358 3857 1575 3929 vigilite
1604 3860 1899 3931 magistro,

250 3944 306 4000 id
338 3950 426 4000 est
460 3945 646 4015 primo
670 3945 1028 4016 carnificum,
1061 3945 1417 4017 colligatum,
1452 3951 1509 4003 et
1546 3961 1675 4003 cum
1708 3948 1902 4019 gladio

254 4033 603 4102 praecedebat
626 4046 756 4088 eum
789 4033 1043 4103 quidam,
1078 4038 1142 4089 ut
1171 4034 1526 4090 membratim
1553 4036 1899 4108 concideret,

251 4120 603 4177 deliberante
650 4135 714 4178 ac
766 4121 1133 4191 praecipiente
1187 4122 1526 4179 Bucoleonte
1574 4124 1900 4180 detestabili

251 4210 571 4280 sacellario,
613 4213 670 4266 et
714 4210 887 4283 digne
928 4211 1264 4282 sanguinem
1332 4212 1659 4268 devorantis
1704 4213 1901 4269 bestia:

250 4299 667 4371 cognominato,
697 4302 967 4370 tanquam
999 4300 1099 4369 qui
1126 4304 1182 4355 et
1223 4314 1393 4371 opera
1436 4300 1665 4356 bestiali
1700 4300 1895 4358 furore

255 4386 456 4443 referta
489 4387 825 4458 possideret,
879 4388 1122 4443 scientia
1171 4393 1229 4444 et
1256 4389 1502 4445 consilio
1539 4390 1899 4446 Constantini

2015 3252 2123 3307 qua
2146 3242 2201 3293 et
2221 3239 2604 3294 custodientis
2628 3239 2916 3310 pietatem,
2946 3242 3290 3311 copioseque
3316 3243 3661 3314 certatricis,

2013 3330 2069 3380 et
2098 3331 2267 3380 casta:
2290 3325 2542 3395 virginis
2580 3339 2645 3380 ac
2677 3327 2949 3397 martyris
2973 3328 3301 3395 Euphemiaa
3332 3329 3664 3387 honoranda

2014 3413 2285 3468 memoria
2318 3427 2415 3483 per
2440 3426 2621 3469 annos
2661 3413 2924 3485 singulos
2961 3414 3302 3487 celebratur,
3330 3418 3665 3473 reconditus

2012 3501 2162 3557 inter
2182 3501 2437 3557 tumulos
2458 3508 2783 3558 sanctorum
2804 3503 2862 3557 in
2888 3502 3057 3559 domo
3074 3503 3409 3572 percoleuda
3426 3505 3662 3560 sanctis—

2010 3591 2170 3646 simae
2200 3592 2554 3647 intemeratae
2580 3605 2646 3647 ac
2676 3605 2897 3661 semper
2948 3591 3247 3648 laudandae
3277 3592 3541 3663 gratiosa:
3561 3606 3666 3649 ve—

2011 3692 2183 3749 reque
2211 3693 2429 3749 semper
2457 3679 2722 3752 gloriosae
2753 3680 3000 3736 dominae
3032 3686 3261 3751 nostrae,
3295 3685 3489 3750 utpote
3535 3696 3663 3752 quae

2012 3768 2243 3837 proprie
2296 3773 2501 3824 natura
2529 3772 2585 3823 et
2613 3768 2829 3839 absque
2869 3768 3163 3824 mendacio
3188 3781 3253 3823 ac
3275 3769 3551 3824 veraciter
3577 3776 3664 3825 est

2010 3856 2110 3911 Dei
2143 3856 2415 3927 genitrix,
2444 3861 2500 3911 et
2528 3870 2750 3926 semper
2772 3857 2934 3928 virgo
2960 3856 3156 3927 Maria,
3186 3871 3312 3926 quae
3340 3856 3664 3926 appellatur

2012 3944 2369 4014 Blachernes,
2398 3950 2558 4000 extra
2586 3959 2782 4002 muros
2809 3959 2842 4000 a
2872 3945 3061 4001 stadio
3086 3958 3201 4001 uno
3227 3944 3415 4014 ipsius
3454 3944 3524 4001 de
3546 3958 3664 4000 cae—

2012 4036 2133 4087 tero
2154 4032 2464 4088 benedictae
2484 4032 2646 4089 urbis
2664 4033 2990 4089 Chersonis.
3025 4034 3085 4087 In
3118 4046 3233 4103 qua
3254 4038 3449 4088 sancta
3489 4032 3659 4089 domo

2009 4121 2183 4177 etiam
2208 4122 2325 4191 jam
2348 4127 2692 4178 memoratus
2722 4127 2956 4177 sanctus
2975 4120 3304 4190 Euprepius
3327 4120 3657 4191 requiescit,

2005 4210 2168 4279 juxta
2213 4210 2473 4264 eumdem
2505 4215 2868 4279 perornatum
2896 4222 2963 4263 ac
2991 4221 3119 4264 vere
3149 4209 3506 4280 magistrum,
3557 4207 3659 4280 qui

2009 4296 2405 4369 Evangelicam
2435 4310 2624 4353 vocem
2660 4310 2828 4367 opere
2858 4295 3212 4365 adimplevit,
3262 4308 3375 4365 qua
3401 4295 3654 4353 dicitur:

2008 4385 2205 4440 Pastor
2250 4386 2419 4440 bonus
2471 4388 2712 4440 animam
2762 4399 2919 4439 suam
2967 4385 3125 4452 ponit
3164 4399 3269 4452 pro
3311 4383 3498 4438 ovibus
3542 4384 3659 4436 suis

254 4474 638 4548 imperatoris,
672 4476 773 4548 qui
811 4481 869 4532 et
912 4477 1245 4547 praedictum
1290 4477 1597 4534 obscenum
1626 4484 1684 4535 et
1712 4480 1902 4549 pessi-
1926 4487 1980 4548 1)
2010 4471 2204 4543 (Ιθαη,
2230 4487 2312 4536 xl.
2344 4471 2467 4545 44).

253 4578 401 4621 mum
428 4566 647 4636 Typum
667 4565 951 4637 condidit,
982 4565 1258 4637 Gregorio
1301 4567 1565 4623 eunucho
1593 4572 1650 4623 et
1693 4566 1901 4638 praefe—

250 4656 339 4708 cto
369 4652 594 4708 misera:
624 4652 790 4707 illius
819 4652 1001 4708 urbis.
1035 4653 1193 4722 Quod
1227 4653 1426 4724 utique
1446 4654 1562 4724 jam
1600 4660 1657 4711 et
1686 4654 1899 4712 factum

251 4737 456 4796 fuisset
486 4745 764 4811 quantum
788 4741 859 4796 ad
904 4741 1263 4796 temerariam
1306 4742 1431 4811 ejus
1459 4742 1811 4800 alacritatem
1842 4749 1900 4800 et

251 4830 605 4898 propositum
633 4829 962 4900 pertineret,
988 4829 1102 4885 nisi
1123 4829 1652 4887 misericordissimi
1674 4836 1730 4887 et
1746 4832 1903 4889 beni-

250 4917 519 4989 gnissimi
545 4917 644 4973 Dei
672 4917 1008 4988 przesidium
1041 4917 1145 4975 hos
1172 4918 1545 4992 inhibuisset,
1568 4923 1625 4975 et
1662 4933 1773 4976 non
1797 4921 1899 4977 hu-

244 5005 339 5074 jus
368 5006 837 5063 robustissimam
872 5004 1273 5063 fortitudinem
1292 5008 1483 5064 hostes
1507 5008 1892 5066 erubuissent.

249 5096 538 5167 Noverunt
565 5094 720 5149 enim
751 5094 857 5149 hoc
914 5095 1031 5164 pati
1082 5092 1407 5165 frequenter
1456 5097 1627 5153 etiam
1670 5100 1896 5168 tyranni

250 5186 436 5240 truces
456 5186 514 5238 et
540 5182 864 5253 inhumani,
889 5182 1025 5239 licet
1064 5183 1239 5239 nimis
1268 5183 1752 5242 immisericordes
1781 5187 1900 5242 sint

249 5276 301 5326 et
327 5271 610 5342 crudeles,
659 5273 974 5328 secundum
1022 5286 1152 5328 eum
1196 5274 1297 5342 qui
1342 5280 1612 5343 operatur
1665 5276 1724 5330 in
1776 5276 1899 5332 illis

247 5358 441 5415 Satan:
478 5359 754 5430 martyrio
783 5360 909 5429 ejus
957 5359 1198 5416 forsitan
1233 5361 1553 5417 invidentes
1583 5364 1895 5421 secundum

251 5449 494 5504 similem
517 5447 634 5503 sibi
662 5453 999 5518 apostatam,
1040 5454 1099 5504 et
1125 5448 1410 5506 idolorum
1453 5452 1697 5507 vesaniae
1726 5453 1899 5509 dedi-

253 5539 369 5591 tum
395 5536 693 5592 lulianum
735 5534 901 5591 illum
943 5534 1225 5592 famosum
1254 5541 1312 5592 et
1340 5550 1468 5593 vere
1496 5538 1809 5608 sapientem
1836 5541 1897 5597 in

255 5623 437 5679 malis.
468 5623 584 5680 Aut
606 5627 761 5679 certe
798 5623 912 5679 Deo
963 5623 1190 5680 meliori
1240 5624 1483 5694 quadam
1533 5629 1591 5683 et
1640 5626 1754 5682 sibi
1787 5628 1895 5684 soli

2079 4564 2272 4633 Porro,
2302 4570 2551 4633 sanctus,
2580 4566 2639 4617 et
2667 4559 3058 4617 memorabilis
3085 4572 3150 4615 ac
3189 4557 3443 4629 optimus
3471 4561 3529 4613 et
3558 4570 3657 4629 per

2009 4650 2201 4705 omnia
2233 4649 2478 4719 sapiens,
2525 4649 2639 4705 imo
2688 4649 2977 4704 divinitus
3006 4648 3255 4719 sapiens,
3302 4659 3657 4717 magnusque

2008 4738 2266 4793 veritatis
2286 4742 2673 4809 propugnator
2686 4742 2745 4792 et
2769 4740 3110 4806 commartyr
3133 4749 3331 4791 eorum
3352 4733 3651 4806 Megistus,

2007 4828 2109 4899 qui
2135 4833 2191 4884 et
2236 4827 2539 4898 Maximus,
2562 4824 2701 4897 (hoc
2725 4827 2900 4898 enim,
2934 4830 2999 4883 ut
3048 4831 3213 4883 antea
3247 4824 3652 4896 indicavimus,

2005 4916 2261 4973 dictione
2301 4916 2502 4971 Latina
2529 4914 2762 4970 Maximi
2795 4928 2999 4971 nomen
3054 4915 3336 4983 insinuat,
3360 4912 3377 4986 )
3397 4914 3566 4984 cujus
3594 4917 3656 4970 et

2008 5011 2268 5062 sanctum
2298 5008 2728 5062 monumentum
2760 5016 2859 5073 per
2906 5002 3167 5075 singulas
3206 5008 3400 5058 noctes
3429 5002 3653 5072 lampa—

2007 5095 2108 5151 des
2132 5094 2364 5149 exhibet
2403 5106 2434 5147 a
2463 5093 2558 5148 die
2605 5106 2716 5164 qua
2745 5093 3029 5149 dormisse
3056 5091 3444 5164 dignoscitur,
3469 5102 3653 5160 usque

2010 5184 2068 5239 in
2102 5197 2350 5254 prazsens
2398 5182 2456 5237 in
2507 5187 2839 5252 perpetuum
2887 5180 3157 5238 omnibus
3205 5182 3561 5249 illucescens,
3593 5185 3650 5232 et

2008 5271 2355 5342 patefaciens
2399 5271 2803 5327 confidentiam
2833 5284 2993 5327 suam
3027 5284 3196 5342 quam
3250 5270 3471 5326 obtinet
3495 5265 3645 5336 apud

2005 5363 2204 5431 Deum,
2235 5360 2408 5416 sicuti
2436 5359 2741 5430 praeposita
2766 5360 3123 5416 commendat
3151 5358 3427 5429 epistola:
3453 5359 3511 5411 et
3541 5367 3645 5408 nos

2007 5449 2119 5518 ipsi
2152 5462 2250 5518 per
2274 5453 2494 5504 nosmet
2512 5449 2805 5505 auditores
2824 5462 2857 5503 a
2879 5442 3080 5504 multis
3112 5446 3277 5502 illius
3302 5443 3413 5500 loci
3438 5440 3639 5513 princi,

2008 5537 2181 5608 pibus
2209 5541 2267 5594 et
2296 5536 2742 5606 habitatoribus,
2772 5536 2870 5606 qui
2913 5549 3044 5592 cum
3064 5531 3409 5603 juramentis
3438 5528 3644 5597 hujus-

2010 5625 2162 5683 modi
2191 5623 2457 5680 mirabile
2480 5638 2607 5680 vere
2633 5622 2973 5680 miraculum
2998 5621 3071 5676 tid
3082 5618 3348 5674 ucialiter
3384 5614 3657 5686 praedica.
