4018 6160
432 308 539 368 687

1654 282 2007 343 ANASTASII
2046 274 2586 332 BIBLIOTHECARII
3675 276 3761 335 683

431 437 587 505 bant,
619 430 799 488 effecti
858 440 1074 483 sumus.
1130 423 1340 478 Eorum
1369 432 1500 474 vero
1544 416 1644 487 qui
1699 414 1903 469 obtutu
1935 423 2076 480 pro—
2098 409 2156 468 A
2182 420 2295 505 que
2326 418 2435 505 non
2470 404 2875 471 mediocribus,
2900 402 3215 458 secundum
3248 401 3395 472 quod
3427 401 3575 456 nobis
3602 405 3763 472 possi-

432 526 557 595 prio
576 500 837 577 viderant
866 517 988 585 has,
1035 527 1186 569 unus
1227 510 1397 566 etiam
1431 508 1552 577 ipse
1581 517 1767 560 comes
1818 500 2069 595 ejusdem

426 588 763 669 Chemareos
783 604 979 670 castri,
1006 600 1233 657 nomine
1254 596 1608 661 Mistrianus,
1642 590 1861 658 existit,
1891 588 1989 658 qui
2017 591 2072 641 et

427 698 676 770 vigilans
695 708 822 751 cum
860 690 1150 748 militibus
1172 688 1275 742 has
1296 698 1407 740 non
1439 682 1609 739 semel
1637 693 1737 735 nec
1763 678 1872 749 bis,
1897 677 1991 732 sed
2014 678 2071 730 et

426 764 721 843 multoties
747 780 1161 849 contemplatus
1189 780 1293 840 est,
1344 777 1399 829 et
1454 772 1673 841 primus
1720 770 1975 838 patenter
2000 764 2070 820 de

426 877 522 933 his
546 866 814 931 omnibus
845 867 1193 940 praedicavit,
1227 863 1395 919 nobis
1417 861 1557 918 illuc
1590 870 1818 929 pergere
1849 869 1961 912 non
1981 867 2070 910 va-

422 961 679 1020 lentibus
712 963 940 1029 propter
960 955 1172 1011 montis
1194 952 1358 1007 illius
1386 961 1703 1016 ascensum,
1725 946 1778 1001 id
1799 949 1885 1000 est
1903 943 2071 999 verti-

422 1053 511 1109 cis
537 1048 965 1113 Caucasiorum,
1004 1056 1115 1114 quo
1140 1039 1420 1097 excelsior
1449 1050 1610 1092 mons
1656 1048 1830 1104 super
1858 1037 2066 1087 terram

422 1153 537 1196 non
565 1142 669 1204 est,
718 1133 1130 1199 diﬁicultatem,
1155 1134 1212 1184 et
1241 1133 1464 1197 tempus
1490 1124 1719 1193 hiemis,
1754 1123 1989 1191 insuper
2011 1124 2069 1175 et

422 1224 814 1283 confusionem
846 1220 1101 1293 gentium
1125 1230 1249 1289 quae
1276 1215 1340 1270 ﬁt
1379 1216 1439 1269 in
1464 1212 1724 1283 partibus
1750 1210 1891 1266 illis.
1917 1208 2068 1264 Pari-

420 1318 507 1369 ter
534 1316 591 1368 et
608 1309 946 1366 Anastasius
970 1305 1296 1375 discipulus
1325 1304 1450 1373 ejus
1479 1302 1549 1357 ab
1581 1299 1880 1357 undecima
1904 1297 2068 1353 indi-

418 1400 607 1457 ctione
624 1397 898 1470 prieteriti
929 1396 1072 1467 cycli
1102 1408 1199 1465 per
1229 1393 1340 1448 tria
1357 1391 1582 1452 exsilia.
1606 1389 1799 1458 Bizyes
1819 1387 2060 1454 scilicet,

417 1493 475 1545 et
502 1488 760 1544 Perberei
789 1484 1198 1541 Thracensium
1228 1480 1500 1553 regionis,
1534 1484 1705 1548 atque
1727 1475 2060 1546 praedictum

418 1576 701 1644 Lazicum,
733 1576 793 1629 in
825 1572 1024 1629 multis
1043 1568 1493 1627 contritionibus
1521 1571 1577 1621 et
1598 1562 2064 1620 intolerabilibus

415 1661 876 1729 necessitatibus,
904 1666 1075 1730 atque
1115 1655 1510 1728 hujuscemodi
1554 1652 1846 1707 athleticis
1871 1654 2063 1706 certa—

2182 493 2299 549 bile
2350 493 2482 564 fuit,
2540 508 2637 565 per
2664 495 2801 550 deos
2847 496 3106 561 acceptas
3143 504 3339 547 eorum
3389 505 3578 561 preces,
3627 492 3761 548 nobis

2181 593 2519 652 c00perante
2550 584 2677 653 ipso
2717 583 2816 652 qui
2849 581 3067 650 eripuit
3107 594 3210 635 nos
3247 580 3453 648 saepius
3490 579 3553 633 de
3581 580 3764 650 iniquis

2181 672 2448 727 manibus
2483 673 2814 742 impiorum,
2847 670 3134 740 marisque
3160 669 3431 739 periculis
3465 682 3523 723 ac
3560 669 3764 724 diversis

2182 761 2634 832 tempestatibus,
2665 760 2993 815 ministrare
3017 760 3087 815 de
3114 756 3453 828 paupercula
3476 771 3588 827 quia
3614 758 3767 813 inerat

2180 849 2350 905 nobis
2386 864 2451 905 ex
2491 856 2786 919 parentum
2833 847 3229 904 benedictione
3267 846 3417 901 sicut
3462 845 3516 899 in
3542 846 3763 913 Domino,

2181 943 2245 994 ut
2274 943 2460 994 autem
2514 939 2706 993 verius
2740 930 3021 1000 dicamus,
3070 936 3169 990 Dei
3221 947 3467 1003 munere,
3496 939 3673 989 etnon
3713 947 3768 989 ex

2179 1028 2407 1096 alienis,
2431 1029 2527 1083 sed
2554 1033 2611 1083 et
2634 1027 2878 1098 reliquis
2909 1025 2991 1082 nil
3024 1026 3218 1080 minus
3254 1036 3445 1079 eorum
3474 1028 3771 1078 concertato-

2179 1117 2343 1173 ribus
2365 1120 2421 1171 et
2444 1115 2922 1185 commartyribus
2948 1132 2960 1168 :
3004 1119 3060 1169 et
3082 1121 3145 1169 ut
3175 1113 3436 1169 ﬁeremus
3469 1111 3769 1180 inspectores

2177 1207 2511 1277 stigmatum
2544 1206 2799 1274 ipsorum
2817 1209 2873 1258 et
2894 1204 3224 1274 passionum
3257 1215 3382 1270 quae
3412 1206 3623 1270 propter
3643 1199 3772 1253 Chri-

2176 1299 2328 1350 stum
2372 1307 2567 1349 verum
2596 1294 2770 1349 Deum
2812 1298 3069 1348 nostrum
3106 1290 3478 1361 pertulerunt.
3509 1288 3643 1357 Quin
3678 1287 3770 1342 imo

2174 1387 2231 1437 et
2249 1382 2541 1439 auditores
2563 1396 2659 1451 per
2685 1395 2788 1435 nos
2814 1380 3018 1448 eﬁ'ecti,
3040 1378 3326 1434 divinitus
3344 1390 3561 1448 quoque
3591 1375 3775 1444 sapien'

2174 1471 2252 1526 tis
2280 1476 2450 1541 atque
2497 1471 2772 1525 salvantis
2812 1473 3070 1538 expertes
3098 1481 3293 1523 eorum
3341 1465 3774 1521 constitueremur

2173 1560 2471 1627 doctrinae,
2530 1563 2586 1613 et
2622 1560 2735 1614 Deo
2768 1555 3259 1627 persuadibilibus
3283 1560 3340 1610 et
3395 1554 3529 1609 bene
3565 1551 3775 1620 acceptis

2175 1648 2432 1717 ipsorum
2453 1646 2817 1703 orationibus
2830 1644 3152 1701 frueremur
3187 1643 3509 1713 etquaedam
3522 1640 3776 1696 vestimen-

415 1749 673 1805 minibus
687 1725 1072 1803 annis—decem
1101 1725 1364 1815 peractis,
1388 1743 1456 1798 ad
1480 1753 1717 1811 regnum
1747 1739 2060 1809 migravere
2091 1725 2143 1785 Β
2172 1742 2362 1792 torum
2386 1750 2509 1807 quae
2538 1736 2597 1790 in
2630 1735 2891 1805 passione
2925 1734 3038 1789 sibi
3062 1733 3241 1789 scissa
3263 1737 3403 1787 sunt
3425 1729 3657 1800 propriis
3674 1740 3778 1782 ma-

414 1850 742 1906 supernum.
785 1836 1026 1891 Sanctus
1050 1834 1281 1904 quidem
1326 1831 1629 1899 Maximus,
1662 1830 1815 1885 sicut
1837 1827 2056 1882 dictum

413 1930 520 1994 est,
563 1937 753 1981 mense
799 1923 1075 1995 Augusto,
1119 1922 1214 1977 die
1260 1920 1429 1976 tertia
1458 1919 1697 1987 decima,
1741 1914 2059 1972 indictione

412 2012 635 2083 quinta,
658 2025 786 2068 cum
815 2010 1176 2080 priedixisset
1194 2024 1262 2065 ex
1295 2009 1493 2064 divina
1532 2006 1875 2063 revelatione
1895 2015 2054 2058 suam

412 2100 472 2156 in
496 2101 738 2156 Domino
766 2103 895 2155 ante
923 2100 1049 2155 dies
1078 2098 1408 2170 quindecim
1456 2095 1861 2153 dormitionem
1888 2090 2058 2146 futu—

411 2201 553 2258 ram,
586 2188 758 2244 sicuti
777 2188 893 2257 jam
922 2187 1284 2258 praemissum
1306 2190 1424 2254 est;
1457 2188 1717 2241 sanctum
1738 2194 1869 2237 vero
1886 2192 2055 2236 suum

410 2289 512 2346 pro
536 2276 773 2332 veritate
805 2276 863 2330 in
895 2275 1124 2331 Christo
1152 2277 1265 2331 Deo
1305 2277 1501 2329 nostro
1544 2270 1880 2341 martyrium
1926 2272 2056 2324 ante

410 2377 518 2419 non
548 2376 758 2433 paucos
787 2376 986 2419 annos.
1020 2361 1354 2431 Discipulus
1386 2374 1518 2416 vero
1564 2361 1690 2429 ejus
1712 2356 2054 2413 Anastasius

411 2464 599 2507 mense
624 2451 797 2520 Julio,
828 2451 924 2506 die
962 2449 1237 2521 vigesima
1267 2453 1492 2519 quarta,
1538 2444 1880 2502 indictionis
1907 2444 2054 2512 ejus-

406 2538 554 2594 dem.

475 2624 661 2696 Igitur
689 2625 863 2681 missa
889 2624 1058 2680 nobis
1085 2628 1172 2680 est
1201 2622 1531 2693 hujusmodi
1574 2620 1966 2677 sacratissima
1996 2623 2054 2674 et

406 2714 709 2785 praeposita
758 2714 1003 2783 propriae
1056 2726 1259 2768 manus
1313 2713 1427 2767 imo
1487 2710 1773 2766 divinitus
1821 2712 2050 2764 exarata

404 2802 666 2873 epistola,
700 2814 813 2857 una
839 2816 967 2857 cum
994 2800 1313 2870 suppositis
1344 2799 1457 2855 sibi
1480 2798 1771 2868 deiloquis
1801 2796 2051 2852 testimo-

404 2888 522 2944 niis
542 2893 599 2944 et
622 2888 993 2960 syllogismis,
1016 2888 1087 2943 ab
1115 2888 1309 2943 eodem
1337 2888 1594 2956 ipsorum
1621 2884 1848 2955 exsilio,
1883 2884 1938 2939 id
1962 2886 2049 2939 est

400 2976 621 3046 Lazico,
649 2989 816 3046 quam
843 2981 899 3031 et
942 2974 1217 3032 habemus
1239 2980 1297 3030 et
1320 2987 1744 3042 conservamus,
1788 2985 1917 3027 cum
1943 2984 2049 3026 eo-

2172 1825 2424 1881 nibusab
2437 1825 2523 1880 eis
2534 1830 2759 1894 accepta
2783 1821 3152 1892 deferremus,
3168 1832 3280 1877 una
3292 1833 3425 1876 cum
3448 1816 3776 1874 sanctiﬁcatis

2170 1914 2376 1983 pannis
2393 1915 2759 1984 pretiosoque
2776 1911 3058 1983 sanguine
3078 1909 3426 1980 rubricatis;
3445 1907 3542 1979 qui
3558 1907 3780 1961 circum-

2168 2002 2340 2072 positi
2355 2002 2581 2058 fuerant
2593 2002 2807 2057 sanctis
2827 2013 3023 2057 eorum
3037 2012 3163 2068 quae
3183 1998 3456 2053 abscissae
3469 1995 3779 2052 fuerantma-

2167 2091 2360 2159 nibus,
2397 2104 2568 2146 causa
2591 2090 2927 2162 sanguinem
2958 2087 3391 2144 medicinaliter
3411 2080 3775 2156 restringendi.

2168 2180 2448 2250 Utrosque
2469 2184 2658 2234 autem
2681 2177 2979 2247 complecti
3002 2190 3067 2232 ac
3091 2176 3422 2242 memorari,
3438 2188 3543 2231 non
3557 2173 3783 2229 sinecon-

2167 2268 2536 2339 sideratione,
2561 2272 2624 2323 ut
2641 2281 2788 2337 reor,
2814 2265 3238 2336 perpendimus,
3259 2279 3372 2334 pro
3391 2278 3456 2320 eo
3472 2262 3613 2334 quod
3630 2273 3782 2317 unum

2164 2361 2221 2412 et
2244 2358 2392 2413 idem
2426 2357 2613 2426 ipsum
2647 2355 2707 2410 in
2738 2354 3048 2410 certamine
3072 2358 3281 2409 sancta:
3313 2366 3513 2409 revera
3536 2355 3589 2405 et
3610 2349 3787 2405 ortho-

2163 2445 2323 2500 doxai
2337 2445 2488 2512 ﬁdei,
2504 2449 2562 2499 et
2575 2444 2634 2500 in
2651 2442 2883 2499 vinculo
2902 2442 3059 2512 pacis
3076 2439 3787 2511 etcharitatisdignoscan-

2164 2537 2260 2587 tur
2283 2532 2485 2588 effecti.

2233 2622 2312 2676 De
2335 2627 2537 2676 caatero
2569 2620 2797 2675 inﬁnita
2840 2619 3153 2676 multitudo
3195 2631 3405 2675 eorum
3456 2617 3552 2688 qui
3583 2617 3638 2672 in
3662 2626 3791 2685 pra:-

2160 2709 2315 2764 dicta
2346 2723 2455 2765 non
2486 2708 2716 2764 ferenda
2745 2713 2801 2764 et
2824 2708 3176 2764 intolerabili
3212 2708 3615 2777 persecutione
3636 2704 3793 2759 diver-

2160 2798 2245 2854 sis
2269 2797 2602 2853 verberibus
2650 2801 2708 2852 et
2755 2796 3235 2853 tribulationibus
3267 2798 3468 2867 palam
3512 2801 3564 2851 et
3601 2791 3793 2849 occulte

2162 2886 2499 2956 martyrium
2529 2884 2877 2947 inferebant,
2903 2889 3095 2941 astuto
3142 2899 3207 2941 ac
3231 2890 3481 2942 versuto
3509 2880 3791 2946 molimine,

2159 2974 2263 3030 bas
2294 2974 2459 3029 illius
2486 2974 2656 3029 aliter
2680 2979 2851 3044 atque
2871 2973 3063 3044 aliter,
3087 2974 3249 3044 quasi
3276 2987 3399 3030 non
3434 2988 3535 3043 pro
3567 2971 3685 3038 ﬁde,
3706 2965 3787 3021 sed

399 3065 526 3119 dem
549 3077 661 3133 quo
685 3063 971 3119 scribebat
999 3063 1212 3119 tradito
1242 3063 1352 3118 sibi
1381 3062 1667 3118 divinitus
1686 3064 2040 3132 argumento,
2074 3047 2123 3109 C
2160 3063 2267 3118 sub
2293 3067 2567 3132 prmtextu
2592 3062 2836 3117 aliarum
2870 3061 3202 3134 ingerebant
3233 3064 3609 3118 occasionum
3640 3062 3789 3125 atque

400 3152 457 3208 id
484 3157 570 3208 est
595 3152 885 3222 praedictis
911 3152 1137 3209 duobus
1161 3152 1447 3208 exsilibus
1478 3149 1798 3219 fusticulis,
1828 3154 1883 3204 et
1908 3148 2045 3203 aliis

397 3239 897 3297 benedictionibus
935 3255 1000 3297 ac
1054 3240 1391 3297 muneribus
1435 3241 1562 3309 ejus
1604 3238 1934 3308 sanctisque
1979 3250 2045 3291 ac

396 3328 841 3400 venerabilibus,
875 3343 1093 3385 necnon
1118 3333 1175 3385 et
1206 3329 1477 3385 omnibus
1502 3332 1629 3397 post
1649 3329 1827 3383 Deum
1852 3325 2039 3394 bonis,

394 3414 673 3472 librorum
716 3416 982 3473 videlicet
1009 3418 1134 3486 ejus
1187 3417 1401 3472 studils
1430 3420 1487 3471 et
1538 3415 1783 3485 propriae
1839 3428 2043 3470 manus

393 3504 931 3576 compositionibus,
959 3511 1229 3575 tanquam
1277 3517 1467 3559 revera
1498 3503 1878 3559 sacrosanctis
1910 3503 2044 3557 lau—

392 3591 566 3649 dibus
586 3598 642 3648 et
670 3593 959 3663 reliquiis.
992 3594 1131 3647 Data
1148 3606 1280 3647 vero
1300 3599 1386 3647 est
1405 3590 1572 3646 nobis
1600 3604 1727 3645 vere
1758 3590 2036 3645 minimis.

389 3679 704 3747 Theodoro,
720 3679 1005 3751 germanis
1021 3683 1077 3733 et
1101 3679 1226 3734 sine
1253 3679 1386 3734 dolo
1413 3676 1692 3733 fratribus
1720 3676 2040 3733 humilibus

390 3770 448 3821 et
468 3766 861 3836 peccatoribus
873 3766 1190 3835 monachis,
1217 3780 1317 3835 per
1335 3766 1673 3837 Gregorium
1700 3766 2038 3822 monachum

388 3856 446 3907 et
465 3853 719 3908 abbatem
743 3853 1072 3908 monasterii
1095 3854 1279 3908 sancti
1300 3853 1537 3909 Joannis
1552 3853 1823 3922 Baptistae
1844 3854 2041 3925 regio—

390 3937 485 3994 nis
511 3938 883 4010 Albanorum,
926 3940 1074 4009 quod
1123 3940 1446 4011 appellatur
1470 3943 1771 4013 Bavararu,
1825 3943 2039 3999 mensis

385 4024 633 4097 Augusti
649 4026 745 4081 die
758 4026 1048 4099 vicesima,
1072 4028 1412 4087 indictionis
1428 4030 1742 4086 undecimae
1759 4045 1884 4102 quae
1902 4045 2040 4100 prm-

386 4112 551 4169 teriit
569 4127 673 4170 nos
693 4115 793 4185 qui
816 4115 1235 4174 revertebamur
1253 4132 1285 4173 a
1312 4119 1541 4191 regione
1566 4134 1712 4190 saepe
1745 4120 1899 4176 dicta
1924 4122 2039 4175 La—

386 4213 602 4256 zorum.
631 4202 773 4258 Illuc
800 4204 950 4259 enim
988 4203 1223 4274 profecti
1250 4204 1566 4276 fueramus,
1600 4207 1735 4263 licet
1763 4207 1924 4263 valde
1951 4208 2034 4263 in-

386 4287 539 4343 ﬁrmi
568 4292 625 4345 et
650 4304 924 4362 pauperes
939 4298 996 4349 et
1026 4293 1252 4365 indigni
1272 4308 1545 4361 essemus,
1571 4296 1885 4351 secundum
1906 4309 2037 4351 cou-

2157 3150 2515 3219 damnorum,
2548 3151 2688 3205 adeo
2717 3154 2782 3205 ut
2813 3151 2931 3206 haec
2964 3150 3437 3219 simplicioribus
3469 3147 3784 3220 quibusque,

2158 3238 2260 3308 qui
2293 3237 2460 3293 facile
2497 3238 2891 3308 decipiuntur,
2928 3238 3357 3309 ignorantibus,
3393 3237 3507 3294 soli
3553 3238 3659 3290 Deo
3701 3228 3787 3301 qui

2157 3326 2513 3383 occultorum
2543 3326 2891 3397 etcognitor,
2917 3331 2973 3381 et
3004 3326 3207 3396 bisqui
3240 3325 3629 3383 studiosiores
3650 3320 3792 3376 erant

2158 3413 2261 3469 hos
2273 3418 2328 3468 et
2340 3414 2704 3483 quamobrem
2727 3415 2877 3484 passi
2903 3415 3020 3469 sint
3036 3413 3231 3483 procul
3253 3415 3444 3470 dubio
3471 3411 3789 3469 deserentes.

2154 3502 2260 3556 Pro
2277 3502 2490 3571 quibus
2509 3502 2780 3558 omnibus
2804 3503 3103 3559 universos
3116 3502 3216 3573 qui
3240 3501 3305 3559 in
3323 3504 3568 3559 veritate
3581 3509 3795 3571 quaere—

2152 3602 2281 3644 vera
2297 3594 2433 3645 sunt
2450 3590 2712 3645 veritatis
2730 3591 3034 3662 relegistis,
3053 3605 3119 3647 ac
3140 3591 3190 3646 si
3216 3597 3533 3660 praesentes
3548 3595 3602 3645 et
3618 3583 3794 3658 proci-

2152 3677 2349 3733 dentes
2383 3683 2496 3733 tam
2538 3677 2730 3736 cordis
2769 3694 2916 3752 genu
2956 3694 3086 3736 cum
3123 3680 3539 3750 corporalibus
3576 3675 3796 3750 genibus

2152 3778 2323 3834 quam
2353 3766 2550 3822 cordis
2580 3781 2754 3823 sensu
2797 3782 2926 3825 cum
2960 3768 3230 3839 lacrymis
3256 3768 3562 3839 inclinati,
3603 3773 3656 3821 et
3681 3768 3795 3819 ante

2151 3853 2392 3925 vestigia
2417 3855 2673 3911 omnium
2713 3861 2962 3912 vestrum
3006 3858 3320 3928 provoluti,
3356 3859 3728 3928 deprecamur
3751 3854 3800 3905 el

2149 3954 2452 3997 exoramus
2464 3958 2578 4014 quo
2592 3945 2841 4014 primum
2856 3947 3087 4015 quidem
3102 3946 3331 4003 veniam
3350 3948 3414 4002 in
3427 3944 3693 4002 omnibus
3705 3940 3790 3995 tri-

2148 4027 2660 4103 buatisexiguitati
2678 4047 2743 4088 ac
2770 4033 3297 4104 indisciplinationi
3339 4039 3581 4092 nostrai.
3617 4030 3711 4103 qui
3733 4026 3791 4083 ad

2147 4118 2551 4174 certitudinem
2592 4126 2650 4176 et
2673 4120 3119 4178 satisfactionem
3146 4128 3433 4194 tanquam
3462 4136 3592 4179 vere
3620 4118 3796 4176 ﬁdeles

2148 4203 2393 4261 ﬁdeliter
2449 4207 2586 4263 talia
2647 4223 2884 4279 prorsus
2939 4210 3290 4281 recipimus:
3353 4218 3415 4269 et
3468 4226 3543 4268 ne
3601 4204 3798 4266 oblivio

2146 4292 2292 4347 velet
2317 4298 2504 4351 tantos
2547 4300 2605 4351 et
2643 4297 2785 4353 tales
2809 4312 3000 4354 sacros
3025 4312 3253 4370 agones,
3291 4314 3364 4357 eo
3400 4301 3558 4371 quod
3598 4296 3799 4352 valdea

386 4377 829 4436 suetudinemad
843 4381 1231 4438 visitationem
1245 4395 1589 4453 eorum,non
1604 4382 1787 4438 solum
1805 4389 2036 4454 pr0pter
2058 4390 2114 4451 D
2148 4382 2347 4450 paucis
2374 4387 2431 4437 et
2477 4384 2625 4440 raris
2670 4385 2788 4440 haec
2822 4400 2952 4441 cum
2999 4386 3313 4458 diligentia
3359 4388 3795 4461 cognoscantur.

382 4469 497 4539 jam
509 4471 727 4527 dictum
739 4469 1020 4525 creditum
1036 4470 1203 4525 nobis
1216 4470 1438 4539 pondus
1448 4471 1858 4544 conscriptum,
1876 4473 1931 4528 id
1947 4480 2035 4530 est

387 4559 818 4629 praeceptionem
841 4570 987 4627 saepe
1003 4556 1298 4612 memorati
1323 4558 1505 4613 sancti
1523 4572 1588 4614 ac
1601 4560 1790 4616 sumni
1812 4567 2034 4631 aposto-

386 4643 487 4700 lici
527 4659 684 4715 papae
713 4644 950 4700 Romani
978 4643 1232 4714 Martini,
1269 4646 1648 4713 personaliter
1674 4661 1803 4704 eum
1840 4650 1899 4705 in
1929 4664 2033 4707 ea—

384 4730 510 4786 dem
541 4731 728 4803 magni
762 4730 1015 4786 nominis
1046 4730 1185 4785 urbe
1214 4732 1672 4804 advenientibus,
1701 4741 1757 4792 et
1795 4738 2029 4795 certitu-

384 4818 577 4874 dinem
618 4818 863 4888 propria:
895 4832 1099 4875 manus
1137 4819 1207 4874 de
1252 4819 1345 4876 his
1384 4836 1508 4891 qua:
1550 4822 1621 4878 ab
1650 4839 1716 4881 eo
1760 4827 2028 4896 synodice

384 4905 715 4961 conﬁrmata
739 4910 893 4975 sunt,
920 4920 990 4961 ex
1032 4906 1158 4977 ipso
1182 4909 1543 4965 sumentibus
1572 4916 1629 4967 et
1656 4913 2028 4970 audientibus

384 5006 526 5064 papa
541 4997 600 5049 et
615 4994 729 5049 alio
745 5008 813 5050 ex
839 4995 931 5050 his
947 4995 1048 5065 qui
1076 4995 1249 5052 simul
1272 4997 1527 5053 aderant.
1550 4998 1654 5054 Sed
1671 5004 1728 5054 et
1752 5002 2024 5071 quoniam

380 5092 478 5136 ore
499 5080 732 5151 proprio
752 5082 1113 5138 mandaverat
1139 5083 1304 5139 nobis
1317 5085 1387 5139 de
1405 5084 1529 5151 hoc,
1550 5092 1845 5157 postquam
1870 5091 2021 5158 passi

380 5174 537 5239 sunt,
559 5181 687 5224 cum
709 5168 896 5224 adhuc
915 5175 1104 5225 essent
1121 5172 1373 5241 Byzantii
1398 5173 1456 5226 in
1483 5176 1742 5230 custodia
1768 5177 2019 5245 praetorii

380 5254 651 5324 praefecti,
676 5269 802 5325 quae
825 5256 1148 5325 appellatur
1170 5259 1479 5329 Diomedis,
1498 5274 1565 5315 ex
1587 5275 1697 5331 qua
1724 5267 1779 5317 et
1805 5266 2024 5332 praemi-

377 5342 562 5399 simus
577 5356 672 5398 eos
687 5345 743 5398 in
756 5344 871 5412 jam
886 5345 1250 5414 saepedictum
1266 5348 1496 5403 tertium
1517 5362 1712 5404 eorum
1748 5352 2017 5407 exsilium

379 5431 589 5486 Lazica:
619 5437 915 5487 maerentes
941 5431 1080 5501 illis,
1108 5437 1165 5487 et
1200 5434 1259 5488 in
1286 5435 1532 5506 reliquis
1560 5450 1758 5492 eorum
1790 5439 2017 5495 exsiliis

377 5520 435 5572 et
446 5518 748 5587 custodiis,
769 5517 1063 5575 laboribus
1079 5523 1136 5576 et
1151 5520 1670 5589 sollicitudinibus,
1689 5527 2017 5596 angustiis-

2144 4469 2259 4524 Nos
2276 4475 2485 4537 autem,
2510 4475 2575 4526 ut
2601 4472 2821 4528 dictum
2846 4478 2950 4543 est,
2979 4488 3107 4530 cum
3139 4474 3451 4532 voluntate
3472 4475 3577 4531 Dei
3604 4475 3793 4529 horum

2146 4556 2291 4626 ipsis
2314 4558 2538 4615 visibus
2575 4562 2793 4617 conscii
2819 4576 2888 4618 ex
2914 4567 3074 4632 parte
3112 4563 3370 4619 maxima
3399 4563 3546 4620 facti
3590 4561 3797 4619 fuisse-

2143 4659 2290 4717 mus,
2316 4652 2374 4701 et
2414 4647 2725 4704 discrimen
2775 4651 2924 4721 quod
2955 4665 3023 4706 ex
3046 4651 3269 4707 desidis
3318 4659 3646 4725 generatur
3691 4664 3802 4706 me-

2139 4734 2472 4806 tuissemus,
2503 4741 2560 4791 et
2591 4750 2703 4793 non
2724 4737 2795 4794 ob
2820 4738 3001 4811 aliud,
3033 4743 3096 4796 ut
3124 4753 3318 4795 coram
3348 4743 3473 4798 Deo
3504 4742 3660 4809 dico,
3695 4735 3798 4794 nisi

2141 4831 2371 4894 propter
2418 4825 2541 4896 hoc,
2592 4827 2992 4897 quoquomodo
3038 4827 3155 4883 haec
3204 4829 3478 4886 scribere
3526 4840 3802 4901 praesum—

2139 4911 2472 4981 psissemus,
2527 4917 2584 4969 et
2611 4915 2787 4970 vitam
2812 4915 2899 4971 vel
2943 4915 3142 4972 laudes
3181 4916 3543 4986 depromere
3575 4917 3799 4974 minime

2137 5000 2536 5071 valuissemus,
2568 5002 2772 5058 talium
2803 5008 2858 5059 et
2882 5008 2965 5060 tot
3000 5019 3101 5074 pro
3143 5005 3363 5074 pietate
3412 5008 3796 5064 certaminum

2133 5100 2199 5143 ac
2228 5080 2499 5144 sudorum
2527 5103 2656 5146 vere
2678 5091 3057 5164 mirabilium,
3079 5096 3135 5148 et
3166 5087 3529 5164 magnorum
3570 5095 3794 5150 illorum

2134 5177 2194 5231 in
2219 5176 2460 5233 Domino
2493 5178 3012 5235 sacratissimorum
3042 5181 3324 5252 virorum,
3364 5188 3617 5254 propter
3647 5179 3803 5238 colle-

2132 5268 2383 5319 ctaneam
2415 5266 2636 5322 scilicet
2659 5271 2715 5323 et
2745 5269 2942 5324 rudem
2975 5270 3366 5324 rusticitatem
3413 5277 3703 5338 nostram,
3749 5270 3799 5321 et

2132 5353 2514 5408 omnimodam
2563 5355 3173 5428 indisciplinationem,
3208 5371 3311 5427 per
3349 5374 3511 5430 quas
3546 5359 3717 5417 nobis
3750 5360 3801 5411 et

2128 5441 2409 5497 sermonis
2430 5442 2578 5497 inest
2608 5444 2803 5513 inopia
2834 5458 3007 5514 super
3030 5458 3238 5501 omnes.
3264 5445 3521 5512 Quibus
3548 5446 3799 5505 suﬁicere

2129 5529 2480 5587 arbitramur
2500 5544 2601 5600 pro
2631 5545 2846 5604 magnae
2873 5534 3005 5589 vitae
3032 5534 3255 5590 actibus
3287 5538 3352 5590 et
3382 5536 3729 5605 praeconiis,
3750 5529 3796 5589 si
