4034 6158
330 171 428 230 691

1561 167 1920 224 ANASTASII
1961 163 2496 222 BIBLIOTHECARII

3632 167 3740 225 692

327 293 456 363 969,
491 295 546 351 id
581 295 770 366 ipsum
801 293 1136 350 conﬁrmat:
1169 293 1502 366 Anastasius
1535 295 1684 349 Rom.
1722 293 1975 366 Ecclesia
1999 291 2059 351 A
2084 291 2935 366 roniusAquiscriberedebuig
2961 291 3022 348 Si
3041 292 3214 366 omnis
3241 293 3618 366 nici‘corporis
3651 308 3742 346 ar-

331 364 768 421 bibliothecurius
806 366 1092 419 transtulit
1121 367 1283 418 etiam
1313 365 1380 418 de
1407 364 1586 419 Graeco
1625 366 1686 417 in
1715 365 1974 418 Latinum

321 439 632 506 passionem
657 438 835 490 sancti
863 436 1009 506 Petri
1032 435 1404 506 Alexandrini
1431 436 1843 506 archiepiscopi.
1877 434 1977 488 Ve.

333 505 648 564 rumtamen
669 520 737 562 ex
755 505 1002 561 diversis
1024 520 1149 576 quae
1173 505 1453 560 habentur
1474 506 1656 576 sancti
1679 505 1830 576 Petri
1857 518 1978 574 pas-

333 577 616 647 sionibus,
656 589 956 648 quamnam
987 575 1330 648 Anastasius
1359 575 1755 648 transtulerit,
1773 575 1978 648 conje:

331 653 492 719 ctura
523 643 1362 719 cognoscendumesLEtenim
1394 647 1603 719 Surius
1626 647 1694 702 ad
1726 643 1977 719 diem’26

330 715 666 798 Novembris
695 718 950 798 quaedam
981 717 1241 798 breviora
1270 717 1407 772 Acta
1433 717 1662 798 recitat,
1696 729 1874 798 eaque
1904 716 1974 771 ab

329 788 633 844 Anastasio
657 787 779 844 esse
803 788 1121 858 arbitratus
1148 792 1254 854 est,
1285 793 1579 858 propterea
1605 787 1756 858 quod
1788 787 1847 842 in
1871 801 1977 842 co—

331 857 564 930 dicibus
606 858 819 930 legerat
859 857 1156 929 prologum
1195 857 1976 930 ad_’martyrum’ncccctxxx

334 928 686 998 passionem,
706 929 872 996 cujus
905 928 1088 999 supra,
1107 928 1509 992 meminimus;
1541 929 1736 999 itaque
1768 929 1973 984 iisdem

331 999 521 1054 verbis
543 999 728 1056 utitur
746 999 952 1054 Surius
974 998 1187 1068 quibus
1206 999 1546 1055 Anastasius
1568 1000 1628 1054 in
1647 998 1810 1054 dicto
1839 1013 1977 1067 pro—

332 1069 480 1141 logo,
515 1082 712 1139 nempe
733 1072 1004 1140 praecipui
1032 1069 1266 1141 doctoris
1296 1075 1346 1124 et
1368 1071 1630 1138 martyris
1658 1070 1810 1141 Petri
1829 1069 1972 1123 Ale—

329 1137 623 1194 xandrina
646 1137 802 1194 iii-Eis
831 1137 1066 1210 episcopi
1092 1137 1194 1208 (vel
1217 1141 1570 1210 patriarchae,
1600 1144 1665 1194 ut
1687 1140 1894 1196 Surius
1921 1144 1978 1196 et

330 1211 508 1266 codex
521 1210 641 1265 Vat.
665 1207 874 1281 reginae
888 1207 1194 1266 Succorum
1212 1207 1338 1280 542,
1361 1209 1386 1264 f
1419 1208 1492 1266 72
1511 1209 1587 1281 b).
1611 1209 1768 1266 Surii
1789 1215 1974 1266 tamen

330 1280 807 1352 sententiamnulli
826 1286 981 1336 certo
996 1287 1332 1352 argumento
1353 1280 1587 1350 innixa},
1609 1295 1720 1336 non
1735 1282 1978 1352 acquie—

329 1349 414 1422 vit
455 1351 733 1422 Baronius
771 1351 832 1406 in
879 1349 1351 1408 adnotationibus
1388 1353 1457 1408 ad
1505 1349 1974 1422 Mairtyrologium

328 1420 482 1492 dicta
519 1420 632 1492 die.
675 1421 770 1476 Sic
811 1422 962 1477 enim
1003 1423 1122 1477 ait:
1159 1443 1186 1474 «
1227 1423 1510 1478 Habemus
1551 1420 1666 1478 alia
1718 1420 1970 1492 ejusdem

2083 368 2192 422 tus,
2216 361 2303 434 uti
2328 361 2543 434 legitur
2557 363 2706 434 apud
2732 363 2876 434 nos.)
2895 363 3160 418 Eamdem
3181 364 3252 418 de
3275 362 3408 418 istis
3423 361 3585 418 Actis
3601 377 3744 434 sein-

2083 433 2320 488 tentiam
2351 433 2741 502 praisetulerat
2765 433 3047 490 Baronius
3072 434 3132 488 in
3155 434 3357 489 Annal.
3389 435 3458 490 ad
3483 447 3578 490 an.
3609 433 3738 502 340,

2085 504 2184 574 qui
2216 509 2272 558 et
2304 504 2448 573 ipsis
2477 504 2546 560 ad
2569 505 2975 560 contexendam
3005 505 3156 560 Petri
3180 505 3490 560 Historiam
3520 505 3744 562 naviter

2086 589 2228 630 usus
2251 580 2356 630 est.
2392 577 2515 646 Ego
2538 575 2718 644 igitur
2741 577 3085 632 auctoritate
3105 575 3340 632 Baronii
3370 575 3572 645 fretus,
3603 591 3746 646 prae.-

2085 650 2353 715 tereaque
2389 645 2644 717 bonitate
2674 654 2878 716 captus
2909 646 3182 703 Actorum
3217 646 3444 717 horum,
3483 645 3636 717 quite
3678 649 3739 704 in

2086 721 2411 788 pervetusto
2452 716 2649 788 codice
2691 715 2876 788 reperi
2925 718 3200 774 Vaticano
3235 715 3364 779 602.
3411 715 3740 788 passionem

2088 787 2232 912 {ianc
2248 787 2606 913 celgbterrimi
2626 788 3027 845 Alexandrina:
3047 788 3215 846 urbis
3233 787 3487 860 episcopi
3505 795 3564 845 et
3581 803 3744 846 mar-

2111 873 2232 913 Vl'lS
2259 872 2327 912 ex
2376 873 2394 913 ι
2437 871 2521 913 eo.

2084 857 2232 914 tvris
2259 857 2521 914 exhibeo.

2111 874 2748 1002 yli’lgaftérngg'sincera
2768 934 2824 986 et
2842 931 3240 1002 Anastasiana,
3265 931 3334 986 de
3355 931 3572 1002 quibus
3595 931 3745 988 hac-

2084 1004 2252 1073 tenus
2281 999 2622 1073 dixi,_Acta,
2652 1001 2850 1073 Latina
2876 1001 2992 1073 alia
3023 1001 3274 1073 legebam
3305 999 3584 1073 in'codice
3611 1002 3736 1057 Vat.

2083 1067 2208 1139 622,
2239 1067 2910 1142 seque'ferme'antiquo;
2941 1072 3058 1128 haec
3082 1067 3273 1128 tamen
3309 1072 3410 1128 illa
3442 1073 3568 1142 ipsa
3602 1079 3744 1129 sunt

2127 1155 2212 1214 age
2239 1141 2614 1214 Combeﬁsius
2649 1142 2710 1197 in
2740 1141 2906 1214 lectis
2935 1143 3270 1214 Triumphis
3313 1141 3651 1214 martyrum.
3682 1159 3738 1212 ι).

2087 1156 2212 1266 quae
2239 1156 2614 1198 comoensius
2649 1156 2710 1197 in
2740 1156 2906 1226 lectis
2935 1156 3270 1226 'i'riumpnis
3313 1156 3737 1227 martyrum..p.

2119 1209 2190 1286 89
2237 1225 2418 1282 seqq.,
2467 1213 2666 1286 Graece
2682 1213 2889 1286 edidit
2933 1215 3240 1286 Latinitate
3291 1228 3434 1286 nova
3477 1215 3737 1286 donant,

2085 1282 2224 1356 quia
2277 1289 2515 1356 veterem
2569 1283 3103 1356 codicisVaticani
3139 1289 3358 1340 textum
3408 1282 3733 1356 ignorabat.

2082 1353 2216 1426 Tria
2255 1361 2390 1426 sunt
2414 1355 2608 1426 igitur
2637 1355 2818 1426 sancti
2857 1356 3005 1411 Petri
3047 1353 3740 1426 Alexandrini'martyris

2082 1423 2256 1496 Acta;
2285 1421 2599 1496 itSin'cera
2627 1421 2819 1481 nostra
2843 1431 2899 1481 et
2927 1427 3186 1482 omnium
3217 1427 3457 1496 optima,
3491 1421 3740 1484 Baronio

329 1491 476 1546 Petri
507 1490 647 1567 Acta
678 1491 933 1567 pleniora
966 1493 1025 1548 in
1056 1494 1164 1548 vet.
1196 1495 1320 1550 cod.
1356 1507 1488 1567 ms.,
1533 1508 1660 1567 qua:
1698 1490 1970 1564 quoniam
2077 1490 2382 1567 judicegﬁ.
2410 1496 2674 1552 breviora
2693 1497 2795 1552 illa
2815 1497 3014 1553 Latina
3033 1497 3182 1567 apud
3201 1490 3470 1566 Surium';
3493 1496 3546 1554 3.
3571 1499 3742 1555 Grai-

327 1563 994 1635 accuratiusconscripta
1013 1570 1350 1635 noscuntur,
1371 1563 1692 1634 Anastasio,
1713 1563 1833 1620 mea
1852 1579 1974 1620 sen-

328 1632 527 1704 tentia,
556 1633 749 1704 potius
773 1633 1080 1690 tribuenda
1103 1632 1390 1692 videntur.
1424 1637 1522 1691 Est
1555 1632 1788 1691 illorum
1813 1649 1973 1690 exor-

327 1701 488 1760 dium
513 1701 526 1758 ἑ
559 1701 622 1759 Si
649 1719 829 1760 omnes
864 1706 971 1760 mei
996 1719 1204 1760 sensus.
1232 1724 1258 1757 »
1296 1705 1536 1779 (labitur
1566 1707 1842 1762 memoria
1871 1705 1973 1762 Ba-

2082 1579 2146 1622 ca
2175 1565 2608 1648 Combeﬁsiana,
2645 1582 2776 1693 gum
2800 1573 2936 1624 sunt
2967 1565 3162 1624 eadem
3194 1569 3393 1624 Latine
3424 1565 3484 1624 in
3513 1569 3735 1640 codice,

2082 1642 2146 1691 ut
2173 1637 2452 1693 diximus.
2489 1639 2611 1693 Vat.
2686 1636 2769 1693 22.
2806 1640 2920 1693 Nos
2943 1653 3074 1693 vero
3106 1639 3290 1693 prima
3318 1644 3376 1693 et
3404 1641 3735 1693 praestantia

2082 1642 2146 1712 ut
2173 1636 2452 1712 diximus,
2489 1636 2611 1693 Vat;
2631 1636 2769 1712 A622.
2806 1640 2920 1694 Nos
2943 1653 3074 1696 vero
3106 1639 3290 1712 prima
3318 1644 3376 1696 et
3401 1636 3740 1710 praestantia

2079 1709 2252 1778 atque
2282 1708 2499 1766 inedita
2530 1708 2926 1768 recitablmus.

1611 1859 2449 1901 ’ν’-ῌ-Μο--υ-

1387 2005 2152 2112 INCIPIUNT
2263 2009 2678 2112 ACTA.

1863 2207 1987 2221 cun..-
1997 2207 2197 2222 cun—.—

367 2315 454 2390 ~Si
473 2347 668 2391 omnes
690 2335 797 2390 mei
819 2335 1080 2406 corporis
1094 2339 1258 2392 artus
1273 2335 1972 2408 verterenturinlinguas,
2004 2331 2059 2392 B
2085 2335 2246 2406 dens,
2289 2337 2360 2394 ab
2394 2339 2548 2395 omni
2589 2340 2742 2398 clero
2779 2345 2834 2398 et
2864 2341 3194 2400 Christiana
3229 2343 3392 2414 plebe
3431 2344 3742 2401 ordinatus

326 2435 635 2494 omnesque
657 2423 1038 2480 membrorum
1060 2436 1360 2495 compages
1383 2423 1722 2480 articulatas
1745 2424 1977 2480 ederent

327 2523 511 2582 voces,
539 2510 672 2580 quis
696 2509 781 2565 vel
813 2511 1024 2582 qualis,
1055 2517 1374 2580 quantusve
1405 2509 1582 2566 fuerit
1607 2511 1978 2568 beatissimus

327 2599 492 2653 Pater
515 2601 707 2654 noster
735 2599 936 2654 Petrus
971 2598 1372 2654 Alexandrinae
1406 2599 1562 2656 sedis
1597 2600 1978 2670 archiepisco-

329 2700 456 2756 pus,
515 2685 832 2755 exprimere
882 2685 1212 2742 nullatenus
1260 2685 1594 2743 suliicerem.
1656 2688 1976 2744 Prmsertim

330 2775 542 2843 quanta
572 2776 943 2843 tyrannorum
971 2773 1248 2844 pericula,
1281 2778 1641 2846 quantosque
1671 2775 1978 2847 gentilium

328 2863 500 2963 atque
516 2859 912 2963 haereticorum
931 2860 1178 2962 subierit
1192 2861 1524 2963 conﬂictus,
1538 2864 1769 2934 papyris
1785 2864 1978 2963 omnia

330 2939 572 3020 tradere,
597 2946 684 3004 vel
713 2947 956 3004 maxime
981 2949 1363 3020 incongruum
1391 2939 1680 3022 ducimus,
1715 2966 1785 3008 ne
1815 2951 1980 3009 favo-

330 3034 415 3092 ris
437 3034 602 3092 illius
623 3036 1025 3108 panegyricum
1049 3038 1446 3094 commendare
1469 3039 1662 3109 potius
1683 3040 1979 3098 videamur

331 3137 502 3195 quam
537 3121 888 3196 passionum,
933 3125 1102 3195 cujus
1149 3127 1423 3196 praclaro
1455 3127 1666 3184 annisu
1703 3129 1978 3198 populum

329 3212 444 3269 Deo
462 3213 812 3284 acquisitum
839 3212 1059 3269 salvum
1087 3211 1272 3270 facere
1291 3215 1544 3272 viriliter
1562 3217 1840 3273 cucurrit.
1866 3217 1984 3273 Ve-

333 3304 650 3358 rumtamen
673 3301 810 3373 quia
825 3302 893 3358 ad
919 3302 1138 3358 intimae
1159 3305 1616 3361 conversationis
1635 3319 1701 3362 ac
1723 3306 1980 3362 miriﬁca:

331 3389 460 3460 ejus
483 3389 732 3446 actionis
755 3391 1042 3448 narranda
1069 3391 1352 3461 praeconia
1380 3393 1528 3448 ratio
1555 3394 1899 3464 succumbit,
1927 3399 1984 3450 et

2087 2429 2173 2480 est
2194 2425 2470 2494 pontifex,
2494 2435 2690 2486 sextus
2708 2430 2968 2488 decimus
2988 2432 3214 2488 scilicet
3231 2447 3264 2488 a
3284 2435 3472 2490 Marco
3493 2447 3743 2506 evange—

2088 2511 2223 2568 lista
2253 2513 2543 2586 simulque
2575 2518 3008 2590 archiepiscOpo
3036 2521 3290 2590 ejusdem
3321 2521 3596 2577 civitatis.
3636 2523 3742 2577 Hic

2087 2599 2242 2655 enim
2283 2601 2439 2658 velut
2469 2604 2696 2661 Lucifer
2732 2607 2883 2663 inter
2919 2613 3072 2664 astra
3101 2623 3472 2682 consurgens,
3501 2614 3739 2666 sancta—

2091 2703 2218 2744 rum
2249 2691 2432 2747 radiis
2461 2693 2738 2750 virtutum
2771 2695 3044 2767 emicans,
3084 2711 3270 2753 arcem
3304 2697 3435 2754 ﬁdei
3470 2699 3741 2771 magniﬁ-

2087 2778 2420 2835 centissime
2459 2781 2830 2852 gubernabat.
2877 2787 2939 2841 In
2981 2785 3302 2856 Scripturis
3343 2801 3476 2843 vero
3517 2787 3738 2844 divinis

2090 2866 2348 2936 priorum
2364 2870 2588 2926 nullius
2601 2869 2861 2944 inferior,
2877 2874 2947 2930 ad
2963 2874 3228 2931 Ecclesia:
3239 2875 3552 2932 utilitatem
3567 2881 3738 2947 atque

2091 2953 2530 3014 instructionem
2545 2959 2818 3016 nobiliter
2831 2961 3162 3031 insistebat;
3183 2963 3488 3034 prudentia
3506 2978 3734 3036 quoque

2088 3043 2426 3114 singularis,
2450 3050 2506 3102 et
2530 3047 2590 3102 in
2615 3049 2884 3106 omnibus
2913 3049 3216 3123 perfectus,
3249 3065 3376 3108 vere
3397 3052 3662 3108 sacerdos
3681 3059 3736 3108 et

2091 3131 2279 3188 hostia
2307 3133 2407 3189 Dei
2439 3147 2572 3206 erga
2602 3149 2824 3192 omnem
2864 3139 3172 3196 sacerdotii
3211 3154 3407 3197 curam
3437 3140 3644 3198 diebus
3671 3155 3735 3196 ac

2091 3221 2358 3277 noctibus
2398 3223 2711 3294 vigilanten
2741 3226 3076 3284 desudabat.

2161 3308 2265 3364 Sed
2290 3310 2427 3380 quia
2448 3325 2670 3382 semper
2689 3313 2808 3370 zelo
2831 3316 3156 3384 percutitur
3174 3317 3384 3386 virtus,
3407 3317 3737 3390 feriuntque

2091 3411 2345 3454 summos
2371 3396 2602 3470 fulgura
2634 3407 2872 3474 montes,
2905 3405 3244 3462 aemulorum
3278 3407 3413 3463 hinc
3439 3407 3573 3464 inde
3599 3407 3740 3464 mul-

333 3490 520 3534 sermo
541 3477 800 3536 suﬁicere
819 3479 1150 3538 nullatenus
1169 3479 1340 3550 valet,
1360 3480 1488 3536 ideo
1508 3481 1862 3538 commodum
1887 3495 1990 3538 ies-
2095 3482 2322 3540 tifarios
2339 3485 2666 3554 patiebatur
2683 3491 3006 3548 conﬂictus.
3031 3491 3178 3562 Quid
3198 3495 3364 3566 plura
3379 3496 3408 3550 ?
3426 3510 3566 3566 pene
3581 3496 3737 3553 omni

333 3565 706 3656 timamusea
745 3566 1104 3656 solummodo
1141 3566 1484 3656 describere,
1527 3569 1742 3638 quibus
1782 3569 1984 3640 utique
2016 3645 2058 3656 Α
2093 3577 2343 3643 tempore
2374 3573 2504 3630 vitae
2547 3591 2664 3632 sua:
2687 3577 2746 3634 in
2793 3565 3398 3656 persecutioneidegit.
3428 3565 3742 3642 iOrdinavit

333 3652 814 3742 ad‘pontiﬁcatus
853 3653 1073 3742 apicem
1114 3654 1515 3742 conscendisse
1556 3657 1802 3724 pandata
1815 3673 1860 3725 r,
1905 3663 1980 3729 et,
2012 3645 2062 3708 C
2098 3660 2314 3717 interea
2334 3663 2755 3737 quinquaginta
2780 3645 2836 3723 et
2857 3669 3114 3741 quinque
3134 3645 3452 3742 episcopos.
3477 3673 3742 3730 Meletius

333 3739 474 3796 Ario
493 3753 526 3796 a
548 3740 832 3796 catholica
856 3740 1080 3796 unitate
1105 3741 1366 3813 praeciso,
1400 3743 1833 3812 martyrialibus
1853 3743 1990 3800 lau-

337 3827 454 3883 reis
479 3827 559 3882 sit
585 3833 914 3883 coronatus.
957 3828 1120 3883 Hunc
1150 3831 1334 3884 tamen
1371 3829 1687 3900 gloriosum
1725 3831 1890 3888 ﬁnem
1922 3847 1988 3889 ac

339 3913 629 3985 magniﬁci
665 3914 1002 3970 certaminis
1041 3915 1359 3984 speculum,
1397 3930 1582 3987 operae
1625 3921 1870 3990 pretium
1903 3922 1989 3977 eis

339 3999 596 4058 sufficere
636 4001 826 4073 credo,
861 4001 961 4072 qui
995 4009 1245 4058 nostram
1275 4005 1580 4063 attendunt
1606 4007 1984 4082 devotionem,

338 4102 406 4146 ac
429 4088 557 4144 sine
577 4089 860 4145 mendacii
886 4087 1018 4146 fuco
1037 4091 1347 4150 veridicam
1371 4107 1484 4150 non
1505 4096 1825 4168 ambigunt,
1849 4112 1993 4154 nar—

340 4175 639 4234 rationem.
682 4177 865 4247 Hujus
907 4178 1100 4250 itaque
1137 4181 1492 4238 sanctissimi
1528 4184 1638 4238 viri
1671 4185 1992 4256 episcOpale

342 4264 677 4322 inchoantes
713 4265 1018 4322 exordium
1058 4267 1249 4338 ipsius
1287 4269 1612 4341 flagitemus
1650 4273 1987 4346 orationem,

344 4361 410 4412 ut
439 4367 544 4412 nos
571 4367 693 4412 eam
727 4361 927 4412 nostro
957 4356 1106 4428 stylo
1133 4357 1575 4428 cooperatricem
1609 4359 1815 4418 habere
1844 4376 1994 4434 gau-

340 4443 595 4500 deamus.

411 4529 758 4588 Alexandria
780 4531 964 4604 igitur
989 4531 1132 4588 urhs
1157 4532 1406 4602 comosa:
1433 4535 1854 4608 magnitudinis
1883 4545 1989 4612 est,

345 4630 473 4688 qua:
511 4632 622 4675 non
651 4620 1046 4692 Egyptiorum
1083 4619 1462 4694 solummodo,
1497 4625 1592 4680 sed
1630 4627 1802 4683 etiam
1840 4629 1996 4686 The-

346 4705 596 4762 baaorum
633 4711 807 4776 atque
843 4705 1183 4777 Libycarum
1227 4708 1376 4765 haud
1417 4712 1613 4780 procul
1651 4713 1722 4769 ab
1758 4715 1994 4787 Egypto

348 4789 737 4860 principatum
781 4797 954 4850 tenet.
999 4795 1324 4854 Salutiferai
1365 4803 1554 4856 autem
1597 4803 1730 4859 .lesu
1775 4804 1990 4862 Christi

2095 3748 2366 3820 denique,
2388 3753 2620 3808 nomine
2639 3759 2695 3810 et
2716 3761 2900 3812 mente
2923 3758 3293 3832 nigerrimus,
3315 3763 3466 3831 apud
3485 3764 3744 3833 Lycope—

2098 3836 2337 3894 litanam
2365 3839 2562 3897 urbem
2585 3843 2992 3902 schismaticus
3019 3845 3205 3904 factus
3225 3854 3311 3906 est
3329 3850 3539 3920 praesul
3563 3868 3578 3921 ;
3604 3851 3744 3908 mul-

2099 3930 2155 3980 ta
2203 3927 2435 3996 quidem
2479 3931 2674 3987 conlra
2713 3947 2995 3991 canonum
3029 3950 3205 4006 agens
3243 3939 3518 4010 regulam,
3565 3953 3745 4010 supe—

2099 4027 2349 4086 ransque
2369 4016 2542 4072 etiam
2565 4025 2931 4078 cruentorum
2955 4024 3207 4081 militum
3231 4024 3534 4100 feritatem,
3559 4029 3659 4098 qui
3685 4029 3744 4083 in

2097 4103 2329 4158 Domini
2352 4106 2617 4174 passione
2637 4109 2804 4164 veriti
2829 4118 2964 4166 sunt
2983 4113 3338 4170 Dominicam
3363 4116 3624 4172 scindere
3646 4122 3748 4173 tu-

2102 4191 2286 4246 nicam
2313 4211 2327 4262 ;
2355 4193 2492 4250 adeo
2519 4193 2728 4252 laxatis
2759 4197 2998 4255 insania:
3029 4203 3366 4272 raptabatur
3389 4203 3650 4274 habenis,
3685 4210 3747 4260 ut

2099 4279 2438 4336 calholicam
2460 4282 2729 4340 scindens
2749 4285 3084 4361 Ecclesiam,
3113 4304 3224 4348 non
3256 4291 3442 4348 solum
3470 4307 3569 4362 per
3591 4294 3748 4349 civi-

2100 4371 2244 4422 tates
2267 4367 2512 4439 .Egypti,
2545 4371 2640 4426 sed
2671 4372 2843 4428 etiam
2875 4388 2976 4444 per
3003 4376 3174 4433 villas
3201 4379 3344 4448 ejus,
3371 4394 3505 4436 suos
3530 4394 3748 4452 sequa-

2100 4467 2194 4510 ces
2231 4455 2524 4512 ordinaret
2561 4459 2878 4533 episcOpos,
2918 4468 2974 4518 et
3007 4463 3156 4520 nihil
3201 4466 3254 4522 ei
3287 4480 3439 4523 cura:
3473 4469 3546 4524 de
3585 4471 3748 4526 Petro

2101 4545 2242 4612 erat,
2277 4541 2392 4598 imo
2415 4557 2514 4598 nec
2537 4543 2609 4600 de
2626 4545 2856 4604 Christo
2877 4550 2978 4620 qui
2995 4557 3118 4608 erat
3140 4552 3198 4608 in
3221 4554 3405 4612 Petro.
3429 4557 3574 4612 Huic
3596 4571 3750 4627 prae-

2104 4628 2256 4685 fatus
2321 4628 2497 4686 Arius
2529 4632 2753 4690 'adhuc
2822 4635 3011 4694 laicus
3079 4640 3422 4712 adhaerebat,
3503 4645 3745 4701 necdum

2101 4717 2356 4773 clericali
2380 4723 2614 4777 tonsura
2637 4727 2888 4796 notatus,
2915 4730 3152 4798 eratque
3177 4729 3269 4786 illi
3289 4732 3528 4802 ejusque
3547 4733 3745 4789 domui

2101 4806 2405 4863 admodum
2437 4807 2686 4880 charus;
2720 4825 2820 4868 nec
2854 4814 3172 4873 immerito:
3209 4832 3375 4876 omne
3401 4821 3640 4892 animal,
3685 4827 3749 4878 ut

345 4877 576 4981 Domini
595 4880 776 4936 nostri
802 4880 1220 4981 incarnationis
1238 4886 1616 4981 ducentorum
1635 4893 1922 4964 octoginta
1938 4901 1994 4952 et
2017 4886 2072 4948 D
2101 4894 2185 4950 ait
2211 4895 2526 4967 Scriptura,
2551 4877 2743 4954 simile
2763 4899 2877 4956 sibi
2899 4903 3116 4976 diligit.
3140 4906 3242 4962 His
3263 4913 3450 4964 autem
3469 4877 3745 4981 cognitis,

349 4965 607 5036 quinque
627 4979 904 5026 annorum
933 4971 1192 5030 circulus
1215 4974 1568 5048 volvebatur,
1597 4994 1728 5036 cum
1755 4994 1996 5040 venera-

347 5053 490 5112 bilis
512 5053 768 5112 Theonas
792 5058 1044 5128 ejusdem
1074 5061 1334 5119 civitatis
1360 5079 1502 5136 papa
1532 5067 1776 5124 athereo
1799 5071 1993 5128 volatu

350 5140 606 5199 coelestia
630 5155 800 5216 regna
819 5149 1151 5205 conscendit
1177 5161 1224 5204 α.
1247 5151 1352 5208 Cui
1377 5153 1625 5223 profecto
1648 5163 1994 5216 memoratus

351 5229 555 5287 Petrus
575 5231 646 5288 ad
678 5232 1059 5292 ministranda
1087 5237 1353 5295 Ecclesia
1377 5241 1763 5313 gubernacula
1789 5259 1996 5302 succe-

423 5345 456 5377 α
477 5335 900 5418 'ApudEusebii
927 5339 1303 5418 Chrgnicum,
1339 5345 1678 5418 inqutraque
1709 5363 1830 5406 mea
1862 5352 1996 5408 edi-.-

355 5405 513 5485 tione
534 5405 943 5466 Mediolanensi
969 5423 1034 5466 ac
1058 5405 1328 5486 Romana,
1355 5417 1424 5472 ad
1454 5405 1606 5474 hunc
1631 5405 1990 5486 fere’annuin

2100 4983 2192 5038 vir
2228 4984 2456 5041 Domini
2497 4999 2736 5045 maerore
2772 4989 3064 5050 coniectus
3104 4994 3251 5051 hanc
3287 4999 3745 5067 persecutionem

2101 5071 2290 5127 aiebat
2313 5073 2557 5142 pejorem
2584 5090 2708 5134 esse
2733 5079 2942 5148 priore.
2971 5081 3041 5138 Et
3062 5081 3198 5138 licet
3222 5084 3569 5154 quibusdam
3596 5087 3745 5142 late-

2103 5159 2226 5216 bris
2241 5159 2572 5234 absconsus,
2596 5170 2779 5222 tamen
2803 5182 2904 5238 pro
2926 5169 3150 5227 viribus
3165 5171 3588 5231 exhortatorios
3608 5175 3744 5230 ubi--

2103 5249 2702 5328 quedirigensapices,
2719 5259 3149 5330 praedicansque
3159 5261 3426 5318 Ecclesiae
3439 5264 3738 5335 unitatem,

2102 5368 2216 5423 non
2232 5354 2445 5432 obitus,
2463 5357 2559 5422 sed
2581 5359 2814 5426 initium
2832 5363 3196 5437 episcopatus
3215 5365 3458 5424 Thoona:
3476 5367 3740 5426 refertur.
