4034 6158
284 223 394 283 693

1094 228 1639 284 INTERPRETATIO
1683 229 2008 287 ACTORUM
2044 232 2100 288 S.
2150 235 2346 291 PETRI
2385 238 2880 296 ALEXANDRINI.

3590 244 3715 303 694

279 350 577 422 vegetabat
601 364 698 407 eos
744 351 1017 409 adversus
1057 352 1404 422 imperitiam
1435 357 1492 408 et
1520 352 1794 409 nefariam
1828 356 1937 410 Me-
1962 357 2015 415 A
2046 358 2391 427 suppliciis:
2424 362 2527 417 alii
2553 377 2704 433 vero,
2735 366 2996 420 utetiam
3024 370 3322 434 parentum
3350 366 3709 426 humanitate

280 439 405 494 letii
430 442 830 495 temeritatem.
863 440 1019 495 Unde
1045 438 1256 495 factum
1283 447 1369 496 est
1390 447 1452 495 ut
1484 455 1593 496 non
1624 442 1787 511 pauci
1808 444 1933 511 ejus

276 528 646 582 salutaribus
669 528 908 583 monitis
923 527 1186 600 animati,
1202 542 1235 583 a
1255 528 1556 586 Meletiana
1574 530 1938 587 discederent

280 616 601 686 impietate.

341 706 451 761 Per
485 705 635 761 idem
670 704 785 761 fere
811 710 1038 775 tempus
1067 706 1261 778 Arius,
1285 706 1510 776 viperea
1539 712 1795 764 armatus
1819 723 1935 764 ver-

271 797 453 865 sutia,
477 796 645 867 quasi
668 796 937 851 deserens
952 795 1287 851 Meletianos
1311 795 1572 868 confugit
1596 798 1664 852 ad
1687 799 1931 866 Petrum,

270 885 373 957 qui
397 890 639 955 rogatus
660 884 732 939 ab
759 884 1049 954 episcopis
1070 884 1405 940 sublimavit
1422 898 1549 940 eum
1567 886 1819 941 diaconii
1843 886 1937 943 ho-

267 987 427 1044 nore,
465 973 727 1029 nesciens
760 974 974 1044 quippe
1006 977 1220 1028 tantam
1249 973 1373 1043 ejus
1418 973 1770 1043 hypocrisin.
1799 977 1936 1031 Erat

266 1068 465 1119 autem
492 1063 675 1117 instar
695 1061 920 1131 colubri
951 1059 1219 1131 pestifero
1265 1062 1538 1117 suffectus
1557 1076 1789 1118 veneno.
1818 1065 1936 1119 Ne-

267 1166 382 1222 que
406 1153 565 1207 enim
591 1150 923 1219 hujusmodi
950 1164 1153 1206 manus
1180 1150 1477 1221 impositio
1498 1151 1634 1207 huic
1655 1158 1848 1209 sancto
1873 1153 1933 1209 in

261 1241 490 1296 crinem
540 1239 804 1309 deputari
855 1239 1068 1311 potius,
1116 1239 1270 1294 sicut
1301 1253 1399 1293 nec
1436 1239 1688 1295 Simonis
1717 1241 1933 1312 magica

261 1343 360 1384 ars
389 1329 663 1384 simulata
708 1328 1024 1383 ascribitur
1051 1327 1337 1397 Philippo.
1370 1327 1798 1383 Meletianorum
1836 1329 1935 1383 in—

262 1423 420 1472 terea
444 1415 789 1471 detestabile
815 1413 972 1471 nefas
1014 1430 1189 1485 supra
1221 1416 1447 1470 modum
1483 1415 1793 1485 crescebat,
1827 1430 1934 1486 pa-

259 1520 518 1576 vensque
538 1505 915 1561 beatissimus
931 1506 1130 1561 Petrus
1158 1519 1225 1560 ne
1254 1504 1517 1560 hmretica
1550 1505 1727 1574 pestis
1746 1510 1928 1560 totum

256 1594 377 1650 sibi
391 1594 676 1648 creditum
694 1593 985 1648 invaderet
998 1606 1240 1664 gregem,
1260 1592 1552 1663 simulque
1565 1594 1754 1648 sciens
1774 1594 1923 1663 quod

2047 448 2348 519 patriaque
2389 457 2650 506 carerent
2678 452 2998 521 sepultura,
3039 454 3106 507 ad
3136 453 3250 508 alia
3291 454 3709 515 tranferebatur

2052 533 2192 605 loca,
2229 539 2392 593 novis
2420 540 2766 609 quibusdam
2789 546 2845 594 et
2872 540 3082 595 sasculo
3106 541 3388 597 inauditis
3417 557 3705 612 pmnarum

2049 624 2577 683 machinationibus
2600 629 2665 683 ad
2692 628 3459 698 martyriicompellebantur
3480 636 3702 686 metam.

2048 711 2193 766 Proh
2217 711 2375 769 nefas
2400 713 2412 767 l
2446 720 2602 770 tanta
2626 722 2746 770 erat
2775 716 3010 771 illorum
3041 716 3328 787 impietas,
3358 718 3599 773 utetiam
3622 718 3707 773 di-

2046 799 2164 854 vini
2184 802 2375 857 cultus
2396 804 2725 858 sanctuaria
2747 817 2778 859 a
2806 802 3202 859 fundamentis
3225 809 3559 874 everterent,
3581 818 3706 862 san-

2045 893 2279 959 ctosque
2301 889 2481 946 libros
2510 891 2629 963 igni
2650 896 2984 947 cremarent.
3013 890 3291 947 Defuncto
3312 892 3506 962 itaque
3530 905 3703 948 exse-

2042 976 2280 1033 crabilis
2300 980 2585 1034 memoriae
2598 980 2975 1051 Diocletiano,
3001 980 3416 1036 Constantinus
3430 981 3609 1050 Major
3628 981 3699 1037 ad

2044 1067 2203 1136 regni
2233 1068 2617 1138 gubernacula
2663 1068 2879 1123 electus
2909 1073 3014 1139 est,
3056 1075 3113 1123 et
3141 1068 3414 1125 Occiduis
3440 1069 3702 1139 partibus

2043 1153 2403 1223 principatus
2424 1155 2515 1210 sui
2548 1155 2722 1225 coepit
2761 1156 3041 1211 moderari
3070 1155 3336 1212 habenas.

2113 1241 2213 1296 His
2243 1240 2490 1311 profecto
2520 1243 2726 1298 diebus
2766 1243 3077 1299 Maximino
3106 1256 3128 1283 ι
3170 1257 3202 1299 a
3253 1243 3597 1314 quibusdam
3628 1244 3699 1301 de

2044 1327 2274 1398 prmfato
2291 1331 2722 1402 archiepiscOpo
2745 1332 2986 1387 relatum
2998 1338 3102 1403 est,
3133 1332 3558 1404 videlicetquod
3578 1333 3698 1402 ipse

2038 1416 2498 1474 Christianitatis
2528 1420 2647 1474 dux
2683 1425 2855 1490 atque
2888 1420 3131 1491 signifer
3154 1424 3341 1491 esset;
3391 1421 3491 1491 qui
3524 1421 3698 1476 solita

2042 1504 2430 1561 inflammatus
2452 1507 2730 1578 nequitia,
2754 1522 2784 1563 e
2813 1508 3053 1579 vestigio
3081 1509 3259 1577 jussit
3288 1508 3692 1578 comprehendi

2040 1595 2263 1649 Petrum
2291 1600 2345 1649 et
2379 1595 2435 1648 in
2467 1608 2745 1650 carcerem
2783 1596 3023 1650 retrudi.
3057 1597 3235 1664 Quam
3267 1596 3339 1651 ob
3365 1610 3479 1651 rem
3510 1597 3693 1666 quin-

260 1684 423 1739 nulla
476 1684 720 1738 societas
761 1689 846 1737 est
874 1683 986 1737 luci
1015 1697 1142 1737 cum
1172 1683 1442 1749 tenebris,
1479 1682 1749 1752 nullaque
1781 1698 1925 1738 con—
1954 1684 2005 1744 Β
2038 1696 2147 1751 qne
2180 1682 2443 1737 tribunos
2470 1684 2712 1752 stipatos
2738 1683 2987 1737 militum
3015 1684 3256 1738 catervis
3285 1683 3681 1738 Alexandriam

255 1772 460 1827 cordia
491 1772 720 1826 Christo
745 1777 800 1826 et
833 1771 1028 1840 Belial,
1076 1770 1407 1826 Meletianos
1431 1770 1502 1826 ab
1550 1771 1796 1826 Ecclesia
1829 1786 1925 1841 per

256 1860 493 1916 litteras
517 1860 853 1930 segregavit.
886 1861 953 1913 Et
979 1860 1116 1929 quia
1145 1858 1290 1914 mala
1314 1860 1576 1915 voluntas
1604 1859 1708 1915 diu
1739 1859 1925 1914 occul-

262 1949 384 2004 tari
409 1962 523 2003 non
554 1948 721 2016 valet,
749 1948 907 2003 illico
937 1946 1386 2003 nefandissimus
1404 1948 1600 2019 Arius,
1627 1952 1921 2018 propterea

253 2038 413 2108 quod
456 2051 594 2093 suos
630 2035 882 2092 fautores
923 2036 994 2091 ab
1036 2036 1301 2092 Ecclesia:
1342 2037 1625 2108 dignitate
1667 2040 1921 2092 cerneret

254 2126 504 2197 divisos,
532 2126 789 2181 tristitia:
813 2126 1170 2195 mancipatus
1197 2125 1469 2197 gemebat.
1494 2127 1653 2195 Quod
1679 2126 1922 2182 sanctis-

254 2215 472 2270 simum
502 2214 691 2270 virum
717 2215 952 2269 minime
974 2214 1163 2270 latuit.
1201 2215 1491 2270 Denudata
1521 2229 1762 2285 namque
1792 2216 1918 2283 ejus

254 2304 576 2375 hypocrisi,
598 2304 863 2374 protinus
883 2303 1207 2375 evangelica
1234 2310 1396 2359 utens
1436 2302 1609 2371 ferro,
1642 2305 1702 2359 Si
1729 2305 1915 2357 oculus

250 2399 384 2451 tuus
414 2394 604 2447 (let-ter
633 2393 972 2447 scandalizat
1015 2398 1082 2454 te,
1116 2409 1241 2446 erue
1264 2409 1383 2446 eum
1410 2399 1459 2446 et
1477 2393 1685 2461 proﬁce
1715 2394 1812 2445 abs
1843 2397 1911 2462 te,

247 2483 457 2539 Arium
482 2483 553 2537 ab
584 2482 850 2538 Ecclesia:
879 2496 1166 2552 compage,
1199 2487 1391 2551 utpote
1418 2481 1712 2551 putridum
1747 2495 1914 2536 mem-

250 2572 421 2628 brum
466 2573 833 2641 detruncans,
869 2570 1022 2626 foras
1046 2571 1268 2640 expulit
1306 2576 1362 2626 et
1402 2586 1433 2626 a
1466 2570 1719 2625 fidelium
1750 2584 1915 2626 com—

250 2662 533 2716 munione
561 2666 840 2715 extorrem
877 2674 999 2715 esse
1031 2660 1336 2715 mandavit.

326 2752 430 2805 llis
463 2751 539 2804 ita
566 2746 761 2821 gestis,
802 2748 996 2804 subito
1025 2748 1331 2804 admodum
1358 2748 1544 2804 ablata
1570 2749 1911 2817 persecutio-

249 2840 345 2895 nis
374 2838 640 2909 procella,
674 2852 798 2908 pax,
825 2838 961 2892 licet
985 2837 1211 2906 exigua,
1240 2834 1486 2891 refulsit.
1515 2838 1669 2891 Tunc
1691 2838 1911 2907 elegan-

245 2928 519 2983 tissimus
542 2926 765 2983 Domini
802 2924 1056 2995 pontifex
1086 2925 1296 2995 populo
1319 2924 1653 2981 manifestus
1688 2926 1901 2996 illuxit,

2033 1770 2344 1838 destinavit
2371 1790 2385 1839 ς
2419 1772 2517 1841 qui
2546 1772 3021 1840 venientesjuxta
3045 1773 3193 1840 quod
3223 1772 3334 1825 sibi
3370 1769 3557 1826 fuerat
3590 1774 3692 1827 im-

2034 1865 2312 1929 peratum,
2334 1859 2527 1915 subito
2550 1859 2835 1928 rapientes
2855 1859 3070 1913 Christi
3101 1859 3424 1929 pontiﬁcem
3441 1859 3690 1915 carceris

2030 1947 2305 2002 custodia:
2337 1947 2755 2018 manciparunt.
2806 1947 2953 2002 Mira
2983 1946 3239 2001 ﬁdelium
3276 1946 3539 2002 devotio!
3578 1947 3685 2002 Ubi

2029 2040 2380 2105 compertum
2409 2040 2495 2091 est
2524 2037 2673 2106 quod
2710 2039 2904 2090 tantus
2934 2034 3024 2089 vir
3052 2034 3439 2089 carceralibus
3462 2033 3688 2089 claude-

2030 2128 2189 2178 retur
2215 2123 2543 2194 ergastulis,
2578 2122 2840 2178 cucurrit
2859 2136 3034 2192 supra
3062 2122 3291 2177 modum
3319 2120 3684 2176 incredibilis

2029 2211 2362 2280 multitudo,
2394 2212 2678 2281 pmecipue
2700 2210 3104 2266 monachorum
3135 2223 3199 2264 ac
3224 2208 3514 2279 virginum
3541 2208 3671 2263 cho-

2027 2314 2145 2368 rus,
2170 2305 2227 2354 et
2248 2313 2359 2354 non
2383 2298 2777 2354 materialibus
2807 2298 3004 2369 armis,
3049 2297 3142 2352 sed
3179 2296 3553 2366 lacrymarum
3587 2295 3680 2352 ri-

2022 2388 2176 2443 vulis
2202 2393 2258 2442 et
2297 2388 2406 2457 pia:
2428 2388 2634 2442 mentis
2667 2385 2872 2442 affectu
2898 2385 3400 2440 circumdederunt
3428 2383 3675 2439 carceris

2022 2476 2325 2545 ambitum,
2348 2480 2403 2529 et
2432 2480 2702 2544 tanquam
2728 2474 2862 2529 boni
2887 2473 2991 2528 ﬂlii
3026 2487 3159 2544 ergi
3192 2472 3403 2528 bonum
3435 2476 3674 2541 patrem,

2025 2565 2138 2619 imo
2158 2563 2488 2619 Christiana
2513 2562 2759 2617 membra
2789 2560 3289 2616 Christianissimo
3310 2559 3509 2628 capiti,
3537 2558 3679 2615 totis

2020 2652 2487 2722 compassionum’
2511 2650 2835 2706 visceribus
2867 2649 3250 2717 adhaerebant,
3285 2651 3561 2717 erantque
3584 2646 3675 2701 illi

2022 2755 2242 2807 murus,
2272 2739 2635 2794 observantes
2668 2751 2735 2793 ne
2767 2738 2898 2809 quis
2930 2748 3279 2809 paganorum
3308 2735 3377 2789 ad
3417 2747 3545 2789 eum
3576 2734 3678 2787 in-

2018 2828 2315 2900 grediendi
2350 2827 2571 2897 copiam
2617 2826 2863 2881 haberet.
2900 2825 3077 2880 Unam
3110 2823 3385 2879 nimirum
3413 2822 3672 2877 omnium

2016 2923 2163 2984 vota,
2209 2928 2457 2971 consona
2497 2929 2623 2983 vox,
2681 2915 2989 2983 eademque
3014 2912 3353 2981 compassio,
3393 2909 3534 2966 mori
3564 2924 3674 2979 po—

245 3020 662 3085 cmperuntque
691 3014 884 3069 fideles
908 3013 977 3067 ad
1008 3019 1319 3083 martyrum
1340 3013 1643 3068 memorias
1663 3019 1906 3069 caterva-
1931 2999 1981 3062 Ο
2017 3005 2135 3059 lius
2158 3018 2325 3075 quam
2341 3010 2599 3059 sanctum
2622 3002 2918 3072 quidpiam
2940 3001 3071 3055 mali
3098 3001 3315 3070 perpeti
3338 3000 3597 3055 viderent
3615 2996 3662 3053 δ.

241 3106 351 3161 tim
381 3117 635 3172 currere,
667 3107 723 3157 et
751 3102 820 3156 ad
851 3101 1066 3156 Christi
1102 3102 1324 3156 laudem
1363 3107 1570 3156 emtum
1603 3116 1904 3173 congrega-

242 3209 306 3248 re
333 3211 348 3261 ;
383 3206 529 3263 quos
559 3191 769 3246 divina:
793 3190 937 3259 legis
962 3189 1205 3245 antistes
1221 3189 1419 3245 divino
1445 3189 1677 3244 oraculo
1708 3190 1905 3244 viviti—

241 3282 429 3351 cabat,
472 3279 728 3351 erigebat
757 3284 927 3350 atque
961 3278 1281 3346 roborabat,
1314 3278 1715 3347 crescebatque
1735 3278 1904 3353 jugi-

240 3376 332 3426 ter
363 3370 422 3425 in
458 3369 710 3424 Ecclesia
744 3367 1054 3423 multitudo
1092 3367 1466 3422 credentium.
1501 3366 1604 3421 Sed
1639 3367 1755 3421 hzec
1789 3380 1899 3421 non

241 3459 429 3529 aequis
451 3458 643 3513 oculis
668 3457 766 3512 ille
791 3456 1069 3527 antiquus
1089 3456 1378 3525 aspiciens
1405 3456 1665 3510 humanas
1692 3453 1901 3510 salutis

242 3546 433 3602 hostis
453 3546 605 3599 haud
627 3546 684 3600 in
715 3545 944 3615 longum
969 3545 1207 3615 quievit.
1228 3546 1366 3598 Nam
1391 3543 1585 3599 subito
1615 3543 1901 3613 paganita-

243 3636 323 3690 tis
337 3634 510 3690 turho
536 3649 604 3689 ex
628 3634 863 3687 adverso
892 3632 1167 3702 intonuit,
1202 3639 1258 3687 et
1285 3646 1437 3687 more
1462 3631 1777 3686 hibernalis
1800 3633 1891 3685 lm-

244 3724 366 3779 bris
403 3722 669 3778 Ecclesia:
721 3722 1081 3776 serenitatem
1116 3720 1381 3790 perculit,
1424 3734 1662 3789 eamque
1699 3718 1897 3789 procul

246 3812 486 3884 fugavit.
520 3812 622 3866 Sed
660 3811 764 3865 hoc
788 3816 851 3865 ut
880 3808 1243 3864 manifestius
1277 3809 1527 3879 intelligi
1562 3808 1761 3878 possit,
1793 3822 1899 3863 nev

243 3901 497 3956 cessario
542 3899 611 3953 ad
666 3897 998 3967 impiissimi
1032 3902 1087 3951 et
1123 3897 1236 3951 Deo
1278 3896 1508 3951 rebellis
1554 3894 1897 3951 Diocletiani

244 3989 623 4058 atrocitatem,
642 3987 966 4055 pariterque
980 3983 1309 4040 Maximiani
1324 3984 1537 4039 Galerii
1555 3983 1901 4039 reﬂectimus

245 4077 580 4146 articulum,
621 4075 721 4145 qui
767 4088 831 4129 eo
859 4080 1109 4143 tempore
1137 4086 1265 4128 cum
1315 4073 1434 4127 tilio
1461 4087 1565 4128 suo
1590 4073 1901 4127 Maximino

248 4164 546 4235 tyrannico
576 4162 877 4218 dominatu
900 4160 1221 4216 Orientales
1250 4159 1486 4215 vexabat
1511 4160 1789 4229 regiones.

314 4254 499 4320 Hujus
527 4264 768 4320 namque
815 4249 1169 4318 temporibus
1210 4249 1266 4303 in
1306 4254 1525 4303 tantum
1557 4249 1899 4304 Christiana:

248 4340 667 4412 persecutionis
687 4338 963 4394 aestuabat
998 4337 1349 4403 incendium,
1382 4342 1445 4391 ut
1477 4351 1588 4391 non
1620 4337 1801 4391 solum
1838 4338 1896 4393 in
1933 4338 1990 4400 D

250 4444 361 4486 uno
385 4428 585 4484 mundi
616 4428 866 4495 climate,
900 4427 995 4481 sed
1028 4426 1198 4480 etiam
1228 4438 1326 4494 per
1352 4425 1681 4481 universum
1709 4426 1901 4481 orbem

246 4515 395 4572 terra
418 4518 677 4585 marique
700 4514 1014 4584 impietatis
1038 4513 1282 4582 procella
1306 4518 1543 4566 tonaret.
1574 4514 1905 4568 Discurren-

248 4607 406 4661 tibus
432 4606 630 4674 itaque
662 4604 795 4658 hinc
834 4603 965 4657 inde
998 4601 1401 4670 imperialibus
1446 4601 1685 4671 syllabis
1737 4609 1907 4672 atque

247 4692 678 4749 crudelissimis
704 4691 972 4760 decretis,
991 4689 1351 4744 Christicolae
1378 4703 1529 4743 nunc
1553 4689 1732 4757 palam
1759 4704 1907 4745 nunc

248 4779 1065 4851 clandestinisjugulabantur
1090 4777 1326 4832 insidiis
1352 4794 1367 4845 ;
1392 4776 1589 4831 nullus
1610 4778 1760 4831 enim
1782 4777 1908 4833 dies

250 4870 526 4939 nullaque
554 4882 664 4923 nox
688 4867 760 4922 ab
791 4865 1067 4922 effusione
1108 4865 1425 4920 Christiani
1459 4864 1685 4919 cruoris
1714 4870 1910 4920 trans-

252 4960 366 5014 ibat
395 4957 693 5013 immunis.
716 4958 828 5011 Nec
850 4960 1019 5025 typus
1041 4953 1463 5009 interfectionis
1488 4953 1753 5009 horrebat
1775 4955 1907 5009 sim-

250 5048 375 5117 plex
404 5065 419 5118 ;
447 5045 553 5100 alii
589 5044 821 5115 quidem
868 5042 1117 5098 diversis
1148 5048 1203 5097 et
1229 5042 1529 5097 acerrimis
1557 5042 1907 5097 necabantur

317 5166 343 5194 ει
374 5151 716 5207 Rectissime
734 5154 926 5205 noster
958 5149 1121 5218 ponit
1147 5148 1295 5203 Petri
1326 5148 1477 5217 passi
1506 5162 1645 5202 mem
1668 5148 1775 5203 sub
1806 5148 1911 5201 Ma-

252 5223 496 5290 ximino,
528 5235 637 5277 non
664 5221 772 5276 sub
792 5220 1168 5289 Diocletiano,
1196 5222 1344 5289 quod
1384 5218 1520 5273 facit
1548 5220 1779 5290 Graecus
1814 5219 1911 5272 ille

253 5293 679 5365 biographus_a
710 5292 1048 5365 Combelisio
1080 5291 1366 5361 vulgatus,
1403 5303 1516 5365 quo
1550 5289 1671 5344 loco
1699 5290 1908 5344 doctus

256 5360 474 5433 editor,
499 5379 552 5433 p.
576 5361 703 5431 222,
736 5376 984 5417 errorem
1013 5362 1163 5416 hunc
1185 5360 1463 5433 coarguit.

228 5464 242 5473 -
326 5436 353 5476 δ
380 5429 770 5504 Βὶὸ“ι)ι·οι“εἰιε
805 5433 1119 5488 excubabat
1147 5429 1592 5504 Medio‘lanensi‘s
1628 5429 1721 5499 pia
1755 5430 1915 5504 plebs

257 5507 409 5562 circa
443 5498 812 5561 Ambrosium
838 5504 1167 5574 episcopum
1198 5516 1389 5573 suum,
1429 5501 1525 5556 cui
1556 5498 1719 5555 furor
1741 5498 1919 5556 Justi-

2017 3094 2114 3149 Vir
2143 3100 2329 3149 autem
2353 3091 2581 3146 Domini
2618 3104 2746 3145 cum
2782 3104 2989 3159 paucos
3011 3089 3136 3143 dies
3159 3090 3351 3142 eodem
3385 3101 3554 3142 nervo
3575 3092 3669 3143 tec-

2014 3187 2244 3237 neretur
2272 3188 2548 3251 retrusus,
2584 3178 2800 3233 tribuni
2838 3177 3093 3232 fecerunt
3120 3176 3189 3231 de
3223 3176 3346 3244 ipso
3389 3175 3507 3246 regi
3539 3172 3667 3246 sug;

2013 3269 2323 3341 gestionem
2351 3287 2365 3337 ;
2422 3268 2519 3321 ille
2549 3272 2736 3321 autem
2760 3267 2923 3334 juxta
2953 3278 3161 3319 morem
3193 3277 3310 3319 suae
3345 3260 3665 3317 ferocitatis

2011 3358 2323 3414 destinavit
2348 3355 2710 3423 sententiam,
2745 3359 2807 3408 ut
2832 3352 3227 3407 beatissimum
3280 3350 3663 3419 patriarcham

2010 3447 2245 3517 capitali
2281 3445 2551 3515 punirent
2573 3442 2929 3498 discrimine.
2958 3442 3130 3494 Porro
3151 3439 3286 3493 dum
3313 3438 3417 3493 hoc
3446 3451 3544 3507 per
3565 3451 3663 3492 au-

2010 3552 2099 3592 res
2123 3534 2584 3590 Christianorum
2611 3535 2880 3600 serperet,
2903 3533 3197 3598 cmperunt
3218 3539 3412 3582 omnes
3445 3525 3665 3580 unani-

2010 3625 2180 3679 miter
2203 3620 2681 3677 carcerisaditum
2699 3632 2827 3673 cum
2849 3617 3007 3672 luctu
3032 3621 3088 3670 et
3106 3614 3320 3686 gemitu
3343 3612 3657 3683 custodire,

2007 3719 2063 3768 et
2083 3712 2426 3767 obsistentes
2454 3707 2737 3762 neminem
2770 3704 3071 3776 gentilium
3098 3702 3261 3756 illum
3296 3699 3518 3770 ingredi
3543 3711 3662 3767 per.

2008 3800 2326 3856 mittebant.
2373 3794 2615 3852 Tribuni
2666 3807 2796 3848 vero
2833 3805 2962 3847 cum
3004 3790 3071 3845 ad
3122 3802 3248 3844 eum
3278 3786 3659 3859 jugulandum

2009 3890 2339 3945 nullatenus
2371 3886 2642 3941 haberent
2685 3883 3006 3953 ingressum
3044 3878 3238 3933 habito
3268 3875 3515 3932 consilio
3545 3878 3656 3929 sta-

2010 3982 2246 4034 tuerunt
2270 3982 2330 4030 ut
2360 3973 2551 4028 cuncti
2588 3971 2801 4026 milites
2822 3969 3056 4023 nudatis
3089 3964 3461 4020 mucronibus
3493 3977 3665 4032 popu-

2014 4067 2187 4122 larem
2223 4064 2604 4131 irrumperent
2634 4059 2881 4126 turbam,
2918 4062 2973 4111 et
3003 4056 3087 4110 sic
3131 4068 3257 4109 eum
3284 4054 3561 4108 duntaxat
3589 4050 3656 4105 ad

2014 4151 2410 4210 decollandum
2459 4148 2611 4203 foras
2655 4146 3053 4213 extraherent;
3098 4156 3225 4197 mox
3269 4154 3398 4196 vero
3438 4139 3488 4194 si
3529 4138 3663 4209 quis

2017 4244 2294 4299 obsistere
2320 4238 2508 4306 vellet,
2541 4234 2732 4307 gladio
2764 4232 3049 4287 interiret.

2090 4330 2262 4384 Arius
2295 4328 2511 4381 interea
2538 4323 2724 4378 adhuc
2756 4320 2984 4375 levitico
3033 4322 3251 4372 tantum
3287 4317 3501 4371 honore
3525 4313 3674 4369 colo-

2019 4425 2178 4474 ratus
2204 4429 2228 4457 ο
2259 4458 2271 4484 ,
2317 4420 2574 4468 metuens
2600 4424 2667 4464 ne
2702 4416 2824 4479 post
2844 4407 3061 4462 exitum
3093 4404 3237 4458 tanti
3269 4402 3451 4457 Patris
3484 4414 3675 4456 recon-

2017 4506 2207 4563 ciliari
2265 4503 2595 4558 nullatenus
2639 4498 2869 4565 valeret,
2903 4495 3051 4551 adiit
3098 4507 3194 4547 eos
3225 4492 3323 4562 qui
3361 4490 3675 4545 nobiliores

2018 4602 2178 4653 erant
2211 4595 2266 4647 in
2299 4592 2471 4661 clero,
2504 4595 2559 4644 et
2604 4589 2867 4644 luctuoso
2910 4582 3163 4655 precario
3196 4580 3517 4648 blandoque
3546 4591 3676 4632 ser-

2020 4699 2182 4741 mone
2216 4687 2407 4750 utpote
2434 4677 2738 4733 simulator
2769 4675 3084 4731 conabatur
3114 4677 3309 4727 sancto
3331 4668 3570 4723 suadere
3589 4680 3674 4721 ar-

2017 4772 2401 4842 chiepiscopo,
2430 4774 2494 4823 ut
2526 4766 2613 4820 illi
2640 4762 3037 4819 misericordia
3068 4759 3411 4829 indulgeret,
3432 4767 3676 4824 eumque

2018 4863 2088 4919 ab
2112 4855 2441 4929 hujusmodi
2463 4854 2705 4910 solveret
2717 4850 3091 4922 obligatione.
3118 4849 3321 4902 Verum
3337 4844 3474 4914 quid
3500 4843 3677 4898 simu-

2021 4951 2135 5007 lato
2165 4946 2331 5002 corde
2352 4941 2659 5000 fallacius?
2683 4939 2831 5009 Quid
2861 4942 3058 4993 sancta
3087 4932 3503 5002 compositione
3527 4931 3677 4986 sim-

2022 5036 2275 5111 plicius?
2297 5033 2452 5089 llaud
2476 5042 2661 5099 mora;
2692 5026 2938 5099 ingressi
2964 5029 3099 5105 sunt
3126 5022 3224 5094 qui
3249 5020 3432 5093 rogati
3450 5018 3678 5075 fuerant

2021 5160 2106 5201 me
2144 5141 2367 5198 Ariana:
2425 5133 2816 5206 imperatricis
2865 5128 3219 5206 immine_bat,
3275 5131 3413 5183 teste
3454 5122 3673 5180 oculari

2020 5197 2343 5285 augustino
2364 5281 2375 5285 Α
2398 5197 2649 5285 Confess.
2680 5204 2780 5260 lib.
2812 5217 2893 5271 1x,
2936 5215 3058 5271 cap.

2093 5263 2334 5339 é°iiétiia
2364 5263 2469 5336 hoc
2513 5278 2752 5339 dicitur,
2808 5263 2974 5329 secus
3007 5263 3073 5328 ac
3103 5263 3677 5339 GriecaActaCom-

2024 5316 2317 5413 belisli‘iweot
2513 5316 3679 5415 “quibuswfalso‘dicitur

2028 5427 2320 5499 presbyter
2346 5422 2524 5477 Arius
2554 5420 2661 5476 sub
2692 5421 2874 5474 Petro.
