4034 6158
476 249 583 308 695

1704 253 2061 309 ANASTASII
2089 251 2632 308 BIBLIOTHECARII
3749 255 3837 314 696

475 375 544 430 ad
574 374 788 430 Christi
817 375 1159 446 pontiﬁcem,
1181 381 1238 433 et
1264 381 1392 447 post
1419 381 1746 432 consuetam
1772 374 2130 430 orationem-
2150 373 2206 434 Α
2307 373 2501 428 Nostis
2540 379 2827 444 praeterea,
2859 372 3212 442 charissimi,
3247 377 3302 427 et
3329 371 3469 428 bene
3495 373 3682 444 nostis,
3712 390 3837 446 qua-

477 463 825 519 consternati
849 463 970 520 solo
991 478 1121 520 cum
1152 465 1368 536 gemitu
1397 470 1454 521 et
1485 463 1751 534 lacrymis
1781 476 1974 518 sacras
1999 462 2128 531 ejus

474 550 869 609 deosculantes
909 566 1131 622 manus,
1172 553 1506 626 ﬂagitabant
1554 565 1682 608 eum
1731 552 2017 607 dicentes:
2052 550 2126 604 Te

477 643 728 714 quidem,
754 642 1085 699 beatissime
1097 643 1278 713 Pater,
1296 643 1607 698 secundum
1634 640 1761 696 ﬁdei
1781 639 2122 711 dignitatem

473 731 754 787 Dominus
783 731 854 787 ad
897 731 1158 801 martyrii
1186 744 1452 789 coronam
1483 729 1724 799 vocavit,
1757 742 1924 799 quam
1950 732 2006 782 te
2041 739 2126 781 ce-

476 818 658 874 lerius
677 819 934 888 accipere
964 831 1319 889 nequaquam
1382 817 1748 888 ambigimus.
1797 815 2128 883 Idcircoju-

475 912 626 962 stum
653 912 920 976 putamus
951 911 1014 962 ut
1039 906 1208 963 solita
1242 907 1450 976 pietate
1477 905 1776 977 indulgeas
1800 903 1958 974 Ario,
1981 903 2128 972 ejus-

475 1009 585 1066 que
614 994 844 1051 ﬁetibus
873 995 1093 1051 veniam
1125 994 1366 1050 tribuas.

543 1081 766 1150 Quibus
789 1083 1008 1140 auditis
1036 1083 1126 1138 vir
1157 1082 1384 1138 Domini
1415 1096 1544 1138 cum
1571 1080 1968 1151 indignatione
1998 1077 2128 1133 sub-

475 1171 651 1228 movit
677 1184 794 1242 eos,
844 1175 902 1226 et
929 1171 1164 1226 elevatis
1213 1184 1444 1226 sursum
1489 1169 1757 1225 manibus
1802 1168 2126 1224 exclamans

469 1258 654 1314 dixit:
688 1260 793 1315 Pro
820 1258 959 1314 Ario
993 1272 1080 1313 me
1102 1259 1330 1314 audetis
1351 1259 1676 1328 supplicare
1695 1257 1723 1310 ‘?
1751 1257 1926 1312 Arius
1949 1259 2005 1310 et
2032 1253 2127 1309 hic

470 1351 528 1402 et
557 1345 616 1401 in
666 1343 864 1402 futuro
909 1345 1120 1402 saeculo
1171 1360 1205 1401 a
1234 1345 1421 1418 gloria
1451 1345 1586 1400 Filii
1618 1345 1717 1400 Dei
1747 1345 1877 1399 Jesu
1903 1343 2121 1398 Christi

469 1433 698 1490 Domini
772 1434 954 1490 nostri
997 1448 1216 1504 semper
1263 1434 1374 1490 erit
1416 1438 1746 1506 segregatus
1788 1443 2122 1501 semperque

471 1520 724 1577 manebit
751 1523 999 1578 extorris
1025 1531 1066 1576 ι.
1094 1523 1219 1577 Haec
1247 1521 1348 1578 illo
1387 1525 1755 1592 protestante,
1789 1533 1986 1576 omnes
2018 1517 2120 1589 qui

469 1608 724 1681 aderant,
773 1610 975 1666 timore
1005 1610 1276 1680 perculsi,
1309 1615 1578 1681 tanquam
1609 1609 1752 1664 muti
1782 1608 2115 1664 reticebant.

2235 461 2370 516 liter
2392 461 2502 516 huc
2525 475 2708 531 usque
2732 460 3025 516 vobiscum
3047 467 3413 516 conversatus
3441 475 3582 530 sum,
3610 469 3839 532 quantas-

2235 563 2347 618 que
2365 547 2819 604 conﬁictationes
2838 549 2908 604 ab
2929 548 3253 604 idololatris
3265 548 3516 604 sustinui
3539 549 3834 620 gentilibus,

2236 637 2336 705 qui
2370 636 2667 693 dominum
2693 637 3038 693 Salvatorem
3067 638 3416 709 ignorantes,
3449 637 3836 696 multitudinem

2231 723 2468 780 deorum
2499 725 2600 795 qui
2646 739 2758 782 non
2810 731 2947 782 sunt
3022 725 3374 781 insanientes
3427 723 3707 782 diﬁ‘amare
3745 741 3833 782 non

2235 819 2476 868 cessant.
2525 813 2700 870 Scitis
2730 811 2980 884 profecto
3009 813 3291 884 quomodo
3318 819 3724 882 persecutorum
3749 816 3835 871 de-

2235 901 2505 958 clinando
2547 901 2782 972 rabiem,
2815 902 2885 958 de
2929 902 3051 958 loco
3078 901 3148 957 ad
3178 901 3363 958 locum
3397 901 3663 973 profugus
3694 903 3832 959 ibam.

2235 990 2555 1048 Plurimum
2577 1004 2821 1062 namque
2847 992 2906 1047 in
2936 991 3339 1060 Mesopotamia
3371 991 3604 1046 latitans
3630 991 3764 1064 degi,
3786 1006 3838 1048 ac

2239 1079 2472 1148 perinde
2499 1080 2649 1150 apud
2688 1079 2907 1150 Syriam
2955 1078 3242 1136 Phoenicis
3281 1078 3513 1148 delitui,
3546 1079 3603 1134 in
3633 1085 3838 1150 utraque

2234 1167 2406 1222 etiam
2437 1167 2736 1223 Palaestina
2765 1167 2994 1224 diutius
3025 1167 3536 1238 peregrinationem
3573 1167 3796 1223 sustinui
3822 1187 3835 1230 ;

2233 1261 2290 1311 et
2311 1257 2536 1326 exinde,
2571 1263 2634 1313 ut
2659 1256 2739 1312 ita
2767 1256 2976 1326 dicam,
3011 1255 3071 1312 iu
3095 1255 3214 1312 alio
3242 1256 3537 1327 elemento,
3569 1255 3667 1311 hoc
3692 1263 3766 1311 est
3789 1257 3836 1312 in

2236 1344 2448 1400 insulis
2486 1358 2595 1400 non
2639 1358 2808 1414 parvo
2838 1349 3090 1414 tempore
3117 1350 3375 1400 moratus
3402 1357 3548 1399 sum.
3582 1345 3644 1398 Et
3684 1344 3735 1398 in
3763 1345 3836 1399 his

2232 1432 2502 1488 omnibus
2542 1434 2754 1504 degens
2781 1431 3211 1488 calamitatibus
3238 1432 3539 1488 Dominico
3569 1433 3711 1504 gregi
3753 1434 3833 1504 qui

2233 1535 2367 1577 meai
2394 1523 2660 1592 parvitati
2684 1521 3028 1578 commissus
3053 1527 3160 1590 est,
3195 1521 3294 1577 die
3331 1529 3614 1591 noctuque
3629 1520 3838 1578 scribere

2231 1623 2342 1666 non
2381 1609 2730 1673 desinebam.
2771 1613 3116 1666 conﬁrmans
3143 1622 3240 1666 eos
3292 1609 3352 1665 in
3382 1609 3591 1664 Christi
3632 1610 3830 1665 unitate

470 1697 644 1754 Porro
685 1699 962 1768 suspicati
991 1704 1128 1754 sunt
1154 1712 1283 1755 eum
1315 1711 1424 1754 non
1457 1697 1584 1754 sine
1610 1697 1812 1753 divino
1839 1704 1984 1754 nutu
2025 1701 2120 1753 ta—
2147 1692 2197 1752 B
2228 1699 2440 1754 Horum
2469 1699 2623 1753 enim
2653 1698 2824 1754 anxia
2855 1698 3192 1754 sollicitudo
3211 1712 3315 1754 cor
3341 1712 3532 1754 meum
3561 1690 3737 1753 sedule
3759 1698 3836 1752 in-

471 1787 580 1842 lem
612 1787 670 1842 in
709 1787 910 1844 Arium
955 1787 1207 1858 proferre
1237 1787 1597 1843 sententiam.
1643 1786 1798 1854 Quos
1825 1785 1960 1841 dum
1994 1785 2119 1840 cle-

469 1877 865 1933 mentissimus
893 1879 1058 1934 Pater
1091 1877 1284 1934 cordis
1315 1875 1754 1947 compunctione
1783 1874 2020 1930 silentes
2051 1887 2116 1929 ac

470 1971 701 2021 mmstos
737 1965 1037 2038 aspiceret,
1094 1965 1282 2022 noluit
1333 1969 1602 2021 austerus
1651 1976 1998 2034 permanere,
2028 1961 2114 2017 vel

469 2067 569 2110 eos
597 2054 764 2125 quasi
787 2059 1158 2110 contemnens
1178 2054 1304 2110 sine
1335 2051 1729 2110 satisfactione
1752 2051 2114 2122 relinquere;

467 2143 564 2199 sed
603 2156 904 2199 assumens
945 2141 1230 2199 Achillam
1257 2148 1312 2199 et
1355 2142 1762 2212 Alexandrum,
1797 2141 1900 2212 qui
1934 2139 1992 2195 in
2019 2153 2120 2194 sa—

467 2231 798 2288 cerdotibus
839 2231 1097 2288 seniores
1142 2245 1208 2287 ac
1237 2231 1555 2287 sanctiores
1595 2244 1719 2286 esse
1755 2228 2116 2297 videbantur,

467 2333 646 2376 unum
685 2333 754 2375 ex
791 2319 878 2374 eis
909 2319 1124 2375 habens
1145 2320 1213 2375 ad
1259 2320 1568 2390 dexteram,
1617 2319 1862 2374 alterum
1894 2330 2122 2388 quoque

465 2410 535 2465 ad
593 2407 810 2479 laevam,
861 2406 1161 2477 paululum
1209 2421 1308 2464 eos
1345 2408 1664 2479 segregavit
1701 2420 1734 2462 a
1779 2407 2022 2476 caeteris,
2068 2411 2126 2461 et

465 2499 664 2554 clauso
707 2509 966 2553 sermone
1015 2496 1171 2552 dixit
1197 2498 1266 2552 ad
1305 2510 1440 2552 eos:
1482 2495 1684 2563 .Nolite
1741 2509 1848 2567 me,
1896 2494 2126 2550 fratres:

467 2597 740 2656 tanquam
788 2584 1167 2642 inhumanum
1206 2599 1272 2640 ac
1322 2583 1576 2656 rigidum
1606 2584 1902 2654 accipere;
1932 2596 2125 2639 revera

463 2672 616 2730 enim
647 2677 704 2729 et
731 2685 834 2744 ego
861 2671 1030 2728 homo
1054 2685 1180 2728 sum
1207 2671 1316 2729 sub
1339 2671 1458 2744 lege
1491 2672 1706 2742 peccati
1737 2672 1948 2745 degens
1980 2689 1996 2742 ;
2022 2671 2118 2726 sed

461 2760 678 2818 credite
705 2760 847 2816 meis
871 2759 1250 2816 sermonibus.
1299 2762 1502 2816 Latens
1524 2759 1649 2816 Arii
1693 2760 1865 2816 dolus
1897 2774 2120 2816 omnem

461 2855 692 2922 superat
745 2849 1136 2920 iniquitatem,
1165 2863 1505 2920 omnemque
1534 2850 1972 2920 supergreditur
2003 2851 2122 2905 im-

462 2941 760 3010 pietatem,
805 2945 863 2995 et
902 2938 1008 2994 hoc
1059 2952 1172 2994 non
1203 2952 1235 2994 a
1285 2939 1618 3008 memetipso
1665 2953 1944 3010 asserens,
1992 2940 2120 3008 ejus

2227 1787 2495 1860 stigabat,
2526 1795 2584 1843 et
2631 1800 2718 1842 me
2757 1787 3052 1858 quiescere
3077 1801 3188 1842 non
3220 1787 3483 1857 sinebat;
3525 1786 3835 1843 solummodo

2229 1877 2413 1932 levius
2443 1890 2529 1932 me
2559 1875 2766 1931 habere
2809 1875 3076 1946 putabam
3110 1875 3344 1947 quando
3369 1889 3465 1932 eos
3499 1889 3738 1947 superna:
3764 1888 3837 1946 po-

2229 1964 2420 2020 testati
2447 1964 2890 2021 committebam.

2296 2055 2416 2110 .lam
2461 2067 2594 2110 vero
2643 2059 2874 2124 propter
2902 2052 3224 2110 fortunatos
3270 2053 3586 2124 pontiﬁces,
3615 2052 3831 2108 Phileum

2228 2141 2380 2212 dico,
2431 2140 2822 2213 ilesychiumb
2851 2147 3023 2212 atque
3072 2142 3458 2212 Theodorum,
3503 2143 3597 2213 qui
3640 2141 3834 2214 dignea

2230 2230 2426 2286 divina
2445 2231 2628 2302 gratia
2661 2239 2794 2286 sunt
2813 2231 3016 2300 vocati,
3045 2245 3212 2302 quam
3242 2231 3439 2303 gravis
3465 2246 3546 2286 me
3571 2229 3829 2286 tribulatio

2233 2318 2558 2389 quatiebat!
2590 2320 2658 2374 Hi
2684 2320 2858 2388 enim,
2893 2324 2958 2376 ut
2987 2319 3098 2388 ipsi
3139 2319 3334 2392 scitis,
3366 2320 3437 2376 ob
3463 2319 3664 2375 Christi
3702 2318 3836 2374 ﬁdem

2233 2420 2364 2462 cum
2408 2409 2651 2478 reliquis
2696 2407 3124 2464 confessoribus
3154 2408 3410 2465 diversis
3456 2407 3836 2464 macerabantur

2237 2496 2563 2567 suppliciis.
2597 2499 2666 2552 Et
2697 2496 2835 2566 quia
2866 2498 2925 2550 in
2957 2496 3058 2552 tali
3090 2510 3270 2568 agone
3305 2511 3416 2554 non
3445 2497 3620 2553 solum
3647 2495 3836 2550 clerico-

2237 2599 2386 2656 rum,
2419 2587 2514 2642 sed
2541 2585 2712 2641 etiam
2737 2585 3014 2641 laicorum
3048 2584 3160 2655 ipsi
3187 2592 3359 2642 erant
3386 2585 3635 2658 signiferi
3656 2591 3704 2640 et
3731 2596 3839 2654 pra:-

2233 2682 2506 2746 ceptores,
2553 2680 2848 2744 propterea
2880 2674 3047 2730 .valde
3071 2674 3331 2742 verebar,
3365 2689 3432 2732 ne
3461 2675 3638 2746 longis
3661 2673 3836 2729 deﬁce—

2233 2767 2359 2817 rent
2378 2763 2754 2831 cruciatibus,
2777 2769 3050 2818 eteorum
3073 2762 3346 2837 defectio,
3366 2765 3513 2835 quod
3530 2765 3676 2820 dictu
3701 2773 3834 2834 grave

2229 2857 2332 2914 est,
2358 2851 2630 2920 plurimis
2647 2853 2886 2924 negandi
2907 2852 3051 2911 foret
3075 2851 3522 2922 oﬁ‘endiculum;
3543 2857 3690 2908 erant
3708 2849 3832 2904 enim

2231 2938 2381 2993 ultra
2412 2945 2706 2996 sexcentos
2740 2941 3056 3012 sexaginta,
3084 2941 3184 3012 qui
3216 2955 3356 2996 cum
3386 2942 3471 2997 eis
3494 2936 3831 2997 carceralibus

461 3027 680 3084 sancivi
725 3026 1191 3099 segregationem.
1243 3027 1355 3082 iiac
1399 3027 1610 3082 etenim
1647 3034 1810 3084 nocte
1837 3027 1974 3083 dum
2016 3042 2119 3084 so—
2145 3036 2194 3102 ί]
2226 3025 2595 3082 arctabantur
2621 3029 2950 3100 ergastulis.
2983 3029 3140 3085 Unde
3183 3043 3394 3102 magno
3421 3028 3603 3086 labore
3632 3037 3832 3096 magno—

465 3115 734 3172 lemniter
786 3127 979 3186 preces
1018 3116 1090 3171 ad
1127 3117 1306 3170 Deum
1371 3114 1688 3186 tunderem,
1736 3116 1926 3171 astitit
1968 3117 2112 3172 mihi

461 3203 696 3274 quidam
728 3217 869 3274 puer
891 3203 1055 3274 quasi
1085 3203 1387 3259 duodecim
1411 3216 1714 3273 annorum,
1746 3204 1915 3274 cujus
1944 3203 2112 3259 faciei

461 3291 782 3348 claritatem
814 3289 960 3347 ferre
991 3305 1102 3348 non
1126 3297 1398 3362 poteram,
1424 3305 1552 3348 nam
1584 3299 1698 3349 tota
1731 3293 1847 3349 haec
1875 3293 2018 3350 cella
2053 3293 2114 3350 in

462 3392 576 3450 qua
618 3384 838 3436 stamus
886 3380 1162 3436 immenso
1207 3380 1426 3436 lumine
1456 3380 1732 3436 radiabat.
1769 3383 1892 3452 Ipse
1916 3370 2113 3438 autem

465 3467 826 3524 linostimum
848 3469 1224 3524 eratindutus
1249 3469 1548 3536 coiibium,
1575 3469 1818 3524 scissum
1845 3470 1902 3524 in
1925 3474 2114 3538 partes

467 3560 740 3626 utrasque
769 3570 802 3612 a
829 3556 978 3612 collo
1003 3569 1184 3626 usque
1212 3556 1280 3610 ad
1330 3557 1517 3624 pedes,
1545 3561 1858 3628 tenensque
1888 3557 2111 3628 gemina

466 3655 637 3699 manu
665 3642 876 3699 colobii
909 3642 1212 3711 scissuras,
1258 3641 1584 3710 applicabat
1613 3656 1708 3698 eas
1738 3645 1951 3713 pectori
1981 3659 2108 3707 suo,

468 3735 750 3800 quatenus
823 3729 1110 3798 propriam
1165 3733 1376 3798 tegeret
1425 3729 1764 3784 nuditatem.
1822 3729 1906 3786 Ad
1967 3731 2111 3786 hanc

468 3817 680 3887 quippe
704 3816 982 3872 visionem
1001 3831 1104 3886 ego
1127 3816 1372 3872 miratus
1391 3817 1688 3888 obstupui.
1713 3819 1840 3874 Mox
1859 3818 1956 3874 ubi
1977 3819 2108 3874 data

467 3909 554 3960 est
582 3904 727 3960 mihi
747 3903 1016 3974 loquendi
1045 3903 1274 3972 ﬁducia,
1302 3905 1628 3962 exclamans
1655 3907 1813 3964 dixi:
1847 3907 2105 3976 Domine,

465 3991 600 4062 quis
630 3991 737 4047 tibi
763 3992 867 4048 hoc
886 3991 1064 4048 scidit
1094 3993 1538 4050 indumentum?
1566 3996 1633 4051 Et
1653 3995 1785 4052 ille:
1815 3995 1992 4053 Arius
2023 4011 2109 4053 me

465 4079 662 4152 scidit,
694 4081 788 4137 sed
837 4094 1085 4151 praecave
1138 4081 1372 4138 omnino
1412 4097 1482 4140 ne
1509 4097 1638 4140 eum
1673 4085 1730 4140 in
1761 4087 2112 4142 communio-

469 4182 595 4224 nem
645 4171 926 4242 recipias;
957 4184 1085 4226 ecce
1113 4171 1265 4226 enim
1317 4174 1570 4228 crastina
1599 4173 1695 4228 die
1725 4175 1948 4229 venturi
1973 4180 2110 4230 sunt

2226 3128 2335 3184 que
2381 3119 2643 3187 satagens
2694 3117 2924 3190 sudore,
2979 3132 3091 3174 non
3136 3119 3434 3174 cessabam
3475 3119 3542 3174 de
3583 3113 3832 3188 praedictis

2224 3203 2367 3259 locis
2406 3204 2654 3260 scribere
2682 3206 2952 3263 omnibus
2981 3207 3124 3278 illis,
3157 3207 3472 3264 exhortans
3498 3220 3589 3262 eos
3612 3205 3674 3260 ad
3703 3217 3834 3259 mar-

2224 3291 2359 3361 tyrii
2384 3293 2626 3362 palmam
2656 3294 2986 3366 magisterio
3009 3295 3194 3351 divini
3217 3295 3448 3352 affatus.
3482 3294 3701 3364 Quando
3725 3303 3830 3347 vero

2223 3381 2477 3436 omnium
2509 3395 2706 3438 eorum
2764 3383 3118 3453 magniﬁcam
3149 3384 3355 3440 audivi
3407 3379 3830 3455 perseverantiam

2221 3474 2278 3523 et
2307 3471 2596 3538 passionis
2623 3471 2936 3542 gloriosum
2967 3473 3156 3539 ﬁnem,
3189 3475 3406 3530 cadens
3437 3474 3494 3528 in
3523 3479 3710 3527 terram
3742 3467 3826 3522 ad—

2222 3557 2379 3612 oravi
2404 3558 2622 3615 Christi
2656 3561 3026 3631 majestatem,
3059 3563 3161 3632 qui
3191 3575 3297 3617 eos
3325 3563 3474 3618 inter
3501 3557 3738 3630 martyrii
3763 3567 3832 3610 ca-

2222 3651 2407 3701 tervas
2425 3661 2800 3704 annumerare
2827 3650 3100 3722 dignatus
3123 3656 3228 3706 est.

2289 3733 2438 3802 Quid
2480 3735 2652 3791 etiam
2684 3737 2846 3792 vobis
2875 3739 2945 3794 de
2975 3738 3203 3794 Meletio
3228 3739 3628 3810 Lycopolitano
3647 3747 3672 3776 ο
3697 3745 3832 3790 com-

2221 3835 2522 3897 memorem
2543 3823 2572 3877 ?
2603 3824 2698 3895 qni
2746 3831 2992 3895 quantas
3029 3827 3484 3896 persecutiones,
3516 3829 3830 3896 quantosque

2217 3909 2381 3966 dolos
2408 3911 2550 3966 mihi
2577 3912 2656 3966 sit
2675 3913 2985 3981 jaculatus,
3012 3928 3113 3970 vos
3132 3915 3467 3972 omnimodo
3487 3913 3657 3970 scrire
3684 3909 3834 3966 nulla-

2221 4003 2384 4054 tenus
2431 3999 2678 4072 ambigo.
2725 4002 2869 4058 Proh
2909 4001 3106 4058 nefas!
3151 4003 3416 4061 scindere
3458 4002 3828 4059 sacrosanctam

2217 4087 2527 4143 Ecclesiam
2583 4103 2692 4146 non
2753 4091 2977 4160 metuit,
3023 4105 3193 4162 quam
3254 4093 3361 4149 Dei
3401 4093 3582 4148 Filius
3619 4087 3830 4159 pretioso

2219 4177 2498 4247 sanguine
2547 4179 2808 4248 redemit,
2877 4193 2996 4234 eam
3064 4188 3128 4236 ut
3169 4181 3239 4238 de
3298 4181 3515 4239 diaboli
3570 4173 3828 4250 tyrannide

465 4257 564 4328 qui
592 4263 646 4314 te
692 4273 790 4328 pro
819 4273 884 4316 eo
923 4259 1314 4330 postulabunt.
1346 4261 1484 4316 Vide
1511 4275 1646 4331 ergo
1677 4275 1746 4318 ne
1771 4276 1979 4318 suasus
2008 4277 2112 4317 ac—
2220 4264 2509 4333 liberaret,
2558 4267 2807 4322 animam
2855 4283 3060 4338 ponere
3109 4283 3222 4324 non
3256 4270 3547 4326 titubavit.
3597 4267 3751 4330 Hanc,
3779 4263 3828 4315 ut

463 4347 728 4417 quiescas
753 4348 908 4419 illis;
937 4349 1076 4420 quin
1098 4350 1290 4419 potius
1303 4349 1502 4420 jubeto
1522 4349 1760 4407 Achillae
1782 4352 2110 4424 pariterque
2139 4367 2193 4428 ι)
2219 4353 2409 4410 dicere
2433 4355 2600 4425 coepi.
2651 4357 3046 4427 nequissimus
3084 4358 3353 4415 Meletius
3383 4358 3659 4423 scindens,
3684 4351 3826 4406 etiam

464 4437 787 4494 Alexandro
835 4438 1200 4511 presbyteris,
1257 4439 1356 4510 qui
1407 4444 1534 4510 post
1579 4446 1742 4497 tuum
1798 4443 2107 4499 transitum
2217 4451 2447 4498 sanctos
2469 4445 2785 4516 episcopos,
2811 4446 2911 4517 qui
2933 4453 3064 4504 ante
3085 4447 3387 4518 paululum
3415 4461 3512 4518 per
3533 4440 3827 4513 martyrium

466 4527 680 4582 recturi
707 4533 842 4583 snnt
869 4528 1176 4584 Ecclesiam
1219 4541 1418 4597 meam,
1443 4543 1514 4584 ne
1541 4529 1908 4602 aliquatenus
1941 4533 2109 4591 illum
2219 4531 2392 4586 malos
2438 4538 2824 4605 penetrarunt,
2874 4535 2932 4590 in
2977 4537 3226 4592 carceris
3254 4536 3516 4593 custodia
3543 4537 3828 4602 expugnare

465 4614 765 4684 recipiant.
797 4617 880 4671 Tu
907 4620 1096 4672 autem
1122 4613 1356 4672 futurus
1397 4631 1459 4673 es
1489 4619 1749 4690 martyrii
1776 4629 1983 4677 sortem
2006 4637 2114 4680 ve-
2222 4623 2394 4690 atque
2441 4619 2689 4692 affligere
2732 4635 2842 4678 non
2875 4623 3188 4680 desinebat.
3216 4625 3418 4682 Cavete
3445 4624 3620 4696 igitur
3639 4619 3703 4675 ab
3724 4615 3826 4685 ejus

463 4700 650 4758 locius
678 4703 922 4774 explere,
954 4704 1137 4772 Hujus
1167 4709 1354 4761 autem
1383 4707 1630 4764 visionis
1655 4723 1827 4766 causa
1869 4711 1952 4766 nil
1981 4726 2114 4770 am—
2225 4707 2478 4765 insidiis.
2511 4710 2626 4781 Ego
2654 4711 2827 4776 enim,
2857 4718 2920 4768 ut
2960 4713 3074 4782 ipsi
3104 4714 3337 4786 videtis,
3365 4714 3632 4785 alligatus
3657 4704 3823 4763 divina

463 4788 620 4858 plius
664 4788 796 4846 fuit.
834 4793 974 4847 Ecce
1016 4791 1268 4850 satisfeci
1315 4795 1497 4868 vobis,
1548 4801 1604 4853 et
1634 4812 1758 4869 quae
1783 4800 1945 4869 jussa
1975 4805 2110 4856 sunt
2218 4797 2497 4855 charitate
2518 4801 2867 4873 proﬁciscor,
2898 4802 3246 4860 voluntatem
3275 4803 3377 4859 Dei
3407 4799 3665 4858 omnibus
3685 4799 3824 4850 ante-

461 4891 696 4948 prorsus
745 4880 1102 4936 annuntiavi.
1135 4881 1409 4940 Caeterum
1442 4885 1580 4956 quid
1608 4901 1676 4942 ex
1717 4888 1810 4944 his
1856 4888 2100 4961 facietis,
2216 4902 2450 4957 ponens.
2480 4890 2610 4946 Scio
2641 4904 2837 4961 nempe
2869 4891 3007 4962 quia
3057 4893 3280 4949 tribuni
3325 4893 3397 4949 de
3426 4905 3544 4946 mea
3576 4899 3696 4944 nece
3723 4889 3824 4938 tre—

458 4979 558 5023 vos
584 4965 866 5024 videritis.
900 4967 970 5024 Et
998 4969 1068 5024 de
1103 4969 1242 5026 Ario
1273 4973 1502 5043 quidem
1534 4973 1669 5030 haec.
2212 4977 2475 5046 pidantes
2496 4979 2822 5035 mussitant.
2844 4980 2942 5036 sed
2973 4979 3196 5036 nullum
3214 4995 3282 5036 ex
3309 4979 3416 5036 hoc
3434 4980 3519 5037 eis
3545 4980 3820 5034 sermonem

465 5103 550 5174 mu
573 5089 808 5174 addunt
844 5089 939 5146 hic
983 5090 1122 5174 Acta
1169 5093 1600 5174 Combeﬁsiana,
1646 5102 2098 5174 gucmadmodum
2275 5100 2306 5143 δ
2351 5099 2488 5157 Acta
2554 5103 2966 5161 Combeﬁsiana
3007 5113 3062 5162 et
3116 5107 3241 5164 cod.
3294 5108 3401 5162 Vat
3472 5101 3575 5160 6‘22
3632 5097 3820 5156 addunt

453 5161 548 5244 ille
695 5161 900 5244 filium
929 5177 972 5242 α.
998 5167 1235 5244 paterna
1271 5166 1448 5244 gloria
1487 5172 1536 5219 et
1573 5161 1882 5244 suhstantia
1919 5190 2100 5244 scque—
2206 5174 2574 5227 Pachomium.

452 5229 1685 5324 £599.13”le‘l‘liifl‘ll'ﬂ‘imiﬁlliEua!"
1715 5229 2103 5324 ῧὲθῒθὲίτηιβέ·
2217 5314 2228 5324 .
2283 5245 2559 5324 θὲέυὲίίηεέ
2611 5251 2839 5324 ηοδ.ίθ¹“;
2871 5248 3172 5324 “etenim
3215 5247 3478 5324 ΜεξΙθίίυξ
3521 5238 3816 5324 LXCQP‘l‘PP?

453 5300 862 5387 tefeceratlsed
889 5301 1243 5387 obAscihisma
1290 5309 1679 5387 tantummodo
1713 5300 2097 5387 M‘eietianurm,
2217 5314 2272 5367 in
2308 5300 2590 5387 :l‘h'ebade
2634 5300 3815 5387 episcopus.—Pes—simeKciawConfbetisiana

451 5377 518 5452 et_
538 5378 855 5452 suspectam
883 5373 1086 5443 agendi
1124 5373 1399 5452 rationem
1422 5379 1710 5452 exclusus
1751 5381 1952 5440 fuerat.
1989 5373 2102 5443 Hoc".
2215 5387 2272 5437 in
2303 5385 2595 5452 Lycaonia.
2623 5373 2741 5442 .lzim
2785 5373 2873 5443 res
2899 5373 3257 5446 Meletiilate
3293 5389 3625 5444 scribuntur
3649 5398 3679 5440 a
3707 5376 3815 5450 pri-

449 5442 1036 5582 :gggargentumne
1084 5443 1228 5500 alter
1298 5447 1530 5516 quidem
1590 5453 1765 5508 codex
1823 5456 1942 5513 Vat.
1997 5442 2104 5514 6'22
2216 5442 2655 5514 scisvhistoricis
2674 5442 3318 5518 etaBarouio‘adﬁanu.
3337 5442 3810 5531 306,711.5553311‘1-
