4034 6158
203 284 317 342 697

1016 287 1563 346 INTERPRETATIO
1600 288 1926 346 ACTORUM
1967 292 2022 346 S.
2066 293 2262 349 PETRI
2296 293 2795 354 ALEXANDRINI.

3503 294 3610 353 698

204 412 475 484 inferam,
529 428 712 486 neque
756 413 907 470 enim
952 417 1201 472 animam
1244 431 1421 473 meam
1468 416 1861 486 pretiosiorem
1889 416 1949 477 A
1979 430 2112 471 num
2159 417 2500 473 Salvatorem
2545 434 2716 489 super
2757 435 2950 477 omnes
2998 421 3294 478 haereticos
3336 421 3610 491 blasphe—

205 518 296 558 me
345 503 475 575 ipso
518 503 746 559 faciam.
793 505 944 574 Quin
992 506 1108 562 imo
1156 513 1385 577 paratus
1431 521 1556 562 sum
1600 507 1864 576 perficere
1972 519 2124 561 mare
2158 520 2270 562 non
2316 507 2536 578 metuit,
2578 509 2904 579 Dominum,
2947 510 3201 581 inquam,
3242 509 3603 579 Salvatorem,

202 605 443 648 cursum
487 607 654 663 quem
695 593 839 649 mihi
878 594 1158 651 Dominus
1199 610 1358 651 meus
1401 596 1562 650 Jesus
1598 596 1863 651 Christus

206 679 473 748 polliceri
506 680 781 751 dignatus
810 685 917 746 est,
948 686 1006 736 et
1034 682 1426 739 ministerium
1458 684 1609 753 quod
1640 683 1710 738 ab
1738 684 1862 752 ipso

200 770 423 839 accepi,
457 769 511 824 ei
538 769 787 825 fideliter
809 771 1126 841 assignare.
1156 772 1325 827 Orate
1351 786 1451 842 pro
1479 786 1583 843 me,
1618 772 1858 841 fratres;

204 856 459 913 ulterius
498 872 586 912 me
622 857 682 913 in
733 858 834 914 hac
875 859 991 915 vita
1038 860 1330 917 vobiscum
1369 861 1559 916 vivere
1592 862 1707 930 jam
1750 874 1858 917 non

200 945 503 1001 videbitis.
541 946 898 1017 Quapropter
927 949 1206 1004 testificor
1237 963 1428 1005 coram
1453 952 1564 1005 Deo
1594 955 1649 1004 et
1673 955 1858 1004 vestra

201 1032 592 1106 fraternitate,
628 1037 779 1106 quod
822 1036 1092 1093 omnibus
1128 1037 1291 1093 vobis
1330 1038 1596 1093 mundam
1636 1039 1853 1094 servavi

199 1123 640 1180 conscientiam.
668 1126 790 1181 Non
816 1127 969 1181 enim
986 1126 1308 1199 subterfugi
1334 1127 1679 1183 annuntiare
1694 1127 1856 1183 vobis

201 1225 334 1281 qua:
366 1211 512 1267 mihi
544 1227 576 1267 a
600 1214 845 1270 Domino
876 1221 1013 1270 sunt
1042 1215 1321 1285 injuncta,
1352 1222 1408 1271 et
1432 1230 1558 1287 qua:
1586 1216 1857 1286 deinceps

200 1301 531 1355 necessaria
568 1307 738 1357 erunt
774 1304 1018 1373 pandere
1055 1305 1289 1360 minime
1325 1304 1602 1361 recusavi.

269 1388 560 1457 Quocirca
585 1390 862 1447 attendite
887 1392 1049 1448 vobis
1077 1399 1133 1447 et
1166 1393 1431 1449 universo
1453 1394 1632 1465 gregi,
1660 1394 1719 1448 in
1742 1408 1854 1464 quo

198 1490 299 1531 vos
333 1476 591 1546 Spiritus
633 1483 866 1535 sanctus
905 1481 1164 1536 seriatim
1198 1482 1496 1551 episcopos
1535 1483 1746 1552 posuit.
1781 1483 1856 1537 Te

200 1565 442 1634 quidem
467 1566 753 1623 Achillam
786 1569 1058 1641 primum,
1086 1570 1473 1626 Alexandrum
1507 1584 1637 1627 vero
1663 1585 1859 1626 secun-

198 1653 366 1709 dum.
411 1655 490 1709 En
529 1655 692 1711 vobis
734 1657 860 1713 viva
902 1672 1037 1714 voce
1074 1664 1375 1730 protestor,
1419 1660 1690 1730 quoniam
1734 1664 1860 1729 post

202 1756 397 1797 meum
440 1745 749 1801 transitum
783 1720 1089 1818 insurgent
1117 1720 1453 1818 quidam'de
1480 1720 1861 1805 Ecclesia-lo-
1890 1720 1941 1780 B

200 1836 451 1901 quentes
479 1847 760 1905 perversa,
805 1851 1123 1907 rursusque
1154 1837 1416 1893 divident
1440 1851 1582 1908 eam,
1613 1843 1678 1893 ut
1701 1839 1862 1894 Mele-

201 1920 350 1989 tius,
383 1922 678 1980 trahentes
717 1925 990 1994 p0pulum
1021 1931 1150 1996 post
1182 1940 1344 1982 suam
1380 1928 1686 1983 vesaniam.
1720 1928 1861 1982 Ecce

204 2011 450 2078 praedixi
482 2012 667 2069 vobis.
699 2014 824 2083 Sed,
856 2016 1131 2084 deprecor
1154 2030 1272 2087 vos,
1301 2030 1334 2072 o
1365 2017 1581 2071 viscera
1613 2030 1753 2087 mea,
1782 2016 1863 2070 vi-

202 2099 415 2170 gilate:
439 2107 663 2172 Oportet
683 2104 834 2159 enim
857 2119 957 2161 vos
976 2106 1188 2161 multas
1207 2106 1405 2161 subire
1431 2105 1854 2161 tribulationes.

203 2191 402 2259 Neque
427 2192 581 2246 enim
615 2193 880 2250 meliores
904 2209 1106 2251 sumus
1132 2210 1300 2266 quam
1333 2200 1519 2264 patres
1545 2196 1748 2251 nostri.
1773 2193 1859 2249 An

214 2279 505 2350 ignoratis
546 2286 759 2351 quanta
799 2298 832 2339 a
871 2284 1189 2355 gentilibus
1238 2298 1538 2355 perpessus
1576 2290 1662 2340 est
1704 2288 1863 2354 pater

212 2381 397 2434 meus,
440 2368 542 2439 qui
586 2384 673 2426 me
708 2373 971 2443 nutrivit,
1009 2373 1410 2429 sanctissimus
1441 2374 1697 2428 Theonas
1732 2372 1866 2441 epi—

211 2469 443 2527 scopus,
462 2459 633 2527 cujus
644 2460 1027 2529 pontiﬁcalem
1045 2462 1371 2517 cathedram
1391 2475 1581 2533 regere
1597 2461 1865 2532 suscepi?

208 2545 253 2601 Ο
284 2547 511 2602 utinam
543 2554 600 2603 et
630 2550 850 2605 mores!
877 2551 1025 2620 Quid
1062 2552 1232 2607 etiam
1263 2553 1334 2607 de
1359 2565 1562 2624 magno
1589 2552 1863 2621 Dionysio

209 2635 467 2705 ejusdem
509 2651 846 2706 praecessore
882 2638 1116 2695 referam
1141 2641 1170 2695 ‘I
1198 2640 1299 2711 qui
1335 2639 1613 2712 profugus
1640 2641 1710 2696 de
1740 2641 1864 2695 loco

212 2724 268 2780 in
306 2726 496 2781 locum
531 2727 741 2783 multas
765 2728 1120 2784 calamitates
1140 2730 1211 2785 ab
1234 2731 1438 2785 insano
1469 2730 1866 2786 sustinuitSa-

211 2812 391 2869 bellio
409 2813 440 2867 ?
460 2816 574 2870 Nec
603 2829 703 2871 vos
746 2823 1071 2885 praeteream
1098 2830 1128 2860 α
1155 2861 1169 2889 ,
1198 2819 1551 2874 sanctissimi
1582 2821 1775 2875 Patres
1798 2832 1864 2873 ac

209 2902 426 2958 divina:
456 2903 603 2975 legis
625 2905 935 2977 antistites,
973 2907 1194 2963 Heracli
1226 2912 1397 2979 atque
1424 2908 1695 2978 Demetri,
1724 2908 1865 2978 qui-

211 2990 322 3047 bus
347 2989 660 3047 fabricator
689 2994 936 3062 perversi
971 2994 1257 3067 dogmatis
1288 2995 1561 3067 Origenes
1598 2994 1865 3051 multifa-

1966 594 2065 664 qui
2105 595 2383 651 humanos
2425 596 2729 652 miseratus
2763 611 3005 664 errores,
3045 596 3350 653 mortiferas
3382 598 3611 653 damna-

1964 681 2142 738 tionis
2174 684 2412 740 interitu
2433 686 2741 741 condolens
2774 687 2960 755 perire
2984 686 3276 755 saeculum,
3306 700 3405 755 pro
3431 685 3611 741 omni—

1962 768 2070 825 bus
2096 771 2263 827 nobis
2285 782 2456 828 carne
2486 774 2603 844 pati
2628 774 2900 846 dignatus
2928 781 3031 830 est.
3062 776 3255 845 Neque
3283 774 3435 828 enim
3464 773 3611 829 divi-

1962 859 2135 930 nitas,
2159 875 2284 930 qum
2312 861 2512 931 utique
2541 862 2919 932 impassibilis
2943 868 3045 932 est,
3077 862 3397 932 passionem
3422 861 3613 917 incur-

1964 949 2110 1004 risse
2139 950 2417 1005 credenda
2449 955 2555 1006 est.
2582 952 2686 1007 Sed
2723 951 2856 1022 quia
2884 951 3132 1023 theologi
3176 952 3367 1006 Patres
3398 950 3611 1019 hujus-

1967 1036 2117 1092 modi
2143 1037 2528 1108 blasphemias
2554 1052 2588 1094 a
2616 1039 2919 1095 catholicis
2942 1039 3186 1095 auribus
3208 1039 3432 1095 meliori
3463 1038 3610 1109 stylo

1968 1126 2163 1195 procul
2201 1140 2457 1183 amovere
2500 1135 2795 1199 curarunt,
2833 1133 2889 1184 et
2924 1128 3090 1185 nobis
3119 1128 3280 1184 aliud
3324 1129 3605 1199 imminet,

1965 1214 2261 1271 redeamus
2292 1216 2360 1272 ad
2405 1217 2778 1286 propositum.

2035 1303 2449 1374 Sagacissimus
2463 1305 2643 1375 igitur
2657 1305 2929 1376 pontifex,
2944 1306 3400 1361 animadvertens
3414 1318 3613 1360 cruen-

1966 1390 2248 1446 tissimam
2280 1392 2644 1449 tribunorum
2669 1395 2981 1465 stropham,
3006 1396 3157 1465 quod
3183 1394 3255 1450 ob
3275 1395 3400 1464 ejus
3420 1407 3611 1464 perpe-

1968 1480 2225 1535 trandam
2284 1494 2493 1551 necem,
2543 1496 2765 1538 omnem
2821 1483 3280 1538 Christianorum
3326 1483 3427 1552 qui
3471 1488 3610 1537 tunc

1967 1567 2201 1623 aderant
2224 1568 2655 1626 multitudinem
2688 1570 2879 1643 gladio
2902 1571 3229 1627 interimere
3249 1571 3476 1640 vellent,
3500 1584 3612 1626 no-

1969 1655 2082 1711 luit
2119 1670 2216 1713 eos
2256 1659 2469 1727 pariter
2503 1673 2692 1715 secum
2732 1660 2929 1716 subire
2961 1659 3163 1716 mortis
3199 1659 3564 1715 acerbitatem
3594 1677 3609 1727 ;

1968 1747 2063 1801 sed
2088 1746 2275 1801 fidelis
2303 1762 2502 1804 servus
2533 1749 2767 1805 imitans
2787 1750 3089 1805 Dominum
3120 1749 3486 1818 Salvatorem,
3512 1746 3610 1820 qui

1967 1835 2122 1889 dixit
2145 1839 2201 1889 et
2230 1834 2386 1907 fecit,
2416 1837 2613 1893 Pastor
2641 1838 2826 1893 bonus
2853 1838 3103 1893 animam
3133 1852 3293 1894 suam
3325 1838 3488 1907 ponit
3509 1851 3612 1907 pro

1969 1922 2173 1978 ovibus
2213 1924 2356 1993 suis,
2403 1938 2472 1979 ex
2517 1924 2750 1994 pietatis
2790 1932 3123 1998 argumento
3164 1927 3386 1982 vocavit
3433 1939 3610 1983 unum

1971 2011 2249 2066 seniorem
2285 2026 2354 2067 ex
2387 2012 2479 2068 his
2510 2014 2608 2084 qui
2642 2014 2853 2069 ibidem
2886 2015 3177 2085 responsis
3205 2016 3332 2083 ejus
3360 2015 3614 2069 inhaere—

1970 2098 2125 2169 bant,
2158 2107 2212 2155 et
2239 2101 2392 2157 dixit
2424 2101 2477 2156 ei
2504 2119 2516 2156 :
2552 2101 2701 2158 Vade
2733 2104 2801 2158 ad
2835 2103 3099 2159 tribunos
3130 2104 3230 2174 qui
3268 2116 3354 2158 me
3384 2102 3614 2158 interli—

1971 2201 2097 2242 cere
2122 2195 2406 2258 quaerunt.
2435 2194 2490 2245 et
2525 2189 2706 2246 dicito
2736 2190 2823 2246 eis
2852 2212 2862 2247 :
2888 2192 3081 2247 Cesset
3108 2191 3297 2247 omnis
3328 2190 3609 2262 anxietas,

1970 2289 2098 2332 ecce
2124 2283 2417 2346 promptus
2442 2292 2566 2334 sum
2590 2279 2913 2336 ultroneum
2942 2294 3029 2336 me
3055 2280 3176 2336 illis
3202 2280 3475 2351 ingerere.
3500 2280 3612 2334 Hac

1973 2365 2181 2420 etenim
2222 2371 2386 2422 nocte
2423 2368 2655 2424 veniant
2693 2375 2821 2437 post
2862 2375 3081 2441 tergum
3124 2367 3329 2425 domus
3367 2368 3615 2423 carceris

1976 2454 2167 2524 hujus,
2201 2460 2257 2509 et
2281 2455 2340 2510 in
2364 2469 2476 2526 quo
2502 2456 2626 2512 loco
2650 2457 2942 2513 audierint
2965 2458 3195 2529 signum
3225 2458 3283 2512 in
3312 2457 3523 2526 pariete
3542 2455 3615 2511 ab

1976 2542 2134 2599 intus
2151 2542 2381 2614 factum,
2408 2544 2489 2599 ibi
2508 2544 2838 2601 eﬁ‘odientes
2862 2546 3154 2617 excipiant
3171 2559 3275 2614 me,
3298 2545 3617 2614 perﬁciant-

1975 2645 2085 2701 que
2114 2633 2264 2702 quod
2295 2632 2409 2688 sibi
2449 2637 2537 2689 est
2566 2634 3170 2704 imperatum.‘Senior
3205 2646 3357 2705 vero,
3390 2633 3618 2688 obtem—

1976 2732 2179 2791 perans
2218 2721 2584 2790 jussionibus
2638 2722 2993 2780 sanctissimi
3040 2721 3152 2779 viri
3201 2719 3418 2793 (neque
3461 2721 3615 2776 enim

1977 2812 2133 2864 tanto
2161 2810 2314 2865 Patri
2345 2810 2751 2867 condradicere
2787 2810 3045 2882 poterat),
3076 2811 3223 2866 abiit
3251 2811 3319 2865 ad
3352 2810 3618 2865 tribunos

1973 2902 2029 2951 et
2060 2897 2351 2953 intimavit
2379 2898 2464 2953 eis
2494 2901 2644 2969 quod
2681 2899 2794 2955 sibi
2827 2898 3054 2958 fuerant
3085 2900 3427 2969 injunctum.
3456 2898 3616 2967 Quod

1974 2984 2063 3039 illi
2094 2985 2395 3041 audientes
2422 2988 2584 3042 valde
2609 2989 2791 3059 gavisi
2829 2992 2984 3058 sunt,
3017 2992 3073 3043 et
3099 2992 3454 3044 assumentes
3484 2986 3620 3041 lato-

213 3079 333 3134 rias
362 3059 709 3137 tentationes
740 3081 1023 3154 incussit;
1051 3059 1151 3154 qui
1183 3059 1429 3154 conjecin
1461 3084 1518 3138 in
1548 3084 1857 3139 Ecclesiam
1890 3059 1939 3123 (ἶ
1973 3086 2093 3128 mos
2123 3073 2276 3128 Circa
2303 3074 2489 3129 ηοεῐῖε
2516 3075 2689 3144 huius
2716 3077 3062 3131 matutinum
3095 3083 3318 3144 tempus
3343 3079 3619 3130 νεηθνυηῑ

211 3167 553 3224 detestabile
595 3169 867 3243 schisma,
912 3172 1062 3242 quod
1111 3187 1292 3243 usque
1340 3172 1510 3228 hodie
1557 3171 1860 3228 confundit

212 3269 356 3310 eam.
406 3257 513 3313 Sed
567 3258 752 3329 gratia.
798 3260 922 3330 Dei,
974 3274 1099 3330 qua:
1148 3260 1282 3316 illos
1320 3266 1458 3315 tunc
1510 3258 1855 3330 protegebat,

214 3345 382 3400 credo
405 3346 560 3401 enim
588 3348 736 3418 quod
759 3354 816 3405 et
838 3363 938 3406 vos
966 3356 1238 3422 proteget.
1270 3351 1373 3407 Sed
1407 3350 1546 3421 quid
1576 3363 1676 3405 vos
1710 3348 1859 3404 ultra

215 3432 501 3504 demoror,
544 3435 874 3492 charissimi
920 3436 1146 3508 fratres,
1190 3438 1400 3508 prolixi
1449 3436 1731 3494 sermonis
1768 3434 1864 3492 af—

216 3518 335 3577 fatu
360 3521 391 3575 ?
416 3523 690 3593 Superest
713 3529 778 3580 ut
802 3525 1006 3581 ultima
1033 3527 1277 3597 apostoli
1308 3526 1567 3583 oratione
1591 3540 1690 3581 vos
1725 3538 1865 3594 pro-

216 3623 423 3680 sequar
455 3612 536 3667 ita
572 3614 895 3682 precantis:
925 3619 981 3671 et
1010 3629 1162 3671 nunc
1191 3614 1522 3671 commendo
1550 3629 1650 3671 vos
1673 3616 1787 3669 Deo
1807 3616 1863 3668 et

217 3699 383 3755 verbo
418 3700 622 3772 gratiae
657 3703 801 3773 ejus,
839 3703 940 3773 qui
977 3711 1177 3774 potens
1209 3710 1297 3760 est
1333 3703 1649 3777 gubernare
1681 3709 1736 3758 et
1765 3715 1865 3757 vos

217 3794 270 3843 et
293 3789 446 3844 ovile
480 3804 671 3846 suum.
704 3793 830 3847 Haec
858 3792 955 3848 ubi
988 3793 1143 3849 dicta
1169 3794 1349 3864 dedit,
1388 3793 1594 3863 positis
1623 3791 1866 3863 genibus

218 3878 399 3933 oravit
428 3892 559 3934 cum
597 3880 700 3936 eis.
737 3881 971 3951 Expleta
1006 3883 1200 3953 itaque
1229 3883 1507 3953 oratione,
1541 3881 1866 3938 osculantes

220 3980 418 4022 manus
457 3967 585 4036 ejus
608 3982 673 4024 ac
710 3970 880 4039 pedes
907 3970 1164 4027 Achillas
1196 3978 1366 4042 atque
1394 3971 1712 4027 Alexander
1740 3984 1867 4026 con-

219 4055 361 4109 versi
384 4055 444 4110 in
464 4054 744 4126 lacrymas
765 4058 1026 4129 singultu
1048 4059 1411 4115 amarissimo
1435 4059 1859 4131 quatiebantur,

222 4143 463 4199 maxime
505 4145 643 4215 quia
681 4147 987 4202 audierant
1027 4161 1155 4204 eum
1196 4149 1387 4204 dicere
1425 4148 1572 4219 quod
1614 4162 1682 4203 ex
1727 4154 1862 4204 tunc

220 4231 586 4300 temporalem
621 4234 746 4313 ejus
780 4234 953 4290 vitam
992 4236 1244 4306 amplius
1275 4237 1459 4292 visuri
1497 4250 1609 4291 non
1649 4244 1857 4293 essent.

218 4320 433 4375 Dehinc
454 4321 656 4377 doctor
674 4323 1051 4380 dulcissimus
1075 4325 1308 4380 veniens
1330 4326 1398 4381 ad
1424 4326 1680 4395 reliquos
1701 4327 1864 4382 cleri-

1971 3161 2096 3216 sine
2119 3161 2406 3217 militibus
2428 3162 2494 3217 ad
2522 3162 2709 3218 locum
2731 3163 2831 3234 qui
2860 3163 2971 3218 sibi
3001 3162 3187 3219 fuerat
3209 3169 3490 3219 ostensus.
3518 3162 3617 3217 Vir

1970 3254 2159 3303 autem
2189 3250 2417 3305 Domini
2448 3250 2587 3322 vigil
2619 3251 2675 3306 in
2706 3252 2964 3307 oratione
2991 3256 3048 3306 et
3069 3251 3292 3323 vigiliis
3318 3256 3490 3306 totam
3521 3263 3619 3305 no—

1969 3342 2113 3392 ctem
2143 3338 2456 3393 insomnem
2486 3339 2745 3393 duxerat.
2778 3339 2851 3394 At
2881 3339 2974 3394 ubi
3007 3352 3203 3394 eorum
3234 3337 3501 3410 cognovit
3522 3337 3616 3393 ad-

1969 3431 2220 3495 ventum,
2265 3427 2493 3482 cunctis
2541 3428 2637 3497 qui
2689 3441 2878 3483 secum
2918 3427 3154 3483 aderant
3199 3439 3402 3496 sopore
3441 3426 3614 3496 quie-

1973 3514 2286 3585 scentibus,
2327 3513 2481 3570 lento
2515 3516 2695 3587 gradu
2739 3516 3033 3587 ingressus
3068 3520 3156 3570 est
3182 3515 3241 3570 in
3282 3513 3612 3569 interiorem

1975 3603 2223 3658 carceris
2272 3610 2508 3674 partem,
2566 3610 2623 3659 et
2668 3605 2836 3674 juxta
2882 3604 3203 3660 condictam
3252 3602 3612 3673 sponsionem

1977 3705 2178 3747 sonum
2208 3691 2453 3749 faciebat
2481 3694 2541 3749 in
2574 3694 2822 3764 pariete;
2849 3706 3015 3764 quem
3048 3693 3138 3748 illi
3170 3691 3488 3748 forinsecus
3516 3704 3615 3746 au-

1972 3781 2216 3853 dientes,
2240 3780 2387 3837 facto
2412 3780 2692 3838 foramine
2715 3787 3089 3852 susceperunt
3106 3780 3320 3836 Christi
3341 3780 3611 3835 athletam

1978 3883 2088 3926 non
2119 3883 2261 3925 aerea
2292 3869 2491 3940 lorica,
2518 3871 2613 3927 sed
2646 3871 2858 3926 virtute
2889 3869 3200 3925 Dominicze
3233 3869 3425 3924 crucis
3452 3867 3618 3924 undi-

1976 3972 2087 4030 que
2114 3960 2420 4030 munitum,
2456 3966 2828 4030 paratumque
2860 3958 3097 4028 implere
3118 3957 3379 4013 divinum
3412 3970 3617 4012 sermo-

1977 4061 2101 4103 nem
2133 4048 2232 4117 qui
2268 4048 2415 4103 dicit
2438 4066 2451 4102 :
2476 4048 2640 4101 nolite
2668 4050 2853 4101 timere
2886 4062 2971 4101 eos
2999 4048 3095 4115 qui
3124 4061 3316 4115 corpus
3344 4045 3613 4108 occidunt,

1979 4139 2219 4191 animum
2255 4141 2434 4191 autem
2466 4152 2575 4190 non
2599 4140 2832 4206 possunt
2860 4136 3096 4190 occidere
3121 4153 3138 4199 ;
3164 4135 3259 4189 sed
3284 4136 3469 4204 potius
3498 4150 3618 4188 eum

1975 4229 2153 4281 timete
2188 4229 2285 4296 qui
2316 4230 2491 4297 potest
2518 4230 2568 4279 et
2600 4227 2840 4279 animum
2870 4229 2921 4278 et
2948 4239 3141 4294 corpus
3173 4223 3402 4293 perdere
3428 4225 3490 4277 in
3517 4238 3617 4289 ge—

1973 4318 2225 4371 hennam.
2254 4316 2397 4370 Mira
2421 4328 2510 4370 res
2538 4314 2550 4368 !
2582 4316 2715 4368 Tam
2737 4312 2963 4368 validus
2994 4312 3267 4369 imbrium
3298 4311 3467 4367 turbo
3491 4310 3618 4366 col-

219 4421 435 4476 corum,
483 4410 606 4479 qui,
652 4419 711 4467 ut
743 4414 1099 4482 prtemissum
1141 4421 1245 4485 est,
1292 4430 1393 4485 pro
1434 4415 1574 4470 Ario
1614 4416 1859 4487 ingressi

1975 4405 2326 4475 lisionesque
2359 4409 2653 4459 ventorum
2686 4402 2746 4457 in
2785 4402 2977 4457 eadem
3011 4409 3302 4471 strepuere
3334 4405 3517 4470 nocte,
3555 4404 3619 4454 ut

221 4492 467 4568 fuerant,
502 4497 729 4557 locutus
757 4504 842 4558 eis
870 4504 1037 4560 verba
1073 4506 1384 4561 novissima
1417 4511 1589 4576 atque
1612 4506 1865 4561 consola-

223 4585 367 4641 toria
394 4594 452 4643 et
470 4603 596 4659 qua:
624 4594 939 4648 necessaria
961 4600 1121 4650 erant
1139 4614 1154 4664 ;
1172 4595 1399 4662 deinde,
1423 4594 1572 4651 fusis
1591 4596 1659 4651 ad
1688 4596 1862 4650 Deum

226 4678 490 4747 precibus
523 4681 647 4738 vale
679 4680 895 4738 faciens
935 4683 1075 4754 illis,
1112 4685 1343 4741 dimisit
1376 4698 1571 4740 omnes
1610 4685 1668 4740 in
1708 4698 1861 4754 pace.

292 4769 391 4825 His
426 4771 508 4827 ita
544 4773 810 4844 peractis,
854 4773 1017 4846 longe
1061 4774 1285 4845 lateque
1319 4775 1534 4846 ubique
1570 4776 1865 4848 vulgatum

224 4865 308 4914 est
347 4862 499 4931 quod
545 4860 721 4918 Arius
755 4875 786 4917 a
820 4863 1107 4920 catholica
1145 4864 1368 4920 unitate
1409 4863 1625 4934 absque
1663 4864 1868 4922 deifico

226 4954 367 5005 nutu
393 4963 507 5006 non
538 4951 617 5006 sit
645 4951 924 5008 abscisus.
965 4952 1066 5009 Ille
1093 4959 1277 5009 autem
1313 4952 1546 5009 fallendi
1575 4953 1783 5010 artifex
1812 4960 1869 5010 et

228 5037 404 5093 totius
425 5039 698 5109 nequitiae
719 5040 1050 5113 seminator,
1076 5040 1135 5097 in
1154 5042 1245 5097 sui
1272 5042 1517 5110 pectoris
1538 5041 1867 5114 labyrintho

227 5127 513 5197 vipereum
551 5129 713 5185 virus
738 5130 1023 5185 occultare
1055 5144 1166 5186 non
1197 5130 1511 5194 desinebat,
1546 5145 1781 5202 sperans
1806 5146 1867 5188 se

228 5216 295 5271 ab
332 5216 559 5274 Achilla
597 5219 683 5273 vel
717 5218 1036 5275 Alexandro
1077 5219 1460 5274 reconciliari.
1504 5219 1606 5276 ilic
1639 5225 1728 5276 est
1767 5220 1865 5276 ille

230 5305 398 5364 Arius
439 5308 865 5379 bmresiarches,
901 5308 1414 5365 consubstantialis
1453 5317 1508 5365 et
1550 5309 1865 5366 individua:

230 5396 526 5453 Trinitatis
562 5399 804 5454 divisor.
842 5398 943 5454 ilic
976 5407 1062 5454 est
1094 5398 1192 5469 qui
1225 5412 1322 5454 ore
1356 5400 1657 5454 temerario
1684 5400 1867 5455 Domi.

298 5508 583 5575 gitursus
637 5512 788 5562 recte
837 5513 1028 5563 noster
1068 5507 1213 5562 vitat
1258 5520 1506 5563 errorem
1563 5507 1867 5578 biegraphi

236 5576 407 5635 Graaci
443 5578 869 5649 Combeﬂsiani,
913 5580 1013 5650 qui
1052 5578 1377 5634 Heracliam
1415 5591 1481 5633 ac
1514 5576 1868 5634 Demetrium

1975 4509 2137 4552 nemo
2175 4510 2370 4551 eorum
2399 4494 2498 4566 qui
2531 4493 2905 4550 observabant
2937 4491 3185 4548 carceris
3222 4488 3392 4556 fores,
3430 4492 3619 4558 posset

1974 4585 2177 4642 audire
2233 4584 2538 4640 eﬂ'odiendi
2587 4597 2809 4639 sonum.
2867 4579 3382 4637 Constantissimus
3426 4583 3616 4633 autem

1977 4683 2190 4749 martyr
2232 4673 2469 4746 urgebat
2508 4672 2826 4729 homicidas
2866 4671 3038 4726 illos:
3070 4670 3282 4743 Facite,
3323 4667 3613 4738 inquiens,

1977 4768 2128 4839 quod
2160 4765 2367 4822 facturi
2403 4763 2563 4833 estis,
2602 4763 2766 4832 prius
2791 4774 2961 4834 quam
2989 4760 3095 4817 hoc
3124 4758 3375 4815 sentiant
3403 4757 3503 4830 qui
3531 4770 3618 4813 me

1976 4855 2389 4913 custodiebant.

2045 4944 2119 4999 At
2140 4943 2229 5001 illi
2253 4943 2517 4999 tollentes
2534 4955 2664 4998 eum
2678 4941 2968 4996 duxerunt
2986 4940 3045 4995 in
3068 4939 3255 4995 locum
3278 4938 3379 5009 qui
3400 4936 3620 4993 dicitur

1976 5035 2229 5105 Bucolia,
2288 5032 2388 5089 ubi
2441 5037 2498 5087 et
2548 5035 2783 5087 sanctus
2836 5029 3062 5084 Marcus
3120 5028 3458 5099 martyrium
3516 5039 3618 5096 pro

1972 5126 2201 5182 Christo
2239 5121 2509 5193 suscepit.
2551 5120 2839 5190 Stupenda
2880 5124 3205 5175 sanctorum
3239 5117 3617 5174 virtuSICum

1975 5231 2103 5273 eum
2146 5217 2440 5283 ducerent,
2480 5219 2536 5268 et
2576 5217 2787 5268 tantam
2838 5210 3003 5267 illius
3043 5208 3421 5266 constantiam
3465 5204 3618 5259 circa

1976 5308 2240 5366 funereos
2269 5320 2438 5362 casus
2466 5307 2801 5372 tantumque
2828 5300 3007 5357 animi
3040 5300 3216 5369 robur
3248 5295 3612 5365 inspicerent,

1977 5398 2171 5456 subito
2194 5395 2466 5454 horridus
2491 5405 2660 5463 pavor
2681 5391 2847 5446 timid
2859 5402 3034 5460 usque
3060 5396 3271 5443 tremor
3289 5398 3385 5439 eos
3406 5380 3617 5436 invasit

1980 5512 2105 5577 post
2140 5502 2451 5560 Sabellium
2490 5514 2555 5556 ac
2599 5497 2935 5568 Dionysium
2978 5493 3159 5548 fuisse
3199 5490 3411 5546 diserte
3445 5484 3608 5539 dicit.
