4034 6158
493 273 599 332 699

1736 274 1824 327 .=\.\'
1833 273 1954 326 ΛΞΓ
1955 271 2088 326 A51!
2149 265 2207 320 Β]
2217 265 2632 322 BLIOTHECAR
2640 269 2685 322 ll

3761 281 3850 342 700

495 401 557 456 in
589 404 810 457 tantum
845 404 910 457 ut
937 400 1136 457 nullus
1163 413 1233 456 ex
1261 399 1346 456 eis
1373 400 1433 456 in
1470 399 1672 456 faciem
1696 399 1822 469 ejus
1850 396 2142 453 intendere
2165 397 2222 456 A
2249 400 2550 465 martyrem
2575 407 2743 450 suum
2765 395 2829 449 in
2853 393 3102 451 articulo
3129 396 3274 452 tanti
3301 397 3650 458 discriminis
3668 403 3848 478 absque

495 490 748 546 auderet.
801 489 1054 561 Rogabat
1095 493 1364 559 praterea
1412 494 1624 559 martyr
1665 487 2034 544 beatissimus
2077 489 2142 542 ut

494 579 748 635 sinerent
776 592 906 634 eum
923 579 991 634 ad
1016 578 1199 634 sancti
1222 577 1395 633 Marci
1419 577 1779 649 evangelista
1813 574 2139 631 memoriam

495 668 580 723 ire
607 685 622 737 ;
649 667 918 738 cupiebat
941 667 1092 723 enim
1123 667 1250 736 ejus
1275 681 1334 722 se
1358 665 1698 736 patrociniis
1723 663 2134 721 commendare.

491 756 565 812 At
595 755 684 812 illi
717 769 830 826 pra
859 756 1100 826 pudoris
1122 753 1459 811 confusione
1489 759 1696 810 terram
1725 753 2136 823 despectantes,

491 845 704 915 Facito,
744 844 1041 916 inquiunt,
1085 844 1235 914 quod
1263 843 1371 915 vis,
1399 849 1618 900 tantum
1651 841 1924 919 velocius.
1958 841 2140 896 Acce—

491 935 632 990 dens
658 933 853 1004 itaque
877 933 1206 1004 complexus
1237 938 1325 989 est
1357 931 1811 989 sacratissimum
1847 928 2142 1002 evangeli~

492 1028 592 1078 sta
635 1021 1047 1093 cameterium,
1090 1026 1147 1077 et
1191 1021 1366 1077 veluti
1410 1021 1469 1076 in
1511 1034 1680 1077 carne
1717 1018 1930 1074 viventi
1970 1024 2142 1088 atque

490 1109 750 1165 audienti
782 1109 1043 1180 loquens,
1079 1109 1186 1166 hoc
1216 1109 1382 1165 modo
1424 1108 1802 1178 precabatur:
1837 1107 2001 1162 Pater
2031 1105 2142 1159 ho—

491 1198 836 1268 nestissime,
879 1203 943 1254 tu
983 1199 1326 1272 evangelista
1377 1197 1662 1270 unigeniti
1703 1195 2034 1264 Salvatoris,
2078 1201 2140 1250 tu

491 1287 655 1344 testis
685 1288 1014 1356 passionum
1043 1287 1230 1354 illius,
1262 1293 1314 1342 te
1345 1287 1595 1357 primum
1627 1285 1949 1356 pontificem
1973 1291 2027 1339 et
2053 1283 2142 1338 fir-

490 1381 835 1430 mamentum
856 1375 1136 1432 cathedra
1157 1377 1281 1445 ejus
1301 1375 1576 1432 liberator
1599 1373 1854 1431 omnium
1875 1372 2140 1428 Christus

487 1463 680 1535 elegit,
714 1463 823 1518 tibi
863 1465 992 1520 fidei
1031 1464 1378 1534 praeconium
1411 1479 1510 1535 per
1540 1469 1715 1520 totam
1754 1463 2051 1533 Egyptum
2084 1464 2140 1515 et

487 1553 705 1609 circum
727 1553 1001 1609 terminos
1013 1555 1138 1622 ejus
1151 1555 1418 1610 insonare
1435 1553 1744 1610 commisit.
1758 1555 1861 1624 Tu,
1878 1552 2134 1622 inquam,

490 1641 876 1698 ministerium
923 1643 1185 1699 humana
1227 1643 1455 1712 salutis,
1507 1643 1655 1714 quod
1699 1641 1806 1698 tibi
1851 1641 2133 1696 creditum

2252 483 2420 539 solati
2499 483 2843 553 relinquere.
2885 484 3026 538 Ecce
3064 484 3296 554 quidam
3336 499 3503 542 senex
3538 495 3591 544 et
3631 495 3844 563 quadam

2251 572 2412 642 virgo
2441 572 2630 628 vetula
2657 573 2952 628 venientes
2977 586 3046 628 ex
3077 573 3308 643 oppidis
3342 577 3772 646 properabantin
3789 587 3846 640 ci-

2249 659 2506 731 vitatem,
2541 673 2782 732 quorum
2817 674 2968 717 unus
2997 665 3246 731 quatuor
3274 663 3580 720 venalicias
3605 667 3849 729 deferebat

2251 748 2444 819 pelles,
2472 749 2650 806 altera
2673 763 2900 820 quoque
2925 751 3180 822 geminas
3211 751 3500 810 sindones.
3532 755 3756 814 Cernens
3771 775 3848 817 eos

2251 837 2451 894 beatus
2479 839 2736 896 antistes.
2769 839 3035 910 cognovit
3065 853 3196 911 erga
3227 855 3288 896 se
3306 841 3556 898 divinam
3585 845 3847 916 dispensa-

2252 927 2482 983 tionem.
2500 927 2660 983 Illico
2674 933 3040 998 percontatus
3051 929 3346 986 estdicens
3363 949 3374 985 :
3389 930 3689 988 Christiani
3702 937 3846 992 estis?

2251 1016 2352 1086 qui
2379 1017 2652 1073 dixerunt
2682 1017 2884 1072 Etiam.
2916 1019 2985 1072 Et
3004 1018 3106 1088 ait,
3132 1032 3244 1088 quo
3271 1019 3511 1089 pergitis
3525 1019 3553 1074 ?
3567 1022 3631 1075 Et
3653 1021 3761 1079 illi:
3779 1025 3842 1081 Ad

2251 1105 2562 1177 nundinas,
2603 1106 2898 1179 inquiunt,
2932 1107 3096 1162 urbis
3123 1114 3186 1162 ut
3211 1107 3598 1164 venundemus
3622 1109 3726 1166 hac
3747 1129 3845 1183 qua

2250 1191 2580 1250 deferimus.
2613 1193 3108 1252 Clementissimus
3143 1199 3335 1252 autem
3371 1196 3532 1252 Pater
3552 1197 3840 1268 subjunxit:

2251 1281 2446 1337 Filioli
2481 1283 2588 1338 mei
2622 1283 2837 1351 fideles,
2868 1285 3020 1340 Deus
3044 1297 3142 1340 vos
3180 1283 3510 1354 destinavit,
3548 1295 3844 1355 perseverate

2252 1385 2490 1427 mecum.
2532 1363 2642 1442 Qui
2687 1373 2952 1442 protinus
2989 1387 3120 1428 eum
3153 1380 3544 1446 agnoscentes,
3581 1375 3840 1433 dixerunt:

2247 1459 2320 1514 Ut
2346 1459 2601 1528 jussisti,
2637 1461 2886 1517 domine.
2929 1462 2999 1516 Et
3027 1475 3336 1518 conversus
3374 1462 3442 1517 ad
3478 1461 3737 1530 tribunos,
3763 1466 3842 1522 Eia

2247 1549 2418 1620 agite,
2453 1550 2666 1621 inquit,
2701 1551 2853 1621 quod
2894 1551 3082 1606 acturi
3115 1551 3278 1622 estis,
3312 1551 3646 1621 complentes
3668 1554 3840 1625 regiam

2241 1637 2586 1712 jussionem,
2613 1641 2886 1712 quoniam
2905 1641 3033 1696 dies
3051 1641 3168 1710 jam
3205 1639 3534 1696 illucescere
3557 1642 3728 1712 capit.
3749 1643 3839 1712 lpsi

479 1727 687 1802 fuerat,
728 1731 1037 1802 vigilanter
1077 1731 1356 1802 explesti;
1385 1731 1558 1802 hujus
1597 1730 1876 1786 nimirum
1915 1728 2132 1785 laboris
2164 1730 2218 1791 Β
2243 1735 2428 1782 autem
2467 1728 2540 1783 ob
2579 1727 2792 1784 nefaria
2841 1728 3127 1798 principis
3166 1729 3394 1784 decreta
3434 1731 3592 1800 quasi
3629 1730 3728 1785 vim
3757 1743 3842 1800 pa-

483 1820 793 1875 mercedem
817 1821 1074 1892 martyrii
1095 1822 1339 1892 palmam
1357 1822 1648 1892 percipere
1670 1819 1952 1876 meruisti.
1975 1819 2131 1875 Unde

483 1921 594 1964 non
627 1909 916 1965 immerito
943 1910 1158 1982 dignus
1186 1924 1247 1966 es
1267 1911 1613 1983 evangelista
1644 1909 1817 1966 simul
1841 1914 1898 1964 et
1917 1909 2133 1980 episco-

483 2011 591 2066 pus
616 1998 937 2069 pradicari.
961 1999 1068 2054 Tui
1093 2013 1292 2069 nempe
1313 2013 1607 2056 successor
1637 1997 1752 2054 fuit
1769 1997 2046 2067 Anianus,
2075 2001 2134 2053 et

481 2085 694 2157 reliqui
711 2097 733 2124 ι
749 2101 849 2158 per
865 2087 1060 2144 succid
1071 2101 1198 2144 nam
1220 2089 1428 2144 seriem
1449 2102 1631 2158 usque
1645 2087 1714 2143 ad
1735 2087 2130 2143 beatissimum

479 2174 762 2230 Theonam
785 2176 886 2246 qui
920 2190 1054 2232 mea
1088 2175 1348 2233 infantia
1377 2176 1649 2247 colaphos
1675 2177 1832 2247 dare,
1865 2181 1922 2232 et
1953 2189 2130 2232 meam

484 2261 734 2319 indolem
757 2264 983 2320 nutrire
1001 2265 1276 2338 dignatus
1299 2269 1404 2321 est.
1422 2265 1530 2322 Cui
1550 2265 1724 2320 etiam
1740 2279 1843 2336 ego
1871 2269 2131 2334 peccator

481 2354 540 2406 et
560 2351 836 2423 indignus
861 2352 1010 2409 ultra
1036 2353 1299 2410 meritum
1325 2353 1688 2409 hareditario
1710 2353 1891 2424 gradu
1913 2366 2132 2410 succes-

483 2451 579 2494 sor
606 2439 839 2496 effectus
868 2455 1014 2498 sum.
1045 2443 1114 2497 Et
1137 2443 1288 2513 quod
1322 2442 1687 2512 potissimum
1717 2446 1822 2512 est,
1855 2454 1982 2496 ecce
2010 2443 2132 2496 Do-

484 2527 711 2583 minica
729 2529 960 2599 pietatis
981 2529 1215 2602 largitio
1237 2544 1323 2586 me
1345 2531 1606 2600 pretiosa
1621 2530 1813 2586 crucis
1832 2543 1897 2585 ac
1915 2527 2130 2585 festiva

481 2616 768 2672 anastasis
804 2624 1106 2688 martyrem
1140 2618 1263 2674 fieri
1299 2619 1664 2688 condonavit,
1703 2618 1966 2674 tribuens
1998 2631 2130 2673 mea

481 2703 771 2760 devotioni
794 2718 912 2760 sua
937 2705 1228 2774 passionis
1247 2707 1567 2776 jucundum
1595 2706 1848 2777 odorem,
1873 2711 1937 2762 ut
1955 2711 2010 2762 et
2026 2719 2130 2778 ego

485 2790 730 2848 hostiam
775 2793 880 2848 mei
921 2794 1150 2850 cruoris
1185 2794 1370 2850 libare
1409 2794 1500 2850 illi
1540 2795 1753 2866 dignus
1787 2793 2017 2850 efficiar.
2061 2797 2130 2850 Et

481 2879 620 2951 quia
637 2881 966 2939 istiusmodi
987 2883 1289 2939 libationis
1307 2888 1469 2956 urget
1483 2884 1788 2955 articulus,
1807 2898 1904 2940 ora
1923 2898 2024 2956 pro
2042 2898 2129 2940 me

482 2973 564 3035 ut,
587 2968 787 3026 divina
815 2971 1136 3040 opitulante
1174 2973 1409 3041 virtute,
1438 2973 1690 3029 stadium
1723 2973 1896 3043 hujus
1926 2973 2128 3046 agonis

2243 1816 2469 1886 tientes,
2501 1817 2760 1873 tulerunt
2792 1832 2922 1873 eum
2951 1831 2982 1874 e
3009 1818 3242 1891 regione
3273 1819 3582 1874 sanctuarii
3607 1819 3840 1890 evangeli-

2242 1911 2342 1960 sta
2367 1905 2425 1960 in
2447 1905 2650 1962 vallem
2677 1908 2842 1976 juxta
2872 1907 3153 1977 sepulcra.
3182 1909 3255 1963 Et
3279 1913 3526 1978 sanctus,
3552 1909 3836 1978 Expandite,

2244 1993 2455 2066 inquit,
2491 2009 2524 2050 ο
2553 2009 2735 2064 senes,
2770 1996 2916 2066 pelle
2952 2010 3094 2066 quas
3123 1996 3456 2068 advectatis,
3491 1997 3750 2068 simulque
3771 2004 3835 2066 tu,

2240 2082 2450 2152 vetula,
2496 2083 2787 2140 sindones.
2839 2083 3062 2154 Quibus
3107 2085 3401 2158 expansis,
3453 2084 3838 2142 robustissimus

2243 2175 2456 2242 martyr
2483 2172 2728 2243 desuper
2755 2173 3086 2244 ascendens,
3121 2174 3342 2244 palmas
3369 2179 3628 2246 utrasque
3645 2187 3835 2229 sursum

2241 2261 2518 2328 extendit,
2555 2275 2620 2318 ac
2661 2262 2902 2332 proinde
2939 2263 3188 2334 poplites
3230 2264 3392 2320 humi
3428 2263 3588 2333 fixus,
3625 2263 3836 2318 animum

2241 2363 2471 2421 quoque
2500 2351 2644 2408 calo
2676 2351 2950 2423 intentus,
2990 2353 3317 2423 gratiarum
3346 2353 3592 2409 actiones
3617 2351 3840 2421 omnipo-

2241 2439 2384 2492 tenti
2435 2439 2796 2512 agonotheta
2849 2440 3140 2510 persolvit,
3184 2441 3564 2512 muniensque
3599 2454 3652 2496 se
3687 2439 3840 2496 crucis

2240 2526 2540 2598 signaculo
2567 2529 2741 2600 dixit,
2775 2529 2970 2585 Amen.
3005 2530 3147 2585 Dein
3191 2530 3593 2600 omophorium
3627 2528 3838 2584 relaxans

2239 2629 2273 2670 a
2301 2615 2469 2686 collo,
2517 2617 2795 2673 cervicem
2847 2618 3090 2674 tetendit
3122 2636 3136 2672 :
3174 2619 3349 2687 Quod
3389 2618 3562 2688 vobis,
3596 2616 3835 2689 inquiens,

2233 2703 2462 2772 jussum
2492 2710 2598 2776 est,
2639 2706 2924 2762 maturius
2961 2706 3311 2764 deliberate.

2309 2792 2700 2865 Obriguerunt
2725 2795 2940 2850 interea
2967 2796 3346 2853 tribunorum
3376 2809 3586 2867 manus,
3605 2799 3754 2866 atque
3771 2794 3835 2848 in-

2239 2881 2417 2938 vicem
2453 2897 2513 2939 se
2549 2889 2908 2954 aspectantes
2946 2885 3016 2942 ad
3058 2885 3166 2942 hoc
3201 2884 3438 2943 facinus
3471 2884 3831 2957 provocabant;

2238 2972 2334 3027 sed
2380 2985 2576 3029 omnes
2623 2973 2932 3055 formidine
2977 2976 3129 3046 capti
3175 2975 3502 3046 stupebant.
3541 2974 3754 3031 Tandem
3781 2986 3834 3027 ex

478 3055 648 3112 corde
667 3056 900 3114 robusto
919 3073 986 3115 ac
1007 3059 1116 3115 fide
1142 3061 1569 3130 promptissima
1595 3061 1863 3131 perficere
1889 3074 2122 3117 merear.
2157 3063 2206 3125 Ο
2237 3074 2520 3117 consensu
2561 3061 2780 3132 placuit
2810 3069 2874 3118 ut
2893 3063 2968 3120 de
2995 3065 3299 3120 communi
3333 3079 3440 3121 are
3469 3061 3829 3120 interfectionis

478 3141 821 3202 Commendo
843 3147 1015 3203 etiam
1038 3153 1152 3204 tua
1173 3149 1434 3220 gloriosa
1465 3149 1794 3218 paternitati
1821 3149 2130 3205 Christico-

475 3229 590 3286 lam
615 3247 860 3306 gregem,
889 3235 990 3305 qui
1013 3236 1154 3292 mihi
1183 3237 1456 3308 pastorali
1484 3237 1764 3310 regimine
1783 3238 2128 3294 commissus

476 3325 564 3375 est
586 3338 600 3390 ;
623 3321 754 3392 tibi,
788 3323 1044 3395 inquam,
1085 3340 1215 3382 eum
1251 3327 1594 3396 suppliciter
1627 3328 1978 3396 commendo,
2024 3329 2125 3397 qui

477 3410 732 3466 omnium
786 3412 1226 3482 pracedentium
1277 3429 1342 3470 ac
1394 3415 1866 3486 subsequentium
1916 3416 1974 3472 in
2022 3416 2128 3472 hoc

477 3499 792 3568 pontificali
827 3501 1031 3557 throno
1061 3508 1263 3560 auctor
1291 3511 1464 3574 atque
1499 3509 1656 3560 tutor
1684 3503 1807 3560 esse
1841 3503 2121 3575 probaris,

477 3586 695 3657 quique
735 3587 910 3658 hujus
939 3590 1254 3658 primatum
1297 3591 1524 3658 habens,
1565 3604 1678 3646 non
1721 3591 1992 3658 hominis,
2026 3591 2120 3647 sed

476 3673 576 3728 Dei
615 3680 671 3730 et
709 3675 964 3730 hominis
1007 3678 1139 3733 Jesu
1177 3677 1416 3746 Christi,
1459 3693 1756 3734 successor
1791 3679 2014 3734 existis.
2055 3681 2125 3736 Et

476 3761 596 3816 hac
627 3763 846 3834 dicens,
880 3763 1031 3819 haud
1066 3764 1231 3837 longe
1259 3779 1291 3820 ει
1322 3779 1485 3821 sacro
1515 3767 1740 3822 tumulo
1780 3767 2013 3822 remotis
2038 3781 2125 3824 ve-

475 3849 670 3922 stigiis
711 3851 1090 3922 manibusque
1121 3855 1180 3908 in
1210 3853 1418 3910 calum
1444 3855 1718 3925 extensis,
1761 3870 1893 3912 voce
1922 3870 2120 3928 magna

477 3944 773 4007 precatus:
801 3939 1123 4010 Unigenite.
1168 3942 1380 4012 inquit,
1417 3943 1658 4000 Verbum
1697 3945 1894 4000 aterni
1937 3945 2122 4000 Patris

471 4026 603 4081 Jesu
621 4026 866 4098 Christe,
884 4029 1091 4084 exaudi
1115 4043 1202 4086 me
1219 4034 1374 4086 tuam
1400 4031 1856 4103 interpellantem
1883 4035 2121 4090 clemen-

473 4115 611 4170 tiam
645 4132 661 4184 ;
695 4116 948 4185 pacifica,
996 4133 1210 4189 quaso,
1251 4125 1638 4191 tempestatem
1675 4123 1942 4180 Ecclesia
1985 4131 2117 4194 tua,

469 4201 750 4260 effusione
771 4206 1075 4277 sanguinis
1099 4207 1217 4264 mei
1249 4209 1397 4265 servi
1426 4211 1510 4267 tui
1538 4211 1816 4267 conclude
1845 4226 2122 4281 persecat-

472 4291 684 4347 tionem
717 4295 915 4364 populi
949 4296 1055 4352 tui.
1088 4298 1245 4353 Tunc
1275 4299 1532 4369 quadam
1573 4299 1734 4371 virgo
1761 4302 1876 4356 Deo
1905 4302 2115 4374 dicata,

2239 3149 2537 3218 praetium
2576 3157 2977 3221 apponeretur,
3011 3158 3068 3208 et
3091 3152 3140 3208 si
3168 3168 3248 3223 qu
3267 3154 3318 3210 is
3343 3151 3652 3210 istiusmodi
3679 3149 3830 3206 scelus

2239 3243 2562 3308 perpetrare
2601 3253 2780 3296 ausus
2817 3247 2983 3312 esset,
3037 3241 3159 3311 ipse
3204 3243 3516 3299 homicidii
3555 3243 3829 3298 lucraretur

2239 3332 2540 3396 quastum.
2573 3328 2732 3384 Haud
2762 3342 2950 3398 mora;
2973 3330 3388 3402 unusquisque
3407 3345 3591 3387 eorum
3619 3328 3830 3400 quinque

2237 3415 2482 3483 protulit
2512 3415 2748 3472 solidos.
2783 3419 3010 3488 Verum,
3046 3423 3109 3474 ut
3129 3419 3376 3490 gentilis
3405 3421 3488 3475 ait
3513 3415 3826 3490 poeta:Quid

2236 3515 2348 3558 non
2377 3503 2640 3559 mortalia
2673 3511 2897 3574 pectora
2921 3507 3100 3578 00gis,
3133 3508 3271 3564 auri
3303 3522 3459 3564 sacra
3487 3505 3682 3562 fames!
3706 3515 3826 3560 unus

2233 3603 2302 3645 ex
2326 3591 2414 3647 eis
2443 3591 2561 3646 ritu
2595 3593 2908 3663 proditoris
2933 3595 3114 3668 Juda,
3152 3598 3412 3666 pecunia
3446 3595 3734 3666 cupiditate
3753 3605 3828 3645 au-

2233 3680 2344 3735 dax
2372 3679 2624 3750 effectus,
2655 3689 2850 3739 exerto
2879 3684 3070 3756 gladio
3097 3685 3319 3742 Christi
3347 3686 3650 3756 pontificem
3677 3681 3827 3750 capite

2233 3766 2596 3824 obtruncavit
2628 3771 2735 3826 sub
2758 3771 2854 3827 die
2875 3772 3101 3828 scilicet
3121 3787 3201 3828 vu
3230 3775 3598 3830 Kalendarum
3633 3774 3828 3827 Decem-

2232 3854 2423 3911 brium
2457 3855 2486 3898 ι)
2513 3899 2528 3928 ,
2569 3872 2698 3914 cum
2752 3859 2984 3916 haberet
3035 3863 3096 3918 in
3155 3864 3496 3932 pontificatu
3539 3874 3701 3916 annos
3740 3869 3823 3923 xu,

2233 3959 2474 4015 quorum
2507 3955 2625 4003 tres
2656 3954 2787 4004 ante
2818 3951 3295 4024 persecutionem,
3336 3952 3584 4023 reliquos
3610 3962 3724 4004 vero
3742 3959 3828 4000 ηο-

2230 4047 2350 4089 vem
2403 4035 2462 4090 in
2503 4036 2750 4092 diversis
2796 4039 3261 4108 persecutionum
3310 4039 3604 4113 generibus
3654 4033 3822 4104 exegit

2229 4123 2448 4180 Exinde
2469 4125 2694 4181 sublato
2711 4126 2782 4181 ab
2807 4127 3156 4196 spiculatore
3185 4129 3491 4202 sanguinis
3514 4125 3700 4198 pretio,
3718 4119 3824 4177 mali

2229 4217 2512 4282 emptores
2561 4213 2644 4268 vel
2693 4215 2886 4284 potius
2924 4217 3151 4271 cruenti
3197 4217 3501 4273 homicida
3541 4215 3649 4270 cito
3683 4209 3827 4266 citius

2231 4308 2605 4372 recesserunt,
2642 4302 2968 4360 metuebant
2994 4305 3149 4360 enim
3186 4307 3396 4376 papuli'
3425 4301 3824 4362 multitudinem,

471 4395 598 4451 qua
617 4383 1014 4440 asceteriolum
1045 4385 1217 4456 hujus
1246 4388 1610 4458 evangelista
1641 4390 1968 4446 cameterio
1989 4405 2116 4448 con-
2145 4392 2200 4453 D
2233 4390 2523 4462 quoniam,
2550 4392 2634 4446 uti
2657 4392 2953 4460 pralatum
2975 4399 3080 4462 est,
3104 4393 3322 4465 absque
3345 4393 3578 4449 militari
3599 4385 3827 4462 prasidio

471 4470 780 4529 terminum
819 4473 1076 4546 habebat,
1120 4483 1458 4545 pernoctans
1502 4477 1562 4531 in
1600 4479 1856 4534 oratione
1892 4481 2118 4537 audivit

471 4572 659 4615 vocem
698 4561 769 4617 de
802 4561 944 4618 calo
977 4563 1297 4619 dicentem:
1325 4567 1523 4621 Petrus
1555 4566 1788 4623 initium
1821 4570 2119 4638 apostolo—

471 4661 617 4719 rum,
638 4650 838 4704 Petrus
851 4650 982 4705 finis
1001 4660 1311 4722 martyrum
1323 4653 1982 4725 episcoporumAlexand
1995 4659 2109 4714 ria.

539 4735 828 4804 Completa
857 4738 1114 4793 oratione
1133 4739 1474 4798 deosculans
1501 4744 1753 4800 tumbam
1776 4744 1923 4800 beati
1956 4759 2117 4802 evan-

471 4820 688 4892 gelista
710 4828 768 4878 et
793 4824 1145 4894 reliquorum
1179 4829 1512 4897 pontificum
1539 4832 1638 4902 qui
1668 4833 1815 4888 inibi
1845 4835 2114 4890 tumulati

467 4915 649 4981 erant,
701 4911 881 4967 exivit
922 4914 992 4968 ad
1037 4915 1320 4974 tribunos.
1365 4919 1437 4974 At
1480 4919 1568 4976 illi
1615 4921 1874 4978 videntes
1915 4921 2115 4978 faciem

469 4998 596 5067 ejus
623 5004 890 5071 tanquam
921 5001 1122 5060 faciem
1153 5007 1365 5078 angeli,
1403 5013 1617 5066 terrore
1649 5011 1918 5083 perculsi,
1953 5027 2117 5068 vere-

470 5085 680 5142 bantur
707 5088 760 5142 ei
791 5089 1014 5161 aliquid
1047 5092 1117 5148 de
1145 5093 1382 5151 instanti
1410 5111 1588 5170 agone
1616 5099 1795 5170 loqui.
1831 5102 2120 5158 Verumta-

473 5188 599 5231 men
637 5176 772 5247 quia
807 5178 961 5234 Deus
991 5193 1102 5236 non
1131 5182 1346 5239 deserit
1378 5192 1670 5255 sperantes
1709 5187 1768 5242 in
1807 5203 1886 5256 se,
1930 5191 2120 5246 noluit

541 5275 572 5304 ιι
602 5265 746 5336 Bene
771 5271 964 5320 noster
983 5282 1082 5336 per
1104 5269 1246 5326 hanc
1271 5273 1620 5328 reticentiam
1654 5274 1797 5330 vitat
1820 5279 2112 5334 nominum

472 5335 962 5408 perturbationem
985 5335 1116 5408 qua
1137 5344 1391 5398 occurrit
1412 5344 1472 5398 in
1501 5345 1660 5399 Actis
1685 5346 2118 5405 Combellsianis

471 5411 527 5461 et
557 5406 616 5460 in
651 5407 775 5462 cod.
819 5409 937 5463 Vat.
975 5406 1098 5465 6'22.

545 5477 572 5558 ιξ
600 5478 733 5558 (39(1.
768 5483 878 5558 vat.
903 5477 1028 5558 622,
1057 5497 1202 5536 nona
1227 5486 1547 5558 et_vice_sima
1577 5487 1664 5542 die
1690 5487 1870 5558 Athyr
1897 5493 2115 5546 mensis.

466 5547 606 5604 Acta
629 5549 902 5624 Combef.,
929 5547 1180 5632 πέμπτην
1203 5552 1289 5614 ἐπί
1307 5555 1484 5615 εἰκάδα
1499 5563 1596 5617 τοῦ
1616 5547 1914 5642 λοεμϐξιου
1931 5562 2115 5640 μηνός.

2229 4483 2408 4534 erant.
2445 4479 2664 4550 Corpus
2692 4485 2880 4536 autem
2915 4481 3236 4538 beatissimi
3273 4483 3556 4554 martyris,
3591 4472 3828 4550 quemad—

2230 4569 2459 4624 modum
2488 4575 2676 4638 patres
2705 4569 3064 4626 affirmabant
3093 4573 3192 4642 qui
3226 4573 3371 4628 illuc
3393 4571 3558 4642 primi
3589 4575 3829 4624 convene—

2229 4662 2378 4728 rant,
2429 4659 2744 4727 permansit
2791 4665 2988 4716 astans
3031 4666 3304 4732 tanquam
3345 4658 3588 4718 orationi
3633 4657 3828 4712 incum-

2227 4746 2386 4816 bens,
2431 4749 2610 4804 donec
2649 4749 2888 4818 plurimi
2925 4757 3330 4808 concurrentes
3372 4749 3678 4815 invenirent
3706 4736 3822 4797 illud

2225 4837 2421 4894 eodem
2463 4838 2628 4894 modo
2662 4839 3318 4910 consistens;nimirum
3353 4839 3500 4911 quod
3536 4837 3712 4892 vivens
3737 4841 3828 4884 sa-

2231 4927 2362 4996 pius
2387 4934 2598 5000 egerat,
2623 4941 2754 4982 caro
2789 4928 2964 4983 etiam
3000 4929 3286 4986 exanimis
3315 4927 3638 4985 testabatur.
3662 4922 3826 4976 Senem

2228 5029 2456 5087 quoque
2492 5021 2664 5086 atque
2708 5029 2882 5072 anum
2934 5016 3092 5072 illam
3138 5022 3470 5088 repererunt
3507 5009 3826 5071 observantes

2226 5119 2354 5160 cum
2373 5104 2530 5160 luctu
2548 5111 2601 5158 et
2615 5105 2830 5176 gemitu
2849 5106 3335 5174 pretiosissimum
3359 5103 3612 5162 Ecclesia
3629 5093 3820 5154 monile.

2227 5193 2569 5248 Redinantes
2590 5205 2615 5234 ε
2646 5235 2660 5265 ,
2690 5193 2883 5265 itaque
2914 5195 3263 5264 triumphale
3301 5192 3496 5262 funus,
3523 5189 3822 5250 sacrumque

2299 5293 2323 5321 ο
2351 5283 2622 5358 Νριθιηιιε
2650 5264 3026 5358 Vestibulum
3073 5285 3252 5353 supra
3291 5293 3534 5358 ιιιὲοίιυθν
3563 5274 3672 5358 .⁴ἓ⁰¹’
3719 5264 3820 5358 ίῖίῖ⁹λ

2229 5351 2333 5424 lin.
2382 5350 2470 5421 32,
2524 5353 2642 5424 lege
2701 5353 3075 5408 Christicolum
3119 5347 3182 5410 ut
3229 5347 3326 5408 est‘
3362 5347 3443 5424 inf
3479 5347 3681 5424 codice,
3723 5347 3821 5424 119i}

2229 5404 2638 5500 ῡίίνίειίρὸιιὶὶῐξξ
2668 5404 3102 5500 Νὲᾱιςὲιῷιξῖόν
3124 5404 3464 5500 “terminatio
3511 5404 3819 5500 hapet'aliud

2229 5494 2548 5564 exemplum
2585 5496 2644 5551 in
2677 5511 2726 5552 v.
2765 5495 2838 5552 cl.
2873 5494 3188 5555 Furlauetti
3226 5494 3638 5552 additamentis.
