4034 6158
132 245 218 303 701
937 257 1486 319 INTERPRETATIO
1526 264 1856 324 ACTORUM
1892 270 1945 325 S.
1989 273 2190 330 PETRI
2226 277 2730 340 ALEXANDRINI.
2811 328 2825 337 .

130 378 293 442 caput
313 374 522 430 cervici
551 382 920 450 opponentes,
952 392 1372 453 cooperuerunt
1399 388 1775 459 sindonibus;
1804 394 1860 455 A
1892 396 2030 465 quid
2085 397 2267 456 facere
2320 402 2505 475 vellet,
2534 419 2647 461 non
2687 409 2870 466 solum
2923 414 3187 488 populus,

131 474 347 517 sacrum
384 477 514 518 vero
543 478 801 521 cruorem
841 469 940 539 qui
974 484 1139 528 secus
1162 472 1471 548 efﬂuxerat,
1516 480 1779 548 peniculo

131 556 443 606 reverenter
475 553 828 626 collegerunt
852 569 883 598 ιι
910 599 923 612 .

189 685 504 743 Convolans
563 689 778 747 interea
829 707 897 749 ex
943 698 1216 767 populosa
1261 701 1399 757 urbe
1457 706 1770 774 promiscui

127 788 285 829 sexus
312 775 735 835 innumerabile
766 782 991 855 vulgus,
1022 788 1251 856 plorans
1280 797 1337 846 et
1364 793 1587 862 ejulans
1618 794 1777 851 invi-

126 876 233 917 cem
260 875 319 917 se
357 864 766 924 sciscitabatur
807 871 1077 942 ignorans
1118 878 1369 947 qualiter
1397 881 1502 938 hoc
1543 885 1777 940 evenis—

128 956 220 1005 set.
270 951 482 1007 Revera
532 956 684 1011 enim
731 972 763 1013 a
815 960 1054 1019 minimo
1112 980 1292 1037 usque
1337 970 1407 1024 ad
1458 973 1771 1030 maximum

124 1038 430 1095 acerrimus
446 1041 617 1098 ﬂetus
643 1059 838 1103 omnes
856 1050 1095 1121 rigabat.
1122 1056 1390 1113 Primarii
1422 1072 1667 1131 namque
1696 1062 1775 1118 ci-

123 1127 457 1183 vitatiscum
507 1141 804 1191 cernerent
833 1140 1232 1200 multitudinis
1272 1127 1619 1205 laudabilem
1654 1152 1772 1208 im-

124 1216 545 1284 portunitatem.
577 1222 679 1291 qui
723 1238 916 1283 sacras
957 1230 1083 1299 ejus
1128 1236 1364 1292 exuvias
1413 1238 1765 1308 lipsanorum

121 1305 287 1373 gratia
307 1306 574 1364 scindere
604 1314 955 1382 satagebant,
987 1318 1335 1380 involventes
1354 1305 1483 1382 eum
1518 1329 1767 1398 pellibus

119 1397 274 1460 atque
302 1393 653 1453 sindonibus
672 1400 794 1456 illis
820 1405 1005 1461 tutius
1032 1393 1769 1489 perstrinxeruntISemper

120 1479 254 1533 enim
291 1483 700 1543 sanctissimus
736 1490 835 1545 Dei
881 1494 1145 1553 minister
1178 1506 1359 1557 vestes
1388 1479 1768 1562 sacerdotales

120 1566 220 1620 albi
250 1568 464 1625 coloris
509 1579 634 1629 erat
661 1578 924 1652 amictus,
967 1583 1070 1639 hoc
1109 1591 1193 1642 est
1223 1589 1474 1646 tunicam
1520 1598 1575 1648 et
1603 1595 1768 1650 colo—

122 1653 260 1710 bium
288 1669 510 1714 necnon
542 1666 599 1716 et
628 1666 1048 1735 omOphorium.
1102 1674 1233 1730 Post
1274 1677 1390 1733 haec
1430 1679 1613 1752 igitur
1641 1689 1763 1738 orta

120 1744 353 1800 estinter
379 1760 483 1803 eos
514 1764 626 1806 non
662 1767 828 1821 parva
864 1763 1176 1834 contentio;
1216 1744 1635 1836 quidamvenim
1663 1787 1764 1829 sa-

121 1833 457 1891 cratissimos
476 1842 643 1896 artus
675 1842 734 1898 in
764 1846 1061 1905 ecclesiam
1085 1833 1253 1922 quam
1289 1856 1411 1926 ipse
1438 1860 1765 1918 aediﬁcave-

122 1926 208 2021 rat,
242 1922 334 1977 ubi
366 1928 427 1979 et
466 1940 623 2021 nunc
667 1935 997 2021 requiescit,
1048 1922 1343 2000 advectare
1386 1949 1757 2021 satagebant;

119 2008 205 2064 alii
233 2016 419 2068 autem
454 2016 526 2071 ad
551 2014 943 2080 sanctuarium
964 2032 1344 2104 evangelista),
1386 2036 1484 2091 ubi
1511 2008 1570 2093 ct
1602 2008 1761 2095 mar-1

121 2098 235 2166 tyrii
269 2108 477 2159 metam
510 2109 835 2184 complevit,
882 2113 1101 2174 deferre
1115 2098 1492 2181 “nitebantur:
1534 2131 1589 2181 et
1618 2129 1755 2183 dum

116 2190 290 2244 neutra
340 2204 481 2260 pars
522 2195 691 2253 alteri
736 2202 1015 2275 cederent,
1076 2209 1379 2281 religionis
1417 2213 1754 2286 obsequium

119 2281 306 2333 vertere
328 2289 634 2352 ceperunt
656 2286 714 2342 in
738 2293 1231 2367 pugnaalitigium.
1262 2281 1646 2368 Quorumdam
1676 2305 1757 2361 in-

120 2368 246 2421 terea
282 2375 616 2429 senatorum
657 2378 917 2436 animosa
966 2383 1236 2456 phalanx,
1264 2403 1332 2443 ex
1360 2390 1453 2446 his
1483 2392 1583 2462 qui
1616 2408 1759 2449 cur—

119 2454 241 2513 susb
266 2502 280 2531 ,
320 2467 623 2536 vocantur,
655 2466 913 2525 videntes
957 2487 1081 2541 qua:
1127 2454 1471 2549 acciderant,
1499 2454 1633 2537 nam
1663 2497 1761 2539 se-

119 2560 203 2603 cus
249 2563 393 2606 mare
461 2558 646 2623 erant,
718 2567 1060 2625 paraverunt
1103 2565 1390 2635 scapham,
1450 2568 1759 2642 subitoque

104 2637 432 2707 arripientes
460 2646 690 2697 sanctas
715 2644 993 2715 reliquias
1028 2648 1427 2722 imposuerunt
1459 2637 1756 2729 naviculis,

118 2729 162 2779 et
205 2728 570 2784 ascendentes
617 2737 769 2788 retro
812 2735 1077 2809 Pharum,
1131 2754 1230 2809 per
1274 2742 1460 2800 locum
1504 2747 1598 2802 cui
1628 2728 1763 2803 Leu-

119 2814 232 2869 cado
266 2816 611 2875 vocabulum
647 2828 752 2891 est,
799 2834 1077 2882 venerunt
1121 2828 1179 2884 in
1213 2832 1511 2889 ecclesiam
1557 2835 1764 2893 beatis-

121 2908 247 2967 sima:
307 2912 405 2968 Dei
462 2906 769 2983 genitricis
823 2927 1158 2989 semperque
1230 2921 1483 2993 virginis
1544 2927 1755 2997 Mariae,

3435 298 3549 358 702

3236 422 3329 476 sed
3372 425 3543 481 etiam

1889 485 2079 542 clerus
2108 503 2357 546 consona
2381 507 2515 549 voce
2557 494 2928 556 inclamantes
2964 485 3266 561 dixerunt:
3314 509 3452 566 Sede
3483 514 3543 569 iu

1887 574 2018 629 sede
2053 579 2170 648 tua,
2196 592 2228 633 o
2262 580 2542 650 episcOpe.
2570 583 2670 637 Ille
2694 592 2904 657 autem,
2947 590 3243 658 cujusdam
3286 600 3541 666 mysterii

1885 665 2173 737 conscius,
2204 668 2527 740 hocjaudire
2552 672 2976 747 dissimulavit;
2998 679 3245 751 datoque
3268 665 3541 743 reticendi

1886 752 2126 827 indicio,
2172 770 2353 828 neque
2398 760 2549 815 enim
2608 762 2915 833 quisquam
2971 766 3248 827 obsistere
3302 775 3551 841 pertina-

1883 842 2012 898 cius
2053 844 2315 916 audebat,
2362 849 2534 905 silere
2587 866 2782 909 omnes
2829 852 2984 919 fecit,
3052 862 3107 911 et
3160 856 3544 917 nihilominus

1882 932 2137 1001 ejusdem
2177 936 2331 991 sedis
2386 938 2632 995 scabello
2677 942 2975 1013 subsedit;
3016 944 3431 1017 celebratisque
3473 962 3541 1004 ex

1883 1034 2037 1076 more
2064 1023 2367 1079 missarum
2398 1027 2718 1100 solemniis,
2751 1032 3152 1105 unusquisque
3185 1034 3439 1091 ﬁdelium
3470 1036 3538 1092 ad

1883 1110 2115 1179 propria
2146 1114 2451 1182 repedavit.

1954 1197 2052 1254 Vir
2080 1207 2265 1255 autem
2286 1204 2534 1273 Domini,
2563 1206 2793 1264 clericis
2812 1210 3130 1281 accersitis,
3163 1211 3367 1269 intima
3396 1230 3549 1271 sere-

1879 1286 2057 1342 nitate
2094 1291 2466 1361 tranquillus,
2491 1307 2737 1366 arguens
2770 1310 2866 1353 eos
2893 1300 3255 1371 temeritatis,
3286 1303 3418 1375 Cur,
3456 1306 3538 1362 in-

1877 1376 2024 1445 quit,
2078 1378 2355 1435 laicorum
2405 1383 2642 1439 vocibus
2680 1386 2914 1441 admisti
2966 1403 3050 1443 me
3093 1390 3394 1464 objurgare
3427 1409 3536 1451 non

1877 1465 2245 1523 erubuistis?
2274 1468 2535 1525 Attamen
2579 1474 2714 1542 quia
2770 1475 2905 1531 talis
2939 1477 3264 1551 objurgatio
3310 1497 3421 1539 non
3468 1485 3538 1540 de

1872 1554 2163 1622 jactantim
2209 1571 2436 1614 caenoso
2487 1566 2759 1633 torrente,
2800 1564 2894 1619 sed
2934 1566 3004 1620 de
3036 1568 3347 1636 purissimo
3383 1570 3537 1629 fonte

1876 1642 2208 1700 dilectionis
2256 1649 2526 1719 manavit,
2576 1652 2827 1720 aperiam
2874 1654 3035 1709 vobis
3075 1655 3248 1726 hujus
3278 1662 3536 1730 mysterii

1797 1721 1848 1781 B
1876 1738 2175 1789 secretum.
2211 1736 2551 1808 Plerumque
2578 1740 2731 1796 enim
2762 1756 2893 1807 cum
2920 1743 3123 1802 throno
3151 1721 3245 1804 illi
3273 1721 3535 1820 ap'proxi'

1875 1833 2028 1876 mare
2071 1823 2218 1893 volo,
2245 1824 2410 1883 video
2437 1828 2738 1896 quamdam
2772 1831 2830 1885 in
2857 1845 2921 1887 eo
2956 1834 3151 1891 sedere
3180 1836 3450 1894 virtutem
3486 1842 3530 1908 ἀ,

1872 1908 2094 1981 fulgore
2126 1909 2367 1967 luminis
2395 1913 2700 1971 admodum
2726 1918 3057 1975 radiantem.
3089 1923 3215 1978 Mox
3231 1938 3364 1997 ergo
3388 1927 3537 1984 inter

1872 1997 2147 2067 gaudium
2194 2004 2250 2054 et
2281 2014 2541 2070 pavorem
2573 2018 2906 2074 suspensus,
2951 2021 3197 2080 agnosco
3246 2026 3332 2067 me
3363 2018 3533 2070 tantm

1869 2085 2147 2149 sessionis
2170 2102 2404 2157 prorsus
2428 2090 2727 2163 indignum
2754 2112 2768 2162 ;
2801 2096 2986 2152 etnisi
3014 2099 3267 2155 scandali
3295 2103 3539 2158 semina-

1871 2173 2024 2233 rium
2053 2176 2265 2246 populo
2299 2176 2511 2234 inferre
2545 2179 2907 2254 titubassem,
2938 2184 3089 2241 haud
3120 2187 3361 2244 dubium
3389 2191 3532 2260 quin

1870 2275 1970 2316 nec
2013 2263 2123 2332 ipsi
2165 2264 2413 2322 scabello
2441 2267 2694 2324 assidere
2740 2283 2918 2327 ausus
2964 2272 3222 2331 fuissem.
3264 2278 3399 2334 Inde
3422 2284 3545 2350 est,-

1869 2352 2200 2410 charissimi
2222 2355 2351 2425 lilii,
2385 2358 2534 2427 quod
2561 2358 2724 2414 vobis
2747 2359 2805 2414 in
2829 2361 2935 2417 hoc
2962 2365 3344 2433 pontiﬁcalem
3371 2381 3533 2440 regu-

1872 2440 1986 2497 lam
2014 2445 2282 2500 excedere
2303 2445 2518 2501 videor.
2552 2449 2948 2506 Verumtamen
2981 2454 3274 2512 multoties
3305 2458 3532 2527 quando

1873 2543 1994 2584 eam
2044 2538 2334 2587 vacantem
2400 2534 2641 2605 aspicio,
2707 2537 2860 2593 sicut
2912 2539 3024 2609 ipsi
3076 2546 3249 2598 testes
3295 2544 3529 2618 adestis,

1875 2631 2030 2673 more
2086 2619 2260 2675 solito
2288 2622 2483 2677 sedere
2528 2623 2586 2677 in
2619 2623 2720 2680 illa
2761 2640 2873 2682 non
2930 2627 3136 2684 abnuo.
3179 2630 3535 2701 Quapropter

1874 2706 2207 2775 hujusmodi
2240 2710 2486 2766 scientes
2518 2726 2809 2785 arcanum,
2844 2720 2899 2770 et
2927 2730 3028 2786 pro
3053 2723 3207 2774 certo
3236 2725 3530 2789 expertum

1876 2794 2168 2867 habentes,
2194 2799 2329 2869 quia
2352 2800 2401 2855 si
2424 2801 2565 2855 mihi
2590 2800 2766 2858 fuerit
2798 2804 3107 2876 indultum,
3137 2808 3342 2864 sedebo
3362 2824 3535 2878 super

1870 2896 2014 2954 eam,
2044 2900 2156 2942 non
2190 2888 2609 2958 parvipendens
2634 2892 2859 2948 ordinis
2887 2893 3250 2968 dignitatem,
3282 2898 3533 2954 omittite

444 2972 596 3042 εἷρρρ
629 2972 980 3042 ρφηρητηηζ
1046 2972 1167 3042 gn;
1201 2972 1755 3042 ni,",f,:;',:,_::'j:’
1789 3018 1836 3042 η
1865 2972 1978 3040 jam
2002 2974 2379 3042 popularibus
2398 2977 2645 3034 ulterius
2663 2978 3532 3042 favereinclamationibus.Haec

122 3014 277 3071 quam,
308 3008 370 3058 ut
394 3001 596 3056 dicere
629 3014 1000 3074 ceperamus,
1046 3005 1167 3076 ipse
1200 3008 1273 3063 ob
1312 3016 1623 3082 martyrum
1655 3030 1761 3071 cm-
1787 3018 1838 3081 C

124 3091 318 3145 meteria
332 3090 406 3145 ad
426 3089 843 3146 occidentalem
864 3098 1077 3162 partem
1096 3096 1155 3152 in
1174 3099 1419 3167 quodam
1436 3096 1688 3171 prosatio
1704 3118 1729 3146 ε

120 3184 503 3235 construxerat.
532 3180 689 3234 Tunc
708 3182 1049 3250 populorum
1070 3187 1303 3256 agmina
1328 3203 1431 3245 ceu
1458 3198 1620 3261 rapto
1639 3194 1757 3249 sibi

121 3268 294 3323 caelesti
324 3269 623 3337 thesauro,
656 3268 759 3324 alii
786 3284 883 3339 per
905 3272 1135 3343 itinera,
1159 3276 1263 3331 alii
1300 3292 1399 3347 per
1426 3280 1589 3337 devia
1610 3298 1757 3353 qum-

124 3370 209 3424 que
234 3358 491 3427 properis
514 3357 787 3413 cursibus
817 3359 1223 3430 insequuntur.
1256 3366 1366 3435 Qui
1400 3370 1625 3424 tandem
1653 3386 1756 3427 ve—

125 3444 306 3501 nientes
340 3460 461 3503 non
496 3446 613 3515 jam
662 3446 759 3503 ubi
811 3455 1117 3518 poneretur
1167 3452 1609 3528 altercabantur,
1656 3460 1750 3516 sed

125 3536 369 3591 communi
430 3541 490 3591 et
549 3550 661 3592 non
694 3537 1069 3607 improbando
1119 3544 1384 3612 consilio,
1421 3547 1585 3616 prius
1622 3563 1751 3605 eum

124 3620 460 3681 decreverunt
501 3624 562 3679 in
591 3638 694 3680 sua
729 3627 995 3683 cathedra
1040 3642 1266 3701 ponere,
1304 3639 1357 3689 et
1397 3635 1482 3691 sic
1524 3638 1750 3694 demum

126 3712 395 3781 sepultura:
427 3714 674 3769 tradere.

180 3844 236 3899 Et
259 3846 378 3916 hoc,
417 3846 871 3916 prudentissime
901 3850 1097 3913 lector.
1132 3854 1265 3911 nolo
1294 3860 1565 3928 tanquam
1597 3861 1757 3918 otio—-

128 3945 225 3987 sum
271 3935 714 3991 deliramentum
764 3940 1062 4008 attendas;
1114 3945 1386 4010 quoniam
1437 3947 1486 4002 si
1528 3963 1757 4006 causam

130 4018 326 4090 hujusce
359 4024 643 4079 novitatis
679 4025 979 4098 didiceris,
1032 4031 1249 4087 mirans
1285 4034 1630 4094 laudabilem
1666 4054 1761 4109 po-

130 4109 225 4176 puli
263 4114 444 4169 zelum
482 4110 811 4185 factumque
866 4117 1153 4185 probabis.
1199 4120 1301 4176 Hic
1355 4124 1508 4180 enim
1560 4127 1761 4187 beatus

129 4199 330 4256 antistes
357 4203 593 4273 quando
623 4203 809 4259 divini
838 4207 1095 4275 mysterii
1137 4218 1487 4267 sacramenta
1519 4216 1766 4274 celebra-

131 4281 220 4355 bat,
259 4303 387 4361 non,
424 4292 578 4347 sicut
622 4292 1050 4351 ecclesiasticus
1083 4310 1205 4352 mos
1230 4298 1418 4370 habet,
1453 4302 1511 4358 in
1538 4308 1766 4373 pontiﬁ-

1870 3059 2146 3116 nimirum
2179 3063 2343 3118 Pater
2385 3066 2788 3122 sanctissimus
2815 3068 2950 3124 dum
2995 3071 3183 3127 adhuc
3219 3073 3432 3129 viveret
3459 3075 3529 3131 ad

1868 3162 2090 3206 sacrum
2125 3151 2337 3207 clerum
2370 3157 2601 3209 coactus
2638 3156 2921 3225 exposuit.

1938 3241 2149 3295 Horum
2189 3254 2323 3311 ergo
2349 3241 2566 3296 Christi
2609 3242 2803 3299 ﬁdeles
2833 3245 2926 3314 pia
2960 3247 3260 3304 devotione
3299 3250 3530 3306 remini-

1854 3337 2107 3397 scentes,
2146 3329 2405 3384 tulerunt
2432 3331 2557 3398 ejus
2586 3333 3040 3389 sacratissimum
3073 3350 3300 3406 corpus.
3334 3344 3388 3393 et
3416 3340 3533 3409 epi-

1865 3418 2081 3496 scopali
2132 3418 2275 3473 solis
2319 3418 2686 3487 supersedere
2732 3419 3007 3476 fecerunt.
3054 3424 3227 3479 Tanta
3282 3426 3531 3496 denique

1864 3490 2067 3561 l:etitia
2090 3512 2361 3577 tantaque
2381 3507 2690 3563 exsultatio
2710 3508 2941 3565 cmlitus
2966 3513 3176 3582 populo
3196 3513 3402 3569 collata
3419 3490 3528 3581 est,

1864 3610 1929 3652 ac
1953 3596 2001 3651 si
2024 3609 2155 3650 eum
2179 3595 2495 3651 animatum
2516 3609 2582 3651 ac
2607 3597 2887 3652 viventem
2914 3601 3287 3656 attenderem.
3312 3603 3531 3660 Deinde

1866 3686 2025 3755 odori
2038 3684 2176 3741 feris
2198 3685 2531 3741 condientes
2554 3687 2910 3743 aromatihus
2932 3689 3245 3747 induerunt
3269 3692 3431 3748 illum
3447 3707 3532 3749 se'

1869 3776 2011 3831 ricis
2028 3775 2384 3831 indumentis
2405 3793 2421 3842 ;
2439 3789 2588 3831 unus
2603 3776 2849 3847 quisque
2869 3779 3021 3833 enim
3042 3782 3191 3851 quod
3209 3782 3528 3852 anticipare

1868 3864 2099 3921 ferendo
2114 3870 2353 3935 poterat,
2372 3865 2478 3920 hoc
2495 3864 2607 3919 sibi
2628 3866 2937 3922 maximum
2954 3867 3177 3924 lucrum
3195 3870 3524 3941 deputabat.

1866 3955 2007 4009 Tum
2048 3952 2310 4007 victricia
2340 3952 2504 4022 signa
2538 3953 2756 4023 palmas
2791 3961 3070 4027 gerentes,
3103 3958 3529 4017 ﬂammantibus

1870 4042 2069 4109 cereis,
2103 4041 2582 4109 concrepantibus
2613 4042 2859 4112 hymnis,
2894 4045 3384 4118 ﬂagrantibusque
3405 4049 3525 4120 thy-

1871 4128 2261 4199 miamatibus,
2299 4129 2550 4185 cmlestis
2578 4130 2834 4187 victoriae
2861 4133 3218 4204 triumphum
3246 4136 3533 4192 celebran-

1872 4222 1976 4281 tes,
1998 4217 2388 4287 deposuerunt
2413 4222 2637 4273 sanctas
2655 4220 2955 4291 reliquias;
2984 4229 3041 4278 et
3064 4224 3415 4293 sepelierunt
3433 4240 3529 4282 eas

1874 4307 1935 4363 in
1977 4307 2322 4377 cmmeterio,
2371 4308 2521 4378 quod
2551 4308 2769 4364 dudum
2798 4309 2870 4364 ab
2912 4325 2978 4367 eo
3020 4310 3209 4368 fuerat
3254 4321 3529 4371 constru-

130 4374 215 4429 cali
242 4377 463 4442 throno,
496 4381 594 4436 sed
630 4381 686 4436 in
710 4382 836 4450 ejus
866 4382 1230 4453 subpedaneo
1270 4388 1517 4447 scabello
1558 4396 1765 4470 reside_
1792 4382 1848 4442 D
1874 4402 2052 4465 ctum,
2085 4396 2182 4452 ubi
2210 4411 2276 4450 ex
2311 4374 2453 4451 tunc
2482 4402 2539 4451 et
2560 4411 2741 4467 usque
2765 4398 2823 4452 in
2858 4399 3196 4456 hodiernum
3222 4403 3373 4458 diem
3408 4404 3529 4458 mi-

131 4458 412 4536 bat;quod
456 4469 654 4539 populi
689 4470 1056 4542 aspicientes,
1106 4488 1254 4544 aegre
1290 4480 1667 4555 accipiebant,
1710 4459 1767 4556 ei,

130 4561 506 4623 conquerentes
535 4558 952 4616 acclamabant:
988 4561 1242 4635 Oportet,
1284 4580 1318 4622 ο
1358 4568 1541 4641 Pater,
1572 4573 1630 4628 in
1664 4579 1764 4632 tua

133 4644 174 4692 te
211 4644 391 4700 sedere
427 4645 733 4718 cathedra;
766 4653 821 4703 et
850 4664 979 4705 cum
1011 4651 1211 4708 crebro
1245 4654 1300 4710 id
1338 4656 1525 4726 ipsum
1558 4669 1767 4732 repete-

134 4735 250 4799 rent,
298 4747 539 4805 surgens
588 4736 815 4791 Domini
872 4739 1137 4796 minister
1182 4743 1464 4812 ejusmodi
1496 4752 1759 4819 querelas

135 4819 410 4889 tranquilla
458 4837 594 4879 voce
632 4825 883 4897 sedabat,
926 4834 983 4883 et
1030 4829 1239 4887 iterum
1286 4834 1345 4888 in
1398 4836 1593 4893 eodem
1646 4855 1765 4897 sca.

134 4900 255 4999 bello
298 4912 598 4968 residebat.
649 4914 886 4971 Cunctis
933 4924 1123 4975 autem
1182 4922 1534 4981 humilitatis
1575 4932 1763 4999 gratia

135 4988 219 5083 hoc
237 4998 323 5067 agi
346 4999 661 5057 videbatur.
686 5004 940 5071 Quodam
966 5013 1156 5064 autem
1191 5024 1407 5083 magna:
1427 4988 1764 5075 festivitatis

134 5077 209 5135 die
244 5098 365 5141 cum
412 5102 573 5145 sacra
618 5091 921 5148 missarum
976 5096 1253 5153 solemnia
1286 5077 1519 5172 «ageret,
1558 5110 1613 5161 et
1651 5108 1760 5165 tale

189 5180 208 5206 ι
232 5170 304 5226 En
335 5188 536 5252 novum
586 5180 981 5239 testimonium
1019 5184 1089 5240 de
1129 5170 1380 5244 veterum
1409 5192 1764 5252 Christiano~

140 5250 399 5341 529.2“?
426 5249 988 5341 ‘3?X°E‘.§2?§9inem
1011 5263 1328 5341 animus!
1360 5249 1756 5341 caenam

136 5306 383 5444 (ἐξαξΊτε
425 5320 530 5375 diu
575 5306 988 5381 Boldetutusnin
1008 5306 1550 5389 Eéiiéieiiiswiiii.‘

226 5418 278 5434 η
350 5403 501 5444 seua.

140 5395 501 5586 :Eﬁejfég'
516 5477 751 5520 cursum
789 5466 1086 5536 publicum
1133 5472 1517 5532 vehicularem
1545 5479 1631 5534 vel
1664 5494 1760 5536 na-

1876 4485 2201 4540 raculorum
2245 4484 2489 4539 virtutes
2521 4485 2642 4541 ﬁeri
2690 4500 2800 4542 non
2843 4487 3136 4543 deﬁciunt.
3192 4491 3289 4545 Pia
3318 4492 3529 4546 etenim

1874 4581 1999 4629 vota
2031 4573 2184 4628 felici
2239 4574 2606 4630 exauditione
2645 4576 2932 4646 laetantur,
2972 4578 3390 4636 inﬁrmantium
3430 4594 3533 4636 sa—

1877 4664 2084 4718 nitates
2102 4667 2517 4729 restaurantur,
2530 4664 2899 4733 expulsiones
2914 4667 3340 4723 immundorum
3359 4669 3533 4739 spiri-

1872 4764 2057 4822 tuum,
2091 4751 2359 4820 martyris
2386 4751 2650 4807 meritum
2679 4754 3078 4811 testiﬁcantur.
3113 4757 3240 4812 Haec
3271 4771 3529 4830 munera,

1870 4840 2107 4896 Domine
2129 4841 2282 4909 Jesu,
2314 4844 2411 4895 tua
2436 4846 2589 4910 sunt,
2618 4841 2713 4897 cui
2736 4845 3176 4901 consuetudinis
3205 4854 3291 4903 est
3327 4852 3534 4919 marty-

1874 4943 1965 4985 res
1982 4934 2111 4984 tuos
2133 4932 2260 4998 post
2287 4928 2487 4983 mortis
2502 4928 2745 4984 exitium
2763 4930 2849 4985 sic
2873 4933 3237 5004 magniﬁcare
3261 4932 3526 5009 felicius;

1874 5020 1974 5091 qui
2000 5032 2129 5076 cum
2160 5020 2322 5074 Patre
2345 5023 2401 5071 et
2420 5016 2900 5074 consubstantiali
2923 5027 3118 5076 sancto
3133 5023 3357 5091 Spiritu
3379 5025 3529 5081 vivis

1870 5115 1925 5165 et
1956 5121 2156 5180 regnas
2184 5121 2281 5178 per
2316 5105 2542 5161 inﬁnita
2578 5108 2787 5163 saecula
2814 5108 3176 5165 saeculorum.
3198 5112 3412 5168 Amen.
3439 5121 3462 5149 θ

1940 5212 1965 5241 c
1991 5197 2356 5265 Grzecismus,
2392 5209 2491 5264 pro
2532 5195 2810 5249 suburbio.

1938 5268 1963 5306 ιι
1983 5269 2241 5351 intellige
2257 5268 2341 5322 vel
2371 5267 2561 5351 ipsum
2586 5268 2757 5351 Deum
2792 5268 2881 5351 vel
2912 5268 3199 5351 angelum.

1937 5348 1959 5373 ο
1988 5342 2121 5408 Qua:
2154 5344 2475 5408 sequuntur
2503 5339 2571 5393 de
2605 5338 2742 5392 Ario
2790 5338 3103 5423 infeliciter
3139 5340 3533 5423 ad‘presbyte-

1869 5415 2054 5465 ratum
2127 5416 2499 5481 assumptoa
2530 5423 2874 5481 successore
2926 5412 3073 5466 Petri
3136 5411 3383 5481 Achilla,
3431 5413 3539 5466 ab-

1868 5488 2004 5537 sunt
2040 5482 2273 5536 omnino
2302 5481 2374 5536 ab
2414 5480 2574 5537 Actis
2612 5481 3044 5537 Combeﬁsianis
3072 5487 3129 5536 et
3155 5494 3189 5535 a
3238 5482 3363 5537 cod.
3402 5484 3522 5537 Vat.

1868 5550 1993 5609 622.
