4034 6158
495 226 602 285 703

1751 226 2108 284 ANASTASII
2151 228 2696 326 nmLIoruECAnu
3261 217 3272 236 ‘
3771 239 3861 300 τοι

568 358 702 414 Post
723 355 841 410 haec
867 355 1117 426 qualiter
1139 353 1258 410 doli
1282 353 1491 410 artifex
1511 355 1704 426 lupus,
1730 355 1836 412 hoc
1850 363 1936 413 est
1950 357 2144 430 Arius,
2173 359 2230 418 A
2261 361 2580 430 prophetali
2637 363 2868 420 ﬂamine
2915 365 3122 436 plenus
3179 379 3310 422 cum
3364 365 3530 422 verba
3577 370 3860 428 mentientis

497 444 661 500 ovina
693 444 836 512 pelle
860 447 1175 500 contectus.
1193 442 1557 500 Dominicum
1584 443 1731 500 ovile
1753 444 2038 501 dilaniare
2065 447 2148 502 in-

497 532 756 601 traverit,
783 533 868 587 vel
913 546 1026 602 quo
1058 538 1222 602 pacto
1254 533 1559 587 sacerdotii
1595 533 1933 604 dignitatem
1965 549 2146 590 usur-

501 635 630 691 pare
665 621 928 692 valuerit,
970 619 1127 676 brevi
1159 620 1344 676 relatu
1376 621 1672 678 insinuare
1701 628 2040 694 satagemus.
2076 625 2145 678 Et

498 709 606 765 hoc
627 722 740 764 non
756 709 824 764 ad
851 721 1049 764 eorum
1074 708 1540 780 suggillationem
1567 708 1668 780 qui
1701 709 1902 766 lolium
1925 717 2144 782 aposta-

497 797 626 853 ticze
655 795 1016 868 contagionis
1043 796 1259 854 caelesti
1289 797 1608 854 ventilabro
1627 797 1699 854 ab
1722 799 1976 856 Ecclesia
2006 814 2146 870 pro-

490 887 705 956 jectum
719 885 788 940 ad
801 899 988 941 aream
999 885 1310 942 Dominicae
1335 887 1537 944 messis
1553 901 1814 944 revocare
1829 893 1966 945 sunt
1979 889 2106 945 ausi
2127 907 2142 958 ;

499 974 556 1029 hi
589 973 742 1029 enim
781 973 1084 1029 sanctitate
1123 975 1319 1044 procul
1349 975 1530 1032 dubio
1560 977 1818 1049 insignes
1843 977 2142 1046 habentur,

496 1063 591 1118 sed
623 1067 809 1117 tamen
841 1065 998 1118 tanto
1023 1061 1144 1118 viro
1161 1062 1389 1119 credere
1415 1065 1908 1138 parvipendentes,
1935 1065 2147 1122 divinae

491 1149 776 1220 jussionis
829 1149 1135 1207 interdicta
1180 1152 1520 1225 transgressi
1569 1158 1724 1209 sunt.
1775 1154 1922 1224 Quid
1969 1153 2146 1226 ergo?

497 1238 969 1308 reprehendimus
987 1251 1083 1296 eos
1107 1239 1136 1294 ‘P
1156 1239 1412 1296 minime.
1443 1241 1712 1310 Quandiu
1738 1243 1892 1299 enim
1921 1257 2024 1300 nos
2042 1243 2147 1300 hoc

496 1326 878 1397 corruptibile
896 1333 1166 1399 aggravat
1189 1342 1400 1400 corpus
1428 1335 1486 1387 et
1508 1331 1783 1401 deprimit
1813 1336 2036 1388 terrena
2066 1333 2152 1388 in-

499 1415 780 1472 habitatio
809 1429 1037 1472 sensum
1069 1424 1278 1474 nostra:
1308 1419 1687 1494 inﬁrmitatis,
1715 1421 1882 1477 multi
1901 1422 2150 1494 cogitan-

2256 449 2419 517 pueri
2437 461 2459 487 ι
2475 451 2762 520 audisset;
2793 452 2927 508 licet
2948 452 3335 524 investigabili
3346 454 3612 524 iustoque
3632 457 3723 512 Dei
3739 459 3861 528 judi-

2253 535 2364 602 cio,
2394 542 2580 594 tamen
2631 540 2796 611 longe
2825 541 2983 597 aliud
3029 542 3148 612 egit
3176 555 3345 611 quam
3397 555 3520 598 esse
3555 558 3638 600 res
3675 545 3855 604 habuit.

2252 622 2400 692 Quid
2439 626 2612 682 etiam
2655 629 2931 698 apostolis
2985 629 3319 700 sublimius,
3369 631 3470 701 qui
3523 645 3580 686 se
3630 645 3662 688 a
3706 641 3862 692 nostra

2255 711 2653 772 imbecillitate
2716 723 3075 788 sequestrare
3133 719 3520 775 nutaverunt?
3565 722 3695 777 Nam
3741 737 3864 784 unus

2254 813 2450 858 eorum
2532 804 2845 862 describit:
2915 809 2984 861 In
3057 807 3246 861 multis
3313 807 3632 876 offendimus
3697 825 3860 867 omnes-

2254 887 2414 945 Alter
2444 906 2708 963 quoque:
2753 893 2815 948 Si
2850 895 3169 949 dia-erimus.
3220 893 3433 966 inquit,
3463 896 3592 964 quia
3629 905 3863 964 peccatum

2256 991 2365 1030 non
2393 977 2670 1041 habemus,
2693 981 2802 1049 ipsi
2842 995 2939 1035 nos
2981 981 3286 1035 seducimus
3319 985 3371 1034 et
3410 982 3605 1035 veritas
3648 983 3701 1034 in
3741 985 3863 1039 nobis

2257 1079 2366 1120 non
2394 1071 2490 1121 est.
2523 1067 2627 1124 Sed
2655 1081 2783 1124 cum
2825 1069 3028 1124 horum
3055 1083 3158 1125 nos
3201 1068 3458 1138 paenitet,
3496 1073 3646 1125 tanto
3675 1068 3864 1128 facilius

2259 1155 2481 1212 veniam
2549 1171 2957 1229 promeremur,
3023 1159 3250 1228 quando
3307 1171 3420 1214 non
3477 1158 3747 1215 voluntate
3788 1162 3862 1216 sed

2263 1245 2586 1316 ignorantia
2629 1247 2714 1302 vel
2747 1245 3058 1318 fragilitate
3107 1247 3484 1317 peccavimus.
3513 1247 3580 1302 Et
3604 1253 3740 1303 certe
3775 1247 3866 1304 hu-

2254 1332 2508 1400 jusmodi
2554 1333 2764 1391 offensa
2796 1349 2907 1392 non
2936 1336 3006 1391 de
3037 1335 3528 1406 praevaricationis
3566 1335 3768 1404 affectu,
3790 1337 3864 1392 sed

2259 1422 2330 1477 de
2383 1424 2801 1494 compassionis
2866 1425 3226 1496 indulgentia
3285 1423 3578 1494 processit.
3635 1424 3864 1480 Caeterum

497 1511 584 1559 tes
612 1502 847 1560 facilius
871 1502 1174 1575 falluntur,
1201 1511 1464 1576 putantes
1488 1509 1710 1578 justum
1735 1523 1858 1566 esse
1889 1512 2037 1581 quod
2065 1514 2153 1566 est
2259 1525 2433 1580 super
2471 1516 2564 1574 his
2620 1514 3036 1586 apologeticum
3077 1513 3404 1570 describere
3456 1513 3589 1568 aliis
3625 1512 3868 1582 relinqui-

501 1591 790 1663 iniquum,
822 1599 1038 1649 castum
1073 1595 1223 1664 quod
1249 1602 1337 1652 est
1366 1596 1664 1654 incestum.
1694 1596 2024 1655 Gabaonitae
2047 1611 2154 1654 οω-
2263 1621 2392 1663 mus
2410 1605 2440 1648 b
2472 1625 2486 1676 ;
2511 1619 2614 1662 nos
2637 1609 2826 1661 autem
2853 1603 3004 1674 quod
3025 1603 3202 1658 instat
3217 1615 3474 1674 agamus.
3499 1603 3772 1671 Postquam
3789 1601 3872 1672 igi-

499 1680 631 1736 lesti
665 1680 1108 1738 comminatione
1139 1683 1368 1753 penitus
1411 1685 1660 1756 delendi,
1689 1701 1818 1743 cum
1849 1687 2009 1743 aliud
2044 1687 2155 1742 ba-
2182 1677 2237 1738 Β
2265 1701 2362 1752 tur
2402 1693 2739 1765 magniﬁcus
2769 1697 3156 1764 propugnator
3180 1693 3404 1760 Petrus,
3439 1689 3657 1746 nomine
3682 1703 3772 1745 suo
3791 1689 3868 1745 di-

500 1767 698 1824 berent
727 1767 784 1824 id
834 1776 984 1840 voto,
1029 1776 1084 1826 et
1111 1767 1271 1827 aliud
1303 1773 1360 1828 in
1393 1786 1525 1828 voce
1557 1773 1874 1845 habituque
1905 1781 2156 1845 praeten—
2268 1798 2434 1856 gnus,
2469 1797 2566 1854 per
2588 1781 2848 1853 martyrii
2887 1781 3314 1852 triumphum...

499 1857 718 1926 derent,
748 1858 938 1913 Jesum
967 1859 1435 1928 repromissionis
1463 1865 1626 1916 terrae
1651 1861 2045 1930 justissimum
2070 1863 2160 1918 di-

501 1923 746 2002 visorem
791 1923 1048 2002 celerius
1079 1944 1278 2003 fallere
1317 1923 1671 2018 potuerunt:
1699 1949 1872 2006 David
1928 1963 2150 2021 quoque

2569 1981 2576 1986 .
2763 1925 2994 1994 Reliqua
3015 1923 3423 1978 desiderantur.

501 2083 600 2196 xv:
621 2071 766 2197 Ρὲιιο
793 2070 880 2127 vel
903 2069 1269 2129 Absalomum
1298 2072 1385 2128 vel
1413 2073 1626 2147 Siham,
1670 2076 1719 2130 II
1743 2076 1876 2147 Reg.
1905 2089 2025 2148 xxv,
2048 2075 2145 2146 33,

608 2181 707 2212 ,ω

573 2209 876 2288 bPulchra
915 2226 1057 2288 sane
1092 2213 1384 2288 defensio;
1415 2229 1484 2270 ex
1517 2229 1636 2288 qua
1665 2218 1838 2273 etiam
1888 2217 2158 2288 conjicio,

503 2282 764 2340 Graecum
781 2284 928 2340 Petri
955 2283 1333 2356 biographum
1353 2282 1794 2358 propeabfuisse
1812 2287 1885 2344 ab
1905 2291 1954 2359 ej
1964 2282 2160 2345 u'sdem'

2269 2075 2378 2151 tem
2387 2069 2642 2140 poribus,
2677 2067 3140 2151 quandoquidem
3167 2065 3362 2151 ipsius
3385 2064 3711 2151 successori,
3723 2063 3864 2151 quasi

2268 2135 2457 2268 adhuc
2513 2135 2758 2196 recentis
2823 2135 3128 2209 memoriae,
3194 2135 3310 2193 tam
3373 2135 3622 2192 studiose
3660 2135 3866 2206 patroci-

2271 2225 2342 2268 na
2373 2227 2458 2268 ur.

1445 2439 1762 2450 ——

1767 2427 3813 2456 Μ

829 2549 1104 2665 ΜΑΙΙ
1170 2529 1714 2670 MONITUM
1781 2553 1936 2670 AD
1991 2550 2622 2672 PROLOGUM
2677 2543 3628 2674 SUBSEQUENTEM.

1629 2731 1942 2796 (Spicilegii
1977 2735 2202 2785 Romani
2234 2737 2358 2782 tom.
2400 2732 2496 2794 ιν,
2517 2746 2638 2796 pag.
2670 2727 2804 2792 226.)

576 2949 704 3028 Post
717 2950 792 3028 _ed_
802 2950 936 3028 itam
957 2949 1024 3028 in
1031 2949 1342 3028 _s_up_eriore
1355 2948 1650 3028 volumine
1665 2951 1953 3022 copiosam
1975 2953 2158 3028 S._So-
2183 2955 2230 3014 C
2263 2965 2368 3028 suo
2389 2953 2581 3028 Museo
2619 2949 2838 3028 Italico,
2871 2953 3006 3028 tom.
3033 2949 3078 3028 I,_
3109 2950 3254 3017 part.
3289 2960 3365 3028 ιε,
3413 2961 3463 3017 p.
3489 2940 3672 3028 iiIi—.84,
3701 2938 3868 3028 praeia—

502 3020 740 3095 phronii
761 3021 830 3076 de
844 3021 936 3095 S_S.
969 3022 1098 3095 MM.
1119 3018 1272 3095 ‘Cyro
1301 3033 1367 3076 ac
1399 3021 1616 3095 Joanne
1641 3018 1956 3095 eorumque
1989 3025 2156 3080 mira-
2264 3024 2462 3095 tionis,
2502 3021 2803 3095 quamdam
2835 3019 3174 3095 particulam
3200 3018 3556 3095 evulgaverit
3583 3018 3864 3095 inlunivgr-

498 3093 651 3166 culis
669 3091 1008 3166 historiam,
1038 3091 1522 3166 piaculummihi
1564 3091 1886 3166 videbatur,
1920 3095 1968 3150 si
2009 3096 2156 3151 duas

498 3163 646 3236 alias
667 3162 725 3236 in
739 3163 933 3236 eodem
950 3163 1166 3234 codice,
1193 3169 1250 3218 et
1265 3161 1498 3232 quidem
1529 3163 1716 3236 priore
1745 3161 1886 3227 loco;
1911 3166 2157 3236 scriptas

501 3233 778 3307 historias
801 3234 1142 3307 omitterem;
1177 3247 1420 3307 quarum
1447 3233 1765 3307 ambarum,
1793 3235 1880 3292 vel
1906 3233 2057 3293 certe
2081 3237 2150 3292 al-

499 3312 586 3361 ter
607 3305 814 3374 utrius,
833 3311 1032 3362 auctor
1051 3303 1168 3361 fuit
1189 3303 1338 3360 idem
1357 3304 1738 3378 Sophronias,
1754 3303 1824 3378 ut
1843 3307 1904 3362 in
1923 3321 2160 3378 sequen-

500 3384 659 3440 tibus
683 3384 1148 3460 pat_eﬂet.__Prima
1179 3385 1424 3460 incipit:
1451 3375 1520 3460 Ὁ
1549 3375 1826 3460 θεαρχίκός
1855 3384 1988 3456 ἡμῖν
2002 3375 2158 3458 λόγος

499 3457 748 3512 secunda
765 3455 825 3511 in
837 3455 1034 3529 codice
1047 3455 1414 3529 estacephala
1434 3479 1450 3529 ς
1471 3458 1530 3512 in
1550 3455 1793 3529 utraque
1804 3455 1992 3514 autem
2009 3455 2156 3514 com-

501 3533 890 3598 memorantur
904 3527 958 3582 S.
991 3527 1190 3598 Cyrilli
1209 3527 1280 3582 de
1311 3527 1516 3586 iisdem
1539 3528 1888 3598 martyribus
1907 3529 2162 3584 oratiun-

499 3597 662 3666 culae,
690 3599 931 3654 antehac
951 3597 1254 3668 incognitae
1270 3601 1326 3668 et
1343 3599 1594 3668 ineditae,
1622 3597 1749 3668 quae
1768 3611 1964 3668 reapse
1986 3599 2045 3653 in
2071 3613 2162 3654 co-

497 3668 626 3740 dice
640 3667 1105 3740 interutramque
1117 3667 1418 3740 historiam
1435 3674 1574 3726 sunt
1585 3667 1958 3738 interpositae.
1972 3669 2160 3740 Atque

501 3739 618 3809 haec
666 3738 898 3808 quidem
927 3737 1119 3794 omnia
1151 3737 1228 3809 in,
1259 3739 1456 3796 codice
1491 3741 1686 3796 Graeco
1717 3737 2020 3809 pervetere,
2055 3737 2154 3809 qui

499 3807 633 3880 fuit
659 3807 797 3880 olim
835 3809 894 3880 in
924 3807 1271 3880 monasterio
1312 3809 1532 3880 Cryptze
1566 3807 1810 3880 ferrata},
1845 3807 2158 3866 nunc'vero

501 3879 560 3934 in
591 3879 860 3934 Vaticana
880 3877 1227 3934 bibliotheca
1247 3879 1356 3935 sub
1385 3877 1624 3936 numero
1652 3877 1787 3936 4607
1801 3877 2154 3938 custoditur.

497 3951 562 4022 in
593 3950 792 4022 Latino
815 3953 1004 4022 autem
1026 3962 1210 4022 _:eque
1237 3948 1510 4022 Vaticano
1537 3947 1698 4022 5440,
1735 3951 1894 4022 prior
1923 3952 2156 4022 quidem

501 4019 746 4075 historia
775 4031 897 4093 non
930 4019 1162 4092 legitur,
1191 4019 1329 4090 quia
1357 4023 1534 4079 codex
1572 4027 1659 4078 est
1688 4019 2015 4093 aeephalus.
2051 4037 2157 4078 ne—

501 4103 610 4160 que
651 4103 697 4164 a_
729 4089 1010 4164 praedicto
1048 4089 1242 4164 Graeco
1293 4099 1560 4164 sumptus
1589 4093 1647 4150 id
1693 4089 1844 4164 quod
1891 4094 2155 4150 diversus

501 4160 757 4237 materia!1
787 4161 932 4237 _o_rdo
963 4163 1386 4237 quantitasque
1427 4160 1878 4237 demonstrant);
1905 4166 2156 4237 secunda

498 4237 688 4286 autem
721 4231 931 4306 ibidem
963 4231 1195 4306 legitur,
1213 4231 1318 4306 sed
1366 4236 1540 4292 initio
1569 4249 1788 4300 carens,
1819 4231 2020 4306 Cyrilli
2061 4241 2156 4290 ta-

2265 3081 3090 3171 sumlepus‘Sophronianum,
3133 3102 3301 3171 quam
3347 3081 3470 3171 esse
3505 3081 3864 3171 Anastasii}?

2267 3152 2634 3240 bliothecarii
2665 3152 2777 3219 non
2802 3162 2935 3240 sine
2963 3152 3481 3240 causajudicgvit;
3515 3152 3870 3240 enipi-mugili—

2268 3237 2361 3293 nis
2387 3235 2702 3307 fragmento
2727 3231 3024 3307 subteituit
3047 3227 3282 3307 initium
3307 3229 3577 3287 Historia:
3597 3227 3742 3307 illius
3763 3227 3870 3307 inci-

2268 3300 2602 3386 pientis'r‘O
2663 3302 2936 3386 θεαρχικρς
2981 3307 3112 3386 ἡμῖν
3152 3300 3350 3386 λόγοςἶ
3391 3309 3580 3386 Latino
3619 3305 3872 3386 interprete

2267 3374 2605 3466 ληὶλδίίὲδίοὲ
2639 3374 3351 3466 ειυεξ’,ὶὶιξίᾱ9ω’,ᾼῃᾳειέιξίί
3398 3377 3704 3466 lucubratio
3718 3374 3869 3466 altia—

2268 3457 2513 3512 billonio
2543 3449 2638 3511 vix
2657 3449 2912 3526 indicata
2942 3454 3000 3526 in
3037 3453 3338 3526 Vaticanis
3369 3449 3651 3526 codicibus
3678 3459 3775 3526 non
3792 3455 3870 3526 oc-

2268 3527 2472 3582 currit.
2509 3525 2869 3595 Caeteroquin
2907 3524 3145 3580 alteram
3169 3523 3539 3595 historiolam
3552 3533 3674 3595 cum
3701 3515 3868 3594 adjun—

2268 3597 2380 3653 ctis
2402 3597 2602 3668 Cyrilli
2635 3591 2996 3668 dictionibus
3020 3608 3088 3650 ex
3129 3595 3408 3668 Vaticano
3444 3591 3628 3668 codice
3662 3591 3869 3668 sumpsif

2271 3683 2417 3742 mus,
2445 3657 2619 3738 'quam
2649 3667 2784 3742 item
2821 3665 2900 3742 _ab
2947 3665 3256 3742 interprete
3291 3663 3592 3742 Anastasio
3620 3657 3867 3742 proiectam

2266 3733 2621 3812 demonstrat
2640 3737 2957 3812 distichum
2979 3733 3280 3812 coronidis
3294 3735 3426 3792 loco
3441 3733 3870 3812 addiium,_.inquo

2267 3823 2328 3864 se
2381 3810 2504 3883 ipse
2544 3807 2884 3883 Anastasius
2917 3807 3192 3883 nominat.
3227 3807 3318 3883 Sic
3381 3819 3512 3883 ergo
3557 3799 3868 3883 litabillonius

2267 3895 2358 3950 op.
2383 3867 2482 3936 cit.
2523 3894 2577 3949 p.
2605 3876 2676 3934 84
2705 3878 2944 3935 scribit:
2995 3877 3395 3950 Superioribus
3413 3867 3685 3950 Anastasii
3697 3867 3870 3950 ρζεξρζς

2267 3934 2803 4024 tienibusiquasin
2848 3950 3043 4005 eodem
3064 3934 3242 4024 opere
3285 3945 3656 4024 Mabillonius
3671 3934 3870 4024 eithibéi)

2263 4025 2442 4077 visum
2471 4015 2552 4076 est
2574 4015 2755 4094 'etiam
2772 4021 2944 4094 Itane,
2969 4015 3208 4094 tametsi
3247 4020 3553 4094 mutilam,‘
3573 4015 3804 4094 subjicere
3817 4020 3870 4094 ff

2261 4074 2544 4148 {:é'téi‘miid
2567 4074 2746 4146 codice
2769 4074 3097 4146 bibliotheca?
3134 4095 3336 4144 nostra?
3379 4074 3553 4144 sancti
3588 4074 3720 4140 Peiri
3752 4074 3869 4148 apud

2265 4165 2552 4220 Carnutes.
2607 4163 2849 4232 Hujusce
2911 4164 3192 4232 passionis
3248 4161 3555 4222 historiam,
3596 4156 3660 4210 ab
3711 4149 3870 4232 ΟξΙιοηε

2262 4236 2412 4302 Zylio
2437 4251 2541 4289 soc.
2588 4221 2718 4289 Iesu
2742 4249 2810 4288 ea:
2835 4221 3013 4288 Graeco
3042 4233 3235 4287 Latine
3271 4221 3564 4296 redditam,
3593 4241 3706 4302 curn,
3729 4221 3868 4302 Ᾱηας

499 4285 625 4358 meri
655 4285 1788 4364 aratiaaauis’i‘eI-ss'aa:cacata
1809 4285 1883 4362 ιῐὲ
1901 4285 2153 4362 his—toria
2178 4299 2232 4360 D
2262 4285 2802 4361 ξῖαέὲίὺὲὶεὲόὶιὲηἶ
2822 4285 2944 4358 ἠόνῖ
2963 4285 3225 4375 uidisset,
3276 4285 3577 4358 senatus
3629 4293 3778 4352 edidit
3809 4285 3865 4340 ad

500 4372 719 4430 inedita
744 4379 868 4432 est:
901 4377 1096 4432 Latine
1120 4391 1250 4432 vero
1277 4379 1518 4432 primam
1545 4377 1731 4432 edidit
1753 4322 1855 4432 ais
1884 4391 1945 4432 se
1971 4377 2156 4432 elabo—
2259 4379 2519 4432 Januarii
2554 4377 2696 4431 diem
2741 4372 2830 4432 34.
2892 4375 3000 4429 Sed
3023 4391 3181 4432 auem
3216 4375 3312 4428 ille
3352 4376 3611 4428 incertum
3645 4368 3865 4420 auctorem

500 4372 719 4430 inedita
744 4379 868 4448 est;
901 4377 1096 4448 Latine
1120 4391 1250 4433 vero
1277 4379 1518 4448 primam
1545 4377 1731 4448 edidit
1753 4372 1855 4432 abs
1884 4391 1945 4448 se
1971 4377 2156 4434 elabo-

499 4446 828 4520 ratam._sed
861 4461 999 4520 cum,
1023 4447 1252 4520 ingenti
1277 4446 1570 4516 varietate,
1605 4447 1752 4520 Otho
1781 4447 1974 4519 Zylius
1999 4447 2150 4520 apud

498 4515 853 4600 Boilandum,
881 4525 942 4574 ut
969 4515 1176 4600 deinde
1198 4519 1474 4600 dicemus.
1503 4515 1834 4600 Secundam
1857 4533 1926 4574 ne
1957 4515 2154 4600 Latine

499 4587 730 4660 quidem
757 4587 1064 4660 quisquam
1084 4589 1375 4660 ediderat;
1403 4603 1531 4646 nam
1562 4595 1617 4646 et
1644 4589 1763 4658 illa,
1799 4603 1968 4660 quam
2001 4591 2156 4646 reci-

498 4657 807 4732 tat_Suriu's
820 4661 894 4732 ad
910 4657 1074 4716 ‘diem
1095 4657 1158 4715 34
1189 4657 1466 4732 janua'rii,
1499 4662 1662 4732 plane
1687 4657 1913 4732 diversa
1941 4669 2045 4717 est.

568 4729 868 4786 Commode
913 4735 1104 4786 autem
1143 4731 1358 4788 accidit
1399 4729 1464 4790 ut
1497 4729 1656 4790 Joan.
1697 4731 2070 4788 Mabillonius
2095 4733 2156 4788 in

2259 4379 2519 4432 Januarii
2554 4377 2696 4431 diem
2741 4372 2830 4432 34.
2892 4375 3000 4429 Sed
3023 4391 3181 4444 quem
3213 4368 3312 4428 ille
3352 4376 3611 4444 incertum
3645 4368 3865 4444 augmen

2262 4450 2615 4510 existimavit,
2664 4449 2713 4500 is
2743 4452 2823 4502 est
2869 4434 3090 4501 sanctus
3133 4445 3470 4516 Saphronius
3521 4434 3867 4516 Ηίρνρεοινξηζ

2261 4535 2383 4574 rum
2412 4508 2658 4586 antistes,
2689 4523 2750 4572 ut
2778 4534 2846 4572 ea:
2874 4517 2976 4570 hac
2995 4508 3322 4586 praefatione
3360 4518 3582 4570 constat.
3625 4508 3867 4586 Ληαεεαξιι

2262 4605 2474 4653 nomen,
2507 4585 2654 4658 quod
2702 4591 2762 4644 in
2793 4589 2984 4642 vitioso
2996 4585 3173 4658 atque
3215 4603 3284 4642 ea:
3308 4589 3418 4661 situ
3457 4585 3699 4661 corrupt?-

2257 4661 2410 4732 piari
2460 4653 2832 4716 obiitteratum
2876 4663 3013 4732 erat.
3067 4653 3136 4732 ea:
3198 4658 3510 4732 conjectura
3560 4653 3862 4732 restituimus.

2265 4726 2411 4802 quod
2429 4736 2638 4802 tempus
2659 4736 2824 4801 atque
2847 4731 3024 4800 stytus
3043 4730 3344 4785 Anastasio
3365 4726 3691 4784 conveniant.

3565 4846 3846 4869 ________,..__

1357 4967 2012 5072 ANAS'I‘ASII
2103 4963 3080 5070 BlBLlOTHECARll

1775 5143 2224 5214 PROLOGUS
2302 5141 2666 5211 MUTILUS

1299 5277 1374 5330 IN
1435 5273 1826 5330 VERSIONEM
1894 5274 2238 5332 PASSIONIS
2301 5275 2392 5331 SS.
2463 5274 2627 5330 CYRI
2687 5271 2774 5329 ET
2835 5271 3137 5328 JOANNIS.

569 5457 692 5512 Non
748 5467 899 5510 me...
953 5451 1332 5523 pusillitatem
1387 5465 1582 5514 meam,
1621 5465 1821 5524 cegere
1878 5453 2151 5522 volueris,

505 5543 824 5616 passionem
861 5547 1187 5599 sanctorum
1233 5541 1364 5612 Cyri
1394 5546 1564 5612 atque
1601 5541 1834 5598 Joannis
1862 5555 1932 5598 ex
1959 5543 2155 5600 Graeco

2267 5456 2326 5511 in
2351 5454 2662 5511 Romanum
2693 5449 2949 5508 vertendi
2996 5463 3338 5506 sermonem:
3369 5449 3426 5502 et
3451 5457 3556 5514 qua
3586 5451 3676 5511 pro
3703 5439 3854 5490 causa.

2263 5547 2420 5599 tanta
2451 5556 2554 5599 nos
2577 5541 2644 5598 ad
2681 5541 2786 5598 hoc
2816 5539 3092 5597 instantia
3123 5539 3181 5596 in
3206 5539 3340 5596 aliis
3366 5533 3559 5592 multis
3596 5518 3859 5596 implicitos
