4034 6158
155 308 260 367 705

870 307 1415 365 INTERPRETATIO
1442 308 1610 364 HIST.
1651 309 1979 366 ACEPIIAL.
2025 312 2118 367 SS.
2166 315 2293 369 MM.
2334 315 2495 371 CYRI
2533 318 2618 372 ET
2654 320 2825 375 JOAN

3451 323 3558 382 706

157 435 393 502 urseris,
425 449 645 491 mecum
672 435 928 491 tractavi.
965 436 1068 491 Sed
1092 436 1250 492 aliud
1275 436 1423 491 nihil
1453 449 1689 505 prorsus
1713 450 1803 492 oc-
1829 441 1885 499 A
1915 439 2326 510 przedicaverit.
2373 440 2475 496 Sed
2530 447 2587 496 et
2630 441 2834 497 horum
2887 408 3202 515 insignium
3246 453 3555 518 martyrum

152 524 359 587 currit,
393 525 510 579 nisi
544 525 680 595 quia
708 525 1014 580 charitatis
1041 523 1304 579 fraternae
1335 524 1547 582 teneris
1576 524 1801 586 aﬂ‘ectu,

153 613 456 684 gestientis
492 611 764 682 profecto,
810 626 920 669 non
953 613 1140 667 solum
1170 614 1362 668 Graece
1397 613 1491 668 sed
1523 618 1577 667 et
1607 612 1805 667 Latine

150 702 484 757 accedentes
521 701 812 772 proximos
835 701 1110 756 salutaris
1135 700 1344 771 pabulo
1368 701 1524 756 vcrbi
1552 702 1800 770 reticere,

150 797 204 845 et
231 791 302 846 ad
337 791 433 861 pia
462 790 741 861 exempla,
774 794 829 844 et
859 790 1064 846 horum
1092 788 1270 846 fortes
1296 804 1397 860 pro
1421 790 1650 845 Christo
1678 803 1807 861 ago-

144 876 251 935 nes
276 879 630 935 acrendere:
666 878 980 948 praasertim
1012 892 1139 935 cum
1169 878 1441 948 Ecclesia,
1486 878 1543 932 in
1585 890 1696 948 qua
1722 877 1807 933 di-

149 968 305 1023 vinis
331 981 507 1037 penes
531 966 730 1022 Urbem
765 966 1023 1022 cultibus
1051 971 1107 1021 et
1133 966 1429 1036 obsequiis
1458 966 1803 1036 incumbis-,

152 1058 358 1113 horum
381 1056 991 1111 victoriosissimorum
1030 1060 1340 1126 martyrum
1366 1055 1655 1127 memoria,
1692 1056 1806 1111 imo

150 1145 458 1200 miraculis
488 1142 724 1216 fulgeat.
768 1148 825 1199 et
862 1144 1068 1199 horum
1112 1157 1315 1200 annua:
1344 1142 1697 1198 celebritatis
1735 1157 1803 1198 en

148 1234 271 1288 dies
323 1232 511 1289 festus
555 1232 871 1288 immineat.
922 1234 1067 1303 rEgo
1110 1236 1278 1301 prout
1319 1232 1498 1301 potui,
1532 1231 1799 1287 charitati

148 1326 260 1376 tua:
290 1319 577 1390 satisfeci,
608 1325 664 1375 et
689 1321 904 1376 omisso
938 1334 1242 1389 parumper
1271 1333 1438 1389 Opere
1470 1333 1583 1389 pra:
1614 1320 1806 1374 mani-

150 1409 256 1464 bus
276 1409 505 1479 habito,
533 1409 688 1464 votis
705 1421 901 1478 parere
922 1409 1043 1464 tuis
1062 1408 1233 1463 etiam
1268 1408 1580 1479 languidus
1600 1407 1798 1463 malui.

146 1499 293 1552 Sane
324 1497 619 1568 passionis
650 1498 852 1554 horum
881 1498 1028 1553 duas
1067 1496 1437 1553 editiones...
1481 1497 1665 1567 Hujus
1693 1511 1805 1553 au-

148 1590 255 1641 tem
290 1585 549 1656 scriptor
579 1591 811 1641 sanctus
837 1585 1219 1655 Sophronias,
1254 1585 1353 1655 qui
1396 1590 1521 1655 post
1551 1586 1805 1641 Hieroso-

150 1674 488 1745 lymitamus
507 1675 721 1730 claruit
747 1674 1068 1744 episcopus,
1092 1674 1339 1737 exstitit,
1367 1675 1533 1743 cujus
1561 1674 1807 1730 celebris

150 1764 430 1819 memoria
453 1765 513 1818 in
537 1763 737 1819 multis
756 1764 1032 1832 majorum
1054 1762 1603 1833 conscriptionibus,
1633 1764 1726 1819 sed
1750 1767 1806 1818 ct
1840 1758 1889 1819 Β

150 1852 205 1907 in
246 1858 453 1908 sancta
492 1857 651 1908 sexta
690 1857 745 1907 et
782 1851 1093 1907 universali
1138 1852 1353 1922 synodo
1392 1852 1678 1922 reperitur
1719 1866 1747 1908 b
1786 1870 1800 1917 ;

151 1941 474 2010 praesertim
497 1954 626 1996 cum
648 1939 924 1996 nonnulla
942 1939 1010 1994 ad
1034 1939 1472 1995 instructionem
1493 1939 1802 1996 multorum

150 2029 437 2099 opuscula
466 2029 735 2098 ediderit,
762 2034 817 2084 et
847 2042 984 2084 sana
1009 2028 1343 2084 orthodoxae
1374 2028 1504 2083 ﬁdei
1540 2028 1805 2099 dogmata

216 2146 248 2175 ι
301 2137 500 2193 ﬁdem
532 2136 792 2207 intellige
826 2135 917 2191 SS.
945 2136 1072 2190 MM.
1105 2135 1234 2207 Cyri
1266 2138 1322 2190 et
1348 2135 1605 2205 Joannis,
1634 2108 1807 2205 prope

151 2210 351 2265 urbem
388 2210 697 2264 Romanam
736 2206 925 2263 adhuc
956 2206 1342 2276 supertsitem.

216 2281 239 2320 ιι
280 2279 577 2335 Nimirum
622 2279 682 2333 in
719 2292 786 2334 eo
828 2277 1078 2334 concilio
1125 2278 1360 2332 recitata
1403 2281 1488 2331 est
1535 2277 1807 2347 synodica

149 2350 469 2423 Sophronii
517 2349 782 2420 epistola,
824 2363 949 2419 quae
1003 2349 1192 2404 adhuc
1222 2352 1500 2418 superest.

1914 541 2024 581 non
2066 534 2282 584 tantum
2322 530 2661 601 passionem,
2722 544 2915 587 verum
2957 533 3128 587 etiam
3172 536 3555 607 septuaginta,

1913 615 2013 685 qui
2043 630 2315 672 numerus
2340 618 2487 687 apud
2514 632 2616 673 nos
2642 624 2899 674 sacratus
2927 625 3014 674 est
3040 628 3084 689 ο,
3113 623 3366 691 capitula
3392 624 3561 679 mira-

1913 703 2174 759 culorum
2198 704 2451 773 ipsorum
2476 707 2922 777 conscripserit;
2949 708 3091 778 quin
3116 710 3308 779 potius
3333 711 3559 779 princi-

1917 791 2085 860 pibus
2112 794 2308 849 mundi
2344 809 2453 849 non
2486 795 2669 850 solum
2700 796 3060 868 Christianm,
3094 798 3189 853 sed
3220 803 3276 853 et
3315 805 3561 856 externae

1915 873 2217 945 religionis
2236 889 2335 944 pro
2365 875 2541 953 domo;
2553 876 2780 931 Domini
2809 891 3030 933 murum
3053 878 3456 949 expugnabilis
3476 894 3562 936 ve-

1917 962 2109 1019 ritatis
2158 966 2507 1035 opposuerit,
2558 970 2613 1021 et
2655 966 2977 1021 constantia
3018 964 3187 1022 fortis
3245 967 3560 1024 invectioni

1914 1054 2186 1123 arguerit.
2216 1052 2468 1121 Quorum
2490 1054 2758 1110 videlicet
2780 1054 3187 1111 miraculorum
3226 1056 3562 1114 Bonifacius

1912 1142 2290 1198 consiliarius
2318 1143 2385 1198 ad
2422 1144 2653 1213 petitam
2684 1143 2963 1200 Theodori
2998 1144 3337 1214 primicerii.
3371 1145 3560 1202 defen-

1913 1230 2063 1285 soris
2091 1232 2358 1287 Ecclesia:
2386 1233 2649 1288 Romanae
2677 1232 2977 1288 duodecim
3027 1247 3157 1288 cum
3223 1234 3557 1304 praefatione

1912 1319 2165 1389 capitula
2197 1321 2333 1375 olin
2377 1321 2784 1390 interpretatus
2818 1326 2921 1375 est.
2950 1321 3159 1377 Cmtera
3197 1322 3270 1393 si,
3302 1324 3416 1380 Deo
3445 1338 3560 1380 au—

1912 1412 2087 1477 ctore,
2146 1408 2263 1463 vita
2313 1407 2489 1465 fuerit
2534 1422 2739 1477 comes,
2784 1410 3056 1464 nostri....
3109 1412 3284 1465 Deum
3325 1425 3554 1469 orare...

1912 1496 2152 1551 dissime
2174 1497 2489 1552 Christum.
2527 1497 2841 1552 sacerdotis
2871 1499 3152 1555 sacerdos.
3190 1500 3331 1555 Data
3361 1514 3417 1555 1v
3459 1502 3565 1557 Ka-

1914 1583 2111 1639 lendas
2152 1584 2469 1655 Februarii,
2515 1584 2831 1640 indictione
2868 1583 2923 1651 8,
2973 1598 3123 1642 anno
3161 1600 3291 1643 vero
3333 1589 3556 1645 domini

1916 1673 2097 1728 nostri
2123 1670 2393 1746 (Joannis)
2420 1674 2602 1730 octavi
2629 1687 2808 1744 papxe.

1912 1869 2082 1923 Sume
2107 1881 2266 1924 sacer
2290 1869 2514 1926 tandem
2550 1878 2876 1931 sanctorum
2924 1877 3091 1933 lzetus
3118 1890 3345 1949 agones,

1911 1954 2020 2024 Qui
2054 1956 2287 2013 fuerunt
2316 1956 2450 2013 facti
2482 1960 2664 2032 Graii,
2699 1977 2851 2020 nunc
2880 1970 3002 2021 arte
3035 1965 3285 2021 Latinos.

1919 2205 1931 2218 .
1986 2146 2011 2175 ο
2062 2135 2284 2218 De‘hoc
2311 2140 3023 2218 numeroJmultadisserit
3047 2142 3170 2212 ipse
3198 2140 3559 2213 Sophronias

1917 2207 1976 2260 in
2009 2212 2331 2263 sanctorum
2365 2207 2714 2267 laudatione.
2770 2216 2773 2221 ‘

1083 2681 1461 2754 INCIPIT
1576 2684 1961 2755 TEXTUS
2076 2686 2634 2758 PASSIONIS.

205 2867 462 2923 Divinus
486 2866 655 2923 nobis
670 2880 873 2937 sermo,
897 2866 995 2937 qui
1026 2880 1153 2922 vere
1166 2866 1378 2924 veritas
1406 2871 1511 2938 est,
1538 2867 1806 2924 Christus
1835 2866 1884 2929 Ο
1913 2871 2121 2942 Joanne
2150 2870 2432 2933 editiones,
2464 2872 2773 2941 cujusmodi
2795 2888 2985 2942 reapse
3013 2876 3144 2927 sunt
3170 2874 3230 2927 in
3258 2877 3440 2927 nostro
3466 2887 3565 2926 co-

156 2956 427 3013 videlicet
464 2958 616 3012 Deus
650 2961 859 3021 noster,
898 2956 957 3011 in
988 2956 1314 3028 Evangeliis
1340 2957 1585 3013 altisone
1609 2958 1807 3027 [)l‘inI-

157 3050 264 3116 cat,
307 3045 513 3102 dicens
544 3063 557 3099 :
585 3044 784 3100 Omnia
806 3046 1094 3115 possibilia
1125 3046 1382 3100 credenti.
1426 3047 1631 3102 Beatus
1657 3060 1811 3117 quo-

159 3134 1806 3205 quePaulus..............

221 3242 415 3309 Pergit
445 3256 570 3295 vero
609 3241 964 3295 Mabillonius
994 3241 1187 3295 dicere.
1234 3261 1260 3293 α
1304 3241 1595 3295 Anastasii
1635 3243 1809 3295 versio

158 3315 332 3379 magis
370 3313 566 3366 littera
589 3313 831 3366 inhaeret.
866 3328 1030 3380 quam
1062 3312 1163 3365 illa
1189 3312 1581 3380 Bollandiana,
1614 3314 1674 3364 in
1698 3328 1809 3381 qua

160 3386 415 3437 omissum
446 3387 526 3436 est
554 3398 744 3436 nomen
770 3383 873 3435 loci
894 3384 955 3436 in
973 3382 1188 3436 Arabia
1218 3384 1314 3437 ubi
1361 3382 1533 3451 Cyrus
1570 3387 1621 3437 et
1650 3385 1812 3436 Joan-

160 3470 250 3508 nes
281 3456 640 3508 monasticam
675 3454 845 3506 vitam
870 3455 1108 3522 professi
1131 3458 1278 3516 sunt,
1315 3454 1381 3508 de
1406 3470 1509 3522 quo
1540 3456 1617 3507 sic
1645 3454 1811 3507 Ana-

162 3527 366 3579 stasius
398 3543 415 3578 :
451 3545 477 3574 α
505 3525 601 3578 Ad
621 3524 894 3578 Arabium
931 3540 1052 3594 qua:
1075 3530 1154 3578 est
1180 3526 1402 3594 Επρεί
1431 3526 1709 3578 maritima
1729 3540 1813 3578 ve-

167 3541 366 3579 staszus
398 3543 415 3578 :
451 3545 477 3574 α
505 3541 600 3578 Λα
621 3541 894 3578 Araomm
928 3541 1052 3647 quae
1075 3541 1154 3578 est
1180 3541 1402 3594 mgypn
1431 3541 1709 3578 maritima
1729 3541 1812 3578 ve-

167 3616 191 3646 α
232 3598 335 3658 nit,
381 3600 432 3649 et
466 3597 526 3649 in
562 3596 779 3649 castello
819 3610 924 3663 quo
1001 3600 1225 3649 vocatur
1253 3595 1403 3650 Cetzo
1442 3596 1729 3657 habitavit,
1761 3598 1812 3648 et

165 3687 189 3715 α
229 3683 351 3720 cum
377 3666 713 3733 habitatione
750 3671 911 3720 etiam
932 3666 1177 3719 habitum
1201 3670 1562 3721 commutavit.
1599 3683 1626 3715 υ
1662 3666 1812 3720 Idem

162 3741 296 3791 artis
334 3738 560 3791 medica:
597 3740 861 3806 officicam
892 3741 1048 3790 vocat
1084 3737 1480 3809 ergasterium,
1528 3737 1673 3807 quod
1714 3752 1811 3790 nos

166 3809 556 3861 laboraton'um
584 3809 941 3877 appellamus.

238 3880 403 3933 Vides
470 3881 643 3946 igitur
684 3879 824 3933 duas
875 3880 1050 3946 fuisse
1096 3881 1271 3950 operis
1319 3879 1384 3934 de
1439 3879 1536 3934 SS.
1585 3879 1723 3948 Cyro
1762 3883 1813 3933 et

1917 2941 2053 3013 dice,
2088 2958 2322 3009 quarum
2353 2947 2637 3011 utramque
2676 2941 3064 3013 interpretatus
3103 2949 3181 2999 cst
3206 2944 3563 3005 Anastasius,

1920 3016 1979 3064 ut
2008 3012 2073 3065 de
2101 3014 2282 3084 prima
2308 3013 2679 3084 Mabillonius,
2715 3015 2780 3067 de
2800 3012 3039 3068 secunda
3070 3015 3363 3069 disthicum
3397 3016 3566 3070 Vati—

1918 3084 2044 3134 cani
2072 3082 2271 3136 codicis
2299 3083 2457 3151 ﬁde-m
2485 3086 2640 3150 facit.
2668 3082 2778 3139 Nos
2800 3089 2979 3138 autem
3003 3087 3206 3154 prioris
3229 3087 3567 3154 interpreta—

1918 3154 2117 3207 tionem
2147 3155 2207 3207 in
2251 3155 2512 3209 Vaticano
2550 3155 2728 3207 codice
2757 3171 2865 3208 non
2899 3156 3156 3209 habemus
3192 3173 3208 3220 ;
3239 3171 3408 3224 quare
3446 3156 3565 3223 ejus

1917 3225 2139 3277 initium
2165 3225 2534 3278 tantummodo
2572 3227 2927 3294 ascripsimus
2962 3242 3029 3279 ea:
3076 3226 3395 3279 Mabillom'o
3422 3244 3437 3295 ;
3466 3226 3565 3279 al-

1920 3296 2087 3347 terius
2117 3300 2293 3348 tamen
2313 3300 2524 3363 partem
2550 3298 2847 3349 maximam
2876 3298 2937 3349 in
2972 3298 3234 3351 Vaticano
3263 3296 3442 3350 codice
3465 3298 3566 3349 in-

1917 3366 2178 3417 venimus.
2241 3364 2536 3433 Caeteroqui
2592 3382 2764 3434 neque
2806 3368 3012 3435 prioris
3067 3369 3566 3436 interpretationem

1917 3437 2203 3502 Zylianam
2241 3436 2455 3497 damus,
2496 3439 2628 3504 quia
2656 3438 2975 3504 gravissime
3019 3439 3201 3490 variat
3231 3454 3246 3505 ;
3280 3452 3450 3505 neque
3474 3452 3568 3489 se—

1917 3507 2109 3560 cundae
2160 3507 2426 3573 defectum
2452 3507 2646 3561 Latine
2682 3508 3014 3577 supplemus,
3046 3522 3210 3577 quam
3238 3512 3353 3561 tum
3387 3506 3568 3561 Graece

1920 3581 2034 3630 tum
2067 3578 2259 3631 Latine
2288 3578 2545 3646 acephala
2575 3582 2671 3631 est.
2706 3580 2777 3631 Et
2823 3579 3044 3647 quidem
3104 3579 3381 3633 laticanus
3410 3578 3563 3631 Lati-

1920 3663 2024 3701 nus
2054 3648 2222 3702 eodem
2250 3664 2357 3701 non
2394 3650 2505 3715 fuit
2547 3649 2861 3719 desumptus
2892 3665 2959 3704 ea:
2987 3648 3168 3703 Greco
3200 3648 3414 3718 Crypta:
3458 3650 3568 3715 fer-

1919 3724 2074 3780 ratae,
2124 3721 2221 3788 qui
2254 3719 2424 3788 paulo
2468 3720 2637 3773 altius
2684 3721 2897 3788 incipit,
2941 3720 3037 3773 sed
3061 3735 3127 3774 ea:
3158 3720 3354 3773 Latino
3393 3724 3567 3773 vetere

1922 3788 2311 3843 Canonicorum
2340 3790 2396 3844 S.
2432 3792 2622 3844 Mariae
2638 3793 2699 3844 in
2730 3793 2822 3844 via
2844 3792 3002 3861 Lata,
3035 3793 3131 3860 qui
3155 3806 3430 3859 nusquam
3444 3789 3569 3858 jam

1930 3866 2167 3932 apparet,
2201 3866 2261 3916 ut
2290 3861 2412 3915 dimi
2452 3861 2607 3915 alibi.

1413 4232 1815 4305 HISTORIA
1897 4230 2335 4302 ACEPHALA

913 4391 1093 4499 SS.
1187 4397 1411 4497 MM.
1517 4395 1826 4499 CYRI
1947 4395 2115 4495 ET
2221 4391 2817 4497 JOANNIS.

1075 4590 1534 4645 INTERPRETE
1586 4586 2005 4645 ANASTASIO
2052 4584 2666 4642 BIBLIOTHECARIO.

1653 4740 2050 4751 __-__-_————-

418 4884 480 4926 re
499 4870 738 4928 minime
761 4872 1056 4946 valuisset,
1085 4875 1403 4945 paciscitur
1421 4876 1620 4932 dicens
1645 4890 1705 4932 se
1730 4875 1823 4932 de-
1851 4875 1906 4936 D
1926 4871 2242 4944 designata,
2257 4869 2632 4942 ergasterium
2649 4870 2903 4927 absidam
2924 4871 3246 4930 mirabilem
3260 4873 3568 4931 dedicavit.

175 4957 450 5014 siderium
484 4959 692 5016 habere
721 4960 908 5017 tribus
954 4963 1152 5033 pueris
1189 4965 1452 5021 eclesiam
1490 4964 1816 5036 dedicandi,

176 5051 232 5100 et
252 5046 509 5115 juvenem
548 5048 701 5104 hunc
732 5049 876 5105 velle
923 5051 1005 5120 pii
1055 5053 1247 5121 operis
1283 5052 1403 5109 fore
1428 5054 1816 5125 prtepositum,

178 5148 289 5203 quo
319 5134 620 5204 completo,
660 5150 864 5193 rursus
899 5139 1279 5208 pollicebatur
1314 5156 1442 5199 eum
1480 5144 1819 5213 adepturum

180 5219 296 5277 fore
337 5223 689 5292 petitionem.
737 5226 885 5298 Ergo
926 5240 1056 5283 cum
1110 5228 1317 5285 habere
1352 5233 1500 5301 apud
1551 5233 1813 5304 Doryzin.

181 5309 281 5378 qui
306 5310 463 5367 locus
495 5317 585 5367 est
616 5313 695 5367 ita
735 5314 1039 5387 vocitatus,
1082 5320 1468 5389 gerocomium
1504 5322 1823 5391 demdeque

182 5397 519 5465 adjacentem
549 5403 871 5473 gerocomio
895 5405 1085 5461 aulam
1115 5407 1368 5478 emisset,
1398 5408 1455 5463 in
1486 5411 1653 5478 cujus
1678 5410 1824 5466 aulae

184 5486 363 5542 medio
385 5490 570 5543 sancti
603 5491 997 5564 ergasterium,
1034 5493 1090 5549 id
1133 5499 1219 5551 est
1250 5495 1410 5552 locus
1439 5497 1823 5559 medicinalis.

186 5571 490 5632 habebatur
525 5594 543 5647 ;
572 5577 865 5635 destructa
903 5580 1057 5652 aula,
1098 5587 1155 5639 et
1181 5584 1252 5640 ad
1287 5584 1541 5642 ecclesiae
1578 5587 1824 5657 speciem

1929 4962 2104 5016 Porro
2152 4973 2221 5015 ne
2259 4958 2505 5032 segnitia
2536 4959 2672 5014 hinc
2710 4957 2870 5016 facta:
2899 4965 3255 5019 transeamus
3294 4963 3574 5020 utilitatis

1933 5049 2340 5120 narrationem,
2368 5048 2575 5118 juvene
2606 5047 2906 5105 insistente
2948 5051 3346 5121 coOperatione
3372 5053 3572 5109 divina

1929 5152 2075 5208 opus
2092 5139 2569 5205 consummatum,
2590 5141 2647 5192 et
2664 5136 3082 5207 amplissimum
3105 5140 3378 5210 templum
3400 5142 3577 5198 καὶῆ-ί

1930 5231 2119 5282 catum
2150 5233 2253 5282 est.
2287 5226 2652 5293 Diligentibus
2682 5225 2833 5281 enim
2858 5229 3148 5283 Dominum
3181 5232 3363 5284 omnia
3392 5245 3572 5300 coope-

1930 5322 2130 5371 rantur
2156 5318 2216 5370 in
2243 5316 2457 5378 bonum,
2489 5316 2768 5371 dicentem
2802 5318 3292 5387 sapientissimum
3333 5319 3568 5375 Paulum

1931 5407 2221 5463 audimus.
2250 5404 2431 5477 Igitur
2443 5406 2764 5477 gerocomio
2783 5411 2995 5476 pariter
3012 5416 3068 5465 et
3082 5409 3405 5465 nosocomio
3423 5423 3572 5464 sum-

1936 5510 2063 5550 mus
2100 5494 2365 5550 sacerdos
2400 5494 2755 5564 constitutis,
2796 5497 3039 5552 accersit
3085 5495 3342 5551 abbatem
3382 5496 3569 5550 virum

1932 5582 2293 5660 praeclarum,
2344 5581 2499 5639 sicut
2538 5587 2728 5641 certus
2770 5597 2917 5655 sum,
2941 5588 2997 5639 et
3037 5582 3107 5638 ad
3148 5581 3567 5652 beneplacitum
