4034 6158
462 213 569 273 707
1688 211 2044 267 ANASTASII
2100 215 2248 270 BIBL
2255 212 2364 269 1οΤ
2368 211 2641 266 llECARII
3763 218 3854 278 708

465 341 589 412 Dei,
617 338 1275 411 oppidopraedicabilem
1303 355 1319 409 ;
1347 337 1441 394 cui
1474 335 1690 392 litteris
1713 335 1868 392 datis
1893 336 1963 391 ad
1992 349 2118 391 sau-
2147 340 2200 396 Α
2297 335 2350 392 6.
2391 336 2632 392 Sanctus
2669 349 2804 407 ergo
2837 349 2968 392 cum
3003 343 3155 393 esset
3195 338 3478 407 medicus,
3517 353 3674 408 quem
3705 346 3844 412 paulo

445 427 588 487 'ctos
628 435 742 485 tres
781 442 1006 499 pueros,
1043 428 1195 483 hunc
1233 426 1444 497 dirigit
1489 425 1847 496 Babylonem.
1891 425 2117 479 Litterae
2224 428 2356 478 ante
2390 423 2782 494 praediximus,
2816 423 3080 479 szeculari
3113 423 3345 493 quidem
3380 424 3602 496 habitu,
3638 430 3725 484 sed
3754 444 3842 487 non

467 533 598 577 vero
637 517 1042 588 deprecatoriae
1084 517 1150 571 ad
1199 516 1422 570 eosdem
1471 519 1698 569 sanctos
1735 519 1916 570 erant.
1961 505 2114 567 mitti
2223 511 2438 579 animo,
2481 509 2798 566 medicinas
2837 511 3136 581 peragebat
3175 525 3283 567 non
3339 513 3498 567 enim
3543 517 3846 585 corporibus

468 609 582 665 sibi
617 607 898 677 reliquias
928 620 1026 676 per
1060 606 1248 676 ipsum
1281 603 1616 674 efﬂagitans,
1651 617 1782 672 quae
1813 601 1873 657 in
1904 601 2116 672 templo
2225 603 2447 654 tantum
2495 598 2878 655 laborantium
2921 599 3268 665 medebatur,
3312 601 3411 656 sed
3465 607 3522 656 et
3554 603 3848 677 animabus,

469 695 604 768 poni
628 695 981 759 debuissent,
1012 693 1160 765 quod
1189 693 1274 749 eis
1303 692 1446 762 ipsis
1476 691 1766 746 desiderio
1793 691 1973 746 multo
2002 703 2118 744 ere.
2223 688 2430 760 dignas
2468 689 2570 744 has
2597 702 2664 744 ex
2693 688 2951 760 indignis
2976 689 3222 745 educens
3251 708 3265 760 ;
3298 695 3357 744 et
3379 689 3576 746 ﬁdeles
3590 705 3653 746 ex
3673 694 3847 752 alienis

467 790 646 842 xerat.
687 783 761 839 At
795 797 925 840 vero
965 783 1058 838 hic
1088 781 1434 837 venerabilis
1469 786 1526 836 et
1549 785 1786 836 ornatus
1824 779 1930 851 vir,
1965 778 2116 833 nihil
2225 791 2258 834 a
2299 777 2407 833 ﬁde
2437 777 2770 849 instituens,
2804 791 2918 834 non
2971 791 3039 834 ex
3072 778 3164 834 his
3191 793 3318 850 qua:
3347 779 3553 835 Galeni
3602 787 3654 836 et
3678 783 3846 854 Hippo-

470 874 755 946 religiosaa
779 871 1074 943 negligens
1102 869 1524 940 praeceptionis,
1558 867 1895 938 Babylonem
1931 881 2120 937 perve-
2227 865 2424 937 cratis,
2465 871 2522 921 et
2552 865 2644 921 his
2674 865 2972 922 similibus
3004 867 3492 937 conscriptorum,
3537 867 3777 926 inﬁrmos
3798 871 3844 926 in

472 963 580 1034 uit,
606 966 662 1017 et
686 960 903 1016 sanctis
925 958 1185 1031 egregias
1211 958 1435 1013 litteras
1463 956 1643 1018 dedit,
1687 957 1805 1011 lucc
1842 955 1966 1010 illis
1991 954 2121 1009 aﬁ‘a-
2230 953 2666 1010 visitationibus
2689 954 3014 1017 consolans,
3046 954 3142 1010 sed
3173 959 3230 1010 et
3266 955 3628 1024 propheticis
3653 963 3706 1012 et
3727 971 3848 1028 apo-

472 1057 566 1107 tus
590 1069 602 1105 :
629 1049 844 1120 Sancti,
891 1048 992 1103 Dei
1022 1047 1210 1102 almus
1241 1050 1300 1101 et
1322 1059 1582 1101 summus
1611 1044 1876 1100 sacerdos
1897 1057 1963 1098 ac
1993 1057 2122 1098 ser—
2230 1043 2456 1099 stolicis
2478 1056 2544 1098 ac
2572 1043 2918 1114 evangelicis
2941 1042 3465 1114 admonitionibus,
3507 1045 3576 1100 ad
3606 1057 3718 1100 eam
3745 1062 3846 1117 qua

469 1156 578 1196 vus
623 1143 828 1209 vester,
881 1137 1025 1192 hanc
1081 1135 1246 1192 vobis
1297 1133 1623 1190 transmisit
1671 1132 2120 1202 deprecatoriam
2230 1144 2359 1187 vere
2412 1130 2781 1198 incolumitas
2840 1131 2958 1186 vita
3003 1139 3092 1188 est
3148 1131 3512 1202 pertrahens,
3572 1139 3627 1189 et
3661 1134 3844 1191 Christi

471 1228 794 1300 epistolam,
837 1240 947 1298 qua
997 1228 1280 1295 suscepta,
1317 1225 1448 1280 date
1474 1236 1827 1292 responsum.
1862 1223 1988 1276 llmc
2011 1233 2125 1276 au—
2233 1219 2374 1276 ovili
2413 1232 2851 1288 connumerans,
2893 1226 3066 1289 atque
3107 1220 3268 1292 regni
3315 1220 3596 1276 caelorum
3637 1220 3846 1278 haeredes

472 1322 581 1372 tem
611 1330 740 1372 cum
766 1315 861 1370 hic
891 1311 970 1370 ita
991 1313 1256 1381 dixisset,
1287 1311 1510 1367 medius
1541 1324 1609 1366 ex
1642 1310 1766 1366 illis
1793 1309 2025 1379 resedit,
2066 1312 2126 1361 et
2234 1307 2556 1364 ostendens.

473 1410 703 1461 extensa
736 1417 907 1459 manu
945 1403 1014 1458 ad
1051 1407 1226 1458 semet
1258 1399 1559 1470 epistolam
1601 1398 1796 1469 traxit,
1823 1403 1881 1453 et
1915 1397 2122 1452 iterum
2303 1392 2358 1450 7.
2392 1386 2552 1451 Hunc
2575 1410 2705 1452 cum
2731 1397 2932 1453 odiens
2965 1396 3111 1454 bona
3135 1396 3412 1454 diabolus
3453 1397 3659 1454 multos
3683 1397 3848 1455 oﬁerre

472 1491 829 1564 recumbens,
851 1492 976 1548 sine
999 1503 1269 1561 responso
1294 1489 1482 1544 virum
1502 1487 1748 1543 dimisit.
1771 1487 1911 1542 Cum
1932 1489 2123 1540 autem
2232 1485 2464 1542 Christo
2483 1485 2741 1557 vidisset,
2768 1487 3017 1557 principi
3043 1487 3205 1543 urbis
3227 1501 3330 1558 per
3357 1500 3597 1558 nequam
3630 1487 3850 1543 homines

472 1586 592 1638 tota
623 1581 974 1638 hebdomada
1018 1579 1354 1650 supplicans
1382 1576 1557 1633 abbas
1588 1589 1922 1646 responsum
1955 1572 2123 1628 mini-
2236 1574 2527 1629 nuntiavit
2555 1573 2782 1631 dicens:
2817 1574 3090 1631 Galilaaus
3135 1576 3376 1646 quidam
3410 1575 3658 1632 medicus
3695 1576 3848 1632 disci-

472 1685 562 1726 me
597 1670 960 1741 percepisset,
997 1669 1066 1723 ad
1095 1681 1226 1725 eum
1258 1666 1358 1737 qui
1389 1679 1450 1721 se
1482 1665 1718 1722 miserat
1747 1663 2012 1720 inefﬁcax
2042 1675 2127 1717 re—
2152 1657 2204 1719 Β
2239 1661 2396 1733 plina
2413 1663 2732 1742 universam
2750 1663 3006 1720 civitatis
3028 1663 3242 1734 plebem
3259 1664 3515 1734 seduxit,
3530 1668 3630 1720 eta
3650 1665 3848 1720 deorum

473 1760 608 1831 diit,
652 1765 709 1815 et
738 1758 886 1830 quod
921 1757 1034 1813 sibi
1073 1757 1390 1828 contigerat
1420 1755 1729 1810 enarravit.
2235 1751 2568 1807 adoratione
2595 1751 2855 1823 removit,
2887 1757 2943 1808 et
2969 1754 3179 1824 Jesum,
3219 1766 3395 1824 quem
3443 1753 3618 1808 Judai
3648 1752 3850 1808 cruciﬁ-

548 1845 600 1903 4.
632 1848 706 1902 At
727 1847 826 1902 ille
855 1845 1288 1901 amantissimus
1312 1857 1684 1914 summusque
1709 1843 1809 1898 Dei
1837 1841 2121 1910 sacerdos,
2236 1845 2463 1908 xerunt,
2493 1847 2557 1896 ut
2575 1843 2752 1898 Deum
2779 1841 2965 1897 colere
2987 1840 3142 1912 fecit,
3166 1842 3620 1912 servitutemque
3633 1847 3848 1898 nostram

475 1935 586 1991 ﬁde
615 1935 740 1991 sine
770 1933 1000 2004 oﬁ‘ensa,
1029 1939 1084 1989 et
1103 1933 1454 1988 conscientia
1479 1932 1644 1996 bona,
1673 1931 1878 1987 iterum
1905 1930 1992 1986 eis
2019 1930 2128 1985 de—
2235 1929 2352 1984 dlis
2393 1929 2769 1985 exhibendam
2820 1929 3144 1986 universam
3174 1930 3544 1986 exterminat.
3576 1930 3669 1985 His
3695 1929 3848 1984 verbis

475 2025 655 2080 stinat
677 2024 1029 2093 huncipsum
1052 2025 1164 2078 Deo
1189 2022 1722 2093 placentemvirum,
1749 2021 1864 2076 haec
1885 2020 2116 2075 dicens:
2239 2017 2440 2074 infelix
2478 2032 2651 2088 supra
2686 2019 2912 2074 modum
2963 2019 3335 2076 effervescente
3389 2019 3621 2075 scelesto
3668 2017 3844 2086 furore,

472 2113 645 2183 Vade,
672 2113 885 2183 inquit,
909 2111 1118 2182 adhuc,
1147 2117 1202 2166 et
1229 2115 1355 2182 pete
1381 2125 1482 2182 pro
1510 2125 1596 2166 me
1635 2114 1882 2166 sanctos.
1913 2109 2121 2165 Saltem
2237 2107 2640 2178 comprehendi
2665 2106 2930 2162 celeriter
2945 2112 3203 2163 sanctum
3223 2108 3520 2179 praecepit.
3543 2109 3672 2163 Cum
3691 2111 3844 2162 autem

478 2201 995 2272 imprmsentiarum
1048 2201 1357 2256 exaudient
1413 2200 1868 2270 deprecationem
1921 2211 2120 2253 meam.
2238 2197 2440 2252 beatus
2467 2197 2571 2251 hoc
2595 2195 2918 2265 didicisset,
2944 2195 3133 2268 fugit;
3160 2202 3216 2252 et
3241 2197 3314 2252 ad
3339 2196 3622 2268 Arabiam,
3655 2209 3762 2266 qua
3777 2200 3844 2249 est

475 2292 620 2346 Nam
640 2289 938 2360 epistolam
964 2295 1242 2359 receptam
1263 2288 1366 2359 fer,
1398 2302 1566 2358 quam
1593 2301 1692 2358 pro
1716 2285 1986 2358 reliquiis
2005 2301 2129 2342 sus-
2238 2286 2461 2358 Egypti
2491 2285 2801 2355 maritima,
2832 2286 3023 2355 venit;
3047 2292 3102 2341 et
3129 2285 3188 2340 in
3209 2285 3453 2342 castello
3479 2285 3622 2356 quod
3651 2289 3846 2339 vocatur

476 2379 710 2448 cipiam,
745 2382 1016 2448 tanquam
1037 2378 1154 2448 jam
1179 2377 1251 2432 ab
1283 2377 1368 2432 eis
1393 2381 1681 2446 acceptam
1707 2381 1760 2431 et
1794 2375 2128 2430 sanctiﬁca—
2235 2377 2400 2432 Cetzo
2428 2375 2730 2442 habitavit,
2762 2381 2818 2430 et
2848 2389 2977 2432 cum
3021 2374 3384 2431 habitatione
3428 2375 3593 2430 etiam
3625 2372 3841 2428 habitum

477 2470 612 2522 tam.
645 2467 859 2522 Cedens
882 2471 1071 2522 autem
1098 2465 1272 2528 Patri,
1303 2465 1533 2521 Christo
1559 2479 1658 2534 per
1683 2464 1874 2520 omnia
1907 2469 1964 2519 et
1995 2468 2126 2519 actu
2237 2463 2832 2534 commutavit;caput
2851 2463 3004 2518 enim
3027 2463 3253 2530 radens,
3284 2463 3476 2519 induit
3499 2459 3840 2518 monachicum

480 2559 538 2610 et
561 2553 784 2609 theoria
805 2553 1098 2623 obediens,
1125 2553 1462 2624 Babylonem
1488 2554 1697 2609 iterum
1724 2552 1892 2622 abiit,
1921 2557 1976 2608 et
1997 2567 2128 2622 sup-
2239 2553 2520 2611 habitum.
2551 2554 2619 2608 Et
2639 2560 2861 2608 terrena
2883 2552 3246 2608 aemulantem
3271 2567 3340 2609 ac
3367 2550 3684 2622 temporalia
3699 2549 3838 2603 vitam

480 2642 700 2713 plicans
731 2656 936 2698 rursus
959 2642 1177 2699 sanctis
1213 2642 1437 2698 dicebat
1470 2660 1482 2696 :
1523 2641 1570 2698 Ο
1605 2647 1690 2698 ter
1719 2641 1870 2697 beati
1905 2647 2124 2713 marty—
2239 2643 2545 2713 transiens,
2568 2647 2624 2699 et
2653 2643 2721 2698 ad
2753 2639 3094 2698 sublimiora
3125 2641 3554 2709 transcendens,
3587 2649 3840 2708 supremus

477 2745 588 2801 res,
621 2744 881 2786 summus
906 2730 1170 2786 sacerdos
1201 2730 1299 2785 Dei
1330 2744 1416 2786 me
1436 2730 1507 2786 ad
1538 2743 1640 2786 vos
1669 2731 1879 2786 iterum
1912 2731 2072 2786 misit
2103 2750 2118 2802 ;
2240 2733 2376 2789 hinc
2405 2738 2520 2788 tam
2545 2729 2770 2788 actione
2796 2745 2965 2804 quam
3005 2731 3489 2801 contemplatione
3517 2741 3727 2798 prorsus
3742 2723 3840 2780 etle-

476 2833 549 2876 ne
589 2833 724 2891 ergo
752 2833 880 2874 eum
923 2819 1304 2888 inhonoretis,
1339 2820 1476 2891 quia
1508 2820 1618 2876 tale
1657 2819 1818 2876 vobis
1849 2819 2120 2890 templum
2237 2827 2366 2878 ctus
2395 2826 2498 2892 est,
2543 2835 2654 2878 non
2692 2822 2808 2891 jam
2859 2821 3162 2892 languores
3199 2820 3386 2876 variis
3417 2814 3838 2874 medicaminibus

473 2908 782 2977 dedicavit,
837 2921 1101 2980 magnum
1145 2909 1387 2980 scilicet,
1441 2912 1498 2964 et
1541 2908 1895 2979 praeclarum,
1935 2923 2127 2965 amore
2238 2923 2466 2980 sanans,
2497 2924 2598 2966 nec
2629 2909 2932 2965 herbarum
2978 2925 3118 2966 usus
3168 2908 3439 2979 auxiliis,
3470 2905 3560 2964 sed
3599 2903 3706 2960 sola
3728 2913 3837 2957 ora-

473 2997 684 3054 ductus
705 3011 818 3069 quo
847 2997 1002 3053 circa
1023 3012 1123 3054 vos
1149 2998 1370 3069 ﬂagrat.
1401 2997 1539 3054 Cum
1568 3002 1756 3054 autem
1783 2999 1972 3054 adhuc
2001 2998 2128 3053 abs—
2161 3019 2210 3082 ο
2239 2999 2394 3055 tione
2411 2999 2620 3070 piaque
2639 2999 2922 3069 doctrina,
2939 3011 2972 3054 a
2991 2997 3340 3056 maeroribus
3365 2995 3580 3052 animas
3604 2989 3835 3048 liberabat

477 3100 589 3158 que
613 3100 884 3156 responso
915 3099 1043 3142 eum
1073 3087 1260 3142 sancti
1288 3087 1668 3158 dimitterent,
1699 3087 2025 3142 mandatum
2051 3087 2122 3143 ad
2235 3093 2292 3144 et
2311 3101 2566 3158 corpora.

477 3176 644 3232 ﬁnem
687 3175 993 3245 perducere
1023 3175 1229 3230 summi
1272 3175 1603 3245 sacerdotis,
1650 3189 1718 3231 ex
1749 3175 1993 3244 quodam
2023 3175 2128 3230 di-
2305 3176 2358 3232 8.
2386 3179 2544 3233 Tunc
2568 3191 2702 3249 ergo
2739 3176 3094 3233 Diocletiano
3131 3178 3515 3233 Romanorum
3543 3174 3736 3242 sceptra
3755 3165 3832 3220 im-

475 3265 611 3320 vtno
639 3265 883 3320 adorsus
910 3269 996 3319 est
1027 3271 1204 3334 motu,
1236 3268 1294 3320 et
1324 3265 1538 3334 pectori
1571 3277 1799 3320 manum
1837 3263 2128 3334 superim-
2236 3267 2329 3338 pie
2351 3267 2694 3334 moderante,
2722 3271 2778 3321 et
2805 3265 3018 3336 ubique
3049 3267 3499 3336 persecutionem
3539 3260 3629 3316 Dei
3674 3253 3832 3312 Eccle—

479 3366 712 3423 ponens,
748 3352 828 3408 ibi
857 3353 1009 3408 enim
1042 3352 1284 3408 habebat
1312 3353 1636 3423 epistolam,
1671 3353 1815 3408 hanc
1847 3366 2018 3408 manu
2045 3366 2127 3407 re-
2235 3356 2345 3411 siis
2363 3355 2668 3425 excitante,
2703 3354 2820 3410 haec
2850 3353 3222 3411 beatissimus
3245 3355 3490 3413 Joannes
3517 3355 3827 3421 cognoscens,

476 3441 668 3497 tinens
696 3447 948 3503 sanctus,
983 3441 1128 3497 hanc
1152 3446 1437 3510 acceptam
1469 3442 1648 3496 traxit
1676 3442 1742 3496 ad
1779 3455 1840 3496 se
1867 3441 1958 3510 pie
1987 3440 2126 3495 bea—
2237 3445 2336 3515 qui
2369 3445 2684 3499 Edessenus
2705 3443 2936 3514 quidem
2958 3457 3160 3515 genere
3177 3444 3492 3502 secundum
3517 3446 3735 3499 carnem,
3753 3427 3827 3484 sed

477 3537 573 3586 tus
613 3548 626 3584 :
674 3529 1020 3602 sequebatur
1065 3535 1254 3584 autem
1322 3529 1685 3584 sanctissima
1744 3543 1947 3585 manus
1999 3543 2126 3598 quae
2235 3533 2533 3590 cmlicivis
2559 3539 2622 3589 ut
2645 3533 2830 3590 ﬁdelis
2854 3533 3292 3607 agnoscebatur,
3315 3547 3442 3590 cum
3465 3517 3828 3607 militaripolle-

477 3617 742 3688 tenebat;
765 3631 932 3688 quam
951 3616 1112 3672 cultu
1135 3617 1452 3672 vehementi
1472 3617 1993 3688 amplexatus,cum
2018 3617 2124 3672 hoc
2237 3628 2321 3679 ret
2344 3623 2646 3694 dignitate,
2684 3622 3131 3692 Hierosolymam
3155 3605 3558 3692 proﬁciscitur,
3579 3619 3629 3670 et
3645 3614 3741 3665 Deo

479 3720 707 3777 quoque
730 3707 1064 3761 intemerato
1098 3709 1154 3760 et
1174 3705 1464 3760 adorando
1500 3705 1790 3776 thesauro,
1813 3704 2123 3760 Alexandri
2235 3690 2565 3782 neplaeente
2594 3690 2817 3766 reddito
2856 3690 3004 3780 voto,
3047 3690 3204 3766 venit
3247 3713 3562 3784 ngyptum,
3605 3690 3822 3784 famaiatl

479 3795 737 3866 pervenit
780 3794 848 3849 ad
893 3793 1108 3863 urbem,
1161 3807 1329 3862 opere
1377 3794 1753 3850 sacratissimi
1794 3797 1864 3851 ad
1917 3809 1976 3850 se
2019 3795 2124 3850 lati
2236 3777 2494 3856 sanctum
2523 3800 2728 3870 Cyrum
2763 3777 3039 3868 trahente.
3069 3806 3126 3856 et
3163 3814 3298 3856 cum
3322 3777 3490 3854 beato
3527 3794 3656 3863 Cyro
3681 3777 3822 3840 veluti

480 3880 744 3952 praacepti
771 3893 927 3950 spem
957 3880 1016 3935 in
1042 3882 1215 3936 Deum
1246 3879 1498 3936 habitam
1535 3883 1839 3939 ostendens
1865 3882 2124 3940 inconfu-
2235 3889 2414 3945 unius
2439 3889 2569 3944 ﬁdei
2600 3887 2898 3959 habitavit,
2925 3895 2982 3944 et
3001 3889 3070 3944 ad
3094 3888 3366 3944 virtutem
3387 3885 3578 3942 videns
3597 3874 3822 3935 sanin

479 3969 728 4026 είδίιθῐῐι·
2236 3977 2526 4048 proﬁcere,
2551 3976 2619 4032 ad
2645 3976 2748 4032 has
2768 3990 2866 4046 per
2884 3976 3135 4046 amplius
3148 3976 3516 4033 incitabatur.
3532 3969 3656 4024 Cum
3671 3965 3817 4052 auter-Il

549 4057 602 4116 ὃ.
621 4059 742 4128 Qua
775 4064 1038 4129 suscepta
1070 4072 1309 4130 magnus
1331 4075 1704 4134 summusque
1721 4063 1820 4118 Dei
1835 4062 2118 4118 sacerdos.
2236 4043 2555 4137 persecutio
2574 4043 2970 4122 vehementius
2980 4043 3272 4137 grassaret
3283 4080 3370 4136 ur,
3391 4059 3642 4118 Cassiano
3657 4043 3817 4137 gentili

479 4149 732 4222 gaudens
779 4149 994 4218 pariter
1035 4154 1090 4204 et
1139 4149 1422 4221 exultans,
1456 4132 1640 4208 ﬁlium
1684 4151 1882 4208 fratris
1920 4151 2012 4208 sui
2051 4151 2120 4206 ad
2233 4132 2383 4226 apud
2409 4155 2697 4224 Canopum
2727 4132 3819 4225 fungente'sacerdotio'vanitatis,virgi‘

480 4239 949 4311 praeparationem
978 4239 1309 4310 nuptiarum
1340 4240 1623 4296 incitavit.
1646 4243 1786 4296 Cum
1815 4246 2004 4296 autem
2032 4255 2125 4311 po-
2235 4258 2334 4301 nes
2362 4250 2477 4300 tres
2517 4243 2704 4300 locum
2737 4241 3079 4312 habitantes,
3109 4243 3452 4314 Christoque
3487 4229 3814 4303 desponsatas.

480 4330 618 4400 pulo
647 4328 843 4399 templi
874 4329 1126 4384 enczrnia
1153 4329 1536 4402 praedicasset,
1564 4329 1879 4402 divinoque
1909 4331 2122 4402 gaudio
2148 4337 2202 4398 D
2235 4333 2295 4390 hi
2323 4334 2423 4403 qui
2446 4332 2514 4387 ad
2545 4337 2838 4402 capturam
2863 4331 3009 4388 hanc
3034 4330 3262 4388 fuerant
3293 4323 3579 4403 segregati,
3600 4321 3817 4408 campi?

479 4417 725 4476 refertus
753 4416 977 4487 fuisset,
1001 4419 1260 4488 sequenti
1285 4419 1381 4474 die
1407 4432 1519 4474 una
1543 4434 1670 4474 cum
1703 4425 1821 4476 toto
1847 4420 2018 4489 clero,
2044 4433 2127 4476 re-
2235 4422 2512 4490 hendunt,
2544 4425 2602 4476 et
2632 4421 2734 4476 has
2765 4434 2878 4476 una
2906 4434 3038 4476 cum
3067 4427 3244 4477 matre
3267 4419 3502 4492 Syriano
3531 4407 3675 4466 urbis
3697 4407 3815 4495 prin-

478 4509 708 4566 condita
736 4508 983 4578 pretiosa
1015 4507 1116 4562 illa
1143 4511 1200 4561 et
1228 4507 1540 4568 venerabili
1565 4521 1735 4565 manu
1766 4511 1970 4582 sancti,
2015 4522 2127 4566 una
2235 4511 2350 4580 cipi
2379 4509 2640 4566 oﬂ'erunt.
2674 4511 2751 4564 De
2795 4509 3010 4580 quibus
3045 4510 3288 4566 audiens
3317 4510 3539 4566 sanctus
3561 4492 3813 4582 Cyrusl‘l'

479 4610 609 4654 cum
643 4577 1034 4667 deprecatoria
1071 4595 1316 4666 epistola
1357 4611 1484 4666 qua:
1523 4597 1826 4654 tenebatur
1863 4599 1934 4654 ab
1959 4577 2126 4680 ipsa,
2241 4577 2392 4656 more
2423 4603 2488 4654 ut
2515 4598 2737 4654 amicus
2764 4577 2980 4654 Christi
3010 4599 3314 4669 depressus
3359 4601 3459 4665 est,
3492 4604 3558 4648 ne
3585 4577 3808 4680 totiugi”

481 4666 955 4759 quemadmodum
977 4683 1203 4764 dicebat
1219 4685 1472 4758 recondi,
1499 4691 1554 4742 et
1579 4687 1933 4743 sacntiﬁcata
1957 4666 2132 4744 eccle:
2238 4692 2302 4744 ut
2315 4687 2539 4758 pusillae
2564 4685 2956 4758 formidantes,
2979 4666 3269 4742 Christum
3296 4677 3623 4754 abjurarent,
3648 4666 3810 4764 ﬁder

480 4755 590 4846 sia,
615 4771 816 4828 fratris
843 4772 937 4828 sui
970 4757 1163 4829 ﬁlium.
1192 4755 1546 4830 consecravit
1569 4775 1895 4847 diaconum,
1928 4777 2126 4832 dicens
2236 4755 2346 4848 que
2376 4780 2684 4847 negarent;
2709 4755 3168 4846 pusillaa'quippe
3188 4773 3484 4831 admodum
3518 4763 3661 4848 erant
3683 4755 3804 4848 ίεῐαῖξ

479 4863 548 4919 ad
581 4876 710 4918 eum
742 4879 754 4916 :
785 4863 924 4918 Ecce
955 4862 1163 4919 mulier
1188 4867 1306 4927 tua,
1337 4864 1633 4921 ecclesiam
1665 4865 1864 4921 dicens
1885 4835 1904 4920 ἐ
1934 4870 1990 4922 et
2017 4866 2116 4922 ait:
2233 4835 2830 4936 etenimuTheoctiste,
2881 4835 3084 4920 harum
3103 4835 3327 4934 senior,
3379 4847 3676 4936 quindecim
3707 4835 3803 4936 ξετεξί

479 4951 684 5008 Curam
711 4949 876 5007 illius
902 4950 1062 5016 habe,
1098 4956 1160 5008 ut
1187 4953 1396 5009 decens
1424 4959 1526 5009 est.
1556 4955 1716 5024 Quod
1750 4953 2024 5010 nimirum
2047 4952 2126 5010 fa-
2231 4967 2548 5023 annorum;
2581 4927 2830 5010 secunda
2854 4967 2986 5009 vero
3014 4953 3084 5008 ab
3113 4967 3180 5009 ea
3203 4927 3496 5015 Theodote,
3527 4932 3664 4998 tertii
3691 4927 3808 5024 decl-

479 5044 654 5096 ctum.
691 5037 934 5094 multum
953 5039 1150 5108 juveni
1183 5041 1454 5110 praestitit
1487 5041 1546 5096 in
1578 5019 1770 5097 Deum
1805 5041 2116 5112 profectum
2231 5043 2308 5099 mi
2335 5047 2457 5098 erat
2479 5019 2646 5113 anni;
2673 5043 3054 5113 astEudoxia,
3081 5042 3282 5098 barum
3303 5019 3802 5113 novissima?“ME1

479 5126 759 5184 scundum
792 5105 986 5195 spem':
1033 5105 1280 5198 denique
1321 5135 1378 5184 et
1415 5129 1700 5185 castitatis
1735 5105 1864 5185 eu-m
1897 5136 2123 5187 amato-
2228 5131 2430 5203 agebat
2455 5105 2840 5188 undecimum.
2892 5105 3066 5188 Porro
3107 5137 3284 5186 mater
3331 5129 3518 5182 harum
3547 5105 3801 5203 Αιῒξὲηξξξξί

479 5227 598 5272 rem
627 5213 852 5283 fecit,et
873 5213 1200 5270 divinarum
1225 5216 1503 5272 virtutum
1530 5217 1916 5287 Operationem
1937 5225 2120 5276 osten-
2229 5192 2432 5276 mverito
2460 5219 2824 5276 dicebantur:
2853 5233 2980 5274 vere
3006 5196 3676 5290 namqueimmortalitatis
3698 5192 3796 5290 011m

477 5303 568 5360 dit
589 5320 606 5374 ς
626 5308 797 5373 atque
816 5301 1161 5356 voluntatem
1186 5303 1443 5359 timentis
1463 5318 1522 5360 se
1549 5305 1759 5360 summi
1782 5307 2114 5364 sacerdotis.
2227 5308 2714 5365 desiderabilibus
2735 5308 2860 5365 suis
2883 5308 3114 5365 ﬁliabus
3128 5287 3494 5365 h—aareselfecta
3507 5287 3798 5374 estDe‘ll":

475 5368 628 5448 Deus
665 5368 976 5447 exaudiens
1015 5388 1170 5446 fecit.
2227 5397 2337 5454 bus
2365 5398 2610 5454 dicendo
2647 5399 2716 5454 ad
2752 5398 2861 5455 ista
2894 5398 3253 5469 pervenimus
3277 5404 3325 5467 ι,
3352 5392 3587 5448 metuens
3608 5368 3792 5430 sum“

546 5490 578 5522 α
623 5481 739 5538 Imo
769 5493 918 5552 vero,
958 5480 1024 5536 de
1053 5479 1274 5550 quibus,
1305 5485 1366 5536 ut
1394 5497 1572 5552 supra,
1593 5483 1853 5539 diximus.
