4018 6160
176 243 265 303 709
857 242 1403 299 INTERPRETATIO
1434 243 1601 299 lllST.
1644 243 1974 301 ACEPHAL.
2017 247 2106 301 SS.
2154 248 2280 302 MM.
2323 252 2481 307 CYRI
2520 252 2604 308 ΕΤ
2642 256 2834 310 JUAN.
3450 260 3557 319 710

173 372 332 441 Cyrus
359 381 480 423 cum
520 367 753 432 Joanne,
789 366 986 422 urbem
1020 367 1315 439 ingressus
1360 374 1446 423 est
1475 374 1528 423 et
1579 368 1793 437 prmdi—
1820 368 1881 426 Λ
1980 367 2061 425 Η.
2087 372 2290 442 Cyrum
2324 381 2509 430 autem
2544 381 2597 431 et
2625 378 2891 433 Joannem
2944 387 3217 452 martyres
3247 386 3555 455 suppliciis

176 465 280 514 etas
304 457 367 511 ad
410 468 615 527 agones
660 454 965 525 deliniens,
1001 471 1172 526 super
1196 463 1453 513 naturam
1487 458 1709 525 erexit;
1738 460 1793 510 et
1907 457 2111 514 iterum
2149 461 2543 534 submittebat,
2569 470 2624 519 et
2652 464 2858 520 iterum
2901 467 3246 540 solvebatur,
3274 485 3428 527 more
3455 475 3555 530 ﬂu-

173 551 425 601 tormenta
467 542 751 612 intrepide
789 543 1004 608 subire,
1042 551 1271 615 propter
1315 546 1549 601 multam
1574 544 1790 600 Christi
1901 554 2098 604 ctuum
2125 552 2192 605 ad
2218 551 2437 621 lapides
2466 553 2928 609 illisorum.Cum
2970 563 3159 612 autem
3184 566 3409 615 sanctos
3442 575 3552 617 non

172 631 1151 704 sponsorisdilectionem,admodum
1170 636 1475 705 persuasit,
1503 635 1791 691 castitatis
1902 636 2225 708 blanditiis,
2257 654 2366 695 non
2402 642 2686 711 precibus,
2715 658 2825 699 non
2850 645 3105 716 monitis,
3141 661 3250 703 non
3273 648 3553 705 honorum

168 724 244 779 eis
278 735 504 777 coronas
531 722 729 792 gaudii
763 721 1076 793 ascribens,
1108 730 1163 778 et
1220 723 1437 779 laetitiae
1479 725 1788 783 terminum
1903 729 2371 796 protensionibus
2415 732 2813 804 maximorum,
2850 740 2915 790 ut
2942 736 3282 808 mstimabat,
3306 752 3415 795 non
3446 738 3556 794 ﬂa-

169 825 266 867 non
288 810 565 865 habentes.
1899 815 2057 886 gelli,
2109 831 2220 873 non
2272 820 2396 888 pice
2427 819 2688 889 ferventi,
2742 838 2852 879 non
2902 837 3052 895 aqua
3104 825 3375 896 bullente,
3439 842 3551 883 non

226 897 272 954 9.
314 900 413 954 Sed
449 897 648 954 infelix
677 900 972 972 inimicus,
1024 900 1230 958 iterum
1267 917 1363 972 per
1384 906 1574 958 truces
1606 902 1789 956 mini-
1898 905 2046 976 igne,
2082 920 2191 962 non
2231 910 2410 965 cortis
2458 911 2838 968 membrorum
2872 915 3104 984 organis
3137 915 3423 971 inﬂectere
3444 930 3551 971 va-

166 994 298 1043 stros
315 1001 469 1059 suos,
498 987 829 1044 manifestos
847 988 985 1044 facit
1009 997 1236 1045 sanctos
1256 991 1361 1046 hos
1384 991 1658 1061 principi,
1678 991 1790 1046 ob—
1897 993 2121 1067 luisset,
2150 994 2442 1070 fatigatus,
2483 1005 2538 1054 et
2579 999 2670 1057 his
2720 1016 2946 1072 quoque
2975 1003 3312 1059 sententiam
3346 1004 3553 1060 intulit

165 1077 497 1132 tenebrantes
516 1081 758 1132 mentem
794 1078 1002 1148 ipsius,
1030 1082 1086 1133 et
1108 1085 1479 1150 suggerentes
1500 1081 1651 1149 quod
1670 1081 1785 1136 duo
1894 1081 2127 1138 dicens:
2162 1084 2368 1156 Cyrum
2404 1087 2773 1146 Galilaeorum
2805 1096 3129 1163 patronum,
3162 1100 3217 1149 et
3242 1099 3551 1149 consenta-

163 1165 395 1235 quidam,
446 1166 757 1222 monachus
802 1167 1027 1222 scilicet
1053 1172 1110 1223 et
1141 1168 1326 1239 miles,
1370 1169 1622 1240 virgines
1669 1167 1782 1224 sibi
1898 1183 2064 1225 neum
2092 1173 2217 1241 ejus
2245 1175 2534 1247 Joannem,
2566 1179 2967 1235 sanctionibus
2994 1181 3401 1251 imperatorum
3435 1196 3547 1238 non

160 1253 356 1309 oblatas
379 1254 728 1325 seducentes,
756 1255 876 1311 diis
903 1255 1103 1311 offerre
1132 1256 1382 1312 debitam
1415 1272 1525 1313 non
1560 1258 1787 1327 perm‘t—
1895 1260 2340 1335 acquiescentes,
2391 1270 2446 1319 et
2482 1266 2761 1323 maximos
2809 1268 2945 1324 deos
2986 1269 3170 1325 colere
3216 1270 3547 1327 nullatenus

158 1348 321 1397 terent
342 1343 692 1413 servitutem,
716 1350 773 1400 et
802 1346 1157 1415 tyrannidem
1202 1360 1367 1418 agere
1396 1352 1589 1401 contra
1611 1347 1789 1401 C:esa-
1896 1356 2292 1421 proponentes,
2326 1354 2559 1422 capitali
2607 1356 3089 1413 animadversioni
3122 1357 3539 1415 submittimus.

160 1446 259 1487 rem
295 1431 613 1504 suaderent,
657 1433 890 1487 minimc
933 1440 1193 1504 parentes
1226 1436 1524 1504 praeceptis
1554 1436 1698 1504 ejus,
1728 1440 1783 1489 et
1893 1436 1960 1490 Et
1988 1437 2092 1493 hoc
2116 1440 2361 1510 decreto,
2411 1442 2866 1513 ineorruptionis
2920 1446 3233 1503 induerunt
3273 1462 3541 1503 coronam

154 1521 320 1575 Jesum
344 1520 598 1576 dicentes
634 1535 816 1592 regem
844 1528 1138 1578 aeternum.
1170 1524 1446 1593 Syrianus
1464 1529 1651 1578 autem
1686 1523 1781 1577 hie
1894 1525 2080 1592 pridie
2105 1527 2386 1584 Kalendas
2419 1531 2794 1599 Februarias;
2837 1535 3066 1603 quando
3102 1535 3267 1590 ﬁdem
3302 1548 3543 1592 servan—

155 1608 415 1664 divinitus
436 1608 837 1665 fulminandus
855 1625 1079 1679 praeses,
1114 1612 1387 1668 dentibus
1413 1611 1776 1671 frendenstad
1812 1685 1860 1697 ﬁ
1892 1618 1995 1679 tes,
2018 1629 2248 1671 cursum
2273 1619 2454 1673 sancti
2474 1619 2682 1675 bonum
2710 1630 3267 1695 consummaverunt,
3287 1625 3541 1697 virgines

154 1711 207 1753 ea
234 1697 521 1767 quaadicta
549 1704 707 1768 sunt,
733 1698 943 1755 adduci
967 1700 1138 1755 etiam
1169 1700 1326 1770 ipsos
1352 1700 1620 1770 praecepit
1648 1707 1779 1755 ante
1812 1685 1863 1745 Β
1890 1701 2159 1758 videlicet
2180 1704 2395 1761 Christi
2422 1722 2643 1776 Sponsa!
2684 1713 2804 1765 tres
2834 1711 3174 1781 Theoctiste,
3231 1685 3539 1773 Theodote.

153 1786 402 1856 tribunal,
433 1794 490 1842 et
544 1787 698 1842 dixit
724 1788 791 1843 ad
830 1802 961 1843 eos:
1016 1789 1063 1844 Ο
1115 1789 1334 1857 miseri,
1388 1797 1444 1846 et
1480 1790 1773 1845 beatorum
1889 1791 2169 1862 Eudoxia,
2218 1800 2274 1849 et
2317 1810 2444 1864 qua)
2497 1796 2597 1851 has
2649 1800 2992 1868 germinavit
3040 1814 3104 1855 ac
3154 1802 3244 1871 pie
3293 1802 3540 1858 nutrivit

154 1875 353 1930 inimici
369 1876 629 1943 deorum,
652 1880 943 1947 morteque
960 1878 1315 1949 dignissimi,
1338 1879 1779 1949 quarevirgines
1887 1879 2198 1938 Athanasia
2224 1901 2238 1954 ;
2287 1884 2399 1939 Deo
2447 1886 2618 1941 etiam
2650 1888 2920 1943 amabilis
2952 1890 3133 1958 Cyrus
3161 1890 3336 1945 abbas
3364 1896 3537 1960 atque

153 1978 322 2032 parere
342 1965 586 2020 Caesaris
613 1979 721 2021 non
748 1966 1053 2022 dimittitis
1081 1967 1480 2023 sanctionibus
1509 1968 1537 2021 ‘2
1572 1967 1656 2021 An
1688 1981 1777 2037 po-
1884 1969 2126 2025 Joannes
2159 1972 2344 2043 miles,
2378 1974 2476 2044 qui
2511 1974 2687 2030 unius
2715 1989 2844 2031 cum
2888 1990 2953 2031 eo
2981 1977 3108 2032 ﬂdei
3143 1984 3199 2032 et
3234 1978 3384 2048 azqui
3416 1982 3539 2033 erat

152 2052 253 2107 tius
279 2053 615 2109 decrevistis
638 2067 733 2109 eas
764 2055 1046 2110 resultare
1069 2056 1097 2109 ‘2
1122 2057 1279 2112 velut
1307 2056 1480 2111 etiam
1500 2070 1599 2112 vos
1623 2056 1778 2126 ipsos
1888 2057 2144 2115 honoris.
2178 2062 2245 2115 Et
2276 2067 2499 2116 sanctas
2522 2064 2750 2133 quidem
2776 2070 2893 2120 tres
2916 2065 3173 2137 virgines
3201 2067 3269 2121 ad
3293 2066 3538 2121 orienta-

153 2140 236 2209 qui
270 2140 558 2197 manifesti
611 2142 835 2212 tyranni
869 2143 1249 2199 Romanorum
1280 2144 1644 2214 imperatoris
1664 2143 1776 2198 exi-
1888 2145 1995 2200 lem
2030 2156 2241 2216 partem
2266 2149 2668 2219 templisaneti
2696 2153 2870 2207 Marci
2904 2159 3236 2224 posuerunt,
3256 2153 3530 2223 templum

152 2229 302 2297 stilis,
327 2244 423 2299 pro
448 2230 835 2286 abominabili
860 2230 1136 2301 profectio
1159 2233 1619 2289 Christianorum
1649 2233 1778 2287 reli-
1885 2234 1971 2290 eis
1990 2236 2318 2293 dedicantes
2338 2239 2641 2307 decorum;
2666 2240 2871 2311 Cyrum
2895 2247 3082 2297 autem
3105 2242 3531 2313 duleiloquum,

154 2316 296 2387 gione
315 2325 656 2389 pugnantes.
691 2320 877 2391 Igitur
896 2321 1289 2389 ptenitentiam
1318 2326 1568 2393 agentes,
1601 2320 1775 2379 maxi-
1884 2328 1940 2377 et
1961 2324 2231 2380 Joannem
2256 2327 2384 2397 Cyri
2416 2334 2848 2399 commartyrem
2881 2330 2940 2385 in
2968 2330 3177 2400 templo
3213 2330 3456 2401 apostoli
3479 2335 3535 2385 et

153 2419 253 2459 mos
296 2407 562 2462 dominos
594 2414 819 2464 nostros
854 2409 1015 2465 vobis
1065 2409 1327 2465 exhibete
1382 2411 1684 2480 propitios,
1716 2418 1773 2468 et
1882 2414 2242 2485 evangelisee
2267 2415 2440 2471 Marci
2463 2417 2846 2473 condiderunt
2873 2432 2930 2473 1n
2965 2432 3075 2473 una
3099 2419 3284 2474 theca.

153 2492 363 2550 honores
392 2496 461 2551 ab
492 2497 844 2566 imperatore
874 2511 984 2553 non
1016 2498 1443 2570 qualescunque
1484 2500 1774 2570 percipie—
1955 2499 2037 2556 42.
2091 2504 2430 2560 Procedente
2477 2519 2608 2561 vero
2664 2512 2915 2577 tempore
2970 2521 3082 2562 non
3136 2521 3334 2578 pauco,
3396 2522 3527 2564 cum

152 2582 230 2637 tis.
260 2584 341 2640 llli
373 2586 440 2641 ad
488 2600 627 2641 eum
673 2588 1108 2658 respondentes:
1136 2590 1247 2643 Nos
1279 2588 1574 2660 inquiunt,
1604 2604 1636 2645 o
1679 2591 1772 2661 Sy-
1879 2589 2165 2660 depositio
2193 2606 2420 2664 pagana:
2460 2592 2667 2650 fuisset
2689 2594 2883 2650 eﬂ‘ecta
2910 2596 3254 2666 tyrannidis,
3279 2601 3334 2651 et
3356 2596 3535 2652 Chri—

153 2671 1771 2749 riane,honoresinhonorabilesnonadmittimus,tempo—
1880 2679 2054 2734 stiani
2110 2686 2332 2751 sceptra
2386 2682 2769 2739 Romanorum
2811 2684 3200 2754 'prineipatus
3255 2690 3530 2755 tenerent,

152 2760 270 2815 ralia
309 2763 453 2817 enim
502 2769 649 2819 sunt
693 2778 819 2833 qua:
865 2764 1152 2836 videntur,
1216 2779 1397 2835 neque
1444 2766 1766 2822 dremonum
1878 2768 2233 2825 Theodosius
2290 2772 2468 2841 Major
2536 2772 2842 2842 imperium
2885 2772 3159 2845 obtinuit,
3209 2774 3309 2843 qui
3364 2771 3530 2828 ﬂdem

150 2849 440 2908 simulacris
460 2856 693 2909 cultum
717 2854 816 2925 qui
845 2855 1021 2909 Deum
1052 2854 1236 2910 solum
1260 2856 1420 2910 decet
1440 2854 1764 2927 offerimus;
1877 2856 2149 2924 operibus
2178 2859 2497 2928 adornavit,
2520 2865 2575 2915 ct
2594 2874 2763 2929 opera
2791 2860 2899 2915 ﬂde
2920 2861 3343 2930 eondecoravit,
3377 2860 3532 2916 sicut

151 2940 226 2993 sed
254 2955 346 2997 nec
387 2942 807 3015 abnegabimus
830 2956 981 3013 eum,
1026 2944 1124 3013 qui
1175 2944 1365 2999 omnia
1410 2943 1562 3015 fecit,
1597 2960 1764 3015 quem
1814 3020 1829 3022 4
1875 2945 2048 2999 etiam
2081 2946 2216 3001 libri
2261 2948 2779 3005 ecclesiasticorum
2825 2955 3109 3006 testantur
3139 2950 3527 3022 historiogra—

152 3041 303 3100 regem
326 3038 604 3089 :eternum
639 3032 926 3089 habentes.
956 3031 1297 3088 donationes
1316 3032 1386 3087 ab
1420 3033 1545 3103 ipso
1582 3047 1770 3104 repro—
1796 3020 1844 3081 C
1879 3032 2142 3104 phorum,
2197 3040 2253 3090 et
2302 3035 2439 3105 ipsa:
2488 3050 2714 3106 quoque
2746 3051 2836 3092 res
2879 3038 3149 3093 omnibus
3201 3020 3519 3093 clamitant.

154 3117 323 3174 missas
341 3125 602 3177 tenemus
634 3121 920 3191 meliores,
942 3125 998 3176 et
1026 3122 1095 3176 ad
1128 3120 1293 3176 tinem
1327 3135 1438 3176 non
1473 3121 1770 3191 aspicien—
1876 3121 2062 3190 Hujus
2106 3126 2163 3177 et
2192 3137 2295 3178 nos
2346 3137 2573 3194 quoque
2606 3124 2782 3179 unius
2820 3125 3059 3180 virtutis
3102 3126 3430 3181 memoriam
3458 3125 3527 3180 ad

150 3210 232 3274 tes,
274 3210 491 3266 coronis
518 3224 596 3266 ac
619 3210 851 3265 deliciis
886 3209 1309 3266 immortalibus
1336 3209 1550 3279 plenas.
1876 3210 2257 3264 ostensionem
2285 3222 2480 3265 eorum
2501 3226 2625 3281 qua:
2648 3212 2802 3266 dicta
2825 3221 2961 3268 sunt
2988 3212 3283 3268 faciemus.
3309 3212 3527 3267 Bellum

206 3292 278 3350 l0.
306 3297 381 3352 Ad
413 3314 560 3369 quos
614 3298 993 3370 ingemiscens
1043 3298 1340 3369 Syrianus,
1394 3305 1451 3353 et
1495 3298 1767 3354 dentibus
1878 3298 2090 3367 quippe
2107 3298 2524 3353 adversuseum
2543 3312 2610 3353 ex
2635 3300 3091 3355 occidentalibus
3110 3307 3321 3355 motum
3347 3299 3528 3356 fuisse

148 3379 393 3454 frendens,
415 3388 597 3457 dixit,
620 3387 722 3444 hos
747 3388 949 3458 ignitis
968 3387 1269 3443 obtutibus
1302 3388 1320 3442 i
1369 3392 1568 3442 tuens:
1594 3388 1765 3457 Opor—
1877 3385 2140 3455 partibus
2185 3386 2353 3440 aiunt
2385 3399 2453 3441 ex
2494 3387 2735 3456 quadam
2763 3387 3069 3442 concordia
3103 3387 3524 3458 insurgentium

148 3470 271 3527 tebat
308 3476 531 3545 quidem
585 3490 683 3531 vos
724 3475 1133 3531 misericordiae
1162 3476 1594 3546 acquiescentes
1618 3476 1765 3543 legis
1875 3474 2171 3529 nationum
2190 3474 2459 3545 gentibus
2478 3476 2798 3547 mistarum,
2822 3481 2878 3529 et
2899 3475 3351 3544 praecedentibus
3372 3490 3524 3531 com-

148 3555 325 3616 lucrari
353 3565 640 3634 salutem;
666 3564 800 3635 quia
830 3577 961 3619 vero
981 3564 1152 3634 typho
1181 3564 1542 3634 detinemini,
1578 3564 1765 3635 plagis
1876 3562 2196 3633 mistarum,
2229 3563 2569 3619 torrentium
2604 3563 3017 3619 moreinvicem
3042 3563 3434 3635 inﬂuentium,
3467 3570 3523 3620 et

145 3660 224 3701 vos
247 3653 442 3708 caadere
479 3653 853 3722 imperatoris
884 3652 1363 3721 pneceptionihus
1390 3653 1758 3721 persuadebo.
1875 3665 2027 3707 mare
2059 3652 2432 3708 multitudine
2460 3665 2739 3723 aquarum
2771 3652 3159 3719 efﬁcientium,
3203 3653 3289 3709 vel
3342 3654 3525 3709 instar

145 3732 198 3788 Et
224 3736 303 3793 his
340 3741 532 3811 dictis,
565 3742 827 3813 virgines
872 3742 939 3796 ad
967 3740 1353 3810 spectaculum
1401 3754 1594 3796 eorum
1639 3756 1763 3811 quae
1874 3739 2245 3812 locustarum,
2278 3747 2449 3812 atque
2473 3755 2658 3797 arena:
2690 3755 2987 3797 numerum
3028 3755 3140 3797 non
3167 3742 3517 3798 habentium.

142 3826 445 3892 gerebantur
467 3831 748 3887 assistere
779 3829 935 3899 fecit,
977 3835 1033 3885 et
1084 3843 1306 3884 omnem
1351 3834 1762 3885 tormentorum
1874 3830 2077 3884 Verum
2112 3830 2244 3900 pius
2275 3830 2424 3885 inter
2456 3831 2573 3886 haec
2607 3830 2963 3886 Theodosius
2994 3831 3089 3886 hic
3117 3845 3226 3887 non
3267 3832 3337 3887 ad
3358 3831 3525 3887 ‘alia-

143 3916 322 3971 sanctis
341 3919 588 3987 speciem
623 3918 843 3973 intulit.
872 3918 1011 3973 Cum
1033 3924 1221 3973 autem
1251 3917 1447 3989 ﬂagris
1465 3917 1569 3973 hos
1590 3917 1765 3973 caaci-
1874 3930 1999 3971 rum
2029 3918 2285 3987 gentium
2318 3919 2701 3987 patrocinium
2724 3919 2898 3988 venit,
2925 3925 3026 3975 aut
3047 3918 3387 3991 legationem
3421 3921 3523 3976 mi-

141 3999 308 4067 disset,
338 4014 391 4063 et
413 4007 603 4063 clavis
636 4007 881 4079 igneque
916 4006 1343 4074 inﬂammasset,
1367 4012 1539 4077 atque
1567 4021 1635 4061 ex
1657 4006 1764 4062 sal-
1871 4004 1968 4076 sit,
1997 4011 2097 4060 aut
2130 4013 2290 4075 pacta
2321 4008 2646 4076 spopondit,
2688 4008 2882 4078 qualia
2914 4008 3037 4063 fieri
3065 4008 3135 4063 ab
3160 4009 3433 4065 invalidis
3460 4010 3518 4065 in

142 4091 310 4161 sugine
334 4096 581 4151 membra
622 4110 748 4165 quae
799 4095 1146 4151 inﬂammata
1172 4094 1399 4150 fuerant
1430 4094 1757 4162 infudisset,
1870 4092 2352 4148 commotionibus
2384 4092 2664 4149 bellorum
2686 4101 2989 4160 amantur;
3021 4095 3116 4151 sed
3149 4096 3375 4152 sicutei
3403 4110 3515 4152 mo-

139 4176 358 4238 cilicinis
389 4185 605 4252 pannis
634 4182 950 4239 confricare
975 4185 1274 4253 prmcepit;
1303 4182 1427 4253 pice
1478 4196 1609 4239 vero
1639 4182 1762 4238 bul-
1872 4182 1954 4237 ris
1984 4185 2124 4251 erat,
2152 4182 2221 4236 ad
2254 4183 2432 4237 Deum
2462 4183 2741 4254 cucurrit,
2791 4189 2847 4238 et
2877 4183 3042 4238 ﬁdem
3091 4184 3517 4251 auxiliatricem

140 4262 283 4323 liente
305 4273 468 4339 pedes
487 4271 772 4343 implevit,
800 4272 1072 4342 omnique
1092 4273 1299 4342 specie,
1320 4271 1621 4329 utdietum
1649 4277 1754 4343 est,
1782 4334 1828 4343 _
1867 4270 2137 4340 arripuit.

140 4334 512 4415 tormentorum
544 4334 785 4429 abusus,
816 4334 1171 4415 robustiores
1203 4334 1478 4430 martyres
1502 4334 1758 4430 aspicie—l
1782 4334 1837 4395 D
1940 4356 2022 4413 43.
2056 4359 2195 4415 Cum
2218 4360 2369 4414 enim
2399 4359 2702 4415 didicisset
2732 4359 2791 4415 in
2821 4359 3000 4430 Scete,
3025 4374 3149 4429 quae
3174 4366 3260 4415 est
3289 4375 3517 4418 eremus

136 4437 229 4505 hat,
256 4453 306 4500 et
350 4450 516 4518 quasi
577 4449 639 4503 in
688 4448 899 4505 alienis
929 4449 1045 4518 pati
1097 4448 1455 4518 corporibus,
1504 4448 1756 4504 validius
1867 4461 2036 4516 penes
2059 4448 2355 4519 Egyptum
2410 4450 2489 4503 ita
2514 4449 2780 4516 vocitata,
2815 4449 3003 4505 virum
3037 4461 3238 4519 genere
3282 4450 3513 4519 quidem

135 4535 579 4607 contradicentes,
611 4552 676 4592 ac
709 4538 921 4595 multos
944 4538 1233 4593 attrahere
1262 4539 1331 4593 ad
1368 4538 1752 4594 imitationem
1863 4537 2208 4608 Egyptium,
2252 4537 2467 4592 virtute
2513 4543 2702 4593 autem
2751 4538 2907 4593 omni
2947 4539 3065 4617 _Deo
3114 4537 3321 4607 placita
3352 4551 3517 4593 com—

134 4621 178 4670 et
198 4622 260 4675 ad
283 4624 442 4682 fidem
481 4628 789 4690 adducere,
835 4627 974 4683 dum
1002 4626 1325 4683 constantia
1372 4627 1752 4697 perseveranti
1867 4631 2020 4695 ptum
2071 4625 2290 4696 degere,
2343 4626 2443 4695 qui
2495 4626 2749 4681 divinam
2798 4627 3041 4698 gratiam
3097 4626 3419 4696 meruisset,
3458 4633 3513 4684 et

135 4708 445 4770 resisterent.
508 4719 595 4771 Ex
644 4721 728 4771 tot
772 4716 925 4770 enim
985 4716 1287 4771 tolerantia
1340 4716 1657 4787 plagarum,
1689 4729 1755 4772 ac
1866 4712 2241 4769 maximorum
2314 4720 2578 4781 operator
2632 4714 3043 4770 miraculorum
3101 4714 3390 4787 existeret,
3439 4716 3508 4771 ad

133 4805 407 4870 martyrum
422 4807 553 4861 sine
574 4805 847 4861 mmstitia
871 4804 1182 4876 hilaritate,
1205 4806 1373 4861 multi
1394 4804 1603 4862 futura:
1623 4806 1753 4861 vitae
1861 4801 2237 4871 Theophilum
2251 4803 2526 4858 continuo
2543 4802 2751 4858 scribit
2774 4821 2789 4873 ;
2811 4802 2905 4858 hic
2922 4804 3073 4858 enim
3092 4803 3310 4859 Christi
3334 4804 3509 4860 ovilia

134 4890 331 4951 prtemia
369 4893 835 4964 ineorruptionis
879 4893 1361 4965 imaginabantur.
1395 4896 1591 4965 Itaque
1621 4908 1750 4949 cum
1867 4891 2146 4946 moderari
2191 4905 2288 4960 per
2319 4891 2465 4945 idem
2518 4896 2741 4961 tempus
2769 4894 3215 4964 agnoscebatur;
3253 4898 3315 4949 ut
3359 4907 3511 4962 prte—
3570 4894 3573 4903 “

130 4982 366 5035 removeri
390 4983 675 5051 jussisset
708 4988 999 5055 martyres,
1028 4983 1282 5055 virgines
1311 4982 1645 5039 verberibus
1668 4981 1742 5037 ef-
1861 4979 2054 5035 dictus
2103 4978 2389 5033 mirabilis
2434 4978 2525 5033 vir
2570 4979 2638 5034 ad
2698 4993 2757 5034 se
2816 4980 3157 5052 mitteretur,
3215 4988 3505 5053 rogantem

129 5059 255 5134 fecit,
282 5082 388 5124 una
413 5084 549 5126 cum
582 5073 697 5126 Deo
716 5071 952 5127 amabili
989 5075 1183 5126 matre.
1226 5072 1297 5125 Ut
1333 5078 1522 5126 autem
1553 5075 1751 5126 contra
1861 5066 2135 5122 auxiliari
2167 5064 2303 5135 sibi,
2337 5066 2860 5135 supplicationibus
2888 5067 2956 5122 ad
2982 5070 3156 5123 Deum
3188 5068 3410 5141 effusis,
3443 5071 3502 5125 in

129 5150 360 5213 stimulos
399 5159 735 5229 calcitrans,
769 5164 826 5215 et
869 5158 940 5214 ab
968 5159 1060 5213 his
1089 5172 1315 5229 quoque
1336 5159 1747 5229 superabatur;
1864 5156 2060 5225 praelio
2091 5162 2240 5210 recte
2276 5155 2524 5210 credenti
2558 5167 2597 5210 ιι.
2631 5156 2712 5211 Ad
2733 5170 2898 5226 quem
2919 5172 3157 5215 currens
3177 5159 3499 5229 episcopus,

129 5233 320 5298 fuerant
337 5247 491 5301 enim
518 5261 625 5316 per
646 5252 919 5317 martyres
965 5245 1324 5316 confortatze;
1356 5252 1640 5317 postremo
1669 5247 1752 5302 in-
1859 5252 1915 5302 et
1943 5259 2169 5301 causam
2195 5245 2510 5313 edieturus,
2539 5246 2797 5300 ascendit
2820 5248 2889 5303 ad
2922 5261 3074 5321 eum,
3107 5253 3163 5304 et
3186 5250 3499 5305 admonens

128 5320 241 5384 felix
256 5335 599 5389 sententiam
630 5336 1027 5407 promulgavit,
1051 5340 1108 5390 et
1136 5335 1323 5404 capita
1339 5335 1555 5391 Christi
1582 5349 1749 5405 spon-
1861 5335 2217 5405 implorabat.
2251 5334 2323 5389 At
2347 5348 2476 5389 vero
2505 5335 2854 5406 Senuphius,
2889 5338 2995 5393 hoc
3016 5320 3166 5392 enim
3192 5344 3312 5392 erat
3338 5336 3501 5390 beato

127 5426 287 5474 sarum
316 5437 425 5478 una
449 5437 586 5478 cum
622 5424 896 5493 genitrice
923 5424 1144 5479 abscidi
1184 5425 1492 5480 mandavit.
1857 5426 1981 5481 viro
2004 5438 2228 5494 nomen,
2260 5424 2555 5496 indulgere
2576 5425 2690 5480 sibi
2716 5440 3001 5482 summum
3026 5426 3371 5480 sacerdotem
3405 5437 3501 5491 op-

181 5512 200 5538 ³
218 5505 290 5563 lla
317 5512 531 5583 codex;
570 5510 925 5583 referturque
954 5513 1023 5568 ad
1054 5512 1453 5583 Theophilum.
