4034 6158
467 233 566 290 744

1691 228 2047 286 ANASTASII
2096 224 2634 284 BIBLIOTHECARII
3741 235 3829 296 742

472 361 606 430 pido
635 357 1015 430 supplicabat,
1045 371 1103 413 se
1130 361 1474 427 peccatorem
1507 354 1906 426 pronuntians,
1929 357 1986 408 et
2011 353 2110 407 in—
2133 351 2189 410 Α
2222 351 2615 420 phantasmata
2637 350 2989 422 Menutheos,
3010 352 3484 425 Christianosque
3501 357 3754 426 quosdam
3772 375 3826 417 ex

471 449 670 506 utilem
692 447 920 502 Domini
943 460 1164 502 servum
1187 445 1498 516 appellans.
1519 443 1666 514 Quia
1681 457 1814 514 ergo
1832 448 1896 498 ut
1918 441 2110 497 dimit-

472 543 687 593 teretur
705 536 778 592 ab
801 549 866 591 eo
900 535 1203 605 impetrare
1224 548 1336 589 non
1370 533 1574 602 valuit,
1605 531 1673 588 ad
1703 531 1978 586 orientem
2005 535 2110 584 ste-

471 625 564 696 tit,
585 630 641 680 et
663 623 900 694 pallium
923 623 1072 694 quod
1098 627 1330 694 portans
1351 635 1523 692 super
1549 621 1816 676 humeros
1845 617 2108 686 habebat,

469 727 599 771 cum
632 713 856 781 baculo,
889 711 1155 768 manibus
1189 711 1259 766 ad
1313 711 1519 767 coelum
1563 709 1834 778 extensis,
1889 708 2008 762 haec
2033 706 2106 762 ad

467 803 644 858 Deum
684 802 1007 858 exclamans
1049 801 1234 856 dixit:
1263 799 1501 855 Domine
1526 800 1658 854 .lesu
1687 797 1914 853 Christe
1962 797 2111 850 Deus

470 895 680 955 noster,
715 889 1110 946 fortitudinem
1135 901 1303 960 quam
1336 887 1479 942 mihi
1513 885 1791 956 peccatori
1819 897 1979 940 servo
2010 888 2110 938 tuo

468 979 680 1035 dedisti
714 983 914 1048 praesta
950 983 1006 1033 et
1044 977 1182 1032 huic
1209 975 1413 1032 baculo
1449 989 1572 1032 meo
1595 980 1651 1030 et
1692 973 1868 1044 pallio
1894 971 2014 1028 isti.
2044 973 2113 1026 Et

468 1067 622 1123 datis
652 1067 747 1122 his
769 1079 989 1122 summo
1025 1065 1327 1134 sacerdoti,
1371 1063 1489 1119 ha'c
1517 1063 1585 1119 ad
1612 1077 1741 1118 eum
1794 1061 1975 1117 dixit:
2009 1060 2112 1115 His

470 1155 802 1226 imperatori
835 1154 1212 1223 transmissis,
1257 1153 1445 1209 scribe
1475 1157 1540 1208 ut
1593 1151 1830 1222 pallium
1880 1150 2112 1221 quidem

468 1244 644 1321 capiti
663 1243 1120 1312 circumponens,
1141 1243 1373 1298 dextera
1393 1255 1524 1298 vero
1555 1255 1725 1296 manu
1743 1239 2006 1295 baculum
2034 1251 2114 1294 re-

470 1333 679 1404 tinens,
719 1338 850 1388 ante
888 1345 1108 1387 omnem
1160 1338 1324 1390 exeat
1351 1331 1686 1400 exercitum,
1740 1328 2114 1398 praeminens

465 1421 738 1478 adversus
757 1419 1008 1477 hostium
1039 1420 1238 1475 aciem.
1278 1421 1414 1474 Nam
1469 1418 1520 1474 si
1549 1431 1634 1472 me
1675 1417 1940 1472 Christus
1964 1417 2115 1471 Deus

468 1516 662 1566 noster
687 1509 746 1565 in
777 1523 1000 1566 servum
1029 1523 1197 1564 suum
1223 1507 1537 1578 deputavit,
1566 1512 1622 1562 et
1657 1504 2113 1575 deprecationem

469 1613 696 1670 quoque
752 1612 930 1654 meam
982 1599 1266 1664 exaudiet,
1321 1602 1493 1666 atque
1523 1594 1824 1651 victoriam
1853 1606 1950 1664 per
1988 1605 2110 1647 eam

468 1687 656 1756 ﬁdem,
690 1699 802 1756 qua
827 1686 982 1742 circa
1014 1687 1188 1743 Deum
1227 1686 1446 1757 ﬂagrat,
1491 1683 1788 1754 percipiet.

540 1773 626 1830 44.
681 1775 818 1832 Cum
858 1781 1047 1831 autem
1095 1773 1344 1831 fuissent
1395 1773 1729 1829 transmissa
1781 1786 1907 1842 qua:
1955 1771 2112 1827 dicta

467 1869 625 1932 sunt,
656 1870 894 1919 ornatur
919 1876 951 1918 a
970 1864 1085 1918 Deo
1105 1867 1411 1918 coronatus
1434 1859 1788 1916 Theodosius
1830 1858 2004 1928 pallio
2049 1858 2106 1913 in

467 1952 683 2023 galeam
704 1951 825 2021 spei
858 1951 1084 2007 salutis.
1114 1953 1288 2006 Porro
1311 1951 1544 2006 dextera
1571 1962 1741 2004 manu
1775 1947 1980 2004 baculo
2005 1960 2110 2002 ac—

466 2045 649 2110 cepto,
681 2040 748 2096 ad
777 2039 988 2096 bellum
1021 2053 1357 2111 progressus
1379 2042 1484 2108 est,
1516 2041 1572 2092 et
1623 2038 1848 2106 primus
1885 2035 2105 2092 ﬁdelem

473 2126 824 2198 prmcededat
857 2127 1170 2182 exercitum
1191 2144 1206 2194 ς
1225 2139 1392 2196 quem
1409 2139 1538 2182 cum
1557 2123 1786 2180 barbari
1805 2123 2106 2189 vidissent,

465 2217 536 2272 ad
567 2214 760 2290 fugam
783 2215 978 2272 statim
1017 2214 1274 2271 conversi
1317 2218 1471 2284 sunt,
1500 2217 1556 2269 et
1596 2213 1932 2282 semetipsos
1961 2211 2112 2267 caede

468 2309 667 2361 mutua
689 2304 1076 2370 trucidarunt,
1097 2304 1304 2375 sagitta
1323 2317 1422 2359 seu
1443 2303 1562 2358 ictu
1580 2301 1652 2357 ab
1667 2302 1926 2358 exercitu
1949 2300 2110 2356 nullo

468 2408 707 2464 prorsus
726 2397 975 2464 accepto.
999 2395 1069 2448 Et
1084 2405 1267 2462 usque
1292 2392 1352 2447 in
1377 2391 1542 2446 ﬁnem
1565 2391 1670 2446 hac
1690 2389 1931 2446 salutari
1951 2389 2113 2461 galea

469 2481 604 2552 pius
627 2495 692 2537 ac
724 2482 826 2537 Dei
862 2481 1086 2538 amicus
1125 2481 1434 2549 imperator
1468 2493 1570 2549 pro
1607 2479 1763 2535 omni
1798 2478 2112 2533 adornatus

466 2575 554 2626 est
571 2571 892 2627 diademate
912 2587 928 2639 ;
945 2571 1114 2639 cujus
1131 2569 1212 2624 rei
1237 2569 1409 2624 etiam
1437 2566 1724 2638 publicam
1742 2565 2110 2622 festivitatem

465 2658 825 2716 Alexandriae
848 2673 949 2729 per
993 2657 1255 2729 singulos
1294 2669 1474 2712 annos
1509 2655 1926 2724 concelebrant,
1967 2653 2112 2710 hanc

469 2747 724 2804 iconium
751 2747 1144 2803 nominantes:
1178 2743 1397 2799 iconam
1435 2743 1652 2814 quippe
1689 2742 1900 2798 habent
1924 2741 2112 2812 ipsius

469 2835 551 2906 pii
575 2834 802 2890 scilicet
825 2831 1208 2904 imperatoris,
1231 2835 1404 2900 caput
1427 2831 1654 2902 quidem
1691 2829 1866 2900 pallio
1886 2841 2111 2898 cooper-

469 2927 588 2977 tum
612 2921 896 2990 habentis,
932 2921 1164 2977 dextera
1205 2933 1335 2975 vero
1361 2931 1531 2974 manu
1569 2918 1837 2976 baculum
1867 2917 2112 2972 retinen-

471 3011 566 3078 tis,
593 3015 651 3066 et
681 3009 1264 3085 jugitermiraculum
1298 3007 1568 3064 omnibus
1588 3007 1974 3077 praedicantis,
2011 3019 2110 3075 per
2140 2989 2186 3051 C

461 3111 710 3154 annuam
750 3097 1164 3156 solemnitatem
1209 3109 1392 3152 suam.

536 3183 622 3242 45.
653 3185 858 3242 Divina
882 3199 1015 3242 vero
1052 3185 1257 3257 gratia,
1299 3191 1356 3240 et
1383 3183 1781 3255 cooperatione
1825 3181 2013 3239 ﬁdelis
2043 3194 2110 3237 ac

464 3273 548 3345 pii
581 3274 865 3345 principis
881 3273 1212 3340 Theodosii,
1239 3273 1505 3330 Ecclesiae
1530 3273 1761 3344 praesul,
1785 3277 1842 3329 et
1863 3272 2106 3328 ovilium

463 3351 966 3434 quaa'Alexandriaa
995 3367 1131 3420 sunt
1158 3367 1352 3433 pastor
1387 3361 1781 3424 cautissimus,
1815 3374 1880 3416 ac
1908 3361 2108 3417 divino

462 3451 582 3508 zelo
602 3451 806 3522 plenus
820 3451 1172 3522 Theophilus
1191 3465 1406 3520 omnes,
1436 3456 1501 3506 ut
1521 3451 1600 3506 ita
1621 3450 1903 3517 dicamus,
1930 3449 2110 3522 genti-

463 3539 605 3595 lium
636 3539 896 3596 culturas
931 3539 1221 3609 deposuit,
1271 3543 1326 3594 et
1359 3538 1634 3594 oratoriis
1678 3542 1852 3593 totam
1906 3537 2102 3596 urbem

457 3627 729 3684 domibus
749 3627 1067 3697 adornavit,
1099 3633 1156 3682 et
1192 3627 1252 3680 in
1283 3627 1406 3682 loco
1436 3626 1536 3696 qui
1565 3625 1786 3681 dicitur
1823 3625 2106 3698 Canopus,

463 3714 736 3784 templum
779 3713 1058 3784 apostolis
1094 3712 1516 3782 amplissimum
1555 3718 1610 3768 et
1657 3711 1858 3783 ingens
1903 3713 2102 3768 erexit.

461 3803 632 3857 Extra
659 3801 856 3856 urbem
887 3805 1075 3856 autem
1105 3804 1192 3856 est
1221 3799 1346 3866 hoc,
1379 3799 1568 3872 signis
1607 3799 1679 3855 ab
1715 3813 1778 3855 ea
1803 3800 2104 3856 duodecim

461 3888 706 3958 distans,
739 3887 968 3960 insigne
1003 3891 1068 3942 ut
1098 3887 1452 3957 perhibetur,
1491 3893 1549 3942 et
1578 3887 1774 3957 pueris
1798 3888 2104 3959 gentilium

461 3973 800 4030 venerabile.
833 3974 958 4030 Illic
985 3975 1138 4031 enim
1164 3974 1236 4031 ab
1279 3975 1364 4030 eis
1402 3975 1636 4032 deorum
1667 3981 1869 4044 coetus,
1913 3981 1976 4033 ut
2014 3976 2106 4032 fe--

465 4068 621 4134 runt,
651 4076 774 4119 esse
817 4063 1162 4134 putabatur;
1195 4064 1274 4120 ita
1312 4067 1376 4120 ut
1417 4065 1606 4121 omnis
1635 4065 1810 4121 simul
1849 4065 1941 4122 via
1977 4079 2104 4136 qua:

464 4150 608 4206 illuc
627 4149 698 4207 ab
719 4151 858 4208 urbe
885 4151 1147 4224 ducebat,
1175 4157 1351 4210 strata
1391 4152 1606 4210 tabulis
1655 4158 1804 4210 esset
1837 4153 2100 4224 lapideis,

464 4238 813 4311 praediisque
832 4254 898 4296 ac
947 4239 1169 4298 balneis
1197 4241 1566 4298 consisteret:
1602 4241 1808 4312 viginti
1835 4245 2020 4296 autem
2051 4248 2107 4297 et

464 4333 713 4398 quatuor
740 4328 802 4384 in
832 4343 900 4386 ea
923 4343 1046 4386 esse
1072 4329 1208 4387 hinc
1238 4330 1371 4386 inde
1401 4329 1601 4385 balnea
1636 4327 2100 4400 conscribuntur,
2133 4340 2188 4402 ι)

459 4430 586 4488 quae
613 4416 802 4474 adhuc
828 4421 1017 4474 autem
1049 4417 1299 4474 nondum
1345 4422 1511 4473 erant
1551 4415 1812 4488 suffossa,
1846 4422 1910 4473 ut
1937 4417 2102 4474 multi

457 4505 662 4562 dicunt
691 4507 791 4579 qui
824 4511 1122 4578 noverunt,
1155 4507 1250 4562 sed
1277 4512 1334 4562 et
1379 4520 1561 4576 usque
1595 4506 1664 4562 ad
1696 4506 1884 4576 ipsum
1915 4507 2102 4563 locum

459 4594 558 4664 qui
589 4595 809 4652 dicitur
831 4597 1110 4666 Canopus,
1147 4595 1309 4651 urbis
1355 4593 1569 4661 fanum,
1607 4593 1909 4667 forumque
1937 4611 2102 4653 omne

461 4681 827 4750 praepositum
854 4688 1172 4754 putaretur,
1202 4696 1233 4738 a
1260 4696 1374 4752 quo
1411 4681 1638 4740 duobus
1658 4682 1846 4755 signis
1875 4683 2102 4741 distans

455 4767 776 4834 castellum,
809 4767 1026 4824 idolum
1059 4767 1300 4824 habebat
1327 4769 1628 4826 Manuthin
1660 4770 1993 4839 vocitatum,
2037 4771 2098 4827 in

459 4868 572 4925 quo
595 4853 892 4911 manifeste
911 4857 1362 4927 cooperabantur
1379 4857 1723 4928 nequissimi
1746 4857 2008 4928 spiritus.
2034 4861 2096 4915 In

458 4953 573 5010 quo
615 4941 880 4998 videlicet
922 4943 1174 5015 castello,
1228 4959 1430 5001 rursus
1476 4945 1748 5014 templum
1793 4945 2100 5002 aedificavit

456 5030 826 5102 evangelistis
854 5045 1010 5088 sacer
1033 5033 1404 5103 Theophilus.

530 5113 614 5172 46.
667 5119 797 5173 Post
834 5119 1240 5176 dormitionem
1286 5133 1418 5176 vero
1460 5119 1786 5190 Theophili,
1820 5135 1949 5176 cum
1982 5121 2098 5192 Cy—

458 5205 628 5263 rillus
653 5207 996 5277 suscepisset
1021 5209 1272 5264 ecclesiae
1293 5209 1697 5279 gubernacula,
1727 5209 1979 5278 Cyrillus
2015 5211 2098 5266 in-

457 5307 625 5365 quam
642 5295 740 5350 ille
754 5308 1009 5366 magnus,
1034 5296 1264 5364 pietatis
1283 5301 1522 5364 amator,
1537 5301 1592 5350 et
1605 5295 1734 5350 ﬁdei
1751 5297 2092 5356 violatorum

453 5383 764 5453 depositor,
797 5395 935 5438 cura
955 5387 1078 5438 erat
1097 5382 1149 5438 ei
1182 5395 1292 5438 non
1317 5383 1736 5455 qualiscunque
1758 5385 2092 5444 destruendi

523 5501 554 5532 ει
584 5491 663 5547 Ita
691 5489 840 5562 cod.,
870 5491 926 5548 id
959 5495 1046 5547 est
1065 5493 1190 5562 ﬁne.

2221 441 2680 510 simplicioribus
2694 441 3012 498 illuccausa
3027 443 3366 512 recipiendm
3377 445 3642 501 sanitatis
3656 455 3829 517 suapte

2219 530 2901 586 concurrentes‘removit.
2935 531 3116 600 Super
3144 543 3258 601 quo
3295 533 3540 588 multum
3560 535 3668 590 Deo
3697 536 3832 592 mise-

2221 617 2618 674 ricordissimo
2647 619 2951 692 postulato,
2981 619 3245 692 angelum
3260 620 3417 677 videt
3445 634 3478 675 a
3503 623 3611 678 Deo
3634 632 3834 680 cuncto-

2221 719 2368 777 rum,
2398 712 2717 776 susceptam
2743 709 2868 778 ejus
2886 708 3338 778 deprecationem
3361 710 3830 784 evangelizantem,

2219 797 2276 848 et
2305 795 2724 866 praecipientem
2757 795 2894 866 sibi,
2923 801 2988 853 ut
3013 797 3144 868 Cyri
3189 810 3400 867 corpus
3428 798 3487 852 in
3522 793 3833 870 martyribus

2222 883 2433 954 magni,
2460 884 2530 940 de
2555 885 2763 954 templo
2793 886 2975 941 sancti
2997 885 3172 941 Marci
3197 891 3466 956 sumeret,
3499 891 3555 941 et
3580 886 3637 941 in
3661 887 3831 944 Eccle-

2221 971 2309 1027 sia
2331 973 2808 1044 evangelistarum
2841 988 2966 1044 quze
3003 979 3092 1030 est
3141 975 3200 1030 in
3232 975 3526 1030 Nenuthin
3565 975 3834 1032 decollaret

2225 1056 2623 1137 [collocaret].
2651 1063 2746 1119 Sic
2770 1063 2923 1119 enim
2947 1067 3002 1119 et
3026 1063 3322 1120 castellum
3363 1063 3743 1135 nominabant,
3773 1080 3835 1121 re-

2222 1150 2475 1206 verentia
2504 1155 2560 1206 et
2587 1165 2778 1208 amore
2815 1152 3110 1208 daemonis.
3142 1152 3287 1208 Sane
3328 1166 3431 1222 per
3458 1165 3632 1207 unum
3663 1167 3832 1209 nomen

2223 1238 2420 1295 ambos
2459 1246 2736 1311 martyres
2764 1240 3188 1312 significaverat
3223 1241 3491 1313 angelus,
3521 1240 3668 1297 sicut
3692 1243 3833 1298 etiam

2222 1339 2290 1382 ex
2319 1325 2469 1384 beati
2495 1328 2697 1394 Cyrilli
2729 1329 3092 1384 sermonibus
3120 1329 3476 1386 ostendetur.
3511 1329 3666 1384 Nihil
3691 1331 3836 1402 negli-

2224 1430 2361 1488 gens
2395 1417 2664 1473 amabilis
2692 1432 2952 1474 summus
2988 1418 3088 1473 Dei
3119 1418 3404 1488 sacerdos,
3438 1417 3555 1489 egit
3586 1417 3721 1488 quod
3741 1417 3833 1474 sibi

2223 1503 2410 1562 fuerat
2440 1505 2804 1576 imperatum,
2835 1511 3039 1577 quarto
3074 1506 3360 1562 Kalendas
3383 1505 3569 1561 J..lias
3598 1509 3836 1576 martyri-

2221 1608 2418 1650 carum
2452 1595 2880 1651 translationem
2901 1595 3280 1664 reliquiarum
3304 1593 3545 1666 faciens,
3567 1601 3620 1649 et
3647 1608 3836 1650 sermo-

2141 1666 2192 1726 B
2224 1683 2552 1754 nespopulo
2587 1683 2783 1739 breves
2799 1683 2975 1753 hujus
2993 1684 3073 1740 rei
3100 1696 3273 1738 causa
3297 1683 3692 1752 pronuntians,
3714 1697 3834 1754 quos

2222 1771 2652 1842 interponemus
2680 1773 2748 1830 ad
2799 1773 3110 1845 legentium
3153 1771 3556 1828 credulitatem
3597 1771 3754 1827 simul
3791 1777 3836 1826 et

2221 1860 2556 1933 utilitatem,
2585 1862 2767 1932 gratia
2794 1861 3020 1917 Domini
3055 1862 3236 1918 nostri
3285 1862 3421 1918 Jesu
3471 1861 3697 1930 Christi,
3727 1874 3834 1916 cum

2221 1963 2334 2019 quo
2357 1956 2444 2006 est
2474 1950 2624 2006 Patri
2650 1964 2760 2006 una
2798 1965 2928 2007 cum
2957 1951 3180 2022 Spiritu
3210 1951 3420 2022 gloria,
3455 1949 3632 2006 honor
3657 1955 3707 2004 et
3735 1949 3832 2004 im-

2223 2039 2440 2108 perium
2485 2039 2543 2095 in
2575 2039 2782 2096 saecula
2812 2039 3172 2096 saeculorum.
3204 2039 3406 2096 Amen.

2291 2129 2470 2199 Salve,
2503 2143 2678 2198 sacer,
2719 2135 2903 2185 amate
2933 2131 3064 2192 Deo.
3093 2130 3220 2186 sine
3251 2130 3514 2202 margine
3533 2140 3563 2170 α
3589 2127 3744 2185 salve.

2289 2218 2360 2272 Et
2393 2231 2604 2274 memor
2632 2223 2752 2274 esto
2783 2219 2868 2275 tui
2899 2217 3100 2276 fratris
3121 2219 3440 2276 Anastasii.

2815 2377 2990 2434 ABEATI
3043 2392 3257 2435 CYRILLI

2433 2479 2764 2522 ACCLAMATIO
2801 2481 2870 2522 AD
2907 2480 3301 2522 TABENISIOTAS
3340 2481 3638 2538 IONACHOS,

2291 2569 2382 2616 QUI
2412 2569 2547 2610 SUNT
2588 2570 2644 2611 IN
2665 2569 2886 2625 CANOPO,
2919 2569 3040 2618 QUAE
3089 2569 3309 2612 DICITUR
3360 2568 3715 2617 PIENITENTIA,

2363 2657 2430 2698 DE
2477 2657 2697 2700 SANCTIS
2741 2659 3093 2701 MARTYRIBUS
3142 2659 3279 2700 CYRO
3310 2633 3386 2702 ΕΤ.
3440 2659 3685 2702 IOHANNE.

2221 2747 2403 2788 EPIPHI
2433 2746 2695 2803 SECUNDA,
2727 2748 2865 2795 QUOD
2894 2748 2990 2790 EST
3015 2747 3216 2790 OCTAVO
3243 2749 3530 2791 KALENDAS
3568 2745 3825 2790 AUGUSTAS.

2290 2875 2588 2932 Fortitudo
2605 2879 2661 2931 et
2673 2875 2948 2946 patientia
2971 2875 3137 2942 bona,
3155 2879 3332 2948 atque
3347 2875 3700 2933 visionabilis
3715 2874 3828 2930 dua-

2220 2963 2356 3020 litas
2398 2964 2698 3035 virtutum,
2750 2973 2978 3022 sanctos
3014 2965 3282 3021 condecet
3339 2966 3610 3037 maxime;
3651 2961 3831 3034 quibus

2219 3050 2420 3106 beatus
2472 3052 2703 3122 quidem
2750 3053 2924 3108 David
2979 3053 3286 3108 acclamat:
3349 3054 3591 3108 Viriliter
3635 3066 3740 3118 age,
3789 3051 3830 3101 et

2219 3141 2552 3207 confortetur
2575 3156 2664 3194 cor
2693 3144 2866 3203 tuum,
2901 3141 2952 3195 cl
2969 3141 3176 3196 sustine
3208 3143 3520 3196 Dominum.
3553 3135 3826 3196 Salvatoris

2165 3251 2170 3254 -
2219 3231 2406 3282 autem
2437 3227 2798 3298 discipulus:
2829 3229 3111 3284 Patientia
3129 3229 3296 3285 vobis
3328 3235 3415 3286 est
3437 3226 3753 3296 necessaria,
3780 3228 3832 3280 ut

2225 3315 2566 3373 voluntatem
2617 3318 2717 3373 Dei
2769 3317 3064 3388 facientes,
3119 3319 3458 3389 percipiatis
3501 3317 3826 3388 promissum.

2219 3405 2453 3474 Oportet
2483 3406 2696 3476 quippe
2725 3421 2829 3463 nos
2860 3408 2919 3462 in
2949 3406 3184 3464 exordio
3215 3407 3498 3464 bonorum
3529 3407 3644 3462 fieri
3672 3403 3754 3461 sed
3781 3402 3830 3456 ﬁ-

2221 3505 2347 3549 nem
2373 3495 2693 3564 exquirere,
2723 3501 2787 3550 ut
2807 3508 3043 3566 regnum
3065 3495 3344 3552 caelorum
3365 3495 3757 3561 haereditemus,
3775 3489 3823 3544 in

2219 3583 2448 3639 Christo
2469 3585 2600 3639 .lesu
2648 3584 2888 3640 Domino
2919 3588 3134 3653 nostro,
3163 3584 3260 3640 cui
3293 3585 3481 3657 gloria
3505 3591 3558 3640 et
3591 3587 3821 3654 potestas.

2219 3671 2415 3728 Amen.

2929 3785 3168 3828 EIUSDEM

2287 3871 2470 3912 EPIPIII
2527 3871 2757 3914 SEPTIMA
2805 3871 2860 3913 ID
2909 3872 3004 3913 EST
3057 3873 3244 3914 PRIDIE
3291 3874 3524 3916 KALEND.
3561 3869 3762 3914 AUGUST.

2345 3986 2348 3990 -
2429 3959 2764 4002 RELATIONES
2825 3961 2946 4002 ΒΠΔΕ
2999 3961 3054 4002 IN
3106 3962 3344 4005 SANCTOS
3371 3961 3648 4004 MARTYRES

2285 4049 2424 4090 ABBA
2478 4048 2662 4090 CYRUM
2712 4050 2778 4090 ET
2827 4049 3093 4106 IOANNEM,
3124 4051 3216 4098 QUI
3263 4051 3360 4092 HIC
3388 4047 3764 4100 REQIIIESCUNT;

2213 4138 2319 4179 PER
2347 4137 2487 4186 QUAS
2513 4138 2610 4179 HIG
2640 4138 2811 4180 PATER
2865 4139 3122 4180 INSINUAT
3161 4140 3227 4182 ET
3259 4137 3635 4182 HONORABILEM
3667 4130 3820 4178 EORUI

2877 4228 3201 4284 PASSIONEM,

2356 4316 2422 4358 ET
2479 4316 2874 4358 DEPOSITIONEM
2942 4316 3262 4360 SANCTARUM
3321 4313 3699 4366 RELIQUIARUN.

2215 4403 2372 4448 DICTA
2441 4407 2537 4448 EST
2615 4406 2798 4448 AUTEM
2885 4407 3144 4448 PRESENS
3213 4407 3390 4451 PRIMA
3463 4403 3716 4451 NARRA‘I‘IO
3771 4396 3816 4439 IN

2888 4495 3183 4553 METANGZA,

2499 4584 2638 4632 QUOD
2692 4585 3142 4628 INTERPRETATUR
3201 4585 3568 4640 NENITENTIA,

2349 4673 2474 4716 SIVE
2523 4673 2581 4714 IN
2605 4671 2861 4715 ECCLESIA
2890 4674 3208 4716 SANCTORUM
3237 4672 3630 4718 APOSTOLOBUM.

2281 4785 2440 4858 Pigri
2467 4799 2578 4841 non
2601 4783 2821 4842 fuimus
2835 4784 2987 4842 circa
3007 4790 3345 4842 consuetum
3372 4794 3689 4848 sermonem,
3713 4776 3808 4841 sed:

2212 4877 2278 4931 ut
2299 4873 2455 4930 dixit
2475 4873 2750 4944 Salvator,
2782 4875 3012 4944 spiritus
3043 4875 3262 4944 quidem
3293 4863 3573 4945 promptus
3598 4874 3686 4930 est,
3708 4877 3811 4919 caro

2209 4967 2390 5018 autem
2413 4957 2632 5032 inﬁrma
2655 4981 2672 5029 ;
2698 4961 2986 5018 credimus
3006 4962 3160 5018 enim
3189 4977 3289 5032 per
3313 4966 3535 5018 sanctas
3563 4955 3810 5016 orationes

2209 5055 2444 5115 vestras,
2496 5051 2804 5107 miserante
2853 5052 2986 5120 Deo,
3045 5050 3336 5108 minuetur
3389 5047 3630 5104 afﬂictio.
3675 5037 3807 5111 Quod

2206 5144 2395 5196 autem
2416 5143 2471 5196 et
2496 5139 2902 5212 cogitavimus,
2935 5145 2993 5195 et
3011 5141 3235 5211 egimus
3269 5143 3496 5210 propter
3516 5133 3804 5192 utilitatem.

2208 5230 2417 5284 iterum
2448 5227 2611 5284 vobis
2641 5227 3024 5284 necessarium
3067 5229 3259 5284 dicere
3302 5223 3698 5297 prospeximus.
3723 5215 3808 5268 Et—

2204 5319 2356 5374 enim
2385 5317 2645 5389 regiones
2666 5318 2790 5373 ista:
2815 5317 3056 5373 medicis
3078 5315 3408 5388 indigebant
3425 5328 3489 5369 ex
3514 5315 3618 5366 Deo
3637 5315 3804 5363 curan-

2206 5407 2381 5464 tibus.
2417 5407 2488 5462 Ut
2509 5421 2644 5478 ergo
2683 5406 2875 5462 omnia
2920 5406 3043 5463 loca
3067 5407 3483 5475 adjuvaremus,
3515 5407 3569 5457 ct
3597 5393 3804 5453 maxime

3979 1867 3981 1998 φ

3979 2199 3981 2334 l

3979 3563 3981 3640 l
