4018 6160
421 281 530 351 745

1651 268 2006 324 ANASTASII
2052 265 2588 323 BlBLIOTHECARII
3709 257 3806 318 716

431 395 3792 426 ‘_____i____________________________________

1939 537 2303 607 INCIPIT

636 705 1211 813 aPASSIO
1328 701 1855 806 SANCTI
1961 702 2664 867 DEMETRII
2778 700 3592 837 MARTYBIS,

1057 903 1503 1002 Auctore
1569 897 2134 1000 Anastasio
2211 897 3078 999 Bibliotlzecarz’o.

1539 1158 1714 1219 (Apud
1761 1156 1977 1215 Mabill.,
2025 1158 2109 1204 vet
2139 1157 2370 1216 Analect,
2408 1171 2526 1219 pag.
2562 1157 2692 1220 172.)

493 1377 736 1436 Domino
775 1373 1040 1444 piissimo
1072 1371 1401 1441 imperatori
1444 1371 1657 1426 (Ζωοιο
1689 1384 1910 1438 semper
1938 1369 2064 1424 Au—
2091 1369 2152 1429 A
2173 1383 2270 1426 eos
2297 1371 2396 1440 qui
2428 1385 2496 1425 ex
2525 1370 2759 1426 adverso
2807 1370 3051 1425 invicem
3091 1369 3366 1425 theatrice
3409 1384 3468 1425 se
3505 1371 3808 1443 impugna—

425 1471 592 1541 gusto
634 1465 979 1521 Amsrasws
1015 1461 1262 1532 exiguus
1287 1473 1550 1516 coronam
1577 1465 1631 1514 et
1668 1472 1903 1530 regnum
1932 1472 2061 1514 cum

421 1556 670 1613 Christo.

494 1644 646 1700 beati
675 1641 944 1698 Demetrii
983 1637 1506 1694 Thessalonicensis
1538 1637 1804 1705 martyris
1836 1637 2064 1706 passio-

428 1747 554 1791 nem
587 1738 756 1802 atque
793 1729 1070 1785 miracula
1111 1725 1475 1783 hortantibus
1520 1724 1815 1794 fratribus,
1849 1733 1904 1780 et
1936 1739 2063 1780 ma-

423 1824 578 1882 "..ime
607 1823 731 1877 viro
768 1818 1117 1890 peritissimo
1153 1817 1364 1871 Joanne
1401 1815 1660 1882 diacono,
1703 1819 1900 1868 vestrae
1930 1814 2059 1868 fidei

425 1912 676 1982 puritate
711 1922 776 1964 ac
806 1906 1058 1963 scientiae
1096 1903 1356 1960 claritate
1401 1903 1721 1972 notissimo,
1771 1916 1952 1971 nuper
1993 1903 2062 1957 de

419 2002 614 2058 Graeco
648 1999 708 2054 in
734 1997 994 2052 Latinum
1034 1993 1306 2049 transtuli
1347 2005 1680 2046 sermonem.
1717 1990 1824 2058 Qui
1855 1990 2063 2060 praefa-

407 2095 518 2146 ωε
545 2090 783 2145 Joannes
827 2086 1000 2153 hujus
1040 2081 1326 2150 martyris,
1371 2081 1430 2134 in
1459 2079 1627 2135 domo
1672 2079 1901 2149 quidem
1933 2091 2056 2147 sua,

422 2177 582 2232 min-3
611 2172 978 2244 antiquitatis
998 2177 1053 2227 et
1076 2168 1534 2240 pulchritudinis
1558 2167 1873 2222 oratorium
1901 2166 2064 2221 habe-

421 2264 549 2319 bat:
580 2269 766 2319 tamen
795 2262 984 2330 qualis
1017 2260 1124 2315 iste
1157 2263 1369 2325 martyr
1399 2256 1618 2311 Christi
1649 2260 1798 2310 esset
1824 2255 2063 2324 ignora—

417 2351 532 2407 bat.
565 2353 680 2422 Ego
708 2364 858 2417 vero,
897 2349 1049 2404 sicut
1092 2353 1358 2415 expertus
1397 2359 1523 2400 sum
1562 2345 1710 2412 apud
1756 2344 2062 2398 Thessalo—

420 2439 627 2506 nicam,
658 2437 756 2495 uni
784 2435 1095 2505 pretiosum
1117 2447 1326 2502 corpus
1354 2433 1478 2499 ejus
1499 2431 1793 2486 conditum
1822 2431 2055 2499 redolet,

417 2529 474 2580 et
497 2524 797 2593 spiendore
844 2522 1252 2578 miraculorum
1299 2518 1562 2589 refulget,
1612 2518 1837 2572 innotui
1873 2519 1924 2572 ei
1962 2533 2059 2586 per

417 2612 695 2668 ordinem.
722 2611 825 2666 Sed
851 2611 986 2679 quia
1009 2609 1312 2677 imperium
1338 2611 1587 2662 vestrum
1615 2606 1757 2660 tanti
1784 2606 2058 2675 agonistae

2175 1465 2318 1529 rent,
2385 1461 2520 1529 quia
2582 1460 2886 1516 delectatio
2952 1464 3075 1515 erat
3132 1460 3186 1515 ei
3248 1461 3503 1528 aspicere
3577 1461 3806 1516 humani

2175 1549 2476 1620 sanguinis
2530 1549 2833 1604 fusionem.
2891 1551 3285 1604 Verumtamen
3333 1563 3443 1604 non
3499 1550 3624 1604 sine
3676 1565 3807 1606 cura

2172 1643 2228 1693 et
2257 1638 2654 1694 sollicitudine
2701 1638 2940 1693 habebat
2983 1638 3133 1708 quod
3174 1652 3296 1693 esse
3333 1639 3445 1693 sibi
3478 1639 3811 1694 delectabile

2173 1727 2525 1782 cernebatur.
2559 1727 2859 1798 Flagrabat
2883 1733 3073 1783 autem
3104 1728 3390 1782 desiderio
3420 1728 3572 1782 circa
3607 1742 3812 1798 quem-

2171 1816 2321 1883 dam,
2357 1818 2578 1884 Lyzeum
2613 1815 2860 1884 nomine,
2897 1817 3351 1885 monomachum,
3387 1817 3484 1886 qui
3509 1817 3624 1885 jam
3657 1817 3812 1871 mul—

2173 1908 2279 1966 tos,
2322 1905 2534 1960 virtute
2573 1919 2638 1959 ac
2679 1905 2823 1960 mole
2861 1906 3120 1974 corporis
3159 1906 3393 1976 abusus,
3439 1906 3807 1974 exstinxerat,

2171 1993 2468 2048 occidendi
2509 1993 2958 2061 experimentum
2996 2006 3094 2062 per
3129 1994 3557 2048 meditationem
3583 1999 3640 2048 et
3670 2008 3813 2049 con--

2171 2081 2534 2135 suetudinem
2580 2081 2896 2149 possidens.
2940 2083 3101 2138 Hunc
3147 2096 3214 2136 eo
3253 2082 3401 2152 quod
3447 2096 3643 2137 omnes
3689 2081 3812 2136 for—

2172 2167 2475 2237 midarent,
2527 2175 2581 2224 et
2631 2170 2828 2224 nullus
2878 2169 2930 2224 ei
2981 2171 3080 2239 qui
3145 2171 3434 2225 resisteret
3496 2171 3809 2239 videretur,

2173 2255 2322 2310 inter
2364 2258 2579 2325 primos
2621 2259 3002 2313 Maximianus
3047 2258 3303 2328 habebat,
3346 2265 3401 2314 et
3429 2258 3734 2330 diligebat,
3762 2265 3814 2313 et

2173 2341 2416 2398 libenter
2470 2345 2526 2399 in
2575 2358 2703 2400 eum
2767 2345 3125 2414 respiciebat.
3188 2345 3478 2402 Laudabat
3524 2353 3722 2401 autem
3764 2353 3814 2401 et

2171 2431 2507 2499 mirabatur,
2557 2439 2612 2488 et
2651 2434 2815 2504 quasi
2865 2448 3037 2504 super
3077 2448 3277 2504 magna
3320 2448 3377 2488 re
3429 2434 3485 2488 in
3537 2435 3811 2503 superbia

2170 2523 2281 2576 viri
2327 2523 2700 2593 gloriabatur.
2759 2525 2931 2579 Porro
2970 2538 3100 2578 cum
3153 2538 3324 2593 prope
3373 2523 3623 2578 stadium
3680 2538 3812 2592 per—

2170 2610 2433 2678 venisset,
2478 2617 2614 2665 tunc
2662 2612 2956 2666 adducunt
3000 2613 3050 2666 ei
3099 2611 3201 2681 qui
3249 2618 3532 2680 cmperant
3583 2611 3810 2666 beatum

401 2697 672 2756 'f‘raudari
707 2672 912 2754 notitia
945 2672 1108 2766 novi,
1125 2696 1285 2750 vobis
1317 2709 1542 2765 quoque
1573 2672 2059 2762 idipsum—oppor-
2086 2672 2137 2730 Β
2167 2672 2532 2752 Demetrium.
2582 2698 2836 2754 Audiens
2873 2706 3061 2754 autem
3100 2672 3408 2768 imperator
3445 2700 3595 2769 quod
3637 2699 3815 2753 Chri—

415 2793 556 2846 tune
581 2789 806 2844 mittere
838 2785 1137 2856 procuravi
1166 2787 1483 2853 ;quatenus
1509 2787 1693 2836 vestra
1725 2782 2058 2852 magnitudo

417 2889 547 2934 cum
584 2872 1096 2930 intercessionibus
1137 2876 1462 2926 sanctorum
1504 2876 1560 2924 et
1584 2869 1898 2925 amicorum
1933 2872 2056 2940 Dei,

419 2965 593 3020 istius
639 2976 865 3033 quoque
915 2974 1076 3029 prece
1117 2959 1267 3028 apud
1305 2960 1480 3013 Deum
1517 2959 1774 3014 obtinere
1816 2959 2057 3028 gratiam

415 3051 619 3115 valeat,
659 3055 716 3106 et
748 3047 963 3119 perfrui
1005 3052 1288 3102 mereatur
1325 3047 1509 3117 gloria
1544 3047 1906 3115 sempiterna.
1943 3047 2057 3101 Rex

418 3154 615 3211 regum
656 3144 709 3193 et
745 3137 1024 3193 Dominus
1065 3135 1484 3192 dominantium
1531 3149 1765 3206 regnum
1809 3141 2058 3190 vestrum

416 3228 648 3285 dextera
692 3239 794 3282 sua
831 3230 1105 3295 protegat,
1137 3229 1193 3279 et
1219 3223 1290 3278 de
1328 3223 1628 3292 temporali
1669 3225 1737 3278 ad
1784 3228 2060 3279 aeternum

416 3314 723 3370 transferat
762 3325 1018 3383 regnum.

485 3403 625 3459 Cum
649 3402 959 3470 imperator
977 3400 1364 3455 Maximianus
1382 3400 1440 3455 in
1462 3399 2058 3455 Thessalonicensium

415 3490 642 3563 degeret
669 3490 922 3558 civitate,
954 3490 1123 3545 homo
1149 3489 1590 3557 superstitiosus
1622 3488 1728 3556 piae
1759 3488 2060 3558 religionis

416 3579 710 3640 auditores
740 3578 1204 3649 persequebatur,
1246 3583 1302 3632 et
1346 3576 1838 3631 interficiebantur
1872 3576 1942 3630 ab
1971 3590 2055 3646 eo,

417 3667 570 3723 Inter
603 3681 744 3737 quos
781 3671 904 3722 erat
945 3665 1144 3720 beatus
1189 3666 1529 3729 Demetrius,
1576 3662 1939 3718 manifestum
1969 3663 2060 3719 fa-

417 3755 578 3810 ciens
606 3754 974 3822 semetipsum
1019 3752 1234 3821 absque
1261 3751 1380 3806 ullo
1416 3753 1641 3820 timore,
1683 3752 1838 3820 quia
1866 3753 2053 3819 juven-

420 3846 543 3900 tute
570 3847 625 3897 et
654 3841 800 3896 bona
831 3846 1020 3911 egerat
1044 3853 1212 3907 opera
1242 3845 1298 3894 et
1318 3839 1466 3893 alios
1493 3839 1782 3893 docuerat.
1816 3840 2060 3895 Docebat

418 3929 570 3983 enim
604 3927 854 3996 qualiter
887 3926 1083 3981 divina
1117 3926 1410 3995 Sapientia
1442 3927 1810 3982 descenderat
1834 3927 1901 3982 ad
1937 3933 2062 3982 ter-

421 4029 541 4072 ram
571 4016 642 4072 de
669 4014 830 4080 caelo,
865 4020 932 4070 ut
961 4014 1246 4070 hominem
1281 4014 1382 4084 qui
1415 4021 1676 4071 mortuus
1706 4014 1893 4071 fuerat
1923 4031 2061 4085 pee—

421 4109 566 4173 cato,
598 4102 912 4159 viviﬁcarct
946 4102 1225 4172 sanguine
1255 4102 1506 4172 proprio.
1546 4103 1683 4161 Cum
1723 4103 1840 4161 haac
1864 4109 1918 4161 et
1945 4105 2062 4162 alia

422 4191 602 4246 multa
625 4191 976 4260 praedicaret,
1001 4190 1234 4260 quidam
1259 4191 1510 4248 ministri
1545 4193 1925 4262 imperatoris,
1957 4196 2057 4264 qui

420 4278 489 4333 ad
516 4278 822 4348 capiendos
849 4279 1207 4335 Christianos
1232 4279 1458 4336 fuerant
1491 4282 1769 4350 deputati,
1807 4287 2060 4339 tenentes

420 4371 678 4421 sanctum
727 4366 1073 4422 Demetrium
1125 4367 1455 4437 imperatori
1497 4367 1828 4424 obtulerunt
1871 4371 2061 4424 Maxi-

422 4454 631 4510 miano.
663 4454 989 4526 Contigerat
1017 4456 1167 4510 enim
1193 4455 1275 4510 ire
1297 4457 1690 4524 imperatorem
1714 4457 1782 4512 ad
1805 4459 2056 4514 stadium

419 4541 693 4612 civitatis,
730 4548 959 4612 propter
977 4556 1073 4597 eos
1093 4542 1193 4610 qui
1217 4543 1284 4597 ad
1318 4543 1610 4612 singulare
1639 4549 1919 4600 certamen
1944 4545 2061 4601 fue-

422 4635 552 4684 rant
575 4631 956 4700 congressuri.
994 4629 1118 4683 Illic
1137 4629 1289 4684 enim
1318 4630 1626 4698 parabatur
1656 4645 1754 4701 per
1784 4634 2057 4701 quasdam

416 4715 644 4773 tabulas
667 4717 924 4773 circulus
953 4718 1390 4789 circumseptus,
1424 4719 1528 4774 ubi.
1546 4725 1920 4789 suspecturus
1941 4729 2062 4778 erat

494 4839 896 4920 tliujus‘Vitze
941 4840 1576 4920 meminitAVincentius
1615 4843 1674 4920 in
1705 4844 1927 4920 Speculi
1964 4847 2066 4900 hi—

422 4908 807 4983 storiali_s_lib.
847 4923 952 4980 xu,
978 4924 1099 4983 cap.
1133 4909 1257 4983 7450.
1293 4912 1376 4967 Ab
1405 4913 1706 4968 Anastasio
1741 4908 1954 4983 scripta
1978 4924 2062 4972 est

420 4992 570 5034 anno
597 4977 721 5050 874,
765 4977 958 5049 utpote
985 4977 1184 5036 Carolo
1221 4982 1388 5037 Calvo
1420 4988 1538 5037 tum
1571 4977 1896 5051 imperatori
1926 5000 2064 5040 nun-

422 5055 645 5119 cupata.
689 5051 910 5119 Scripta
955 5066 1083 5107 vero
1118 5059 1204 5107 est
1245 5053 1472 5108 hortatu
1515 5055 1748 5109 Joannis
1791 5055 1843 5109 S.
1888 5057 1952 5110 R.
2001 5059 2055 5110 E.

422 5118 783 5194 diaconi,_in
820 5118 989 5194 Cujus
1023 5124 1262 5194 gratiam
1308 5123 1454 5177 idem
1495 5125 1834 5180 Anastasius
1870 5127 2063 5181 Colle-

423 5195 631 5280 EEaPs‘t
647 5188 872 5280 ,ίὶνξτὶίὶεξ
887 5188 1110 5280 ;ί;³,ιὲῖιρ,
1146 5194 1417 5280 ιῖφάἐὶιξίιτ
1437 5209 1491 5280 .s
1533 5194 1838 5280 ἓίιῖτῐιρηάό
1864 5199 1946 5280 .951
1959 5198 2057 5280 ita.

425 5267 488 5315 ut
505 5260 942 5316 scilicetJoanni
966 5263 1408 5318 ecclesiasticam
1437 5265 1735 5319 historiam
1758 5260 2056 5322 meditanti

422 5331 750 5406 adjumento
781 5345 902 5386 esse
944 5341 1189 5406 possent.
1221 5337 1274 5389 ls
1307 5342 1392 5389 est
1427 5335 1765 5406 Anastasius
1801 5351 1964 5404 quem
1987 5343 2062 5406 ﬁ-

422 5401 705 5456 dissimum
735 5405 964 5470 fratrem
993 5409 1042 5456 et
1077 5405 1390 5470 religiosum
1421 5405 1669 5458 abbatem
1694 5401 1855 5460 vocat
1884 5401 2062 5463 Hinc-

427 5485 617 5530 marus
649 5473 708 5538 in
729 5473 971 5545 epistola
997 5475 1239 5545 quadam
1277 5475 1387 5544 ipsi
1419 5475 1654 5532 directa.
1687 5476 1796 5546 Qui
1829 5478 2058 5547 quidem

2168 2785 2392 2840 stianus
2408 2793 2573 2847 esset,
2594 2787 2730 2856 quia
2752 2801 2810 2841 se
2829 2792 3007 2842 totum
3025 2788 3092 2842 ad
3119 2788 3472 2856 praesentiam
3497 2785 3810 2855 spectaculi

2171 2876 2510 2943 contulerat,
2549 2875 2774 2930 beatum
2809 2867 3159 2930 Demetrium
3193 2876 3369 2944 jussit
3401 2875 3614 2929 ibidem
3643 2877 3814 2944 juxta

2170 2961 2419 3017 stadium
2445 2964 2709 3034 existere,
2736 2970 2790 3018 et
2819 2978 2985 3032 penes
3009 2963 3299 3032 publicum
3328 2963 3592 3018 balneum
3626 2971 3816 3020 custo-

2169 3050 2306 3106 diri.
2328 3053 2453 3120 Ipse
2473 3066 2604 3107 vero
2631 3053 2941 3120 imperator
2962 3053 3238 3116 residens,
3262 3055 3419 3123 Lyaeo
3445 3055 3801 3123 introducto,

2173 3141 2559 3210 interrogabat
2606 3143 2740 3210 quis
2795 3143 3088 3213 singulare
3146 3158 3273 3199 cum
3323 3158 3387 3200 eo
3432 3145 3603 3200 vellet
3658 3145 3814 3200 inire

2169 3233 2472 3296 certamen,
2521 3230 2669 3284 dona
2709 3231 3047 3298 promittens
3083 3237 3138 3286 et
3177 3246 3514 3302 proponens.
3554 3235 3624 3286 Et
3677 3233 3815 3303 qui—

2167 3315 2296 3371 dam
2328 3317 2656 3372 adolescens
2687 3319 2914 3374 nomine
2938 3321 3160 3383 Nestor,
3185 3335 3216 3375 a
3239 3321 3640 3390 superioribus
3672 3321 3821 3378 exsi-

2170 3403 2318 3458 liens
2347 3404 2641 3475 gradibus,
2667 3406 2939 3461 adversus
2969 3408 3190 3477 Lyaeum
3222 3408 3428 3479 stabat,
3459 3410 3816 3480 singularem

2169 3493 2497 3547 conﬂictum
2517 3493 2770 3562 arripere
2799 3495 3055 3565 cupiens,
3086 3497 3166 3552 ita
3188 3502 3250 3552 ut
3270 3497 3693 3567 obstupescens
3715 3503 3819 3555 Ma-

2168 3580 2462 3635 ximianus
2500 3586 2727 3637 vocaret
2751 3584 2820 3638 ad
2853 3597 2913 3638 se
2937 3586 3248 3656 Nestorem,
3284 3587 3384 3656 qui
3410 3588 3480 3641 ad
3514 3587 3625 3643 hoc
3657 3591 3818 3646 exsi-

2172 3668 2360 3737 lierat,
2389 3668 2592 3738 illique
2614 3666 3106 3728 daret'consilium
3139 3675 3373 3731 dicens:
3405 3677 3544 3731 Novi
3581 3680 3741 3748 quod
3769 3687 3819 3734 te

2172 3757 2544 3827 pecuniarum
2598 3767 2819 3828 egestas
2858 3763 2928 3816 ad
2963 3768 3184 3820 tantum
3242 3765 3562 3833 phantasia:
3622 3766 3817 3824 fecerit

2169 3845 2398 3913 elevari,
2433 3853 2496 3900 ut
2519 3854 2621 3902 aut
2650 3861 2925 3916 superans
2963 3851 3202 3907 divitias
3245 3855 3574 3921 repentinas
3607 3858 3819 3928 acqui—

2171 3946 2284 3995 ras,
2313 3938 2413 3988 aut
2440 3940 2568 3989 voto
2597 3933 2914 4006 fraudatus,
2943 3953 3074 3994 cum
3105 3941 3221 3995 vita
3254 3943 3592 3999 molestante
3624 3959 3818 4001 careas

2169 4028 2430 4093 egestate.
2459 4024 2570 4093 Ego
2600 4029 2788 4079 autem
2821 4027 2929 4081 tibi
2964 4027 3034 4083 ob
3062 4029 3486 4087 miserationem
3517 4049 3636 4102 qua
3660 4036 3819 4090 ador-

2171 4111 2332 4165 naris
2355 4112 2561 4180 aetatis,
2597 4112 2743 4168 dabo
2773 4114 2942 4169 etiam
2982 4131 3083 4185 pro
3117 4118 3239 4173 solo
3270 4134 3417 4176 ausu
3453 4123 3748 4194 condigna
3768 4128 3817 4176 et

2170 4197 2512 4255 sufﬁcientia
2549 4200 2715 4271 dona,
2760 4208 2816 4256 et
2857 4205 3014 4274 vade,
3059 4205 3266 4261 habeas
3309 4223 3438 4262 cum
3483 4209 3608 4265 vita
3650 4211 3816 4265 etiam

2169 4287 2337 4342 dona.
2387 4290 2546 4358 Lyaeo
2575 4303 2706 4345 vero
2737 4292 3097 4361 temetipsum
3135 4308 3204 4350 ne
3241 4295 3504 4367 objicias,
3540 4301 3818 4367 quoniam

2172 4375 2382 4430 multos
2402 4384 2453 4430 te
2477 4379 2824 4446 potentiores
2843 4379 3072 4435 devicit.
3100 4382 3200 4436 llis
3222 4385 3422 4439 Nestor
3441 4387 3694 4458 auditis,
3725 4399 3819 4442 nec

2173 4463 2380 4531 recipit
2400 4466 2612 4520 manita
2640 4467 3022 4540 imperatoris,
3049 4483 3230 4542 neque
3257 4470 3594 4530 formidavit
3622 4479 3694 4533 de
3717 4478 3822 4531 vir-

2172 4553 2294 4633 tute
2344 4552 2511 4620 Lyaai.
2563 4555 2897 4622 imperatori
2948 4565 3136 4614 autem
3189 4563 3670 4630 responditzNec
3723 4577 3821 4633 pe—

2171 4638 2384 4707 cuniis,
2420 4643 2483 4694 ut
2503 4642 2855 4714 asseruistis,
2887 4647 2955 4701 ad
2989 4646 3142 4702 hunc
3171 4662 3407 4720 agonem
3447 4652 3606 4719 veni,
3640 4654 3738 4708 sed
3764 4657 3822 4707 ut

2173 4725 2464 4781 meliorem
2523 4729 2682 4797 Lyaeo
2740 4733 3133 4802 memetipsum
3198 4739 3446 4794 reddam.
3510 4743 3648 4797 Mox
3690 4753 3819 4812 ergo

2170 4849 2508 4934 énastasius
2557 4867 2730 4934 nepos
2771 4862 2900 4934 erat
2938 4857 3166 4934 Arsenii
3217 4863 3478 4934 Ortensis
3531 4865 3814 4934 episcopi,

2171 4921 2392 4999 Nicolai
2441 4937 2594 5002 papae
2635 4921 2806 5002 legati
2853 4933 2908 5002 et
2949 4931 3297 5002 consiliarii,
3337 4936 3422 4989 uti
3472 4921 3821 4991 Anastasius

2175 4996 2524 5076 ipseauctor
2560 4996 2738 5076 estin.
2776 4998 3017 5065 epistola
3056 4996 3342 5076 encycliea
3379 5006 3448 5060 de
3484 5013 3674 5062 morte
3715 5006 3817 5061 Nic

2172 5060 2341 5146 crolai
2366 5077 2520 5146 papae
2572 5060 2945 5146 primu-qua:
2989 5060 3238 5146 epistola
3290 5075 3349 5128 in
3397 5060 3597 5131 editis
3629 5060 3816 5131 Adoni

2171 5131 2494 5216 Xiennensi‘
2519 5131 2951 5216 archiepiscopo
2978 5131 3262 5216 inscripta
3304 5152 3406 5200 est.
3451 5148 3629 5202 Porro
3670 5147 3816 5216 apud

2171 5200 2402 5280 S_urium
2429 5204 2497 5257 ad
2515 5205 2678 5285 diem
2700 5200 2735 5260 8
2763 5200 3027 5285 Octobris
3058 5200 3300 5285 habetur
3331 5200 3565 5271 libellus
3597 5200 3674 5272 de
3695 5200 3820 5271 ras-

2173 5278 2332 5356 sione
2371 5278 3176 5356 sancti‘Demetriimartyris
3201 5299 3232 5338 a
3265 5288 3652 5356 Matraphaste
3691 5289 3820 5342 edi—

2171 5346 2300 5429 tus:
2332 5355 2522 5429 verum
2553 5346 2841 5429 Anastasii
2873 5346 3199 5429 lucubratio
3229 5360 3284 5409 et
3308 5346 3660 5413 auctoritate
3685 5371 3813 5429 prie

2171 5417 2304 5482 stat,
2339 5420 2394 5469 et
2426 5428 2614 5472 rerum
2653 5418 3038 5491 Singularium
3072 5429 3634 5484 commemoratione.
