4018 6160
243 247 347 307 ’747

1113 266 1615 326 COLLECTANEA.
1664 301 1737 310 —
1773 272 1862 327 DE
1901 271 2225 330 PASSIONE
2261 276 2315 331 S.
2359 280 2685 339 DEMETRII
2722 288 2792 341 M.

3539 298 3648 360 748

249 379 356 484 tam
422 383 749 484 imperator,
808 403 975 459 quam
1029 392 1088 448 hi
1137 396 1236 465 qui
1291 397 1444 453 circa
1494 404 1675 469 erant,
1737 398 1981 470 LyaeoA
2012 399 2155 458 ferre
2210 406 2481 478 volueris,
2532 409 2603 464 ab
2653 411 2984 471 inﬁrmitate
3028 417 3384 478 liberaberis.
3434 426 3505 482 At
3545 429 3646 484 ille

245 467 517 541 faventes,
567 475 626 530 in
667 476 813 533 iram
861 480 1037 537 dictis
1079 484 1334 540 Nestoris
1380 467 1757 560 consurgunt,
1778 467 1894 559 ija—

246 560 515 615 ctantiam
547 563 673 631 ejus
700 579 811 621 non
843 573 1123 641 terentes;
1161 572 1468 643 imperator
1505 591 1634 632 vero
1663 577 1897 634 confor—

248 646 400 738 tabat
421 650 643 718 Lyaeum
661 657 718 708 et
738 653 913 711 ﬁdum
940 671 1068 713 eum
1092 662 1374 718 reddebat.
1400 665 1473 719 At
1517 665 1614 721 ille
1656 667 1894 738 dignum

246 747 304 825 se
329 735 699 825 imperatorio
724 743 948 811 judicio
974 746 1280 806 festinabat
1304 754 1618 809 ostendere.
1640 735 1895 825 Cumque

247 820 391 912 facta
431 824 639 883 fuisset
679 835 1029 905 congressio,
1072 839 1364 895 mortalem
1408 843 1604 911 Lyaeus
1642 820 1897 912 suscepit

248 909 444 979 ictum,
490 920 545 969 et
584 916 851 984 protinus
893 928 1154 979 mortuus
1194 931 1297 995 est,
1340 931 1396 982 et
1420 909 1728 984 extremam
1762 909 1897 986 fecit

248 998 577 1068 imperatori
626 1004 1044 1066 confusionem.
1096 1013 1254 1068 Unde
1297 1028 1397 1070 nec
1438 1017 1576 1072 ullis
1619 1019 1800 1088 pactis
1842 1025 1899 1073 et

244 1092 613 1158 repromissis
671 1097 934 1163 pecuniis
999 1101 1223 1156 Nestori
1284 1117 1736 1176 recompensans,
1798 1109 1892 1163 sed

246 1192 375 1233 mox
416 1180 474 1235 in
519 1196 623 1237 suo
670 1184 817 1240 solio
861 1188 1127 1255 resilivit,
1169 1195 1224 1246 et
1276 1193 1465 1249 tristis
1503 1196 1571 1250 ad
1620 1197 1895 1265 palatium

244 1280 506 1323 reversus
550 1275 650 1325 est.
702 1271 841 1328 Cum
880 1281 1069 1331 autem
1109 1278 1160 1332 ei
1212 1280 1445 1350 quidam
1494 1283 1564 1337 de
1610 1285 1895 1340 Demetrio

243 1357 684 1428 suggessissent,
717 1362 911 1417 statim
946 1365 1003 1419 in
1038 1366 1122 1420 ira
1162 1375 1455 1437 permotus
1500 1371 1559 1425 in
1602 1372 1727 1441 ipso
1774 1374 1895 1429 loco

242 1442 299 1496 in
344 1459 463 1513 quo
500 1444 612 1501 fuit
647 1452 920 1522 retentus,
958 1453 1135 1521 jussit
1173 1470 1299 1511 eum
1344 1458 1557 1514 lanceis
1594 1459 1890 1529 perforari.

240 1530 319 1585 Ita
350 1530 555 1587 beatus
588 1535 912 1593 Demetrius
946 1539 1106 1596 bonae
1141 1542 1525 1600 confessionis
1560 1548 1895 1616 martyrium

238 1623 681 1677 consummavit.
732 1624 953 1695 Corpus
993 1643 1124 1683 vero
1165 1631 1292 1700 ejus
1321 1632 1391 1686 ab
1431 1632 1897 1690 interfectoribus

2008 489 2229 579 inquit:
2266 494 2414 562 Quid
2442 496 2720 567 scriptum
2751 500 2966 555 habet?
3010 506 3231 577 Nescio,
3266 509 3366 579 ait,
3408 513 3507 567 sed
3535 528 3645 570 no-

2007 578 2156 633 mina
2201 581 2437 637 deorum
2467 585 2913 658 angelorumque
2942 590 3107 646 dicit.
3140 578 3429 653 Marianas
3457 598 3643 661 dixit:

2004 669 2173 739 Deus,
2217 669 2431 741 absque
2455 674 2621 741 cujus
2660 681 2805 731 nutu
2832 677 2980 732 nihil
3006 679 3084 747 fit,
3119 686 3298 750 potest
3319 699 3405 740 me
3443 700 3647 745 sanum

2006 756 2238 812 reddere
2277 759 2401 813 sine
2439 760 2667 833 charta;
2709 763 2909 820 habeat
2935 768 3083 836 quod
3109 784 3277 825 suum
3306 777 3410 842 est,
3456 773 3526 829 de
3562 789 3650 832 me

2007 842 2102 898 ﬂat
2130 845 2390 901 voluntas
2412 848 2531 903 Dei.
2562 850 2663 904 His
2687 850 2881 923 dictis,
2917 852 3230 912 confestim
3247 872 3444 916 somno
3472 862 3654 917 corri-

2008 932 2165 1000 pitur
2197 947 2310 1001 prze
2338 934 2534 991 dolore
2558 943 2614 990 et
2654 938 2914 994 tristitia.
2948 941 3058 1010 Qui
3085 958 3213 999 cum
3245 946 3643 1018 obdormisset,

2005 1021 2272 1088 apparuit
2295 1021 2345 1075 ei
2386 1022 2584 1079 beatus
2605 1027 2929 1084 Demetrius
2948 1028 3146 1086 dicens
3169 1051 3180 1084 :
3208 1033 3404 1105 Surge,
3433 1040 3488 1090 et
3513 1050 3644 1092 ser-

2006 1107 2094 1162 vis
2126 1108 2242 1162 tuis
2278 1110 2513 1181 impera,
2542 1115 2690 1182 quod
2724 1120 2776 1169 te
2804 1115 3061 1173 deferant
3102 1119 3159 1173 in
3185 1121 3414 1176 domum
3443 1124 3651 1179 Deme—

2008 1195 2147 1265 trii;
2182 1211 2310 1252 nam
2346 1198 2426 1253 ibi
2453 1201 2688 1267 juvante
2717 1205 2830 1259 Deo
2872 1206 3114 1275 recipies
3143 1209 3463 1267 sanitatem.
3492 1212 3653 1270 Cum-

2008 1297 2117 1352 que
2150 1280 2453 1355 ‘evigilans,
2496 1302 2526 1342 a
2557 1289 3070 1349 circumstantibus
3106 1295 3337 1352 domum
3374 1300 3647 1356 Demetrii

2007 1373 2276 1441 martyris
2308 1375 2643 1443 requireret,
2676 1379 2760 1432 ait
2792 1380 3053 1449 quidam:
3092 1385 3185 1438 Est
3214 1384 3419 1441 domus
3438 1387 3651 1443 vilissi-

2008 1473 2096 1514 ma
2125 1474 2296 1529 prope
2327 1463 2597 1530 stadium,
2626 1464 2683 1519 in
2716 1480 2824 1535 qua
2850 1467 3254 1537 dicuntjacere
3277 1474 3648 1545 Demetrium,

2009 1548 2109 1616 qui
2141 1549 2358 1605 dudum
2405 1552 2619 1606 lanceis
2651 1553 2985 1612 interfectus
3008 1563 3094 1611 est
3117 1560 3285 1627 jussu
3315 1564 3648 1619 Maximiani

2011 1634 2392 1704 imperatoris.
2423 1640 2563 1694 Tum
2594 1640 2722 1696 ille:
2760 1642 2901 1698 Illuc
2937 1658 3023 1699 me
3054 1644 3212 1714 ferte,
3256 1649 3391 1717 quia
3424 1650 3482 1703 in
3521 1652 3650 1708 visu

240 1707 645 1775 parvipensum
688 1718 772 1766 est
800 1730 814 1783 ;
860 1716 954 1770 sed
997 1718 1230 1787 quidam
1279 1721 1534 1792 religiosi
1568 1723 1679 1777 viri
1725 1729 1895 1778 noctu
1927 1705 1981 1766 Β
2007 1722 2227 1779 dictum
2255 1732 2340 1780 est
2373 1728 2514 1781 mihi
2559 1728 2683 1783 illic
2713 1731 3013 1786 sanitatem
3067 1747 3154 1788 me
3185 1705 3348 1802 posse
3379 1738 3629 1807 recipere

239 1793 491 1882 latenter
518 1805 812 1870 venerunt,
842 1809 895 1858 et
929 1814 1217 1862 sumentes
1245 1808 1386 1864 illud
1419 1824 1487 1864 ex
1520 1810 1749 1879 ipsisin
1775 1812 1900 1882 qui-

240 1881 350 1938 bus
406 1886 721 1954 projectum
782 1889 967 1947 fuerat
1022 1895 1376 1965 pulveribus,
1432 1904 1487 1953 et
1543 1881 1893 1968 comportata

240 1975 415 2039 terra,
462 1980 737 2042 quantum
780 1984 1104 2051 potuerunt,
1151 1983 1496 2041 abscondere
1530 1996 1893 2059 curaverunt,

240 2072 306 2113 ne
347 2058 641 2116 laesionem
676 2063 746 2118 ab
775 2066 975 2136 aliquo
1004 2069 1073 2124 de
1105 2072 1367 2128 trucibus
1395 2078 1450 2128 et
1474 2075 1730 2130 cruentis
1762 2077 1900 2130 ani-

242 2148 499 2203 malibus
533 2151 866 2208 sustineret.
901 2157 1273 2224 Nulliautem
1312 2167 1437 2230 post
1463 2162 1580 2217 htrc
1609 2178 1759 2218 cura:
1785 2163 1898 2219 fuit

243 2236 559 2293 transferre
626 2244 1031 2310 corpusculum
1087 2249 1290 2316 sancti,
1342 2251 1436 2304 sed
1482 2252 1742 2305 manebat
1790 2252 1897 2306 sub

239 2325 427 2395 signo.
465 2327 638 2382 Porro
665 2334 728 2383 ut
752 2331 1031 2387 modicum
1063 2335 1466 2407 celebraretur,
1495 2352 1603 2392 non
1629 2352 1805 2407 pauca
1838 2339 1899 2392 in

240 2413 438 2468 eodem
475 2414 600 2471 loco
634 2414 951 2474 facta'sunt
983 2421 1263 2477 virtutum
1306 2437 1372 2479 ac
1402 2425 1711 2480 sanitatum
1748 2426 1901 2480 insi—

240 2502 374 2572 gnia
420 2502 517 2557 his
542 2504 641 2574 qui
687 2506 795 2562 fide
824 2521 950 2562 eum
995 2509 1350 2566 invocabant.
1387 2514 1524 2567 Cum
1547 2515 1662 2582 jam
1695 2513 1903 2568 fuisset

242 2592 517 2646 meritum
542 2596 808 2663 martyris
827 2596 1205 2668 dilvugatum,
1235 2602 1504 2657 Leontius
1526 2603 1755 2672 quidem
1787 2604 1899 2657 Deo

239 2679 539 2751 amabilis,
573 2682 662 2736 vir
703 2683 989 2740 adornans
1019 2687 1287 2744 thronum
1318 2689 1679 2759 Illyricorum
1712 2690 1904 2760 przefe-

241 2774 446 2839 cturae,
480 2770 712 2826 domum
742 2787 867 2842 qua:
893 2763 1322 2832 sanctissimum
1352 2779 1678 2833 continebat
1702 2785 1904 2849 marty-

243 2858 325 2913 ris
354 2872 599 2930 corpus,
628 2874 757 2916 cum
789 2862 1112 2919 humillima
1135 2870 1285 2920 esset
1314 2873 1369 2920 et
1408 2867 1663 2937 undique
1697 2867 1902 2923 obruta

243 2951 297 2999 et
337 2952 718 3017 coangustata
760 2950 1080 3018 porticibus
1128 2953 1345 3022 publici
1384 2954 1571 3009 balnei
1614 2969 1677 3010 ac
1705 2955 1906 3010 stadii-

2005 1813 2162 1866 Tunc
2184 1812 2383 1868 famuli
2417 1815 2673 1871 tulerunt
2698 1818 2992 1874 dominum
3017 1836 3185 1877 suum
3212 1822 3309 1897 ubi
3337 1825 3487 1892 jussi
3521 1825 3645 1882 fue-

2009 1906 2167 1954 rant:
2203 1904 2259 1955 et
2282 1902 2462 1969 jussit
2491 1916 2549 1957 se
2581 1917 2787 1971 ponere
2833 1906 3189 1963 solummodo
3217 1911 3275 1964 in
3309 1912 3647 1979 pavimento.

2005 1989 2259 2058 Cumque
2303 1990 2534 2061 jaceret,
2578 2005 2775 2047 somno
2827 1993 3020 2048 subito
3067 1996 3381 2067 arripitur;
3432 2005 3489 2053 et
3524 2014 3651 2056 ecce

2006 2076 2205 2131 beatus
2234 2077 2555 2132 Demetrius
2574 2077 2779 2133 iterum
2804 2081 3073 2149 apparuit
3092 2082 3143 2136 ei
3170 2084 3403 2139 dicens:
3433 2087 3536 2141 Per
3564 2101 3653 2142 me

2006 2165 2197 2220 sanari
2231 2170 2407 2233 potes,
2434 2166 2527 2220 sed
2562 2166 2733 2221 timeo
2758 2180 2826 2221 ne
2856 2166 3000 2223 forte
3019 2175 3145 2238 post
3169 2172 3468 2243 sanitatem
3491 2175 3650 2230 curis

2010 2252 2182 2320 hujus
2228 2252 2428 2307 mundi
2479 2259 2530 2307 te
2576 2254 2854 2322 implices.
2897 2255 2969 2309 At
3007 2258 3332 2313 Marianus:
3379 2260 3463 2315 Tu
3509 2262 3645 2331 scis,

2008 2340 2258 2408 domine,
2303 2341 2439 2409 quia
2489 2356 2779 2411 nunquam
2814 2343 2918 2397 hoc
2960 2343 3050 2414 egi
3098 2358 3199 2400 nec
3240 2360 3405 2416 agere
3454 2349 3646 2418 cupio.

2010 2430 2079 2482 Et
2114 2427 2242 2481 ille:
2272 2428 2536 2482 Christus
2561 2437 2613 2483 te
2639 2432 2800 2483 sanat
2831 2430 2929 2499 qui
2956 2431 3130 2502 erigit
3149 2433 3342 2489 elisos.
3370 2436 3437 2490 Et
3465 2437 3657 2508 evigi—

2014 2515 2139 2569 lans
2169 2515 2460 2571 Mariauus
2484 2517 2655 2585 coepit
2682 2531 2913 2571 narrare
2953 2519 3248 2574 visionem.
3298 2522 3553 2593 Cumque
3581 2526 3649 2581 ad

2014 2602 2119 2657 hoc
2150 2608 2377 2657 ventum
2431 2603 2637 2658 fuisset
2686 2605 2784 2659 ubi
2818 2612 3030 2674 martyr
3071 2606 3253 2661 dixit:
3299 2599 3562 2685 Christus
3600 2618 3655 2668 te

2013 2693 2175 2743 sanat
2218 2690 2318 2759 qui
2350 2691 2523 2760 erigit
2550 2692 2743 2759 elisos,
2776 2705 2951 2747 sanus
2980 2694 3231 2749 surrexit
3255 2696 3469 2765 gratias
3484 2711 3658 2768 agens

2012 2777 2125 2831 Deo
2154 2792 2284 2833 cum
2315 2778 2583 2834 omnibus
2612 2780 2711 2849 qui
2748 2779 2871 2834 illic
2896 2781 3150 2853 aderant,
3184 2782 3284 2852 qui
3316 2783 3456 2840 vivit
3478 2790 3535 2841 et
3560 2800 3658 2842 re—

2015 2871 2150 2935 gnat
2182 2865 2240 2920 in
2268 2867 2475 2922 srecula
2497 2868 2858 2923 saeculorum.
2888 2868 3085 2923 Amen.
3690 2927 3698 2934 _

2087 2953 2219 3008 Fuit
2246 2954 2380 3008 item
2407 2955 2639 3024 quidam
2679 2954 2976 3024 praefectus
3004 2957 3419 3015 Thessalonica:
3446 2961 3660 3017 civita—

244 3035 519 3091 universa
546 3037 808 3092 nocentia
834 3021 1141 3094 mundavit
1154 3044 1209 3095 et
1247 3044 1602 3113 expurgavit,
1634 3043 1906 3112 prmdiis—
1935 3021 1985 3086 Ο
2018 3039 2094 3095 tis
2121 3041 2219 3111 qui
2255 3041 2470 3096 ﬂuxum
2494 3042 2797 3113 sanguinis
2825 3042 3147 3109 patiebatur
3170 3052 3226 3099 et
3246 3052 3401 3101 velut
3427 3048 3655 3119 mulier,

245 3136 351 3190 que
381 3124 778 3192 amplioribus
808 3126 1078 3182 dilatavit
1101 3142 1244 3199 eam,
1286 3135 1343 3184 et
1379 3131 1561 3185 erexit
1593 3131 1674 3185 ibi
1708 3136 1907 3185 orato-

246 3210 398 3265 rium
438 3212 496 3266 in
528 3212 740 3269 honore
771 3215 953 3269 sancti
982 3217 1250 3286 martyris
1274 3218 1546 3272 Demetrii
1581 3218 1649 3272 ad
1680 3217 1905 3272 laudem

242 3300 479 3353 Domini
530 3302 713 3355 nostri
752 3302 881 3357 Jesu
927 3303 1166 3373 Christi,
1206 3320 1337 3360 cum
1369 3320 1483 3375 quo
1531 3311 1616 3360 est
1657 3306 1810 3360 Patri
1850 3311 1906 3359 et

242 3387 495 3457 Spiritui
521 3394 717 3445 sancto
748 3391 953 3462 gloria,
986 3392 1167 3448 honor
1187 3399 1242 3448 et
1274 3394 1579 3463 imperium
1605 3394 1664 3448 in
1697 3393 1906 3448 saecula

245 3476 620 3532 saeculorum.

312 3566 619 3623 Marianus
649 3568 903 3639 quidam,
948 3585 1097 3626 unus
1126 3572 1194 3627 de
1224 3570 1606 3637 senatoribus,
1640 3571 1710 3643 ab
1739 3570 1909 3641 impe-

244 3653 553 3710 ratoribus
597 3656 798 3725 jussus
852 3664 938 3713 est
998 3659 1283 3715 dominari
1338 3659 1605 3731 gentibus
1663 3674 1787 3729 quae
1847 3660 1907 3714 in

247 3742 488 3812 Illyrico
524 3749 686 3800 erant
717 3760 870 3801 more
901 3746 1312 3816 praafectorum.
1348 3746 1456 3815 Qui
1490 3747 1722 3803 veniens
1744 3747 1913 3803 Thes-

245 3832 569 3887 salonicam
592 3834 685 3902 pie
716 3834 1063 3904 praefectura:
1098 3835 1446 3907 gubernabat
1466 3835 1730 3907 habenas,
1757 3837 1911 3891 Deo—

244 3933 356 3989 que
386 3925 456 3975 et
486 3920 821 3978 hominibus
849 3928 971 3978 erat
1007 3929 1289 3992 acceptus.
1327 3926 1483 3979 Tunc
1511 3923 1797 3993 diabolus,
1830 3924 1913 3977 in-

238 4007 454 4063 videns
476 4009 601 4077 ejus
631 4009 857 4079 opibus,
892 4012 976 4066 uti
1001 4011 1103 4066 Job
1128 4012 1369 4081 expetiit
1402 4026 1528 4067 eum
1554 4016 1617 4066 ut
1648 4015 1905 4066 tentaret.

244 4096 312 4150 Et
338 4096 399 4151 in
432 4097 647 4165 primis
666 4099 839 4168 coepit
859 4113 986 4155 eum
1014 4104 1231 4157 tentare
1251 4104 1462 4169 septem
1489 4100 1666 4155 vitiis.
1694 4098 1907 4167 Atille,

245 4184 441 4254 gratia
480 4184 582 4239 Dei
616 4185 908 4257 suffultus,
939 4193 1140 4243 cuncta
1173 4188 1298 4257 ejus
1331 4188 1782 4243 machinamenta
1804 4202 1914 4242 su-

249 4272 500 4340 peravit.
533 4272 788 4344 Cumque
828 4289 928 4330 nec
959 4276 1044 4330 sic
1094 4276 1388 4344 proficeret
1434 4274 1721 4344 diabolus,
1763 4288 1915 4329 cun-

2018 3143 2142 3198 qua:
2175 3134 2330 3184 tactu
2388 3128 2626 3183 ﬁmbrize
2656 3128 2979 3184 vestimenti
3019 3132 3248 3186 Domini
3304 3139 3500 3189 sanata
3549 3142 3656 3204 est,

2018 3230 2157 3285 pene
2200 3229 2421 3271 omnem
2462 3230 2693 3271 censum
2738 3217 2796 3270 in
2848 3217 3096 3273 medicos
3137 3219 3499 3288 expenderat,
3541 3227 3599 3276 et
3625 3236 3660 3277 a

2018 3303 2245 3358 nemine
2275 3303 2465 3357 sanari
2498 3308 2735 3371 poterat.
2763 3304 3007 3357 Tandem
3047 3318 3181 3375 ergo
3214 3306 3531 3375 inspiratus
3558 3308 3661 3363 di-

2017 3391 2151 3445 vina
2191 3389 2511 3460 clementia,
2562 3390 2802 3459 quadam
2838 3390 2933 3444 die
2973 3390 3057 3444 ait
3090 3391 3270 3446 servis
3304 3393 3465 3448 suis:
3521 3396 3666 3449 Por—

2018 3484 2203 3534 tantes
2266 3484 2484 3547 portate
2524 3492 2610 3532 me
2656 3478 2724 3532 ad
2783 3478 3011 3533 domum
3075 3479 3412 3547 protectoris
3458 3486 3666 3536 nostra:

2018 3566 2291 3621 civitatis.
2322 3567 2394 3619 At
2412 3565 2499 3619 illi
2526 3579 2655 3621 cum
2679 3565 2885 3619 timore
2916 3566 3323 3634 respondantes
3347 3565 3550 3627 dicunt
3573 3567 3661 3622 ei:

2018 3657 2080 3710 In
2127 3655 2295 3723 cujus
2323 3653 2661 3723 protectoris
2701 3653 2931 3708 domum
2959 3651 3126 3720 jubes
3155 3653 3363 3707 ducere
3394 3653 3486 3708 te?
3512 3653 3669 3709 Dicit

2019 3742 2137 3798 eis:
2194 3742 2392 3796 Primi.
2433 3741 2542 3809 Qui
2587 3741 2791 3796 aiunt:
2839 3740 3016 3808 Cujus
3065 3739 3287 3808 primi?
3332 3740 3434 3804 Dic
3477 3734 3664 3811 nobis,

2018 3830 2268 3899 domine,
2306 3843 2526 3885 nomen.
2561 3828 2662 3883 Ille
2703 3841 2833 3883 vero
2866 3827 3116 3882 intuitus
3167 3840 3263 3882 eos
3295 3826 3480 3881 dixit:
3517 3827 3664 3882 Proh

2021 3917 2225 3973 dolor!
2272 3930 2375 3988 ego
2435 3916 2743 3971 semivivus
2788 3916 2988 3984 jacens
3046 3914 3212 3970 illum
3260 3927 3556 3986 cognosco,
3616 3920 3673 3969 et

2022 4020 2123 4063 vos
2163 4020 2293 4062 cum
2332 4005 2457 4060 sani
2495 4005 2646 4074 sitis,
2682 4004 2962 4075 ignoratis
3004 4003 3178 4060 eum?
3220 4002 3469 4057 Nescitis
3516 4002 3666 4072 quod

2025 4095 2237 4150 multos
2295 4098 2640 4162 protectores
2690 4092 2856 4147 habet
2906 4092 3024 4147 haec
3085 4091 3311 4160 civitas,
3361 4090 3456 4145 sed
3518 4103 3669 4146 unus

2025 4183 2409 4253 supereminet
2460 4180 2705 4250 cunctis,
2745 4180 2845 4248 qui
2890 4193 2990 4248 pro
3020 4192 3083 4235 ea
3131 4191 3351 4247 semper
3402 4178 3671 4255 alacriter

2027 4277 2279 4343 pugnat;
2306 4282 2472 4340 quem
2494 4274 2556 4323 ut
2582 4281 2809 4322 murum
2831 4265 3329 4337 inexpugnabilem
3353 4278 3463 4319 non
3483 4263 3667 4319 solum

245 4334 494 4415 ctasilli
520 4334 1169 4429 hujusmundidivitias
1193 4363 1472 4433 abstulit;
1500 4370 1555 4418 et
1576 4378 1677 4417 nec
1698 4334 1782 4417 sic
1800 4362 1918 4415 vin-
1958 4334 2276 4421 Dianium,
2304 4334 2398 4413 sed
2422 4361 2477 4412 et
2500 4355 2703 4410 habere
2726 4359 2839 4409 tota
2876 4334 3193 4422 promeruit
3218 4351 3421 4422 regio?
3448 4350 3671 4405 Deferte

244 4461 373 4503 cere
404 4448 623 4519 potuit,
653 4465 960 4520 supernum
983 4452 1135 4506 enim
1158 4466 1287 4507 cum
1322 4452 1425 4506 illo
1460 4456 1581 4506 erat
1606 4451 1913 4507 auxilium.

314 4536 401 4592 Ad
434 4536 713 4593 ultimum
751 4553 883 4610 ergo
925 4538 1208 4607 diabolus,
1242 4540 1607 4608 permittente
1636 4541 1767 4609 Deo,
1802 4544 1915 4593 tam

247 4625 410 4693 gravi
442 4637 578 4679 eum
612 4628 895 4694 percussit
935 4625 1287 4699 inﬁrmitate,
1324 4633 1387 4684 ut
1417 4628 1486 4682 de
1539 4627 1701 4682 nullo
1736 4640 1919 4681 mem—

248 4709 496 4767 brorum
526 4713 769 4770 habebat
802 4720 1155 4785 potestatem,
1206 4716 1322 4771 nisi
1359 4716 1542 4771 solius
1585 4715 1817 4785 linguae,
1845 4714 1916 4768 de

249 4814 367 4868 qua
402 4802 592 4856 Deum
626 4803 861 4858 assidue
896 4804 1184 4859 laudabat.
1220 4805 1476 4873 Cumque
1506 4804 1611 4858 diu
1643 4803 1789 4858 hanc
1817 4802 1918 4857 in-

251 4887 595 4943 ﬁrmitatem
625 4904 753 4945 cum
791 4892 1066 4960 patientia
1092 4892 1486 4964 sustinuisset,
1510 4891 1666 4948 venit
1708 4890 1918 4946 diabo-

251 4976 347 5033 lus
360 4978 428 5033 in
457 4977 748 5033 civitatem
764 4978 823 5033 in
842 4981 1028 5049 specie
1041 4981 1312 5052 hominis,
1329 4979 1514 5037 ferens
1532 4979 1915 5035 membranam

253 5066 573 5134 quamdam
616 5067 675 5121 in
704 5067 988 5137 manibus,
1030 5073 1086 5123 et
1115 5070 1268 5125 dixit
1302 5069 1403 5125 uni
1437 5082 1726 5125 servorum
1759 5068 1911 5137 ejus:

250 5153 307 5208 Si
338 5153 501 5208 hanc
532 5168 705 5223 super
730 5169 788 5210 se
807 5156 1292 5213 tuleritdominus
1318 5162 1473 5225 tuus,
1501 5158 1571 5212 ab
1604 5157 1920 5212 infirmita-

255 5247 309 5297 te
349 5241 708 5297 liberabitur
733 5258 861 5299 sua.
908 5244 975 5299 At
1002 5244 1099 5299 ille
1135 5246 1430 5316 ingressus
1459 5250 1589 5300 ante
1618 5246 1917 5300 dominum

252 5346 433 5387 suum
453 5331 610 5385 dixit
634 5331 715 5385 ei:
751 5332 885 5400 Qua:
913 5338 999 5389 est
1021 5341 1117 5389 tua
1146 5334 1462 5404 patientia?
1493 5333 1629 5389 audi
1648 5347 1780 5405 ergo
1808 5347 1915 5404 me,
1955 5405 1962 5411 .

254 5426 311 5473 et
340 5418 670 5474 sanaberis.
703 5420 801 5475 Est
831 5421 996 5477 homo
1020 5422 1251 5494 ignotus
1274 5423 1333 5478 in
1356 5422 1588 5478 civitate
1614 5422 1917 5491 quamdam

257 5504 490 5563 habens
514 5505 918 5580 membranam,
952 5509 1053 5581 qui
1083 5510 1230 5566 dicit
1261 5511 1409 5580 quod
1433 5510 1482 5565 si
1506 5523 1627 5565 eam
1667 5524 1838 5580 super
1868 5515 1923 5565 te

2030 4448 2211 4519 igitur
2232 4460 2318 4500 me
2352 4445 2409 4499 in
2430 4445 2661 4500 domum
2693 4443 2834 4511 ejus.
2868 4441 2981 4495 Aut
3019 4440 3168 4494 enim
3200 4439 3443 4493 visitans
3491 4438 3672 4493 mise—

2032 4536 2251 4591 rebitur
2284 4534 2431 4596 mei;
2482 4538 2581 4587 aut
2613 4536 2784 4601 certe,
2838 4543 2966 4585 cum
3013 4528 3135 4582 illic
3156 4524 3461 4582 defunctus
3487 4523 3668 4589 fuero,

2030 4622 2307 4690 suscipiet
2348 4620 2596 4675 animam
2632 4632 2830 4689 meam,
2863 4623 2917 4673 et
2949 4618 3008 4672 in
3037 4616 3227 4670 futura
3273 4628 3359 4668 me
3398 4614 3691 4673 horrendi.

2029 4709 2344 4767 tribunalis
2379 4707 2595 4764 Christi
2630 4706 2930 4775 praesentia
2962 4703 3335 4772 intercedens,
3368 4701 3576 4771 eripiet
3600 4700 3671 4757 ab

2029 4806 2241 4856 mterno
2280 4796 2587 4865 supplicio.
2616 4794 2838 4862 Quibus
2882 4792 3233 4861 illiauditis,
3266 4790 3674 4846 intellexerunt

2030 4887 2181 4959 quod
2229 4885 2299 4941 de
2351 4889 2546 4939 sancto
2590 4883 2805 4937 diceret
2848 4881 3154 4942 Demetrio,
3196 4879 3296 4949 qui
3346 4877 3673 4948 frequenter

2029 4977 2307 5032 sanitates
2352 4971 2599 5027 inﬁrmis
2642 4968 2946 5036 reddebat;
2999 4973 3054 5022 et
3093 4966 3354 5022 celeriter
3394 4966 3671 5021 elevatum

2028 5066 2289 5122 tulerunt
2313 5076 2441 5117 eum
2477 5060 2637 5115 illuc.
2670 5059 2804 5126 Quae
2833 5062 3020 5112 autem
3056 5055 3273 5126 lingua,
3298 5052 3503 5110 fratres
3528 5054 3673 5107 cha—

2030 5136 2271 5221 rissimi,
2298 5152 2450 5206 hunc
2469 5153 2765 5217 martyrem
2788 5146 2984 5217 dignis
3005 5143 3275 5200 laudibus
3297 5148 3479 5213 potest
3500 5154 3674 5196 vene—

2027 5242 2167 5297 rari.
2228 5240 2329 5310 qui
2377 5223 2588 5293 tantam
2635 5242 2901 5305 operatus
2940 5238 3025 5288 est
3067 5233 3359 5302 virtutem,
3394 5236 3458 5285 ut
3505 5229 3672 5283 illum

2029 5345 2197 5402 quem
2228 5328 2580 5398 multiplices
2599 5330 2654 5381 et
2682 5324 2827 5381 varii
2863 5338 2974 5380 non
3012 5326 3273 5392 poterant
3318 5332 3520 5374 sanare
3547 5330 3671 5370 me-

2031 5421 2171 5489 dici,
2228 5418 2335 5474 sub
2367 5417 2542 5473 unius
2591 5416 2744 5470 horae
2795 5418 3076 5469 momento
3120 5409 3378 5465 redderet
3424 5403 3676 5460 sanum?

2030 5511 2171 5565 Nam
2197 5511 2262 5563 ut
2282 5506 2432 5563 fores
2455 5506 2580 5575 ejus
2603 5502 2856 5559 ecclesia:
2894 5498 3149 5556 intravit.
3180 5510 3291 5553 non
3322 5493 3507 5550 solum
3536 5504 3673 5546 cor-
