4060 6150
375 282 484 340 749

1593 259 1951 318 ANASTASII
2001 251 2540 312 BIBLIOTHECARII

3660 237 3765 296 720

374 402 553 471 poris,
582 400 677 455 sed
704 402 760 454 et
782 397 986 453 animae
1017 390 1332 463 promeruit
1367 388 1664 444 sanitatem
1697 398 1794 454 per
1823 383 2016 436 virtu—
2041 381 2100 440 A
2124 384 2520 471 restrueretur.
2553 377 2776 471 -T-aliter
2817 378 3161 471 restructum
3191 377 3276 426 est

375 495 486 544 tem
515 486 742 543 Domini
776 483 957 539 nostri
999 483 1129 536 Jesu
1157 478 1395 547 Christi,
1437 476 1538 545 qui
1569 474 1711 529 vivit
1739 477 1795 527 et
1821 473 2016 541 regnat

377 576 438 630 in
470 575 674 632 sazcula
703 571 1062 628 saaculorum.
1090 567 1286 622 Amen.

447 663 707 718 Amicum
737 659 1022 727 veritatis,
1069 656 1291 710 scilicet
1320 663 1602 708 summum
1645 647 2012 712 sacerdotem,

377 750 705 806 audivimus
749 759 981 802 narrare
1020 745 1090 799 de
1116 741 1400 798 Demetrio
1446 744 1708 807 martyre,
1755 749 1880 805 quae
1904 735 2016 788 Deo

379 838 682 906 adjuvante
711 836 769 890 in
813 831 1298 902 subsequentibus
1326 829 1637 884 edisserere
1674 830 2012 894 satagemus.

379 923 654 994 Contigit,
689 923 899 992 inquit,
961 919 1188 975 incendi
1222 921 1392 974 noctu
1423 916 1730 974 ciborium,
1777 910 1925 981 quod
1959 909 2018 962 in

380 1016 576 1068 sancto
595 1013 720 1080 ejus
745 1009 930 1066 fuerat
955 1009 1162 1078 templo
1192 1012 1373 1062 totum
1399 1019 1465 1061 ex
1494 1008 1726 1075 argento
1759 996 2022 1068 splendi—

378 1097 538 1169 dum,
585 1099 666 1153 ita
713 1103 775 1154 ut
823 1102 1003 1154 totum
1043 1097 1372 1153 solveretur.
1432 1091 1841 1148 Sanctissimus
1887 1099 2021 1158 ergo

379 1187 680 1256 episcopus
709 1186 997 1257 satagebat
1017 1183 1296 1240 fabricare
1347 1182 1680 1251 praedictum
1707 1177 2015 1242 ciborium,

378 1277 436 1328 et
460 1287 571 1329 non
621 1273 944 1329 inveniebat
998 1274 1279 1344 integrum
1325 1270 1546 1340 pondus
1573 1266 1814 1338 argenti,
1868 1263 2018 1333 quod

377 1363 678 1417 conﬂatum
708 1360 893 1418 fuerat
921 1361 989 1416 ad
1039 1359 1585 1416 consummationem
1619 1355 1762 1410 tanti
1807 1351 2013 1421 operis.
2057 1378 2061 1386 -

377 1449 756 1506 Meditabatur
810 1462 1052 1518 namque
1101 1447 1249 1516 apud
1295 1460 1354 1501 se
1381 1453 1445 1501 ut
1469 1448 1798 1516 argenteum
1853 1441 2022 1494 thro—

379 1551 537 1600 num,
570 1539 752 1608 quiin
780 1537 972 1592 eodem
1021 1539 1142 1590 erat
1182 1533 1494 1589 venerabili
1538 1531 1766 1600 templo,
1801 1527 2022 1584 dissol—

377 1629 550 1694 veret,
576 1629 633 1679 et
659 1625 789 1682 inde
819 1638 964 1693 opus
994 1623 1306 1693 perﬁceret.
1349 1621 1602 1690 Cumque
1639 1619 1745 1673 hoc
1771 1616 2023 1672 statuis-

2126 469 2403 525 minatum
2429 466 2652 521 meritis
2673 464 2853 520 sancti
2879 462 3165 532 martyris,
3189 459 3508 515 auxiliante
3527 454 3768 510 Domino

2127 562 2320 613 nostro
2379 557 2509 610 .lesu
2563 554 2808 619 Christo,
2873 551 2973 620 qui
3028 563 3157 604 cum
3220 549 3382 601 Patre
3437 549 3493 599 et
3545 543 3768 612 Spiritu

2126 651 2321 701 sancto
2347 643 2489 698 vivit
2507 647 2562 697 et
2581 646 2775 712 regnat
2794 641 2853 695 in
2879 638 3084 694 saecula
3106 637 3466 692 smculorum.
3496 633 3690 688 Amen.

2195 732 2297 788 Sed
2333 745 2434 786 nec
2466 730 2609 786 illud
2639 728 3018 784 omittendum
3068 725 3359 779 credimus
3390 722 3537 792 quod
3567 734 3599 775 a
3629 733 3771 774 san-

2127 822 2386 878 ctissimo
2425 819 2856 887 archiepiscopo
2894 815 3243 871 audivimus.
3286 809 3580 867 Referebat
3618 808 3769 863 enim

2126 911 2196 965 de
2240 909 2482 979 quodam
2512 905 2898 962 mansionario
2943 903 3139 972 templi
3168 901 3434 971 martyris
3474 896 3770 963 Demetrii,

2128 997 2359 1052 nomine
2400 995 2812 1064 Honesiphoro.
2866 993 3005 1047 Cum
3055 1003 3339 1062 pergerem
3389 988 3634 1053 quodam
3680 985 3772 1040 die

2127 1086 2195 1140 ad
2245 1084 2540 1139 ecclesiam
2586 1081 2842 1152 praedicti
2889 1079 3174 1149 martyris,
3224 1076 3413 1132 inveni
3475 1072 3774 1144 praefatum

2129 1172 2580 1241 Honesiphornm
2629 1169 3081 1225 mansionarium
3125 1168 3403 1236 jacentem
3432 1169 3564 1218 ante
3589 1161 3772 1217 sancti

2131 1260 2400 1330 martyris
2429 1260 2641 1315 ostium
2687 1258 3042 1313 semivivum.
3076 1257 3331 1325 Cumque
3387 1252 3656 1308 turbatus
3687 1250 3777 1305 la—

2131 1354 2412 1405 mentarer
2452 1361 2552 1416 pro
2581 1346 2752 1401 amici
2789 1345 3144 1413 inﬁrmitate,
3180 1344 3238 1398 in
3277 1356 3336 1397 se
3367 1355 3627 1396 reversus
3659 1341 3779 1394 llo-

2131 1439 2476 1508 nesiphorus
2499 1449 2584 1491 me
2625 1435 2756 1489 ﬁere
2771 1434 2989 1502 videns,
3015 1433 3128 1488 ait:
3157 1432 3341 1500 Quare
3358 1429 3615 1485 tristaris
3640 1441 3781 1497 pro-

2132 1533 2255 1597 pter
2283 1540 2388 1594 me,
2413 1523 2643 1580 domine
2674 1520 2924 1578 Eusebi?
2949 1521 2997 1575 si
3031 1534 3117 1574 me
3133 1520 3355 1590 diligis,
3389 1517 3504 1573 noli
3526 1516 3779 1584 turbari,

2131 1615 2227 1671 sed
2256 1613 2502 1685 praecipe
2549 1613 2978 1666 monumentum
3011 1622 3195 1664 meum
3225 1605 3553 1677 praeparari,
3581 1611 3639 1660 et
3696 1619 3783 1660 me

378 1715 464 1767 set
487 1712 636 1782 apud
668 1726 746 1781 se,
782 1711 900 1767 alio
931 1711 1157 1766 nemine
1186 1710 1402 1765 sciente
1431 1707 1759 1774 consilium,
1787 1706 2021 1774 apparet
2051 1695 2104 1756 B
2134 1703 2194 1757 in
2239 1716 2302 1757 eo
2342 1701 2532 1756 vivum
2563 1699 2755 1755 obrue.
2790 1699 2911 1767 Qua
2957 1711 3016 1752 re
3061 1695 3324 1752 turbatus
3371 1699 3614 1750 mlestus
3652 1695 3781 1749 dixi

379 1799 439 1854 in
469 1800 687 1855 somnis
709 1799 925 1854 Christi
954 1804 1166 1867 martyr
1193 1796 1515 1851 Demetrius
1537 1793 1863 1863 presbytero
1887 1792 2024 1847 cui-

377 1885 529 1957 dam,
578 1887 702 1942 viro
740 1885 968 1956 optimaa
1006 1885 1137 1940 vitae
1173 1883 1457 1938 Demetrio
1502 1881 1748 1950 nomine,
1783 1879 2017 1934 dicens:

376 1974 545 2040 Vade,
575 1973 672 2029 dic
692 1973 956 2042 episcopo
982 1971 1270 2027 civitatis:
1304 1973 1385 2025 Ne
1417 1980 1726 2039 praesumas
1752 1968 2021 2022 thronum

376 2060 581 2116 domus
611 2073 744 2115 meae
763 2061 1073 2116 destruere.
1098 2059 1235 2114 Cum
1272 2057 1377 2114 hoc
1410 2057 1699 2126 presbyter
1755 2053 2022 2123 episcopo

375 2148 687 2220 retulisset,
713 2149 897 2216 primo
929 2148 1157 2217 quidem
1191 2145 1404 2216 praesul
1433 2145 1675 2200 miratus
1705 2147 1790 2198 est
1821 2156 1922 2210 pro
1956 2156 2022 2197 eo

378 2235 528 2304 quod
559 2249 662 2291 sua
713 2236 987 2307 cogitatio
1034 2243 1154 2290 erat
1180 2233 1511 2302 manifesta;
1554 2232 1759 2288 deinde
1801 2231 2024 2299 putavit

377 2334 507 2378 eum
537 2321 732 2392 aliqua
753 2323 1083 2392 suspicione
1104 2323 1220 2376 haec
1243 2321 1494 2387 ﬁnxisse,
1521 2320 1619 2389 qui
1640 2324 1760 2374 erat
1779 2318 2024 2386 dispen—

378 2412 536 2464 sator
556 2409 751 2478 templi
778 2409 1123 2464 venerabilis
1144 2409 1432 2477 martyris.
1457 2409 1524 2460 Et
1544 2407 1698 2460 dixit
1717 2406 1768 2459 ei
1793 2406 2023 2474 episco—

379 2508 522 2563 pus:
572 2497 875 2565 Nunquam
929 2509 997 2551 ex
1054 2509 1141 2550 me
1189 2495 1295 2550 hoc
1351 2493 1592 2562 audisti,
1647 2492 1839 2547 frater.
1893 2494 2022 2546 Post

376 2580 588 2636 multos
617 2595 746 2636 vero
773 2583 899 2637 dies
930 2583 1136 2638 iterum
1183 2582 1455 2637 scrutatis
1500 2581 1711 2649 causis,
1748 2579 2021 2647 nulloque

378 2671 600 2736 reperto
638 2669 882 2724 consilio
921 2683 988 2724 ex
1027 2684 1140 2739 quo
1194 2670 1559 2738 perﬁceretur
1597 2683 1741 2737 opus
1787 2666 2018 2734 ciborii,

374 2755 620 2810 consilio
636 2756 818 2824 primo
835 2770 894 2811 se
913 2756 1288 2824 conﬁrmavit,
1311 2757 1460 2825 quod
1489 2757 1558 2810 de
1584 2756 1789 2809 throno
1815 2752 2024 2832 faceret

376 2841 681 2897 ciborium.
710 2843 847 2898 Cum
865 2857 994 2898 vero
1015 2843 1284 2912 jussisset
1300 2843 1694 2914 argentarium
1718 2841 1930 2910 vocari,
1958 2846 2022 2896 ut

375 2929 705 2997 praeciperet
723 2930 774 2984 ei
799 2930 998 2985 tollere
1019 2930 1310 2999 thronum,
1331 2929 1681 2985 renuntiavit
1710 2929 1763 2983 ei
1787 2929 2019 2998 quidam

374 3015 606 3071 dicens:
660 3017 982 3072 Demetrius
1027 3017 1317 3087 presbyter
1345 3018 1412 3073 ad
1456 3018 1812 3072 sanctitatem
1864 3022 2017 3071 tuam

377 3102 600 3174 ingredi
633 3104 904 3174 postulat.
929 3105 1038 3174 Qui
1070 3119 1198 3161 cum
1233 3104 1735 3160 intrassetdicitei
1766 3122 1778 3157 :
1814 3106 2022 3159 Deme—

373 3190 536 3246 trius"
567 3196 799 3261 martyr,
852 3193 951 3262 qui
998 3193 1161 3262 prius
1202 3194 1471 3262 apparuit
1515 3193 1657 3247 mihi
1710 3192 2013 3261 peccatori,

372 3277 581 3334 iterum
635 3279 692 3334 in
724 3281 852 3334 visu
904 3281 1171 3350 apparuit
1202 3281 1344 3335 mihi
1402 3280 1559 3335 tristi
1602 3279 2017 3350 quodammodo

372 3364 554 3437 vultu,
607 3372 661 3421 et
714 3368 980 3437 praecepit
1028 3369 1296 3424 nuntiare
1337 3367 1685 3423 beatitudini
1733 3372 1845 3422 tua:
1899 3367 2016 3420 haec

371 3452 574 3506 verba:
603 3454 840 3524 Pr0pter
873 3456 1208 3510 charitatem
1245 3470 1310 3510 ne
1341 3455 1647 3510 contristes
1701 3470 1788 3509 me
1821 3456 1878 3508 in
1910 3455 2018 3508 de—

370 3541 687 3596 structione
739 3543 954 3598 throni.
989 3543 1059 3597 At
1113 3543 1210 3597 ille
1259 3543 1502 3597 audiens
1552 3543 1887 3612 indignatus
1929 3546 2016 3595 est

365 3627 638 3683 adversus
691 3629 1100 3698 presbyterum,
1136 3627 1373 3698 putabat
1402 3629 1555 3683 enim
1589 3629 1752 3684 illum
1805 3629 2014 3699 ﬁngere

364 3713 523 3768 talia.
555 3714 728 3781 Quem
752 3720 809 3769 et
831 3716 1121 3770 austerius
1150 3729 1181 3770 a
1213 3729 1272 3770 se
1301 3715 1550 3782 dimisit,
1574 3721 1630 3770 et
1656 3715 2012 3770 manifestam

365 3815 525 3856 suam
558 3801 695 3856 fecit
725 3803 1119 3872 intentionem,
1154 3803 1384 3857 dicens:
1420 3803 1660 3857 Abunde
1690 3803 1814 3858 dari
1843 3803 2014 3871 judi-

363 3901 459 3942 cas
507 3889 656 3958 quod
707 3889 928 3958 argenti
980 3889 1172 3944 minus
1218 3895 1304 3944 est
1349 3891 1632 3958 ponderis.
1681 3890 1760 3945 Ne
1807 3896 2012 3946 temere

357 3973 602 4044 judices,
619 3974 1058 4043 philosophatus
1075 3977 1130 4031 in
1152 3976 1398 4032 aliorum
1414 3977 1836 4034 tribulationes.
1854 3980 2012 4034 Tunc

365 4060 464 4115 ille
511 4062 803 4132 presbyter
831 4061 1107 4119 confusus
1135 4064 1333 4119 exivit.
1378 4066 1638 4121 Nondum
1671 4067 1881 4136 quippe
1909 4068 2010 4122 di—

361 4152 521 4202 xerat
545 4149 596 4203 ei
631 4154 864 4206 sanctus
907 4151 1047 4220 quid
1100 4151 1222 4206 ﬁeri
1271 4157 1572 4222 oporteret.
1621 4155 1714 4208 sed
1748 4160 2000 4211 tantum:

359 4235 544 4289 Meum
594 4250 662 4291 ne
708 4237 957 4308 dissipes
1004 4239 1292 4296 thronum.
1342 4241 1399 4295 ln
1432 4241 1554 4310 ipsa
1603 4246 1792 4296 autem
1842 4249 2003 4297 nocte

2131 1792 2216 1847 ei:
2251 1791 2429 1859 Cujus
2472 1789 2552 1843 rei
2593 1801 2783 1858 causa,
2826 1785 3048 1840 frater?
3090 1785 3190 1840 Ille
3243 1784 3575 1853 respondit:
3631 1783 3784 1850 Quia

2135 1878 2359 1933 irritavi
2411 1891 2530 1932 mea
2561 1876 2729 1944 culpa
2774 1875 2842 1930 ad
2876 1873 3234 1929 iracundiam
3265 1879 3522 1928 sanctum
3557 1878 3789 1942 marty-

2134 1979 2268 2021 rem.
2295 1965 2575 2034 Apparuit
2606 1963 2748 2018 mihi
2780 1963 3058 2032 peccatori
3087 1967 3319 2016 sanctus
3350 1973 3593 2030 namque
3619 1974 3789 2015 mar-

2134 2058 2221 2123 tyr
2262 2053 2319 2108 in
2360 2053 2596 2117 somnis,
2628 2056 2684 2106 et
2705 2051 2862 2106 dulci
2895 2063 3026 2104 voce
3048 2050 3276 2104 locutus
3291 2049 3458 2104 estad
3487 2061 3604 2102 me:
3636 2050 3790 2103 Fra—

2133 2146 2218 2196 ter
2264 2140 2672 2209 Honesiphore,
2723 2152 2831 2192 non
2883 2137 3064 2205 placet
3111 2137 3252 2191 mihi
3301 2137 3449 2206 quod
3494 2137 3782 2205 operaris.

2133 2229 2321 2284 Placet
2342 2228 2484 2282 mihi
2511 2226 2689 2296 magis
2711 2225 2916 2280 anima:
2934 2226 3092 2280 salus
3119 2238 3288 2294 quam
3314 2224 3496 2278 millia
3525 2226 3790 2293 pondera

2131 2318 2283 2372 auri.
2313 2316 2397 2370 An
2431 2314 2756 2384 nescisquia
2779 2328 2977 2369 cereus
2998 2313 3095 2382 qui
3125 2312 3361 2368 oﬁ‘ertur
3384 2327 3481 2382 pro
3506 2314 3788 2382 peccatis,

2134 2409 2346 2474 quanto
2399 2408 2629 2472 apparet
2670 2403 2896 2471 ardens,
2949 2406 3104 2456 tanto
3158 2407 3384 2456 sanctos
3426 2408 3614 2455 manet
3681 2416 3790 2470 pro

2134 2491 2527 2560 peccatoribus
2556 2491 2624 2545 ad
2672 2490 3153 2545 intercedendum.
3207 2490 3343 2544 Sine
3375 2489 3556 2560 igitur
3584 2504 3791 2546 cereos

2133 2579 2374 2646 majores
2401 2585 2457 2632 et
2483 2577 2731 2633 minores
2761 2578 2976 2648 ardere,
3012 2577 3147 2646 quia
3177 2581 3396 2646 oportet
3421 2577 3656 2632 omnino
3685 2592 3792 2632 ce—

2133 2666 2246 2720 reis
2278 2665 2635 2734 resplendere
2663 2665 2895 2720 domum
2935 2678 3129 2719 meam.
3160 2666 3275 2736 Ego
3319 2669 3507 2720 autem
3547 2663 3786 2734 infelix,

2131 2751 2556 2822 expergefactus
2606 2752 2881 2807 aestimavi
2930 2767 3015 2807 me
3065 2752 3422 2821 phantasiam
3455 2752 3673 2815 videre,
3730 2760 3792 2808 et

2130 2841 2252 2895 dixi
2285 2841 2434 2910 apud
2470 2854 2590 2896 me:
2645 2841 2887 2896 Sanctus
2931 2855 3041 2896 non
3085 2846 3317 2910 apparet
3357 2841 3783 2910 peccatoribus.

2130 2929 2225 2984 Bis
2255 2943 2384 2984 vero
2416 2933 2470 2984 et
2513 2934 2599 2984 ter
2628 2930 2820 2984 eadem
2854 2930 3068 2985 monita
3101 2929 3158 2985 in
3190 2929 3409 2984 somnis
3439 2930 3693 2998 suscepi,
3731 2937 3792 2986 et

2132 3017 2249 3072 haec
2297 3017 2587 3072 custodire
2616 3017 2794 3082 volui,
2827 3022 2882 3072 et
2913 3032 3095 3088 usque
3122 3017 3182 3071 in
3226 3018 3393 3072 ﬁnem
3441 3032 3790 3074 conservare

2129 3105 2410 3161 desidero.
2459 3108 2520 3160 In
2567 3105 2670 3160 hac
2695 3119 2828 3160 vero
2861 3111 3023 3161 nocte
3065 3106 3220 3160 venit
3273 3106 3505 3176 quidam
3536 3107 3791 3164 devotus

2127 3193 2218 3248 vir
2245 3194 2313 3248 ad
2345 3193 2640 3248 ecclesiam
2687 3207 2920 3263 magnos
2947 3207 3138 3249 cereos
3183 3193 3440 3249 oﬁ‘erens.
3483 3196 3615 3250 Post
3637 3209 3792 3251 ora-

2129 3279 2340 3335 tionem
2372 3295 2531 3335 suam
2581 3281 2817 3336 recessit
2858 3282 2927 3336 de
2978 3282 3239 3337 ecclesia.
3272 3282 3526 3354 Cogitavi
3558 3296 3664 3353 ego
3721 3290 3790 3339 ut

2125 3369 2543 3440 exstinguerem
2570 3370 2721 3439 illos,
2738 3369 2954 3425 oblitus
2973 3371 3260 3426 decretum
3281 3371 3460 3425 sancti
3483 3372 3784 3441 martyris.

2123 3455 2377 3525 Cumque
2421 3457 2695 3525 impetum
2728 3457 2988 3513 fecissem
3035 3464 3097 3513 ut
3123 3472 3312 3513 cereos
3359 3459 3785 3531 extinguerem,

2125 3549 2358 3598 sanctus
2422 3545 2745 3600 Demetrius
2803 3545 2872 3599 de
2923 3551 3188 3616 argenteo
3246 3545 3431 3600 cubili
3487 3560 3592 3601 suo
3638 3562 3786 3603 voce

2126 3643 2324 3700 magna
2370 3637 2425 3685 et
2461 3631 2713 3686 terribili
2747 3633 2998 3687 clamans
3022 3634 3091 3688 ad
3124 3647 3210 3687 me
3237 3633 3424 3688 dixtt:
3455 3635 3500 3689 Ο
3525 3635 3780 3703 cupide!

2123 3723 2177 3771 et
2214 3718 2440 3780 iterum,
2475 3733 2508 3774 ο
2539 3720 2778 3788 cupide!
2827 3721 2940 3791 Ego
2992 3735 3122 3776 vero
3171 3721 3548 3790 miserrimus,
3595 3723 3786 3778 nimis

2123 3805 2481 3875 perterritus,
2497 3806 2564 3861 ad
2590 3812 2795 3863 terram
2819 3809 3018 3880 elisus,
3038 3815 3195 3865 extra
3229 3810 3418 3865 valvas
3436 3812 3782 3866 monasterii

2119 3893 2353 3962 ejectus,
2379 3893 2475 3948 ubi
2519 3895 2791 3950 invenisti
2827 3911 2912 3952 me
2945 3899 3104 3967 jaceo
3130 3897 3287 3953 bene
3319 3903 3600 3954 mortuus.
3643 3900 3782 3956 Ηωο

2120 3981 2349 4050 quidem
2379 3996 2525 4051 saepe
2553 3983 2839 4039 enarravit
2869 3986 3032 4041 Pater
3054 3991 3246 4042 noster
3272 3986 3775 4056 archiepiscopus.

2117 4069 2230 4123 Nos
2264 4074 2453 4124 autem
2500 4071 2777 4126 obaudire
2827 4078 3048 4142 oportet
3095 4088 3158 4129 ea
3189 4089 3363 4144 quaea
3396 4075 3614 4130 sanctis
3639 4077 3778 4144 ejus

2114 4154 2312 4211 divina
2363 4159 2705 4214 auctoritate
2765 4161 3197 4230 pratcipiuntur.
3250 4165 3458 4218 Eorum
3519 4178 3775 4235 namque

2114 4242 2439 4314 benignitas
2490 4261 2591 4301 nos
2633 4261 2855 4316 semper
2896 4251 3202 4320 custodiat,
3253 4257 3309 4306 et
3351 4251 3407 4306 in
3463 4256 3776 4323 praeceptis

359 4325 628 4393 apparuit
653 4331 882 4382 sanctus
911 4328 1232 4383 Demetrius
1264 4328 1588 4398 presbytero
1609 4329 1913 4400 Demetrio,
1946 4336 2002 4386 et
2030 4315 2084 4376 D
2110 4330 2324 4386 Christi
2359 4315 2798 4402 perseverabiles
2831 4338 3046 4392 reddat.
3075 4315 3266 4394 Amen.

352 4409 506 4466 dixit
533 4414 614 4468 ei:
649 4413 818 4484 Vade,
867 4416 962 4470 dic
1004 4417 1475 4484 archiepiscopo:
1511 4415 1636 4470 Noli
1677 4430 1879 4472 curare
1931 4419 1999 4474 de

355 4511 478 4554 meo
498 4501 741 4571 ciborio,
768 4516 869 4573 ego
891 4503 1042 4558 enim
1072 4503 1216 4558 illud
1251 4503 1537 4571 perﬁciam
1572 4518 1667 4572 per
1693 4501 1999 4575 memetip’~

309 4652 318 4658 ,
353 4601 499 4642 sum.
534 4588 792 4658 Implevit
823 4604 1067 4660 namque
1096 4589 1388 4659 presbyter
1425 4591 1586 4658 jussa
1620 4593 1908 4662 martyris,
1941 4599 1997 4648 et

351 4686 457 4728 suo
511 4675 627 4729 haec
654 4677 806 4731 dixit
856 4669 1105 4745 praesuli.
1141 4679 1253 4731 Hoc
1283 4691 1410 4733 cum
1451 4679 1706 4735 audisset
1764 4681 1990 4749 praesul,

348 4759 548 4816 laudes
598 4763 851 4817 reddidit
892 4764 1005 4819 Deo
1050 4770 1108 4818 et
1149 4770 1345 4820 sancto
1400 4767 1634 4836 martyri
1687 4769 1987 4824 Demetrio.

345 4848 490 4901 Dum
539 4849 727 4904 adhuc
754 4849 824 4903 de
864 4850 956 4906 his
1015 4851 1385 4922 loquerentur
1437 4855 1504 4908 ad
1553 4854 1815 4924 invicem,
1865 4869 1992 4912 ecce

342 4936 619 4992 ostiarius
657 4938 886 4993 advenit
930 4940 1156 4995 dicens:
1205 4941 1406 4996 Sancte
1438 4943 1664 5011 praesul,
1713 4943 1989 5011 praedives

341 5023 572 5078 Mennas
597 5030 708 5080 stat
737 5027 1118 5096 antejanuam
1152 5034 1304 5084 tuam
1333 5029 1573 5098 cupiens
1594 5036 1778 5085 tecum
1799 5031 1981 5101 loqui.

341 5111 494 5166 Dicit
524 5112 574 5166 ei
608 5131 619 5166 :
652 5115 867 5168 Veniat.
905 5117 1146 5170 Veniens
1180 5117 1490 5185 praedictus
1517 5121 1744 5172 Mennas
1773 5118 1985 5174 obtulit

339 5203 396 5253 et
418 5213 565 5253 Lxxv
586 5201 765 5256 libras
787 5204 1004 5272 argenti
1037 5204 1092 5257 in
1117 5205 1404 5271 adjutorio
1431 5205 1661 5260 ciborii.
1697 5205 1983 5260 Etdeinde

338 5287 494 5342 venit
521 5289 781 5359 Joannes,
835 5289 1322 5346 scilicetdulcedo
1374 5306 1706 5362 pauperum,
1741 5293 1982 5349 offerens

338 5370 391 5430 ei
435 5378 812 5449 quadraginta
862 5377 1139 5434 librarum
1186 5381 1408 5448 pondus
1457 5381 1718 5451 argenti;
1752 5385 1806 5434 et
1827 5382 1979 5436 cives

335 5464 720 5536 advenientes,
748 5475 919 5537 prout
951 5472 1226 5537 poterant,
1251 5467 1578 5539 offerebant,
1605 5474 1668 5523 ut
1688 5469 1973 5525 ciborium

2179 4418 2405 4474 Accidit
2435 4421 2859 4479 habitatoribus
2896 4425 3313 4483 Thessalonicae
3345 4429 3621 4494 civitatis,
3656 4445 3770 4498 pro

2108 4507 2354 4574 peccatis
2379 4508 2646 4564 videlicet
2671 4511 2818 4582 suis,
2854 4517 2918 4566 ut
2942 4526 3080 4583 gens
3104 4513 3400 4571 barbarica
3432 4531 3628 4572 eorum
3651 4518 3770 4574 de-

2109 4595 2462 4660 praadaretur
2493 4600 2721 4668 terram,
2764 4599 2963 4654 domos
2996 4600 3228 4656 illorum
3258 4603 3512 4675 ardebat,
3558 4611 3615 4660 et
3662 4607 3766 4661 vi—

2107 4693 2238 4736 neas
2261 4682 2558 4751 stirpabat.
2583 4684 2734 4740 ﬁlios
2761 4692 2816 4741 et
2847 4686 3014 4743 ﬁlias.
3073 4703 3251 4759 equos
3271 4697 3328 4745 et
3356 4692 3571 4762 asinos,
3624 4708 3764 4750 oves

2102 4772 2158 4822 et
2177 4767 2346 4824 boves
2363 4771 2421 4825 in
2445 4772 2832 4841 captivitatem
2852 4775 3296 4846 transferebant;
3330 4778 3681 4837 frumentum
3703 4791 3760 4839 et

2102 4855 2296 4911 vinum
2326 4863 2383 4914 et
2413 4860 2599 4915 oleum
2629 4862 2689 4917 in
2715 4863 3076 4919 obsidionem
3116 4866 3370 4923 civitatis
3398 4869 3754 4927 devastabat.

2100 4944 2488 5003 Persecutioni
2523 4949 2831 5006 subsecuta
2858 4959 2944 5008 est
2995 4951 3170 5010 fames
3200 4956 3390 5011 valida
3421 4958 3479 5012 in
3507 4964 3625 5014 tota
3657 4975 3757 5016 re-

2099 5033 2266 5102 gione
2299 5035 2417 5090 illa.
2447 5037 2566 5104 Qua
2594 5045 2826 5107 propter
2857 5041 3128 5109 primates
3161 5043 3416 5099 civitatis
3465 5047 3755 5104 miserunt

2097 5121 2310 5192 legatos
2337 5124 2404 5178 ad
2453 5125 2850 5194 imperatorem
2880 5135 2944 5184 ut
2964 5129 3034 5184 ab
3065 5130 3341 5186 obsidone
3367 5130 3748 5192 barbarorum

2093 5210 2246 5263 etab
2298 5211 2619 5268 imminenti
2654 5213 2801 5270 fame
2853 5217 3123 5274 liberaret
3165 5220 3476 5276 civitatem.
3529 5224 3747 5280 interea

2091 5296 2552 5368 gloriosissimus
2584 5308 2797 5373 martyr
2826 5306 3148 5362 Demetrius
3173 5307 3249 5361 ita
3283 5314 3345 5363 ut
3374 5309 3433 5363 in
3462 5311 3747 5383 imagini—

2091 5397 2200 5439 nus
2227 5386 2506 5458 pingitur,
2539 5391 2808 5459 apparuit
2834 5393 2890 5447 id
2925 5399 3083 5463 parte
3111 5395 3313 5450 insulae
3341 5397 3480 5467 Chyi
3505 5401 3740 5454 cuidam

2089 5473 2378 5545 nauclero,
2407 5476 2636 5532 nomine
2681 5478 2987 5548 Stephano,
3033 5496 3179 5537 onus
3209 5482 3480 5539 frumenti
3511 5487 3739 5542 ducen—
