4060 6150
270 290 368 348 721

1121 293 1629 351 COLLECTANEA.
1669 325 1741 334 —
1777 295 1866 349 DE
1908 293 2230 349 PASSIOXE
2267 295 2320 350 S.
2367 296 2692 348 DEMETRII
2738 297 2804 349 Μ.

3555 295 3663 354 722

269 427 455 476 torum
484 421 806 476 modiorum
829 422 897 476 ad
933 423 1128 478 urbem
1153 425 1365 495 regiam
1382 426 1637 496 ducenti,
1670 428 1725 480 et
1755 425 1906 480 dixit
1937 425 1996 484 A
2023 426 2201 494 rupit,
2230 426 2428 480 dicens
2447 425 2802 480 delusionem
2835 427 3134 494 quamdam
3178 425 3510 482 concivibus
3535 427 3661 483 suis

266 509 348 563 ei:
376 509 523 563 Audi
559 521 665 575 me,
690 515 745 562 et
768 509 1225 565 Thessalonicam
1258 511 1520 566 celeriter
1542 513 1761 582 naviga.
1795 512 1904 581 Qui

264 611 392 651 cum
443 603 591 651 esset
640 595 824 652 factus
871 598 1025 653 velut
1059 600 1116 654 in
1160 613 1393 656 excessu
1437 602 1642 656 mentis
1683 608 1909 670 propter

264 682 536 752 martyris
586 682 882 753 visionem,
929 685 1025 738 vix
1074 685 1230 755 loqui
1265 687 1456 741 valens
1498 687 1612 741 ait:
1647 687 1903 755 Domine,

258 769 592 824 audivimus
616 783 736 824 eam
778 777 996 840 captam
1029 769 1147 826 fore
1175 785 1207 827 a
1232 772 1512 828 barbaris.
1546 774 1784 828 Sanctus
1813 787 1908 828 re-

257 856 526 925 spondit:
561 856 703 912 Illac
725 870 858 927 ergo
891 857 1110 928 naviga,
1135 863 1190 912 et
1215 859 1456 914 navibus
1476 859 1583 913 tibi
1611 873 1908 914 occurren-

258 944 420 1000 tibus
445 946 646 1000 nuntia
679 945 825 1014 quod
854 945 1219 1000 miseratione
1248 947 1347 1001 Dei
1376 947 1589 1002 salvata
1620 947 1699 1001 sit
1721 947 1906 1002 Thes-

254 1031 534 1086 salonica.
560 1032 659 1086 His
673 1031 871 1101 dictis,
890 1032 1063 1101 coepit
1080 1037 1313 1087 sanctus
1339 1033 1541 1102 praeire
1557 1032 1904 1102 Stephanum

251 1118 562 1173 ambulans
615 1133 712 1188 per
763 1120 964 1174 maria.
1018 1119 1339 1188 Stephanus
1391 1126 1577 1175 autem
1634 1121 1907 1190 navigans

250 1207 739 1276 Thessalonicam,
802 1206 1244 1276 quibuscunque
1307 1206 1578 1276 obviavit,
1627 1207 1903 1263 visionem

252 1296 530 1364 martyris
561 1295 830 1349 narravit.
877 1295 1154 1350 Prmvenit
1182 1299 1369 1350 autem
1399 1309 1529 1350 cum
1570 1294 1770 1349 multis
1803 1308 1908 1348 ne—

249 1380 643 1451 gotiatoribus
687 1381 918 1451 legatos,
969 1383 1113 1450 quos
1160 1381 1228 1436 ad
1309 1381 1704 1449 imperatorem
1753 1380 1906 1434 cives

247 1468 603 1538 direxerant,
636 1474 967 1524 convertens
998 1469 1214 1524 luctum
1237 1469 1493 1523 civitatis
1522 1469 1580 1523 in
1604 1469 1899 1539 gaudium,

248 1569 497 1610 narrans
517 1557 688 1611 etiam
715 1557 965 1626 qualiter
1001 1556 1088 1610 illi
1139 1561 1352 1626 martyr
1375 1561 1736 1625 apparuerat.
1762 1558 1900 1610 Nam

243 1643 451 1697 divino
486 1649 701 1697 terrore
742 1642 1032 1711 perterriti
1064 1642 1253 1698 hostes
1280 1643 1448 1712 paulo
1473 1648 1601 1696 ante
1635 1641 1705 1695 ab
1736 1642 1903 1697 obsi-

243 1729 421 1785 dione
447 1731 849 1785 discesserant.
1138 1797 1150 1810 η

311 1817 532 1872 Omnes
561 1818 744 1873 nostis
791 1816 990 1873 famem
1034 1831 1160 1887 quae
1197 1817 1414 1873 dudum
1447 1815 1592 1872 facta
1644 1820 1730 1871 est
1786 1829 1898 1871 non

241 1905 433 1960 solum
472 1905 534 1959 in
562 1905 664 1959 hac
693 1905 1094 1960 Thessalonica
1125 1905 1375 1972 civitate,
1416 1904 1509 1959 sed
1542 1903 1712 1959 etiam
1761 1916 1901 1972 pene

241 1992 489 2062 ubique,
522 1992 581 2046 in
609 1997 850 2060 tantum,
881 1997 946 2046 ut
984 1991 1166 2061 ipsam
1215 2005 1440 2062 quoque
1467 1992 1766 2046 civitatum
1803 2004 1900 2045 re-

242 2081 444 2150 ginam
481 2085 806 2149 occuparet,
839 2094 951 2135 non
1003 2081 1188 2135 solum
1239 2079 1534 2149 frumenti,
1584 2079 1679 2133 sed
1724 2079 1896 2132 etiam

239 2170 497 2224 aliarum
549 2182 756 2223 rerum.
813 2169 952 2223 Cum
1011 2181 1144 2238 ergo
1175 2172 1331 2222 tanta
1383 2167 1671 2222 aﬁictione
1729 2164 1898 2220 famis

241 2263 602 2328 premeretur
631 2257 854 2322 civitas,
899 2256 997 2311 ille
1036 2260 1268 2310 sanctus
1300 2263 1510 2324 martyr
1554 2254 1894 2324 Demetrius,

238 2346 442 2401 divino
474 2350 620 2400 nutu
645 2358 713 2400 ex
745 2343 946 2400 multis
972 2344 1334 2412 diversisque
1364 2341 1698 2413 regionibus
1728 2355 1898 2396 naves

239 2434 442 2502 plenas
467 2433 651 2487 variis
681 2431 966 2502 frugibus,
993 2431 1251 2486 humidis
1277 2430 1499 2485 scilicet
1524 2433 1580 2484 et
1603 2429 1795 2499 siccis,
1821 2437 1900 2484 at-

241 2536 348 2591 que
375 2521 543 2576 omni
577 2521 830 2576 bonitate
859 2519 1119 2575 ciborum
1154 2521 1531 2574 humanorum
1559 2515 1794 2572 refertas
1835 2517 1899 2571 il-

240 2609 312 2665 lis
331 2608 686 2676 transmisit,
709 2609 787 2662 ita
814 2613 878 2664 ut
895 2606 1085 2663 statim
1107 2621 1233 2677 spes
1262 2607 1490 2662 illorum
1512 2606 1581 2660 de
1599 2606 1899 2660 necessita-

240 2698 401 2753 tibus
435 2697 676 2765 dirupta
700 2702 866 2758 esset,
897 2695 1147 2766 qualiter
1180 2696 1295 2764 jam
1327 2694 1598 2750 audietis.
1651 2694 1753 2748 Vir
1775 2700 1898 2748 erat

241 2788 483 2856 quidam
536 2786 885 2841 constitutus
917 2799 956 2840 a
1004 2798 1109 2839 suo
1159 2783 1392 2839 domino
1444 2797 1615 2852 super
1647 2782 1892 2838 insulam

234 2875 482 2946 Chyum,
517 2878 583 2928 ut
612 2872 957 2928 frumentum
989 2872 1137 2942 quod
1170 2885 1338 2926 naves
1376 2871 1701 2938 afferebant,
1750 2870 1892 2926 illuc

234 2970 470 3036 emeret.
505 2962 645 3017 Cum
675 2966 862 3017 autem
891 2974 1059 3015 naves
1087 2959 1322 3014 minime
1351 2958 1631 3013 inveniret
1650 2963 1706 3012 et
1731 2957 1886 3028 gravi

2020 513 2089 567 de
2116 513 2366 582 glorioso
2396 518 2654 581 martyre.
2680 511 2750 566 At
2774 511 2860 566 illi
2899 511 3305 580 blasphemiam
3329 527 3438 566 non
3467 511 3659 568 feren—

2022 606 2125 668 tes,
2160 600 2444 655 obturatis
2482 600 2723 656 auribus
2773 599 3054 655 exierunt.
3115 600 3244 652 Post
3283 600 3429 654 duos
3471 604 3659 654 autem

2019 689 2144 743 dies
2174 694 2331 743 tanto
2364 689 2632 759 languore
2657 702 2867 756 corpus
2889 684 3137 756 praefecti
3166 694 3488 755 correptum
3513 690 3600 741 est
3626 701 3659 742 a

2021 775 2211 844 planta
2243 775 2404 844 pedis
2437 789 2617 845 usque
2665 775 2732 829 ad
2783 774 3071 843 verticem,
3105 777 3167 828 ut
3206 786 3306 826 nec
3341 785 3374 826 a
3422 773 3660 828 medicis

2021 865 2209 931 posset
2246 862 2550 917 inﬁrmitas
2579 862 2848 932 agnosci;
2900 861 2958 915 in
3003 873 3116 930 qua
3158 858 3492 914 inﬁrmitate
3533 864 3660 915 octo

2018 949 2312 1005 mensibus
2343 949 2672 1019 permansit.
2716 951 2775 1004 In
2816 954 3011 1003 octavo
3053 961 3185 1002 vero
3215 948 3386 1001 miser
3418 947 3476 1000 in
3509 946 3654 1000 hanc

2016 1037 2172 1092 venit
2203 1037 2514 1103 miseriam,
2554 1042 2616 1091 ut
2644 1035 2888 1090 dimidia
2920 1048 3050 1104 pars
3079 1033 3339 1102 corporis
3368 1033 3494 1102 ejus
3533 1031 3659 1087 sol—

2015 1131 2262 1194 veretur,
2294 1125 2373 1179 ita
2405 1129 2468 1179 ut
2499 1123 2728 1179 haberet
2765 1124 2994 1192 quidem
3018 1122 3147 1176 visu
3168 1121 3359 1178 omnia
3385 1120 3655 1189 membra,

2017 1213 2111 1267 sed
2147 1213 2437 1267 licentiam
2465 1211 2723 1266 movendi
2760 1224 2870 1265 non
2895 1209 3144 1264 haberet.
3178 1209 3320 1264 Mira
3344 1212 3432 1263 est
3453 1213 3659 1277 poten—

2018 1301 2099 1355 tia
2119 1301 2219 1354 Dei
2252 1314 2375 1368 qua:
2403 1313 2499 1368 per
2527 1313 2718 1354 servos
2749 1312 2884 1354 suos
2911 1297 3047 1352 talia
3073 1295 3370 1366 operatur!

2087 1387 2369 1442 Eusebius
2415 1386 2830 1441 Thessalonica:
2887 1384 3141 1439 civitatis
3189 1381 3656 1452 archiepiscopus

2015 1475 2291 1530 visionem
2321 1473 2466 1528 vidit
2492 1487 2659 1543 quam
2681 1485 2914 1528 narrare
2939 1471 3110 1540 cupio
3130 1470 3310 1525 vobis.
3336 1470 3651 1539 Antequam

2019 1576 2188 1631 super
2231 1561 2518 1616 civitatem
2548 1559 3006 1615 Thessalonicam
3039 1557 3325 1612 barbarici
3360 1557 3656 1612 irruerunt

2017 1649 2220 1717 nimbi,
2253 1649 2400 1705 vidit
2421 1663 2479 1703 se
2502 1649 2808 1718 prmdictus
2841 1644 3094 1716 pontifex
3119 1645 3174 1700 in
3217 1645 3434 1700 somnis
3465 1644 3658 1698 sedere

1930 1735 1982 1794 B
2015 1736 2073 1790 in
2106 1737 2327 1792 theatro
2374 1736 2630 1791 civitatis
2675 1749 2804 1790 cum
2838 1746 3038 1804 magna
3067 1731 3234 1788 turba
3285 1730 3650 1786 famulorum.

2009 1825 2264 1893 Cumque
2287 1823 2575 1878 hazsitaret
2603 1824 2770 1891 cujus
2818 1821 2899 1876 rei
2940 1820 3124 1891 gratia
3165 1820 3222 1874 in
3252 1823 3363 1874 tam
3412 1817 3654 1873 obsceno

2009 1910 2134 1966 loco
2173 1911 2410 1980 sederet,
2438 1915 2493 1966 et
2521 1923 2762 1981 surgens
2807 1908 3090 1978 proﬁcisci
3128 1906 3311 1974 vellet,
3344 1905 3492 1960 vidit
3525 1908 3653 1958 tra-

2008 1999 2231 2070 goedum
2248 2002 2396 2052 stare
2417 1997 2476 2051 in
2491 1997 2642 2067 logio
2665 1995 2762 2051 ubi
2781 1994 2986 2049 fabula:
3005 1994 3337 2060 recitantur,
3367 1992 3648 2046 dicentem

2009 2085 2152 2140 sibi:
2173 2086 2464 2153 Exspecta,
2482 2083 2618 2153 quia
2633 2087 2750 2137 teet
2763 2081 2940 2136 ﬁliam
2957 2086 3113 2134 tuam
3132 2079 3308 2134 habeo
3322 2077 3642 2132 lamentari.

2007 2174 2116 2242 Qui
2133 2174 2286 2228 dixit
2300 2173 2352 2228 ei
2374 2191 2386 2226 :
2405 2174 2482 2226 Ne
2504 2171 2744 2238 labores,
2769 2182 2871 2239 ego
2888 2168 3040 2222 enim
3055 2179 3235 2236 neque
3252 2165 3429 2220 ﬁliam
3449 2165 3647 2234 habeo,

2009 2276 2190 2331 neque
2232 2263 2290 2316 in
2324 2274 2410 2316 me
2447 2265 2534 2314 est
2562 2259 2888 2313 lamentum.
2932 2257 3003 2310 At
3051 2255 3180 2309 ille:
3209 2254 3348 2309 Vere
3377 2258 3434 2307 et
3472 2252 3651 2307 ﬁliam

2010 2350 2202 2421 habes,
2258 2356 2313 2404 et
2366 2348 2675 2403 multorum
2706 2345 2957 2400 ﬁliorum
3012 2348 3290 2409 matrem;
3324 2346 3380 2396 et
3425 2345 3652 2410 oportet

2009 2443 2062 2493 te
2097 2438 2254 2492 illam
2284 2435 2601 2492 lamentari.
2635 2435 2791 2489 Tunc
2819 2431 3104 2488 intellexit
3129 2431 3334 2500 praesul
3368 2429 3516 2500 quod
3557 2431 3652 2484 ci—

2007 2527 2237 2581 vitatem
2275 2525 2491 2579 diceret
2528 2523 2704 2578 ﬁliam
2752 2522 2896 2590 ejus,
2951 2525 3006 2574 et
3033 2519 3152 2573 ait:
3183 2519 3401 2586 Adjuro
3443 2522 3498 2570 te
3551 2530 3650 2585 per

2006 2617 2181 2669 Deum
2216 2618 2279 2668 ut
2309 2625 2419 2668 non
2454 2625 2538 2666 me
2571 2624 2670 2665 nec
2697 2609 2852 2664 illam
2887 2605 3234 2663 lamenteris.
3267 2605 3521 2674 Cumque
3543 2609 3649 2658 ter-

2008 2702 2089 2757 tio
2121 2706 2371 2770 repetere
2399 2699 2566 2754 vellet
2599 2699 2926 2765 lamentum,
2959 2701 3015 2750 et
3038 2694 3108 2748 ab
3139 2693 3404 2763 episcopo
3435 2705 3547 2747 non
3578 2691 3654 2747 si-

2008 2794 2257 2858 neretur,
2311 2801 2343 2842 a
2411 2800 2608 2842 somno
2663 2785 2905 2854 excitus,
2963 2781 3250 2838 intellexit
3315 2779 3650 2850 tragoediam

2003 2891 2113 2932 non
2170 2877 2371 2931 bonam
2433 2875 2637 2929 habere
2700 2870 3198 2943 signiﬁcationem.
3263 2867 3468 2922 Paucis
3519 2880 3651 2923 vero

2001 2963 2360 3032 interpositis
2383 2963 2608 3030 diebus,
2649 2957 3090 3015 innumerabilis
3118 2956 3488 3010 barbarorum
3510 2953 3652 3008 mul-

238 3064 487 3106 mcerore
528 3054 833 3119 teneretur,
883 3048 1106 3104 audivit
1158 3061 1346 3102 vocem
1393 3047 1681 3100 decentem
1733 3045 1882 3099 sibi:
1919 3054 1964 3111 ί]
1999 3051 2185 3106 mudo
2255 3048 2726 3104 Thessalonicam
2791 3042 3192 3112 circumdedit,
3255 3046 3312 3096 et
3384 3041 3650 3112 cognovit

236 3139 383 3207 Quid
441 3137 755 3192 anxiaris‘?
802 3137 948 3191 scito
995 3135 1145 3204 quod
1177 3135 1498 3189 Demetrius
1539 3140 1666 3187 ante
1695 3147 1890 3187 omnes

235 3228 447 3282 arrhas
465 3226 694 3295 tribuit,
725 3231 787 3280 ut
802 3223 1261 3279 Thessalonicam
1288 3222 1491 3276 mittat.
1514 3221 1622 3289 Qui
1652 3234 1891 3290 surgens

237 3316 499 3383 perrexit
519 3314 588 3368 ad
615 3313 909 3369 ecclesiam
938 3318 1263 3367 sanctorum
1297 3309 1545 3364 Victoris
1575 3313 1630 3362 et
1660 3307 1887 3376 lsidori,

235 3403 439 3457 volens
471 3403 691 3456 discere
721 3416 753 3456 a
785 3401 1023 3456 rusticis
1057 3400 1191 3470 quis
1223 3400 1328 3453 iste
1358 3403 1506 3452 esset
1548 3395 1886 3451 Demetrius.

233 3491 370 3544 Cum
397 3496 600 3545 autem
645 3488 748 3543 hoc
779 3492 1074 3558 quaereret,
1107 3491 1162 3540 et
1193 3485 1416 3540 nullum
1447 3483 1726 3538 indicium
1756 3495 1893 3551 pos-

235 3584 316 3632 set
349 3577 639 3644 invenire,
694 3574 1096 3644 suspicabatur
1138 3573 1388 3643 aliquem
1435 3571 1724 3626 hominem
1770 3567 1890 3623 fore

235 3667 508 3735 missum,
561 3665 909 3719 Demetrium
959 3662 1207 3730 nomine,
1249 3675 1282 3715 a
1333 3658 1591 3728 praefecto
1635 3657 1891 3712 civitatis

232 3753 682 3809 Thessalonicae.
713 3753 820 3820 Qui
849 3751 1040 3805 statim
1072 3749 1232 3804 misit
1253 3747 1552 3817 epistolam
1576 3760 1681 3802 suo
1711 3747 1893 3800 domi-

234 3856 322 3909 no,
370 3853 625 3896 narrans
655 3840 904 3910 qualiter
941 3853 972 3893 a
1003 3837 1288 3892 Demetrio
1318 3834 1602 3890 frumenta
1628 3847 1890 3889 emeren—

233 3936 346 3984 tur.
401 3932 541 3984 Hzec
586 3929 777 3983 eadem
829 3927 1100 3982 dominus
1130 3923 1330 3979 retulit
1382 3922 1746 3991 imperatori;
1787 3921 1886 3990 qui

232 4018 522 4074 scrutatis
551 4018 762 4087 causis,
798 4015 1014 4070 invenit
1037 4013 1258 4069 nullum
1292 4010 1411 4066 fore
1433 4011 1671 4065 missum
1703 4023 1733 4063 a
1757 4023 1892 4077 pra:-

233 4106 378 4162 fecto
409 4105 857 4172 Thessalonicae,
884 4116 983 4157 nec
1016 4102 1189 4157 etiam
1225 4099 1430 4155 habere
1463 4098 1749 4153 hominem
1774 4097 1890 4150 De-

234 4195 517 4249 metrium
567 4193 812 4247 nomine.
867 4190 1141 4260 Cognovit
1181 4195 1369 4243 autem
1424 4192 1537 4241 tam
1583 4186 1892 4254 imperator

233 4298 406 4352 quam
441 4282 716 4352 populus,
763 4280 899 4349 quia
945 4279 1141 4334 nullus
1166 4278 1320 4332 alius
1368 4275 1640 4346 prmdicto
1667 4272 1887 4328 homini

232 4371 518 4442 apparuit
549 4370 662 4424 nisi
696 4375 908 4438 martyr
947 4367 1285 4422 Demetrius.
1317 4368 1384 4420 Et
1421 4363 1612 4420 cuncti
1646 4361 1746 4432 qui
1778 4374 1892 4415 au-

229 4462 502 4528 dierunt,
535 4459 997 4530 gloriﬁcaverunt
1019 4458 1216 4523 Deum,
1247 4455 1345 4523 qui
1380 4467 1478 4522 per
1519 4452 1717 4506 merita
1751 4463 1892 4504 mar-

234 4551 382 4618 tyris
415 4547 690 4604 liberavit
736 4547 1022 4602 civitatem
1075 4542 1533 4599 Thessalonicam
1563 4553 1594 4594 a
1634 4538 1888 4609 periculo

238 4637 429 4693 famis.

305 4725 626 4781 Praefectus
648 4725 879 4794 quidam
907 4722 1243 4778 civitatibus
1271 4718 1704 4792 lllyricensibus
1727 4729 1893 4786 price-

234 4821 343 4884 rat,
379 4816 562 4883 cujus
604 4826 802 4868 nomen
837 4825 947 4866 non
978 4825 1122 4880 opus
1151 4815 1237 4865 est
1265 4809 1478 4876 dicere,
1512 4807 1649 4876 quia
1683 4806 1742 4860 in
1784 4819 1893 4874 0p-

236 4903 550 4971 probrium
577 4901 985 4969 sempiternum
1019 4904 1322 4967 permanet.
1357 4897 1466 4965 Qui
1500 4895 1767 4965 superbia
1795 4895 1893 4948 in-

234 4992 434 5061 ﬁatus,
488 4990 834 5059 quibusdam
879 4988 978 5058 qui
1020 4987 1243 5041 civitati
1298 4984 1712 5040 Thessalonica:
1745 4997 1894 5052 prae—

235 5090 425 5150 erant,
458 5079 779 5149 accersitis,
811 5077 1073 5149 exigebat
1110 5075 1180 5130 ab
1209 5075 1295 5130 eis
1325 5075 1625 5145 quamdam
1652 5073 1895 5140 disposi-

236 5172 460 5226 tionem
489 5167 636 5222 ﬁeri.
674 5167 744 5221 At
766 5167 855 5220 illi
881 5166 1122 5236 genibus
1141 5164 1266 5231 ejus
1289 5161 1594 5232 provoluti,
1629 5159 1895 5214 dicebant

239 5274 296 5314 se
327 5272 450 5314 non
486 5269 648 5325 posse
676 5255 802 5323 ejus
828 5267 1025 5324 parere
1062 5253 1265 5321 jussis.
1290 5251 1362 5304 At
1394 5249 1492 5304 ille
1524 5249 1656 5303 illos
1687 5248 1895 5311 ﬁngere

239 5347 499 5403 dicebat.
531 5347 671 5401 Tum
696 5343 784 5398 illi
821 5342 1099 5413 inquiunt
1122 5359 1133 5394 :
1158 5341 1216 5395 Si
1236 5353 1338 5394 nos
1358 5352 1466 5393 non
1489 5337 1747 5404 creditis,
1767 5341 1896 5391 ante

241 5436 431 5491 sancti
470 5432 742 5489 Demetrii
775 5431 1098 5500 sepulcrum
1123 5427 1450 5498 jurabimus
1473 5439 1582 5480 non
1611 5437 1773 5494 posse
1791 5424 1895 5478 hoc

242 5537 274 5578 ει
292 5523 476 5579 nobis
503 5521 751 5592 impleri.
779 5519 973 5577 Atille
1001 5519 1058 5572 in
1086 5514 1496 5585 blasphemiam
1528 5512 1796 5580 martyris
1824 5511 1898 5565 ir-

1998 3139 2302 3208 episcopus
2368 3150 2554 3191 veram
2623 3147 2746 3189 esse
2815 3146 2983 3202 quam
3055 3131 3276 3185 viderat
3344 3128 3643 3182 visionem.

1998 3227 2136 3286 Cum
2176 3223 2758 3290 Thessalonicensem,
2807 3226 2870 3275 ut
2916 3232 3089 3288 supra
3134 3215 3404 3284 vidimus,
3440 3227 3644 3285 pagum

2001 3328 2137 3384 gens
2164 3312 2401 3366 barbara
2440 3312 2776 3376 devastaret,
2811 3307 2881 3362 ob
2936 3306 3168 3360 illorum
3196 3303 3646 3373 persecutionem

2002 3400 2146 3455 fame
2196 3399 2596 3469 premebantur
2645 3395 2845 3451 incolae
2894 3407 2991 3463 per
3043 3391 3318 3460 proxima.
3373 3389 3454 3444 Ad
3499 3388 3652 3444 ulti-

2003 3502 2156 3542 mum
2195 3502 2324 3542 vero
2366 3486 2611 3540 mortuis
2641 3480 3065 3538 habitatoribus
3112 3492 3251 3548 pene
3291 3481 3406 3532 tam
3454 3475 3646 3546 gladio

2001 3589 2170 3646 quam
2216 3573 2380 3644 fame,
2415 3573 2561 3628 inito
2609 3569 2843 3626 barbari
2877 3566 3144 3635 consilio,
3181 3563 3376 3620 subito
3403 3563 3640 3618 irruunt

1999 3677 2171 3732 super
2208 3663 2516 3730 civitatem,
2561 3663 2824 3730 putantes
2873 3655 3030 3711 illam
3075 3665 3305 3708 vacuam
3352 3648 3641 3720 praesidiis

2002 3751 2318 3818 hominum,
2367 3748 2516 3818 quod
2565 3760 2624 3802 se
2695 3759 2784 3800 res
2844 3741 3103 3806 habebat,
3158 3745 3214 3793 et
3279 3737 3424 3793 fame
3469 3737 3643 3791 deso-

2000 3841 2188 3895 latam.
2233 3840 2371 3892 Nam
2423 3849 2525 3890 nos
2570 3833 2736 3904 pauci
2780 3844 3041 3886 eramus:
3074 3827 3163 3882 illi
3208 3840 3336 3881 vero
3390 3825 3646 3880 locusta-

2001 3943 2125 3984 rum
2153 3925 2497 3982 excedebant
2527 3935 2845 3978 numerum.
2896 3919 3050 3972 Tunc
3077 3914 3375 3971 aadiﬁcatis
3411 3911 3647 3984 aggeri-

1999 4017 2126 4085 bus,
2153 4012 2454 4082 machinis,
2482 4010 2763 4066 arietibus
2782 4005 3002 4071 ferreis,
3037 4003 3287 4072 balistis,
3311 4000 3645 4072 ingentibus

1998 4101 2408 4169 testudinibus,
2455 4104 2656 4154 cuncta
2702 4095 2951 4165 pellibus
2981 4093 3150 4147 boum
3194 4096 3250 4144 et
3295 4087 3641 4143 camelorum

2000 4192 2437 4260 cooperuerunt,
2457 4199 2526 4240 ne
2550 4199 2582 4239 a
2603 4183 2829 4239 civibus
2847 4183 2976 4252 igne
3005 4179 3262 4234 immisso
3287 4177 3642 4231 destrueren-

2002 4287 2113 4336 tur.
2160 4275 2504 4334 lnsistebant
2531 4277 2718 4327 autem
2745 4268 2969 4324 civibus
2999 4273 3112 4321 tam
3139 4264 3406 4335 graviter,
3432 4267 3497 4318 ut
3531 4274 3638 4316 ne—

2002 4381 2091 4422 mo
2120 4379 2274 4435 spem
2322 4363 2452 4418 vitaa
2502 4359 2749 4414 haberet.
2799 4355 3021 4409 Tandiu
3069 4357 3256 4408 autem
3297 4349 3644 4405 obsederunt

1998 4453 2308 4519 civiiatem,
2337 4461 2636 4519 quousque
2659 4449 2864 4500 cuncta
2889 4439 3106 4495 cibaria
3131 4438 3501 4506 dissiparent,
3525 4439 3640 4489 tam

2001 4538 2333 4596 hominibus
2351 4549 2517 4606 quam
2536 4531 2815 4603 jumentis
2840 4534 2988 4598 apta.
3013 4527 3161 4581 Inito
3181 4531 3368 4580 autem
3390 4521 3638 4578 consilio

2001 4635 2066 4684 ut
2110 4627 2303 4682 futura
2340 4625 2435 4679 die
2467 4623 2651 4692 primo
2695 4633 2856 4674 mane
2902 4615 3255 4672 unanimiter
3290 4611 3640 4668 debellarent

2001 4716 2310 4782 civitatem,
2327 4710 2581 4780 undique
2597 4705 3100 4763 circumdederunt
3113 4702 3271 4757 illam
3282 4715 3412 4757 cum
3427 4699 3643 4754 instru-

2003 4803 2210 4860 mentis
2249 4799 2491 4855 bellicis.
2546 4796 2801 4864 Cumque
2843 4794 2960 4862 jam
2999 4789 3272 4860 capienda
3302 4786 3448 4844 foret
3478 4787 3636 4858 urbs,

2001 4893 2186 4948 visum
2235 4893 2319 4944 est
2357 4887 2481 4942 illis
2523 4884 2686 4954 quasi
2731 4894 2961 4936 examen
3009 4893 3178 4948 apum
3211 4875 3641 4932 multitudinem

2001 4985 2348 5036 armatorum
2366 4973 2556 5046 egredi
2582 4971 2652 5026 de
2672 4969 2924 5037 civitate,
2943 4979 3110 5037 quam
3135 4963 3482 5035 praecedebat
3501 4962 3646 5032 qui-

2001 5070 2130 5124 dam
2183 5065 2410 5137 juvenis
2449 5060 2634 5130 rufus,
2683 5055 3104 5128 pulcherrimus
3131 5056 3382 5122 aspectu,
3411 5051 3641 5122 signum

2003 5157 2194 5212 crucis
2225 5154 2410 5209 ferens
2443 5152 2499 5206 in
2525 5148 2807 5216 manibus,
2829 5157 2994 5214 quem
3015 5141 3226 5197 ferebat
3245 5155 3428 5210 equus
3451 5138 3637 5205 albus,

2005 5251 2060 5300 et
2085 5258 2210 5299 cum
2238 5243 2452 5310 impetu
2485 5240 2704 5293 irruere
2731 5248 2902 5304 super
2934 5231 3084 5288 illos.
3111 5230 3220 5299 Qui
3252 5234 3465 5284 terrore
3499 5238 3644 5280 con—

2005 5333 2161 5388 cussi
2177 5331 2372 5386 relicta
2392 5328 2645 5395 civitate,
2672 5321 3002 5393 prasidium
3022 5315 3492 5388 arripiuntfugm,
3507 5313 3646 5366 Pau-

2005 5422 2058 5475 ci
2079 5427 2282 5488 tamen,
2316 5416 2510 5486 fugere
2528 5428 2638 5469 non
2655 5412 2923 5479 valentes,
2959 5407 3390 5478 permanserunt
3410 5400 3532 5454 illic
3548 5411 3646 5488 se:-

2011 5507 2206 5564 ruivivi
2231 5524 2247 5575 ;
2273 5483 2419 5576 quia
2444 5502 2670 5557 civibus
2697 5494 3110 5567 comprehensi,
3144 5490 3445 5562 quaesitum
3469 5488 3556 5540 est
3573 5483 3644 5540 ab
