4034 6158
426 261 540 320 123
1667 259 2022 319 asasrasn
2069 219 2607 316 ammoniacum
3694 240 3808 310 ω’

434 390 522 444 eis
543 404 649 446 cur
667 391 824 445 tanta
845 389 1158 446 multitudo
1182 390 1396 462 absque
1418 391 1535 448 ulla
1563 405 1622 448 re
1647 390 1890 463 fugeret.
1915 390 2072 444 Tunc
2101 387 2158 446 A
2185 393 2242 442 et
2273 387 2598 442 misericors
2641 385 2810 451 Deus,
2848 381 2948 451 qui
2998 377 3283 435 exau’disti
3325 378 3516 433 Jonam
3544 378 3610 433 de
3636 383 3800 436 ventre

437 477 665 532 barbari
693 495 706 530 :
731 477 1041 533 Multitudo
1066 479 1341 548 virorum,
1371 495 1538 550 quam
1569 478 1923 546 occultastis,
1947 489 2078 530 cum
2187 477 2320 545 ceti,
2371 481 2425 530 et
2477 479 2595 529 tres
2649 483 2855 541 pueros
2897 469 2966 524 de
3009 467 3236 522 camino
3269 465 3420 536 ignis
3447 465 3708 532 ardentis,
3757 473 3803 523 et

441 565 585 620 duce
632 561 948 619 fortissimo
993 570 1314 620 nostrorum
1347 565 1566 637 fugavit
1595 572 1864 620 catervas.
1889 563 1960 618 At
1993 561 2082 616 illi
2189 565 2505 619 Susannam
2533 561 2604 615 de
2634 559 2778 614 falso
2809 557 3072 624 crimine,
3103 553 3312 610 exaudi
3347 552 3612 622 populum
3644 559 3800 626 tuum,

447 650 849 706 intellexerunt
869 651 1065 706 ducem
1089 666 1212 708 esse
1231 654 1580 709 Demetrium
1605 657 1926 722 martyrem,
1954 661 2083 704 cum
2191 656 2247 707 et
2289 650 2468 704 libera
2511 661 2639 704 eum
2697 647 2768 702 de
2826 645 3066 701 interitu
3126 641 3521 698 barbarorum.
3567 641 3633 696 Et
3672 641 3806 698 illico

445 738 700 794 exercitu
745 738 1074 808 angelorum
1127 739 1317 795 hostes
1365 739 1724 811 et‘fugantem.
1775 739 1932 794 Tunc
1961 735 2088 791 col-
2193 737 2391 794 audita
2438 740 2524 792 est
2551 751 2660 792 vox
2686 735 2859 791 missa
2887 747 2920 789 a
2947 732 3226 788 Domino:
3259 729 3382 785 Fiat
3419 729 3504 784 eis
3531 729 3804 784 secundum

449 825 616 880 lectis
636 825 886 881 hostium
910 825 1114 894 spoliis
1147 827 1468 896 conglobati
1491 827 1560 882 ad
1610 827 1905 883 ecclesiam
1935 823 2085 880 beati
2196 825 2501 881 volutatem
2533 828 2705 880 tuam.
2741 824 2811 877 Et
2854 821 3130 877 continuo
3182 832 3310 874 cum
3393 830 3591 889 magno
3630 817 3808 886 gaudio

445 913 717 968 Demetrii
777 913 1083 969 immensas
1107 916 1220 969 Deo
1249 916 1469 986 gratias
1490 915 1834 980 retulerunt,
1865 913 1966 983 qui
1990 925 2089 982 per
2199 902 2471 969 salutavit
2521 912 2666 968 duos
2693 912 2930 980 juvenes
2980 909 3049 964 ad
3081 921 3142 963 se
3173 907 3403 976 missos,
3436 905 3642 977 gratias
3665 919 3806 977 agens

451 1001 576 1069 ejus
596 1000 1057 1056 intercessionem
1089 1015 1283 1058 eorum
1306 1003 1376 1057 ab
1395 997 2096 1058 hostibusliberavitcivi-
2198 1004 2336 1072 Deo,
2381 1001 2518 1072 quia
2549 998 2846 1056 exaudivit
2891 1011 3041 1054 eum.
3079 996 3214 1052 Sine
3264 993 3443 1050 dubio
3487 992 3676 1049 sciatis
3701 993 3811 1063 quia

453 1088 806 1144 tatem.Cum
831 1089 1024 1156 plures
1059 1089 1221 1158 plura
1248 1089 1617 1160 loquerentur
1635 1091 1705 1145 de
1725 1089 2095 1144 barbarorum
2206 1104 2304 1160 per
2353 1091 2528 1146 istum
2569 1093 2828 1144 sanctum
2885 1086 3059 1142 vitam
3105 1088 3162 1140 et
3202 1082 3501 1139 victoriam
3533 1081 3810 1150 recepistis,

455 1173 609 1246 fuga,
651 1189 962 1247 exsurgens
1005 1177 1236 1246 quidam
1268 1191 1336 1232 ex
1385 1179 1600 1233 nostris
1630 1177 1908 1233 fratribus
1944 1174 2098 1230 dixit
2208 1179 2526 1234 auxiliante
2555 1177 2797 1232 Domino
2827 1181 3022 1231 nostro
3050 1173 3183 1228 Jesu
3207 1171 3460 1241 Christo,
3507 1169 3603 1240 qui
3632 1169 3757 1224 vivit
3771 1176 3814 1225 et

457 1262 660 1318 nobis:
693 1262 833 1318 Cum
861 1265 1101 1333 quadam
1135 1269 1296 1320 nocte
1325 1265 1500 1335 hujus
1549 1264 1930 1332 hebdomadis,
1978 1265 2104 1332 post
2211 1270 2410 1336 regnat
2440 1266 2496 1320 in
2525 1265 2732 1320 saecula
2758 1262 3118 1319 szeculorum.
3159 1261 3356 1316 Amen.

458 1350 792 1420 matutinos,
816 1357 1122 1420 perstarem
1140 1351 1200 1407 in
1236 1353 1445 1422 templo
1465 1353 1644 1408 sancti
1667 1350 1938 1408 Demetrii
1961 1361 2102 1404 mar-
2283 1353 2620 1408 Miraculum
2645 1352 2793 1423 quod
2817 1349 3172 1420 temporibus
3190 1347 3408 1404 nostris
3430 1346 3601 1418 gessit
3617 1351 3818 1403 sanctus

459 1437 623 1506 tyris,
650 1442 705 1492 et
724 1451 941 1493 orarem
973 1443 1106 1494 ante
1133 1446 1387 1494 sanctum
1411 1440 1734 1510 sepulcrum
1760 1439 1904 1509 ejus,
1938 1437 2108 1492 inva—
2214 1447 2428 1513 martyr
2483 1440 2825 1508 Demetrius,
2876 1439 3026 1494 inter
3071 1443 3273 1493 caetera
3325 1434 3601 1491 miracula
3646 1439 3695 1488 et
3734 1435 3817 1490 hoc

463 1525 542 1580 sit
580 1538 666 1580 me
695 1540 865 1596 sopor
894 1527 1131 1596 nimius,
1181 1527 1260 1582 ita
1283 1532 1347 1582 ut
1377 1541 1479 1583 nec
1509 1525 2103 1593 omninodormirem,
2217 1531 2465 1586 inserere
2516 1529 2663 1584 volo.
2725 1531 2858 1583 Erat
2905 1527 3140 1598 quidam
3179 1525 3484 1594 episcopus
3529 1523 3597 1578 de
3627 1522 3818 1592 regione

465 1625 566 1668 nec
593 1625 662 1668 ex
683 1618 798 1669 toto
844 1613 1162 1686 vigilarem.
1195 1615 1263 1670 Et
1312 1628 1438 1671 ecce
1483 1615 1600 1671 duo
1623 1615 1736 1670 viri
1767 1614 1896 1669 visu
1928 1610 2108 1666 terri—
2213 1617 2503 1688 Afrorum,
2541 1617 2769 1673 nomine
2795 1615 3132 1686 Cyprianus,
3163 1614 3282 1669 veri
3313 1609 3613 1668 sacerdotii
3645 1609 3822 1664 sollici-

465 1701 612 1756 biles
641 1707 1036 1772 apparuerent,
1086 1709 1142 1758 et
1177 1703 1451 1759 dixerunt
1475 1703 1698 1759 custodi
1722 1701 1954 1771 templi:
1997 1697 2106 1753 Ubi
2132 1693 2186 1755 Β
2216 1707 2473 1763 tudinem
2498 1710 2554 1760 ei
2583 1705 2755 1760 vitam
2782 1706 2895 1760 Dee
2915 1703 3318 1774 dignissimam
3341 1701 3571 1756 ducens.
3595 1701 3824 1754 ρι-οειιη.

467 1793 552 1844 est
602 1789 872 1846 dominus
933 1791 1108 1860 hujus
1147 1791 1390 1862 templi?
1441 1791 1788 1861 Respondit:
1844 1788 1961 1844 Sub
2001 1787 2110 1842 illo
2215 1794 2301 1849 vit
2351 1793 2436 1848 ire
2481 1793 2550 1848 ad
2602 1792 2854 1863 reginam
2908 1790 3198 1846 civitatem
3246 1789 3597 1859 Byzantium,
3627 1789 3824 1856 urgente

466 1876 689 1933 ciborio
716 1883 919 1952 manet.
951 1878 1024 1933 At
1055 1879 1182 1934 illi:
1229 1879 1398 1950 Vade,
1445 1879 1542 1934 dic
1568 1879 1656 1934 illi
1707 1877 1844 1948 quia
1872 1877 1940 1931 ad
1981 1887 2110 1930 eum
2219 1895 2444 1952 quoque
2481 1893 2652 1936 causa
2697 1879 2778 1934 rei
2811 1878 3160 1934 necessariae.
3197 1877 3455 1947 Cumque
3510 1874 3825 1946 navigassent

471 1979 672 2021 sumus
719 1949 902 2022 missi.
946 1967 1054 2022 lvit
1106 1967 1223 2037 ille,
1255 1970 1312 2022 et
1361 1949 1459 2022 ἱεῐὶ
1489 1966 1670 2023 secuti
1702 1970 1838 2021 sunt
1864 1976 2014 2019 eum.
2045 1962 2114 2016 Et
2223 1949 2424 2025 muliis
2471 1969 2696 2036 diebus,
2728 1973 2785 2023 et
2807 1969 2924 2037 jam
2974 1966 3238 2037 partibus
3265 1965 3503 2022 Graecia:
3548 1961 3828 2032 appropin-

470 2053 693 2108 vocavit
717 2066 844 2110 eum
897 2055 1127 2110 dicens:
1177 2055 1378 2110 Sancte
1423 2054 1692 2124 Demetri,
1742 2053 1950 2108 adsunt
1999 2051 2117 2106 duo
2224 2063 2512 2128 quassent,
2538 2070 2571 2112 a
2599 2055 2978 2112 ferocissimis
3016 2053 3233 2110 Sclavis
3257 2057 3463 2123 captus
3487 2057 3570 2107 est
3595 2064 3710 2106 cum
3735 2063 3831 2104 om-

475 2139 693 2196 milites
715 2153 748 2195 a
785 2140 1020 2197 domino
1064 2156 1169 2198 suo
1219 2143 1289 2198 ad
1323 2147 1376 2197 te
1407 2141 1593 2197 missi.
1622 2143 1690 2196 Et
1714 2139 1905 2196 statlm
1935 2149 2119 2208 appa—
2225 2145 2398 2202 nibus
2435 2145 2578 2200 suis.
2612 2144 2767 2213 Quos
2797 2145 3053 2212 captivos
3084 2143 3234 2198 inter
3262 2155 3324 2198 se
3357 2155 3487 2196 cum
3515 2137 3826 2206 divisissent,

477 2228 597 2284 ruit
629 2225 698 2285 ad
743 2229 900 2286 intus
925 2230 1326 2286 sanctissimus
1371 2230 1587 2286 Christi
1615 2234 1845 2299 martyr,
1879 2232 1935 2282 et
1959 2226 2119 2282 stetit
2225 2234 2401 2290 simul
2432 2247 2561 2290 eum
2591 2233 2677 2288 eis
2705 2237 2762 2288 ei
2792 2231 3127 2302 praedictum
3156 2231 3491 2301 episcopum
3537 2229 3594 2283 in
3631 2225 3833 2282 sei-vim.

473 2317 638 2386 iuxta
663 2317 891 2386 ianuas,
927 2321 985 2372 et
1013 2318 1156 2373 mihi
1181 2331 1409 2388 quoque
1436 2317 1674 2388 indigno
1690 2315 1975 2386 apparuit.
2003 2315 2119 2385 Ego
2227 2327 2338 2378 tem
2378 2321 2492 2377 sibi
2518 2321 2858 2377 diviserunt.
2893 2321 2996 2376 His
3022 2320 3100 2375 ita
3129 2319 3307 2390 gestis
3329 2318 3625 2374 redeuntes
3648 2313 3709 2370 ad
3739 2327 3834 2382 pro-

481 2417 612 2460 vero
640 2404 832 2460 corrui
864 2407 922 2460 in
954 2405 1176 2476 faciem,
1206 2419 1316 2460 non
1349 2404 1534 2460 ferens
1562 2405 1775 2460 intueri
1797 2403 2120 2474 angelicum
2233 2411 2357 2480 pria
2376 2410 2516 2474 inea,
2547 2414 2716 2478 prout,
2742 2409 2988 2480 quisque
3010 2407 3296 2463 barbarus
3323 2406 3514 2462 voluit
3539 2417 3635 2460 suo
3649 2401 3833 2471 captivo

481 2492 704 2547 vultum
725 2495 869 2562 ejus.
903 2495 1036 2549 Erat
1061 2494 1212 2548 enim
1251 2493 1470 2562 species
1499 2493 1624 2561 ejus
1665 2505 1778 2547 non
1803 2492 1968 2559 juxta
1987 2502 2126 2558 spe—
2234 2513 2380 2554 onus
2436 2497 2735 2553 servitutis
2785 2497 3082 2566 imposuit.
3131 2495 3453 2566 Episcopus
3501 2504 3723 2561 namque
3744 2489 3832 2558 Cy-

485 2579 628 2634 ciem
657 2594 782 2650 qua:
812 2581 871 2635 in
907 2581 1340 2652 antiquioribus
1368 2582 1493 2650 ejus
1533 2579 1885 2650 imaginibus
1908 2583 1994 2633 est
2020 2577 2129 2632 de-
2237 2587 2476 2657 prianus
2499 2583 2810 2654 cophinum
2829 2584 3052 2641 domini
3090 2583 3180 2639 sui
3227 2581 3508 2650 servabat,
3541 2593 3632 2650 per
3673 2575 3837 2650 provi-

487 2665 661 2738 picta,
703 2669 799 2724 sed
858 2669 1012 2724 sicut
1051 2669 1136 2724 sol
1167 2667 1342 2724 facies
1391 2669 1518 2737 eius
1570 2667 1762 2723 radios
1812 2665 2128 2721 emittebat.
2237 2673 2490 2730 dentiam
2517 2674 2804 2742 sapienter
2831 2673 2992 2728 cibos
3021 2674 3148 2742 ejus
3166 2670 3571 2740 distribuebat,
3593 2668 3838 2733 vitamque

489 2756 758 2824 Quamvis
789 2769 1004 2826 pronus
1028 2757 1292 2825 iacerem.
1326 2761 1512 2812 tamen
1543 2755 1854 2826 diligenter
1886 2752 2134 2808 intende
2241 2775 2402 2817 suam
2425 2761 2484 2816 in
2516 2761 2895 2832 orationibus,
2923 2760 3148 2832 vigiliis
3177 2757 3494 2836 etjejuniis
3517 2751 3838 2812 laudabiliter

490 2845 620 2902 bam
652 2859 778 2915 quae
825 2845 1196 2913 loquerentur
1218 2843 1287 2899 ad
1334 2844 1596 2899 invicem.
1647 2843 1854 2898 Audivi
1893 2855 2083 2910 namqt

2246 2848 2615 2904 confortabat.
2647 2848 3026 2904 Considerans
3040 2848 3361 2903 absentiam
3392 2845 3581 2917 populi
3606 2843 3839 2899 sibicom-

494 2933 632 3005 quia
661 2933 1054 2989 salutaverunt
1075 2933 1186 2988 viri
1204 2933 1446 3004 benigne
1466 2935 1744 2988 sanctum.
1777 2933 1850 2986 At
1871 2930 1969 2986 ille
1983 2927 2137 2984 dixit
2243 2938 2430 3007 missi,
2452 2937 2756 2992 Dominum
2789 2937 3104 3008 principem
3135 2941 3430 3007 pastorum
3461 2929 3838 3004 deprecabatur,

494 3021 564 3076 ad
595 3033 725 3076 eos:
760 3021 959 3077 Gratia
989 3020 1088 3075 Dei
1112 3020 1427 3092 vobiscum.
1459 3021 1576 3076 Cur
1597 3024 1786 3076 autem
1805 3018 1968 3074 missi
1995 3016 2136 3072 estis
2164 3039 2213 3102 ρ
2245 3029 2310 3080 ut
2353 3025 2479 3094 ejus
2527 3024 2803 3094 regimine
2841 3025 3175 3080 salvaretur.
3211 3023 3558 3092 Dicebatque
3581 3019 3640 3075 ad
3672 3013 3840 3076 Domi-

495 3109 565 3164 ad
591 3121 678 3163 me
705 3107 734 3162 ?
764 3108 974 3164 Dicunt
1000 3107 1108 3163 viri
1135 3126 1147 3162 :
1181 3107 1458 3164 Dominus
1487 3121 1590 3164 nos
1620 3107 1781 3162 misit
1817 3107 1884 3162 ad
1914 3104 2140 3161 sancti—
2246 3127 2419 3168 num:
2453 3113 2593 3168 Cum
2618 3126 2796 3167 essem
2829 3113 2954 3168 sine
2977 3112 3176 3182 aliquo
3202 3111 3436 3177 merito,
3469 3113 3726 3179 pastorem
3748 3113 3843 3173 gre

497 3199 674 3252 tatem
704 3199 882 3264 tuam,
913 3195 1030 3251 haec
1077 3195 1185 3250 tibi
1225 3195 1608 3252 denuntians:
1650 3195 1922 3250 Celeriter
1945 3193 2142 3249 exiens
2248 3200 2338 3272 gis
2367 3200 2454 3256 tui
2480 3213 2567 3256 me
2594 3200 2990 3271 constituisti;
3023 3199 3306 3270 quomodo
3337 3211 3497 3254 nunc
3518 3191 3847 3253 communica-

500 3283 629 3339 veni
659 3283 727 3339 ad
757 3296 861 3352 me,
893 3283 1099 3338 civitas
1119 3283 1271 3338 enim
1293 3283 1552 3338 inimicis
1581 3284 1856 3338 tradetur.
1877 3283 1991 3353 Ego
2011 3293 2142 3335 vero
2251 3295 2346 3345 tus
2391 3302 2540 3359 sum,
2583 3293 2704 3344 uta
2731 3289 2832 3344 tali
2865 3289 3066 3345 ordine
3095 3287 3164 3342 ad
3191 3287 3498 3343 servitium
3526 3283 3846 3340 barbarorum

501 3383 630 3426 cum
651 3369 1248 3442 audissem,turbatus
1267 3367 2142 3440 pra'doloresermonis,surrexi
2253 3377 2361 3432 sim
2417 3376 2771 3446 deputatus?
2813 3376 2917 3432 Sed
2951 3375 3290 3432 reminiscor
3337 3375 3483 3446 quia
3527 3387 3622 3444 pro
3645 3365 3850 3440 peccatis

503 3471 676 3528 super
700 3471 904 3513 manus
935 3471 1107 3530 meas,
1142 3461 1199 3514 et
1227 3459 1552 3528 suspiciens
1575 3472 1803 3514 sursum
1833 3455 2144 3526 paulisper.
2254 3465 2397 3520 meis
2427 3465 2532 3520 hoc
2561 3465 2772 3520 accidit
2803 3464 2970 3536 mihi,
2995 3469 3052 3520 et
3078 3464 3205 3519 ideo
3231 3463 3336 3518 hac
3367 3460 3716 3519 tribulatione
3743 3457 3852 3510 irre-

503 3545 624 3600 Vidi
647 3542 848 3602 faciem
873 3545 1124 3616 piissimi
1144 3547 1414 3617 martyris
1433 3546 1612 3602 nimis
1634 3551 1908 3600 mmstam.
1931 3546 2146 3598 Etcum
2256 3551 2401 3607 titus
2431 3552 2696 3607 retineor,
2742 3552 2885 3622 Quis
2913 3552 3119 3608 ovibus
3150 3551 3288 3606 meis
3315 3549 3600 3606 indicabit,
3622 3545 3752 3618 quod
3777 3554 3850 3612 pa-

506 3633 852 3702 Pmiel‘isset
885 3632 1043 3702 hora)
1076 3632 1196 3687 Vidi
1245 3633 1525 3702 lacrimas
1549 3633 1621 3688 ab
1663 3632 1849 3688 oculis
1893 3631 2018 3699 eius
2043 3630 2151 3684 ἀθ-
2257 3645 2378 3694 stor
2421 3652 2616 3695 earum
2645 3652 2677 3694 a
2707 3639 3025 3696 barbaricis
3057 3639 3260 3695 bestiis
3300 3642 3507 3709 captus
3533 3637 3606 3692 sit
3632 3635 3658 3689 Ὺ
3682 3635 3786 3687 llaec
3807 3633 3850 3684 et

506 3726 802 3776 οιπΐθηιθε
845 3732 1018 3789 super
1065 3733 1236 3789 genas
1284 3719 1488 3788 iPSiUS-
1547 3721 1704 3774 Tunc
1753 3719 1908 3775 diXii
1957 3721 2151 3773 custos
2260 3725 2462 3781 horum
2493 3726 2712 3782 similia
2732 3727 2960 3782 deflenti
2991 3727 3182 3783 astitit
3207 3727 3539 3782 adolescens
3576 3721 3786 3794 pulcher
3810 3721 3854 3770 et

507 3807 707 3886 templi
737 3807 806 3861 ad
833 3808 980 3862 duos
1002 3807 1239 3875 juvenes
1268 3821 1412 3876 quos
1451 3807 1812 3862 introduxit:
1841 3807 1957 3862 Cur
1973 3806 2100 3860 dom

2260 3813 2441 3870 forma
2467 3815 2727 3884 decorus,
2780 3816 3088 3872 militarem
3127 3815 3374 3885 speciem
3427 3819 3483 3870 et
3511 3812 3745 3868 habitum
3781 3804 3853 3859 fe—

512 3908 647 3950 num
679 3907 864 3950 meum
899 3893 1349 3949 tribulastis?Si
1372 3908 1498 3950 vere
1521 3894 1872 3964 prtescissem
1910 3899 2152 3949 vestram
2263 3915 2413 3974 rens,
2440 3903 2706 3974 dixitque
2729 3903 2796 3959 ad
2838 3917 3000 3960 eum:
3029 3903 3086 3958 Si
3109 3903 3198 3958 vis
3226 3917 3259 3959 a
3289 3903 3562 3958 servitute
3591 3911 3693 3969 qua
3725 3891 3852 3950 deti-

513 3981 910 4050 intentionem,
941 3993 1051 4036 non
1102 3994 1203 4037 vos
1248 3982 1315 4037 ad
1348 3995 1476 4037 eum
1527 3983 1908 4039 deduxissem.
1941 3983 2156 4038 Deinde
2263 3991 2420 4046 neris
2444 3991 2701 4062 liberari,
2723 3998 2779 4047 et
2801 4006 2834 4048 a
2863 3993 3181 4048 barbaricis
3198 3992 3372 4063 eripi,
3399 4004 3564 4063 surge
3591 3993 3644 4045 et
3659 3991 3854 4054 sequere

514 4072 748 4124 sanctus
771 4068 871 4122 Dei
914 4068 1066 4124 dixit
1114 4069 1415 4126 ministro:
1463 4070 1531 4125 Hi
1564 4071 1713 4126 servi
1761 4072 1870 4127 mei
1913 4076 2068 4141 sunt,
2100 4075 2158 4126 et
2265 4092 2370 4134 me.
2403 4078 2648 4134 Observa
2672 4085 2860 4136 autem
2881 4082 3030 4150 apud
3059 4085 3131 4150 te,
3155 4079 3586 4136 ambulantibus
3613 4073 3776 4140 nobis,
3799 4079 3854 4123 ne

515 4169 642 4226 (ποτε
681 4157 841 4225 iussa
884 4161 1020 4212 sunt
1065 4157 1172 4217 ei5.
1222 4157 1340 4214 hinc
1395 4165 1450 4214 ei
1501 4159 1644 4214 mihi
1686 4160 2150 4216 annuiiavei‘unt.
2265 4167 2497 4224 omnino
2516 4169 3083 4238 loquarismihi;sed
3104 4169 3343 4225 silentio
3361 4160 3854 4228 studentesutrique

515 4243 793 4313 Deinceps
819 4244 1012 4314 inquit
1035 4249 1268 4302 sanctus
1297 4251 1510 4316 martyr
1524 4247 1641 4302 alta
1665 4260 1829 4302 voce:
1859 4247 2158 4304 ODomine
2267 4257 2377 4311 iter
2405 4270 2640 4328 agamus
2670 4257 2730 4312 in
2789 4263 2973 4314 mente
3001 4259 3178 4314 Deum
3207 4261 3455 4313 orantes.
3495 4255 3642 4310 Tunc
3663 4248 3856 4319 episco—

513 4334 645 4389 Jesu
682 4331 926 4401 Christe,
987 4337 1048 4389 tu
1089 4333 1332 4389 dixisti:
1375 4336 1512 4390 Nolo
1575 4339 1796 4389 mortem
1835 4338 2154 4405 peccatoris,
2182 4343 2238 4406 D
2271 4359 2377 4416 pus
2407 4345 2702 4414 respondit
2733 4346 2785 4401 ei
2812 4365 2824 4400 :
2857 4345 3000 4414 Quis
3044 4359 3106 4401 es
3131 4349 3213 4414 tu,
3245 4351 3302 4400 et
3329 4345 3478 4400 unde
3503 4351 3742 4414 egressus
3766 4334 3855 4388 huc

519 4421 615 4477 sed
642 4426 703 4476 ut
743 4426 1088 4476 convertatur
1133 4427 1182 4476 εἰ
1226 4425 1408 4486 vivat:
1455 4427 1512 4477 et
1561 4423 1732 4477 item:
1767 4425 2041 4480 Galldium
2083 4429 2160 4479 est
2267 4434 2593 4490 advenisti?
2620 4434 2693 4488 At
2718 4434 2816 4490 ille
2843 4434 2996 4490 dixit
3013 4433 3082 4490 ad
3108 4447 3275 4490 eum:
3309 4431 3621 4488 Demetrius
3641 4423 3856 4488 dicor,et

519 4511 728 4579 angelis
766 4511 866 4565 Dei
915 4525 1076 4579 super
1099 4525 1207 4564 uno
1237 4515 1514 4579 peccatore
1548 4512 1922 4579 paenitentiam
1949 4517 2158 4580 agente.
2269 4522 2435 4579 miles
2462 4535 2587 4578 sum
2616 4522 2980 4591 imperatoris
3009 4522 3229 4593 magni;
3265 4523 3470 4578 demus
3487 4523 3664 4575 autem
3693 4523 3794 4567 mea
3810 4507 3856 4561 in

517 4599 657 4654 Nam
680 4604 736 4655 et
755 4604 819 4654 tu
861 4612 990 4653 cum
1022 4611 1176 4653 esses
1200 4599 1482 4654 Dominus
1511 4599 1771 4654 omnium
1803 4601 2160 4672 angelorum,
2272 4610 2458 4666 medie
2478 4610 2894 4666 Thessalonicae
2914 4611 3170 4665 civitatis
3213 4609 3503 4677 eensisiii,
3551 4605 3617 4661 ad
3645 4611 3790 4673 quam
3815 4593 3853 4648 si

522 4685 734 4740 dedisti
763 4685 1012 4740 animam
1071 4691 1226 4740 illam
1287 4698 1388 4754 ιπο
1434 4686 1823 4756 ι’θάθῐηρῐίοηθ
1867 4687 2162 4744 hominum
2275 4705 2608 4756 mesecutus
2633 4698 2832 4769 fueris,
2853 4699 3302 4768 sinedispendio
3331 4698 3616 4754 teducam.
3651 4693 3857 4760 Surgens

521 4771 876 4842 iniquorum.
900 4771 1284 4842 Tu,Domine,
1311 4774 1649 4830 commisisti
1685 4775 1826 4830 mihi
1875 4776 2114 4831 civitate:

2272 4804 2406 4862 ergo
2430 4794 2661 4846 secutus
2688 4795 2774 4844 est
2796 4801 2947 4858 eum,
2970 4793 3028 4844 et
3059 4787 3396 4843 incedebant
3441 4785 3599 4841 ambo
3626 4780 3851 4836 tacentes.

523 4859 693 4914 istam
732 4863 790 4914 et
815 4859 1240 4948 concivesejus,
1267 4866 1331 4916 ut
1353 4861 1664 4918 habitarem
1694 4863 2016 4932 perenniter
2034 4877 2164 4920 cum
2271 4859 2549 4935 Neeiibus
2596 4877 2826 4948 quidem
2886 4876 2996 4932 iter
3048 4875 3308 4948 agebant.
3366 4888 3465 4944 per
3511 4873 3654 4928 diem
3702 4869 3857 4948 autem

525 4947 633 5019 eis,
681 4946 1010 5004 custodiens
1053 4947 1204 5004 illos.
1251 4949 1544 5018 Quomodo
1575 4963 1708 5022 ergo
1740 4965 1968 5020 possum
1993 4952 2118 5008 dere

2273 4946 2657 5037 quiescebant.
2719 4967 2891 5021 Porro
2944 4946 3238 5022 recedebat
3278 4961 3594 5019 Demetrius
3633 4964 3774 5012 mane
3802 4946 3857 5002 ab

525 5036 804 5125 linquere
828 5034 962 5125 illos
1005 5035 1066 5090 in
1097 5040 1266 5125 tanta
1297 5037 1632 5125 necessitate
1655 5037 1684 5090 ‘2
1711 5042 1813 5094 aut
1841 5053 1953 5108 quo
2000 5040 2165 5096 vultu
2272 5034 2559 5125 episeopo,
2595 5059 2652 5109 ei
2680 5053 2887 5110 iterum
2917 5053 3409 5123 appropinquante
3457 5057 3673 5118 vespere
3698 5048 3862 5110 retire"

524 5120 949 5212 contemplabor
989 5123 1276 5212 excidium
1330 5124 1526 5193 patriae
1574 5125 1756 5180 mete?
1799 5126 1934 5195 QUiB
1975 5133 2164 5183 autem
2271 5120 2487 5212 diebat,
2528 5120 2788 5198 deferens
2835 5120 3025 5196 secum
3055 5120 3124 5196 ex
3161 5120 3406 5196 diversis
3441 5133 3730 5192 arboribus
3754 5125 3862 5181 fru—

523 5213 641 5268 vita
674 5210 815 5266 mihi
846 5211 957 5298 erit
969 5211 1216 5298 perditis
1239 5212 1466 5267 civibus
1497 5213 1680 5267 meis?
1706 5213 1868 5269 Sicut
1887 5216 2168 5284 epulanti-
2275 5235 2426 5286 cium
2454 5210 2583 5286 eum
2626 5228 2883 5284 oleribus
2929 5227 3254 5298 herbarum,
3289 5226 3438 5282 unde
3464 5221 3643 5279 aiebat
3676 5213 3857 5272 socium

527 5300 738 5357 buseis
757 5297 1100 5388 spiritaliter
1117 5311 1269 5388 eram
1286 5299 1574 5388 cumillis,
1589 5301 1680 5388 sic
1705 5301 2167 5370 periclitantibus
2277 5333 2467 5385 suum,
2498 5323 2724 5388 sumpto
2767 5317 2898 5372 eibe
2943 5297 3248 5386 carpebam
3279 5315 3402 5371 iter,
3452 5313 3580 5367 pesi
3604 5306 3715 5363 dies
3758 5302 3860 5388 octo

533 5388 744 5476 eisinon
770 5383 1136 5476 deseroillos.
1150 5384 1805 5476 Quidquideisdignum
1829 5389 1943 5457 pati
1967 5389 2163 5461 fuerit,
2273 5421 2402 5463 eum
2432 5383 2991 5476 epprepinquasseni
3010 5383 3203 5460 mures
3239 5405 3353 5474 iam
3408 5399 3572 5455 dicta;
3623 5385 3856 5476 civitatis,

535 5475 684 5533 malo
719 5474 894 5531 etiam
919 5487 1020 5544 ego
1049 5472 1167 5542 pati
1193 5485 1322 5528 cum
1363 5473 1526 5542 ipsis.
1553 5474 1658 5531 Sed
1695 5480 1781 5546 tu,
1807 5478 2169 5548 omnipotens
2268 5472 2486 5559 sistens
2509 5472 2846 5551 'Demeiiiius
2887 5472 3390 5564 Cyprianum'auie
3422 5491 3606 5558 portas
3643 5473 3861 5537 civitatis
