4034 6158
199 271 240 330 7
241 271 322 329 25

1062 271 1565 329 COLLECTANEA.
1606 302 1680 314 —
1714 274 1806 327 DE
1844 272 2167 330 PASSIONE
2204 277 2257 332 S.
2299 278 2628 334 DEMETRII
2677 283 2748 335 M.

3493 277 3602 339 726

200 397 519 466 disparuit.
558 397 696 453 Cum
748 402 939 453 autem
980 398 1198 454 fidelem
1248 399 1539 454 ductorem
1571 405 1625 453 et
1667 398 1855 454 comi-
1882 398 1943 457 A
1966 399 2069 452 Ubi
2115 402 2200 453 est
2231 399 2369 454 fides
2410 403 2507 455 tua
2532 400 2561 453 τ
2588 400 2633 454 Ο
2661 401 2848 470 homo,
2880 403 2998 457 noli
3026 403 3314 460 sollicitus
3353 419 3475 461 esse
3501 420 3607 463 co-

203 491 319 539 tem
352 484 565 539 bonum
590 485 893 554 episcopus
947 486 1279 555 requireret,
1321 490 1375 540 et
1408 500 1517 541 non
1553 486 1850 556 inveniret,

205 574 511 643 ingressus
541 578 627 627 est
661 573 969 628 civitatem.
1011 573 1356 644 Requirebat
1380 587 1511 629 vero
1538 572 1609 628 ab
1638 574 1723 629 eis
1753 572 1851 643 qui

200 660 430 716 obviam
479 661 590 717 sibi
644 661 945 716 veniebant
986 666 1043 715 et
1074 660 1530 732 alloquebantur,
1578 661 1677 716 ubi
1708 667 1857 716 esset

200 751 413 805 domus
444 749 717 804 Demetrii
751 748 976 803 militis.
1007 749 1263 817 Cumque
1302 747 1512 804 multos
1543 746 1855 803 faterentur

197 852 327 894 esse
356 839 417 892 in
465 838 697 893 civitate
734 836 1069 906 Demetrios,
1100 842 1156 891 et
1196 837 1351 906 ipsos
1382 836 1621 891 militari
1653 836 1854 891 ordine

199 925 392 997 fungi,
438 924 538 979 ille
584 923 945 993 perhibebat:
1000 924 1158 994 Ejus,
1192 924 1481 994 inquiens,
1519 924 1618 993 qui
1669 924 1857 993 requi-

198 1014 358 1070 ritur
386 1027 420 1068 a
448 1026 535 1068 me
559 1013 765 1068 domus
791 1017 878 1068 est
918 1012 979 1067 in
1028 1013 1213 1068 medio
1241 1012 1513 1068 civitatis.
1552 1014 1698 1083 Ergo
1722 1026 1850 1067 cum

194 1116 402 1157 omnes
441 1101 771 1156 htesitarent
798 1114 926 1155 cum
970 1114 1056 1170 eo,
1086 1100 1137 1155 is
1164 1100 1263 1169 qui
1297 1099 1675 1169 quaerebatur,
1720 1114 1851 1157 nus-

194 1204 371 1259 quam
420 1188 831 1245 inveniebatur.
891 1188 1251 1245 Habitatores
1296 1200 1427 1243 vero
1475 1188 1731 1244 civitatis
1759 1190 1850 1245 de-

193 1276 833 1345 duxeruntepiscopum
851 1276 918 1331 ad
940 1276 1207 1345 martyris
1225 1274 1542 1330 ecclesiam.
1561 1275 1633 1329 Ut
1656 1281 1843 1331 autem

195 1364 491 1435 introivit,
517 1364 710 1419 statim
731 1364 871 1419 sein
898 1364 1210 1419 orationem
1239 1362 1416 1418 dedit.
1440 1368 1496 1417 et
1516 1364 1711 1419 laudes
1727 1378 1850 1436 gra-

196 1454 390 1508 tificas
413 1453 689 1508 Salvatori
720 1454 832 1508 Deo
864 1452 1102 1521 retulit;
1135 1458 1190 1507 et
1215 1466 1455 1523 surgens
1491 1467 1719 1508 sursum
1758 1466 1851 1507 ex-

194 1543 385 1598 tensis
418 1541 685 1596 manihus
713 1554 843 1597 cum
869 1540 1167 1596 obtutibus
1197 1542 1518 1611 oculorum,
1544 1542 1691 1597 vidit
1714 1542 1852 1596 ima-

1967 486 2289 542 lumnarum
2321 487 2404 542 vel
2436 488 2697 544 ambonis
2726 502 2915 544 causa.
2944 491 3243 560 Navigium
3276 492 3487 562 quippe
3515 495 3606 551 ho-

1962 572 2058 628 die
2094 586 2126 631 a
2165 574 2357 646 pelago
2394 576 2707 647 descendit,
2728 577 2927 632 omnia
2959 592 3084 648 qua:
3126 579 3195 634 ad
3231 580 3609 648 preparatio-

1964 674 2089 716 nem
2117 663 2311 732 templi
2350 677 2494 732 Opus
2543 664 2749 719 habere
2773 665 2988 721 videris
3017 671 3268 734 portans.
3310 667 3411 722 Est
3439 680 3607 722 nam—

1965 764 2075 818 que
2120 752 2422 820 episcopus
2480 753 2537 806 in
2577 751 2892 808 Galliarum
2944 752 3223 822 partibus,
3282 754 3341 808 in
3376 754 3608 810 civitate

1963 839 2238 909 Massilia,
2264 840 2535 909 populum
2579 840 2694 895 sibi
2720 840 3087 897 commissum
3117 856 3476 915 conservans,
3504 842 3607 915 qui

1963 926 2209 981 aediﬁcat
2236 928 2509 997 templum
2546 927 2604 982 in
2623 928 2836 984 honore
2851 930 3034 985 sancti
3052 930 3317 1001 martyris
3337 931 3606 1002 Victoris,

1967 1016 2145 1070 nostri
2172 1016 2424 1070 consocii
2448 1015 2532 1070 vel
2565 1015 2782 1085 fratris,
2811 1022 2867 1072 et
2899 1017 3062 1086 cupit
3089 1018 3141 1073 ei
3167 1018 3450 1074 aedificare
3477 1033 3610 1077 am-

1961 1101 2161 1158 bonem
2192 1109 2248 1159 et
2274 1104 2579 1175 cibarium,
2613 1106 2766 1161 sicut
2790 1110 2853 1160 tu
2888 1105 2945 1161 in
2981 1119 3101 1161 mea
3130 1107 3317 1163 domo.
3356 1107 3605 1179 Quapro-

1960 1195 2082 1259 pter
2106 1192 2267 1247 misit
2287 1192 2576 1263 navigium
2602 1206 2731 1248 cum
2757 1194 2938 1249 servis
2962 1194 3088 1249 suis
3111 1194 3179 1248 ad
3210 1200 3454 1253 montem
3485 1213 3618 1268 por.

1959 1279 2335 1348 phyreticum.
2379 1284 2443 1334 ut
2470 1285 2720 1335 emerent
2747 1280 2798 1335 ei
2830 1280 3127 1336 columnas
3165 1287 3221 1337 et
3250 1283 3475 1340 tabulas
3510 1300 3613 1341 sa-

1959 1366 2036 1421 tis
2082 1366 2508 1436 pr0phyreticas
2552 1368 2621 1422 ad
2654 1381 2799 1437 opus
2828 1369 3009 1423 sancti
3062 1371 3328 1439 martyris
3357 1372 3611 1430 Victoris

1960 1454 2386 1520 perficiendum.
2418 1455 2522 1510 Sed
2552 1455 2933 1511 intercedente
2956 1457 3073 1525 jam
3114 1463 3310 1514 sancto
3342 1465 3604 1531 martyre.

1957 1543 2072 1611 jam
2112 1542 2404 1597 adinvenit
2449 1543 2755 1611 praedictus
2780 1543 3083 1613 episcopus
3116 1543 3266 1601 infra
3293 1546 3604 1619 civitatem,

197 1631 393 1703 ginem
440 1630 711 1685 Demetrii
761 1629 1029 1699 martyris
1066 1630 1125 1684 in
1168 1629 1367 1685 habitu
1412 1630 1502 1685 sui
1537 1629 1768 1685 comitis
1796 1634 1854 1685 et
1882 1690 1933 1703 ﬁ
1965 1630 2259 1685 columnas
2288 1635 2344 1685 et
2373 1630 2596 1686 tabulas
2640 1632 3066 1701 porphyreticas
3100 1632 3246 1687 miro
3279 1634 3481 1691 ordine
3503 1636 3611 1692 de—

203 1690 597 1775 conductoris.
647 1720 802 1774 Tunc
835 1732 1024 1773 coram
1064 1719 1333 1774 omnibus
1365 1719 1649 1786 clamavit,
1694 1718 1854 1773 aﬂir—
1882 1690 1936 1751 Β
1967 1717 2168 1788 pictas,
2221 1718 2279 1772 in
2334 1722 2483 1775 terra
2520 1719 2737 1775 dudum
2787 1690 3085 1789 repositas.
3139 1721 3440 1793 Navigium
3479 1738 3609 1779 cum

200 1822 366 1864 mans
395 1808 612 1878 absque
640 1807 818 1863 dubio
845 1807 1032 1877 ipsum
1059 1821 1181 1863 esse
1209 1808 1579 1877 Demetrium,
1603 1807 1703 1878 qui
1734 1807 1853 1862 du-

194 1903 358 1954 xerat
389 1900 564 1966 atque
615 1896 928 1951 salvaverat
965 1908 1134 1961 eum;
1182 1902 1238 1949 et
1269 1894 1412 1950 hanc
1462 1908 1585 1950 esse
1616 1895 1849 1951 domu-

196 1987 491 2057 martyris,
523 1998 689 2055 quam
722 1984 864 2038 mihi
895 1997 1171 2054 apparens
1194 1983 1266 2038 ab
1320 1984 1491 2039 initio
1529 1983 1651 2053 ipse
1673 1983 1848 2038 mani-

196 2073 444 2129 festavit.
473 2074 630 2127 Tunc
660 2071 812 2125 enim
835 2071 1102 2139 episcopo
1121 2070 1376 2125 civitatis
1406 2070 1706 2139 praesentia
1735 2069 1848 2124 viri

195 2160 601 2229 denuntiatur,
627 2163 689 2213 et
716 2172 842 2228 qua:
869 2157 958 2211 illi
991 2158 1315 2213 acciderant
1344 2162 1476 2213 nota
1500 2156 1845 2214 efﬁciuntur.

194 2250 302 2319 Qui
322 2248 525 2304 statim
544 2251 871 2315 susceptum
884 2245 1343 2301 comministrum
1361 2246 1419 2301 in
1437 2246 1727 2315 eplscopio
1743 2259 1849 2301 suo

198 2339 436 2407 recepit,
486 2340 544 2391 et
590 2336 830 2407 benigne
878 2333 1155 2390 tractabat
1190 2348 1339 2391 eum.
1371 2334 1444 2390 At
1489 2334 1589 2389 ille
1648 2347 1748 2389 nec
1776 2334 1845 2389 ad

198 2428 397 2482 horam
410 2439 617 2495 passus
627 2430 713 2480 est
737 2424 807 2480 ab
818 2423 1055 2479 ecclesia
1085 2423 1265 2478 sancti
1291 2423 1557 2493 martyris
1570 2436 1763 2492 separa
1771 2423 1842 2493 ri,

198 2515 289 2570 sed
322 2515 486 2570 omni
526 2519 776 2582 tempore
814 2525 927 2582 quo
959 2512 1019 2566 in
1052 2511 1284 2566 civitate
1326 2511 1554 2573 mansit,
1590 2524 1848 2566 commo-

200 2610 361 2659 ratus
390 2608 480 2657 est
502 2603 561 2657 in
592 2602 783 2657 eadem
823 2600 1083 2656 ecclesia.
1114 2599 1253 2654 Cum
1280 2599 1403 2654 Illic
1432 2599 1755 2671 hiemasset,
1793 2605 1850 2655 et

197 2696 421 2760 tempus
462 2688 850 2760 navigationis
895 2689 1295 2756 exspectasset,
1339 2686 1498 2741 illico
1538 2687 1675 2741 dum
1718 2694 1851 2742 tem-

196 2792 300 2846 pus
324 2778 581 2844 advenit,
614 2776 875 2832 ascendit
919 2776 979 2832 in
1011 2775 1197 2830 navim
1235 2780 1461 2843 sumpta
1492 2788 1679 2829 secum
1714 2774 1852 2829 ima-

196 2866 325 2937 gine
374 2866 647 2935 martyris
692 2864 991 2933 Demetrii,
1043 2862 1444 2933 navigavitque
1486 2876 1753 2931 prospere
1775 2862 1844 2917 ad

199 2954 393 3009 urbem
423 2954 1016 3022 Constantinopolim;
1048 2956 1104 3007 et
1135 2952 1481 3021 negotiosuo
1500 2956 1629 3019 apte
1654 2952 1850 3021 dispo-

1962 1807 2249 1863 columnis
2272 1812 2328 1863 et
2353 1808 2570 1863 tabulis
2592 1796 3008 1878 porphyreticis
3031 1809 3238 1878 emptis
3269 1811 3393 1866 suis
3418 1811 3615 1883 legatio

1961 1896 2039 1950 tis
2067 1896 2279 1951 Christi
2326 1901 2540 1965 martyr
2568 1896 2911 1950 transmittit
2939 1896 3123 1964 nobis,
3158 1901 3221 1951 ut
3241 1910 3309 1953 ex
3337 1898 3391 1953 ei
3431 1897 3609 1954 facias

1959 1997 2104 2052 opus
2133 1983 2281 2053 quod
2329 1984 2471 2038 mihi
2506 1981 2686 2038 facere
2722 1984 2907 2052 cupis.
2944 1985 3265 2053 Exsurgens
3299 1985 3548 2055 denique
3575 1999 3609 2041 a

1962 2070 2168 2126 lectulo
2183 2070 2410 2140 praesul,
2428 2070 2626 2126 retulit
2647 2083 2746 2139 per
2760 2070 3017 2126 ordinem
3036 2070 3162 2126 suis
3180 2071 3610 2128 elericisvisio—

1960 2173 2103 2215 nem.
2153 2160 2334 2228 Hujus
2383 2159 2463 2214 rei
2495 2159 2680 2230 gratia
2719 2158 2999 2213 misiteos
3039 2159 3108 2213 ad
3138 2164 3361 2228 portum
3407 2160 3600 2215 maris.

1956 2249 2067 2318 Qui
2111 2262 2238 2303 eum
2295 2247 2583 2318 navigium
2633 2246 3004 2317 invenissent,
3059 2251 3116 2302 et
3160 2260 3291 2302 cum
3334 2247 3605 2304 nauclero

1961 2336 2137 2392 locuti
2176 2335 2440 2403 fuissent,
2494 2340 2833 2406 rogaverunt
2858 2339 3140 2404 quatenus
3181 2334 3421 2404 dignum
3472 2348 3609 2404 pre—

1957 2425 2102 2480 tium
2166 2437 2267 2493 pro
2312 2422 2599 2478 columnis
2639 2427 2695 2477 et
2740 2422 3074 2477 marmoreis
3124 2420 3341 2477 tabulis
3382 2423 3609 2491 recipe-

1948 2518 2102 2576 rent,
2123 2512 2589 2581 desideriumque
2617 2510 2869 2579 episcopi
2901 2510 3300 2579 adimplerent.
3322 2510 3426 2566 Sed
3455 2524 3609 2566 nau-

1956 2602 2145 2658 clerus
2199 2604 2255 2655 et
2316 2601 2415 2670 qui
2469 2612 2597 2655 cum
2644 2613 2710 2654 eo
2761 2602 2941 2667 erant,
2995 2597 3367 2670 abnegatores
3420 2597 3606 2654 eti‘ecti

1958 2694 2111 2758 sunt,
2161 2689 2309 2744 nihil
2355 2688 2585 2757 penitus
2632 2701 2825 2743 eorum
2868 2690 3255 2742 asseverantes
3300 2699 3360 2740 se
3400 2685 3607 2741 habere

1959 2791 2085 2848 quae
2135 2776 2552 2847 quaerebantur.
2614 2774 2956 2830 Nuntiantes
2996 2778 3184 2829 autem
3233 2773 3427 2828 clerici
3490 2773 3608 2830 hac

1958 2866 2058 2934 qui
2114 2865 2275 2919 missi
2322 2863 2549 2919 fuerant
2576 2877 2682 2919 suo
2724 2862 3011 2932 episcopo,
3041 2862 3262 2916 tristem
3305 2873 3434 2915 eum
3473 2860 3608 2916 inde

1958 2952 2347 3020 reddiderunt,
2381 2956 2438 3006 et
2468 2964 2704 3006 maerens
2735 2950 3030 3006 incedebat
3070 2947 3382 3004 frustratus
3406 2948 3610 3003 consi—

198 3045 329 3111 sito,
356 3047 697 3111 cooperante
735 3010 1239 3098 victoriosissimov
1257 3046 1501 3111 martyre
1538 3010 1844 3112 Demetrio,
1881 3010 1928 3071 Ο
1956 3039 2057 3108 lio,
2080 3042 2285 3095 Iterum
2308 3010 2550 3107 namque
2573 3042 2785 3107 martyr
2814 3041 3046 3093 sanctus
3074 3035 3394 3091 Demetrius
3422 3049 3608 3105 appa-

198 3147 309 3187 sum
335 3145 399 3186 se
423 3131 645 3201 regioni
667 3135 724 3185 et
751 3131 906 3201 gregi
940 3130 1146 3185 deinde
1170 3143 1426 3185 remeans
1449 3130 1626 3198 dedit,
1656 3132 1843 3199 copio-

198 3235 319 3276 sum
346 3233 418 3275 ex
451 3219 545 3273 his
570 3233 696 3289 qua:
726 3219 1053 3274 acciderant
1093 3218 1431 3288 promittens
1470 3219 1705 3287 martyri
1732 3218 1849 3273 cul-

200 3315 340 3363 tum.
378 3310 553 3363 Porro
597 3307 863 3361 talionem
902 3306 1036 3361 inde
1075 3307 1306 3362 reddere
1344 3306 1623 3377 cogitans,
1655 3310 1711 3361 et
1746 3319 1846 3375 pro

202 3398 464 3453 libertate
506 3395 744 3466 gratiam
779 3394 1029 3450 tribuere
1065 3401 1344 3466 satagens,
1377 3395 1650 3463 templum
1688 3395 1842 3455 dedi.

202 3499 323 3542 care
348 3486 407 3540 in
439 3485 673 3539 civitate
697 3497 800 3539 sua
824 3482 1052 3554 collegae
1083 3497 1186 3539 suo
1206 3489 1260 3539 et
1293 3484 1522 3553 martyri
1567 3485 1850 3541 Demetrio

202 3574 387 3644 cmpit.
442 3572 802 3627 Desiderium
844 3576 1031 3626 autem
1067 3570 1307 3625 habebat
1344 3572 1534 3626 simile
1563 3571 1848 3629 ciborium

203 3668 253 3717 et
274 3661 530 3717 similem
576 3660 890 3728 ambonem,
926 3673 1091 3728 quem
1128 3659 1294 3727 vidit,
1343 3666 1671 3715 construere
1718 3674 1847 3716 cum

205 3748 538 3805 marmoreis
559 3747 863 3814 columnis,
899 3747 957 3801 in
981 3747 1194 3803 honore
1211 3748 1390 3803 sancti
1412 3749 1684 3803 Demetrii
1710 3762 1851 3804 mar-

206 3839 360 3908 tyris.
392 3838 531 3892 Inde
563 3840 684 3891 erat
730 3836 889 3891 valde
937 3835 1247 3905 sollicitus,
1283 3836 1416 3905 quia
1448 3836 1649 3892 horum
1684 3851 1849 3907 appa-

207 3932 408 3996 ratum,
448 3926 699 3995 qualiter
743 3931 799 3979 et
830 3926 979 3980 unde
1024 3924 1129 3979 hoc
1176 3923 1402 3993 faceret,
1445 3926 1630 3980 modis
1668 3927 1850 3981 omni-

208 4014 309 4071 bus
338 4012 660 4086 ignorabat.
706 4013 957 4082 Quadam
1013 4014 1263 4083 denique
1310 4019 1491 4081 nocte,
1544 4027 1671 4068 cum
1722 4012 1848 4069 fati-

211 4110 366 4174 gatus
413 4109 565 4158 esset
611 4102 683 4158 ob
714 4102 947 4157 nimiam
997 4102 1381 4158 incursionem
1433 4102 1845 4172 cogitationum

209 4194 532 4262 episcopus,
577 4205 746 4261 sopor
773 4191 983 4246 invasit
1020 4205 1148 4246 eum
1178 4195 1234 4245 et
1263 4192 1535 4247 continuo
1565 4191 1849 4247 obdormi-

1955 3128 2076 3183 ruit
2107 3127 2160 3182 ei
2190 3128 2247 3181 in
2278 3126 2520 3195 visione,
2560 3118 2792 3180 dicens:
2842 3125 2987 3179 Vade
3024 3128 3088 3177 tu
3116 3124 3237 3191 ipse
3265 3123 3334 3177 ad
3386 3123 3605 3191 praedi-

1954 3219 2109 3268 ctum
2151 3212 2501 3277 nauclerum,
2550 3214 2605 3265 et
2646 3210 2740 3265 dic
2778 3210 2870 3264 ei:
2918 3208 3046 3264 Noli
3086 3221 3209 3263 esse
3238 3208 3512 3276 mendax;
3540 3208 3603 3262 in

1958 3301 2188 3372 propria
2239 3299 2389 3353 enim
2440 3298 2565 3353 navi
2618 3297 2788 3352 habes
2836 3297 3171 3366 instipatum
3218 3295 3514 3351 ambonem
3544 3300 3602 3352 et

1959 3393 2182 3462 reliqua
2239 3400 2518 3443 marmora
2559 3385 2851 3442 absconsa.
2903 3383 3061 3438 Nihil
3093 3396 3224 3437 vero
3265 3382 3496 3439 dubites
3524 3385 3594 3440 ad

1960 3482 2079 3536 haec
2102 3479 2244 3534 mihi
2278 3476 2601 3543 tribuenda,
2630 3478 2858 3544 propter
2885 3473 3212 3541 episcopum
3235 3471 3334 3541 qui
3360 3471 3523 3526 misit
3542 3477 3597 3527 te

1957 3571 2026 3624 ad
2062 3571 2175 3623 haec
2219 3566 2616 3637 perquirenda.
2663 3565 2854 3617 Frater
2890 3561 3041 3615 enim
3082 3573 3241 3615 meus
3287 3560 3507 3614 invenit
3537 3560 3596 3615 in

1956 3659 2189 3714 civitate
2220 3655 2472 3711 Massilia
2495 3653 2743 3723 qualiter
2767 3649 2986 3720 proprii
3014 3649 3250 3704 oratorii
3272 3647 3598 3718 perﬁcietur

1957 3760 2117 3816 opus.
2145 3746 2398 3814 Cumque
2413 3742 2627 3798 abisset
2645 3740 2965 3809 episcopus,
2993 3742 3049 3792 et
3067 3737 3182 3791 hzec
3200 3737 3444 3791 dixisset
3464 3749 3600 3791 nau-

1957 3835 2127 3903 clero,
2160 3839 2216 3889 et
2246 3833 2530 3887 narrasset
2560 3830 2663 3884 has
2687 3826 2978 3882 mirablles
3007 3824 3278 3892 visiones,
3311 3824 3597 3892 persuasit

1955 3926 2008 3981 ei
2041 3930 2318 3993 quatenus
2347 3920 2593 3991 pretium
2626 3931 2727 3987 pro
2754 3913 3133 3971 marmoribus
3146 3913 3350 3989 datum
3372 3912 3600 3981 recipe-

1956 4020 2043 4069 ret
2065 4015 2134 4068 ah
2154 4026 2238 4067 eo.
2274 4013 2340 4065 Et
2370 4010 2449 4064 ita
2479 4007 2689 4062 factum
2719 4010 2821 4061 est.
2848 4000 3138 4058 Dedicavit
3161 4000 3342 4071 igitur
3369 3999 3601 4068 episco—

1958 4116 2064 4172 pus
2102 4098 2395 4168 templum,
2438 4096 2587 4166 quod
2624 4097 2820 4149 sancto
2852 4089 3093 4159 martyri
3141 4087 3425 4142 Demetrio
3453 4099 3601 4141 con-

1957 4189 2191 4257 struxit,
2222 4199 2350 4242 cum
2367 4184 2604 4239 ambone
2632 4187 2688 4236 et
2706 4180 2928 4235 ciborio
2955 4177 3025 4234 ad
3056 4175 3281 4231 laudem
3303 4173 3517 4229 Christi
3543 4177 3601 4229 et

211 4261 303 4335 vit.
336 4261 561 4336 Etecce
597 4279 786 4335 astitit
812 4285 942 4334 ante
970 4293 1099 4335 eum
1143 4285 1375 4335 sanctus
1407 4285 1619 4349 martyr
1644 4282 1850 4334 Deme-
1880 4344 1921 4349 _
1960 4278 2198 4349 gloriam
2239 4273 2505 4344 martyris
2531 4284 2678 4339 saepe
2721 4267 2885 4324 dicti.
2920 4267 3024 4321 Per
3062 4265 3352 4320 orationes
3391 4264 3517 4331 ejus
3545 4261 3595 4315 si

212 4370 375 4438 trius,
409 4368 613 4423 dicens
643 4367 730 4422 illi
760 4387 773 4423 :
814 4366 1000 4436 Quare
1036 4368 1418 4435 contristaris,
1450 4344 1625 4423 frater
1647 4368 1675 4420 ‘2
1701 4381 1851 4423 non-
1880 4344 1935 4406 D
1962 4344 2093 4437 quis
2123 4366 2386 4421 infirmus
2408 4362 2465 4417 in
2491 4360 2683 4416 eodem
2714 4356 2923 4424 templo
2949 4355 3187 4409 devotus
3211 4350 3522 4438 advenerit,
3548 4350 3599 4438 si

215 4472 279 4514 ne
297 4458 516 4513 audisti
540 4458 841 4513 Dominum
853 4459 1040 4513 Jesum
1062 4457 1340 4513 dicentem
1362 4457 1672 4527 discipulis
1690 4459 1840 4513 suis:

214 4545 383 4599 Amen
423 4546 542 4598 dico
568 4545 738 4606 vobis,
772 4546 966 4613 siquis
991 4545 1195 4599 diatcm't
1224 4545 1347 4598 huic
1376 4547 1582 4598 monti:
1620 4546 1843 4607 Tollere,

216 4636 490 4687 etmitterc
534 4635 595 4686 in
634 4648 803 4693 mare,
843 4637 894 4685 et
938 4648 1047 4686 non
1072 4633 1399 4686 hesitaverit
1443 4635 1502 4686 in
1549 4634 1706 4686 corde
1728 4648 1845 4695 suo,

217 4722 309 4775 sed
354 4722 645 4775 crediderit
675 4723 808 4790 quia
850 4722 1206 4791 quodcunque
1236 4721 1437 4776 diarm't
1475 4724 1591 4791 ﬁat,
1620 4725 1711 4790 ﬁet
1751 4723 1802 4773 ei
1821 4724 1849 4775 ?

1957 4436 2266 4525 perunctus
2286 4452 2462 4508 fuerit
2482 4449 2552 4504 de
2575 4448 2698 4504 oleo
2724 4442 3002 4513 lampadis
3016 4442 3160 4510 ejus,
3186 4439 3345 4495 illico
3365 4436 3607 4525 sanabi-

1958 4523 2054 4598 tur
2076 4556 2167 4610 per
2182 4540 2482 4596 Dominum
2506 4540 2764 4592 nostrum
2787 4534 2973 4587 Jesum
2991 4529 3302 4597 Christum,
3328 4525 3428 4596 qui
3458 4523 3602 4579 vivit

1957 4636 2014 4688 et
2042 4633 2239 4701 regnat
2265 4628 2323 4683 in
2354 4626 2560 4682 saecula
2589 4623 2947 4679 saeculorum.
2976 4618 3170 4673 Amen.
