4034 6158
459 212 566 270 727

1689 215 2043 269 ANASTASII
2083 214 2617 268 BlBLlOTHEGARlI

1284 501 1634 611 ACTA
1747 499 2292 608 SANtJT/E
2394 492 3054 604 CRISPIN/E

1742 702 2046 759 VIRGINIS
2088 691 2131 757 Ε

2145 704 2175 756 l‘
2224 698 2589 767 MARTYRIS,

1446 849 1778 906 AUCTORE
1819 848 2234 906 ANASTASIO
2270 845 2882 904 BIBLIOTHECARIO.

1969 1031 2309 1042 .——_————~

747 1136 936 1199 (Apud
967 1134 1182 1194 Mabill.,
1221 1135 1339 1184 Vet.
1364 1133 1621 1191 Analect.,
1646 1145 1708 1182 ex
1737 1130 2086 1192 manuscripto
2115 1129 2295 1177 codice
2326 1125 2550 1176 casnobil
2581 1125 2743 1174 sancti
2779 1123 3093 1173 Theoderici
3121 1133 3283 1184 prope
3319 1118 3586 1180 Rhemos.)

1983 1278 2320 1290 ._.._.——-

540 1413 898 1471 Diocletiano
925 1415 975 1469 II
996 1420 1052 1469 et
1078 1414 1424 1469 Maximiano
1452 1413 1710 1483 Augusto
1752 1408 2113 1478 consulibus,

473 1503 569 1558 die
605 1505 894 1558 Nonarum
937 1502 1354 1572 Decembrium,
1397 1502 1545 1570 apud
1575 1500 1866 1556 Coloniam
1895 1497 2119 1552 Thebe—

471 1591 702 1658 stinam,
725 1590 783 1644 in
802 1590 1106 1645 secretario
1129 1603 1230 1658 pro
1251 1589 1528 1645 tribunali
1559 1589 1845 1643 assidente
1866 1585 2117 1641 Anulino

471 1677 827 1746 proconsule,
864 1677 1380 1733 Commentariense
1424 1675 1672 1731 ofﬁcium
1696 1673 1879 1728 dixit:
1905 1674 2119 1744 Thaga-

473 1765 658 1820 rensis
698 1763 982 1833 Crispina,
1022 1778 1146 1834 qua:
1183 1764 1358 1834 legem
1391 1764 1754 1818 dominorum
1791 1761 2116 1830 principum

470 1851 831 1919 contempsit,
856 1851 904 1904 si
923 1850 1168 1918 jusseris
1187 1851 1476 1906 audiatur.
1506 1849 1796 1905 Anulinus
1815 1847 2117 1917 proconsul

471 1938 660 1992 dixit:
693 1939 1021 1993 Inducatur.
1058 1938 1126 1992 Et
1171 1937 1403 1992 inducta
1437 1937 1598 1992 beata
1639 1936 1924 2004 Crispina,
1957 1934 2124 1989 Anu-

475 2025 634 2080 linus
655 2026 956 2094 proconsul
983 2025 1170 2080 dixit:
1200 2026 1468 2094 Praecepti
1492 2024 1638 2079 sacri
1669 2025 1783 2093 jam
1802 2021 2120 2093 cognovisti

473 2112 811 2167 sententiam
839 2113 868 2166 εἶ
897 2114 1060 2168 Beata
1086 2113 1351 2182 Crispina
1371 2111 1699 2181 respondit:
1731 2111 1877 2180 Quid
1909 2123 2122 2180 prame—

477 2204 632 2268 ptum
658 2199 735 2254 sit
756 2200 968 2254 nescio.
990 2200 1280 2256 Anulinus
1297 2199 1598 2270 proconsul
1620 2199 1806 2254 dixit:
1835 2199 1904 2252 Ut
1929 2197 2124 2252 omni—

474 2286 584 2342 bus
603 2287 720 2342 diis
747 2287 962 2342 nostris
993 2302 1092 2356 pro
1122 2289 1304 2343 salute
1336 2288 1658 2356 principum
1688 2286 1992 2352 sacriﬁces,
2026 2299 2124 2339 se—

475 2375 727 2429 cundum
757 2375 932 2444 legem
963 2375 1151 2429 datam
1177 2389 1208 2429 a
1243 2375 1496 2430 dominis
1527 2375 1740 2429 nostris
1768 2373 2122 2429 Diocliciano

475 2465 531 2514 et
543 2461 888 2516 Maximiano
907 2461 1327 2532 piisAugustis,
1341 2467 1397 2515 et
1414 2462 1745 2516 Constantio
1759 2460 2121 2516 nobilissimo

475 2545 711 2601 Caesare.
774 2548 938 2602 Beata
983 2549 1246 2616 Crispina
1291 2548 1612 2618 respondit:
1670 2550 1970 2616 Nunquam
2018 2561 2120 2618 ego

477 2633 816 2704 sacriﬁcavi,
878 2647 978 2688 nec
1025 2635 1278 2702 sacrﬁco,
1330 2635 1442 2690 nisi
1493 2636 1592 2691 uni
1629 2637 1742 2690 Deo
1784 2640 1840 2690 et
1880 2635 2118 2690 Domino

477 2725 674 2777 nostro
693 2723 823 2776 Jesu
843 2721 1069 2777 Christo
1086 2721 1232 2776 Filio
1249 2723 1391 2790 ejus,
1416 2723 1514 2792 qui
1535 2727 1703 2778 natus
1723 2729 1807 2778 est
1827 2729 1881 2778 et
1897 2737 2114 2792 passus.

476 2807 766 2864 Anulinus
810 2810 1117 2877 proconsul
1144 2809 1330 2864 dixit:
1365 2810 1608 2878 Amputa
1629 2812 2117 2882 superstitionem,

476 2901 536 2952 et
564 2895 806 2965 subjuga
837 2900 1008 2964 caput
1036 2901 1198 2951 tuum
1224 2897 1291 2951 ad
1325 2911 1484 2952 sacra
1513 2898 1746 2953 deorum
1776 2905 2117 2954 nostrorum.

477 2983 644 3038 Beata
689 2981 953 3051 Crispina
997 2983 1327 3052 respondit:
1379 2985 1626 3040 Cottidie
1672 2999 1914 3040 veneror
1948 2989 2122 3042 Deum

479 3082 688 3140 meum,
721 3075 923 3138 praeter
949 3083 1114 3140 quem
1138 3071 1317 3126 alium
1351 3085 1461 3127 non
1490 3073 1641 3128 novi.
1673 3074 1962 3129 Anulinus
1987 3089 2128 3143 pro-

478 3157 678 3213 consul
725 3157 910 3213 dixit:
971 3158 1123 3213 Dura
1165 3171 1225 3214 es
1262 3163 1319 3214 et
1359 3161 1756 3229 contemptrix,
1789 3167 1844 3216 et
1883 3163 2127 3232 incipies

476 3244 592 3298 vim
620 3244 806 3316 legum
822 3245 999 3301 invita
1012 3247 1315 3302 sustinere.
1331 3248 1496 3303 Beata
1515 3249 1779 3318 Crispina
1801 3251 2120 3320 respondit:

475 3331 767 3402 Quidquid
791 3334 1087 3389 emerserit
1119 3349 1218 3404 pro
1247 3334 1357 3390 ﬁde
1378 3350 1498 3392 mea
1524 3351 1692 3406 quam
1715 3340 1897 3408 tenéo,
1934 3339 2127 3394 liben-

475 3429 563 3478 ter
592 3422 794 3491 patiar.
850 3422 1138 3478 Anulinus
1191 3424 1492 3491 proconsul
1541 3425 1724 3479 dixit:
1781 3427 2013 3481 Vanitas
2041 3432 2127 3482 est

476 3509 656 3565 animi
687 3509 797 3578 tui,
840 3516 904 3564 ut
941 3511 1056 3577 jam
1090 3523 1199 3563 non
1247 3511 1488 3566 dimissa
1527 3512 1936 3580 superstitione
1967 3527 2124 3569 sacra

479 3597 709 3651 nomina
739 3596 1043 3650 venereris.
1088 3595 1252 3648 Beata
1279 3595 1545 3665 Crispina
1578 3600 1905 3666 respondit:
1938 3600 2128 3654 Cotti-

475 3682 571 3738 die
621 3695 877 3751 veneror,
933 3682 1027 3736 sed
1086 3681 1391 3737 Dominum
1446 3697 1652 3752 meum,
1711 3692 1912 3754 praeter
1959 3702 2122 3757 quem

475 3768 657 3824 alium
698 3781 808 3823 non
841 3768 992 3822 novi.
1023 3767 1312 3822 Anulinus
1351 3770 1653 3837 proconsul
1680 3772 1861 3826 dixit:
1892 3775 2004 3843 Ego
2027 3787 2127 3829 sa-

477 3868 637 3910 crum
671 3858 1008 3922 praeceptum
1035 3852 1262 3908 oﬁ'eram
1304 3857 1454 3925 quod
1487 3856 1766 3913 observes.
1800 3861 1964 3915 Beata
1991 3861 2126 3916 Cri—

477 3941 644 4010 spina
692 3940 1019 4008 respondit:
1061 3942 1407 4010 Praeceptum
1451 3944 1705 4014 observo,
1757 3949 1851 4002 sed
1892 3950 2120 4004 Domini

478 4028 588 4082 mei
615 4029 747 4084 Jesu
775 4027 1011 4083 Christi.
1051 4028 1341 4085 Anulinus
1371 4035 1672 4101 proconsul
1702 4035 1854 4090 dixit
1881 4055 1893 4091 :
1921 4039 2124 4094 Perdes

477 4121 668 4186 caput,
719 4118 768 4172 si
813 4131 924 4173 non
963 4118 1234 4174 obediens
1272 4119 1454 4178 fueris
1490 4122 1675 4190 jussis
1717 4124 2121 4192 imperatorum

476 4203 839 4260 dominorum
895 4212 1242 4276 nostrorum,
1302 4209 1514 4279 quibus
1565 4210 1851 4265 deservire
1902 4213 2122 4282 cogeris

477 4292 819 4365 subjugata:
852 4295 1002 4364 quod
1033 4302 1088 4350 et
1121 4297 1308 4352 omnis
1335 4296 1528 4352 Africa
1559 4295 1713 4363 fecit,
1743 4312 1843 4352 nec
1867 4299 1975 4354 tibi
2006 4301 2123 4356 du—

477 4381 636 4438 bium
675 4387 777 4438 est.
821 4384 986 4439 Beata
1022 4383 1287 4454 Crispina
1318 4384 1642 4453 respondit:
1694 4387 1994 4456 Nunquam
2044 4389 2122 4444 sit

477 4470 600 4527 illis
629 4471 788 4541 bene,
823 4477 888 4528 ut
926 4485 1012 4527 me
1049 4473 1350 4528 daemoniis
1389 4471 1602 4528 faciant
1639 4475 1994 4530 sacriﬁcare:
2023 4478 2117 4533 sed

475 4560 735 4615 sacriﬁco
766 4560 1032 4630 Domino,
1083 4561 1181 4630 qui
1215 4560 1350 4616 fecit
1377 4561 1579 4618 cmlum
1613 4569 1668 4618 et
1709 4568 1934 4635 terram,
1969 4579 2121 4620 mare

475 4651 533 4700 et
552 4648 743 4702 omnia
761 4661 887 4717 quae
918 4648 977 4702 in
1008 4647 1094 4703 eis
1118 4653 1271 4703 sunt.
1296 4649 1583 4707 Anulinus
1607 4653 1909 4721 proconsul
1929 4653 2112 4710 dixit:

473 4733 740 4803 Ergoisti
770 4734 854 4788 dii
887 4747 1000 4790 non
1033 4742 1168 4790 sunt
1192 4749 1223 4790 a
1260 4742 1312 4792 te
1341 4741 1575 4809 accepti,
1612 4741 1822 4811 quibus
1850 4742 2118 4797 exhibere

472 4822 832 4892 cognosceris
862 4824 934 4892 ff.
977 4822 1225 4899 cogeris]
1258 4824 1614 4898 famulatum,
1650 4835 1712 4885 ut
1739 4831 1888 4885 salva
1918 4845 2119 4900 perve-

472 4912 600 4967 nias
654 4912 722 4966 ad
793 4911 1166 4968 devotionem.
1236 4915 1399 4970 Beata
1452 4917 1716 4986 Crispina
1786 4921 2109 4987 respondit:

469 4999 639 5055 anla
681 4999 905 5054 devotio
936 5006 1022 5055 est
1048 5016 1171 5071 qua:
1210 5005 1456 5072 opprimi
1501 5007 1653 5076 cogit
1691 5007 1920 5062 invitos.
1950 5008 2117 5064 Anu—

474 5087 632 5143 linus
672 5087 970 5155 proconsul
1002 5088 1183 5144 dixit:
1217 5091 1319 5145 Sed
1356 5092 1573 5146 utinam
1605 5095 1802 5148 devota
1832 5098 2109 5166 sequaris,

469 5179 535 5230 ut
564 5175 624 5229 in
670 5175 900 5243 templis
947 5175 1127 5230 sacris
1169 5177 1311 5232 ﬁexo
1348 5179 1532 5246 capite
1577 5179 1695 5234 diis
1736 5181 2114 5241 Romanorum

473 5261 642 5317 thura
675 5261 949 5318 immoles.
997 5263 1159 5317 Beata
1201 5264 1463 5332 Crispina
1496 5267 1819 5334 respondit:
1857 5271 1970 5325 Hoc
2001 5286 2111 5327 non

469 5347 576 5404 feci
599 5348 907 5418 aliquando
936 5363 1004 5404 ex
1031 5363 1143 5418 quo
1181 5356 1311 5404 nata
1341 5365 1486 5420 sum,
1521 5366 1621 5407 nec
1661 5356 1810 5424 novi,
1845 5371 1944 5412 nec
1967 5357 2113 5415 facio

472 5449 770 5507 usquequo
813 5437 929 5492 vita
972 5436 1185 5491 vixero.
1239 5435 1529 5494 Anulinus
1573 5445 1874 5509 proconsul
1919 5446 2103 5502 dixit:

2143 1407 2196 1466 A
2224 1406 2328 1461 Sed
2360 1404 2467 1475 fac,
2491 1404 2542 1459 si
2564 1404 2651 1458 vis
2679 1416 2712 1458 a
2748 1402 2936 1474 legum
2965 1400 3266 1456 severitate
3292 1398 3564 1454 immunis
3607 1398 3807 1453 evadere

2225 1494 2390 1548 Beata
2416 1491 2683 1560 Crispina
2701 1489 2996 1559 respondit
3019 1507 3031 1542 :
3057 1488 3215 1557 Quod
3235 1487 3390 1543 dicis
3415 1500 3521 1541 non
3548 1487 3722 1550 timeo,
3743 1485 3826 1540 hoc

2227 1581 2376 1636 nihil
2407 1585 2508 1635 est.
2557 1581 2731 1634 Deum
2768 1583 2956 1633 autem
2997 1576 3096 1647 qui
3138 1577 3194 1630 in
3225 1575 3390 1631 caelis
3412 1581 3498 1630 est
3537 1575 3584 1630 si
3612 1578 3829 1629 contem-

2229 1682 2409 1739 psero,
2453 1667 2731 1738 sacrilega
2758 1680 2874 1737 ero,
2909 1671 2965 1720 et
2990 1665 3158 1721 semel
3187 1678 3276 1719 me
3302 1665 3513 1733 perdet,
3541 1668 3601 1718 ut
3631 1677 3731 1719 non
3752 1662 3829 1716 in-

2227 1757 2496 1812 veniarin
2520 1756 2622 1810 illo
2645 1755 2741 1810 die
2764 1759 3022 1809 venturo.
3047 1753 3346 1808 Anulinus
3376 1751 3825 1822 proconsuldixit:

2227 1845 2511 1916 Sacrilege
2530 1857 2639 1900 non
2665 1843 2802 1911 eris,
2833 1843 2884 1898 si
2917 1842 3096 1897 sacris
3121 1841 3475 1911 obtemperes
3495 1839 3824 1908 jussionibus.

2229 1933 2394 1987 Beata
2408 1932 2673 2001 Crispina
2697 1930 3019 2000 respondit:
3045 1930 3193 1999 Quid
3235 1929 3326 1984 vis
3345 1929 3372 1982 ‘?
3397 1935 3461 1983 ut
3479 1929 3582 1982 sim
3599 1926 3828 1996 sacrilega

2229 2021 2379 2090 apud
2423 2022 2620 2088 Deum,
2663 2025 2719 2074 et
2764 2019 2911 2088 apud
2964 2018 3340 2087 imperatores
3371 2030 3479 2072 non
3511 2014 3826 2071 sim?Absit.

2229 2111 2379 2164 Deus
2423 2121 2679 2179 magnus,
2715 2108 2813 2177 qui
2860 2105 2997 2162 fecit
3033 2119 3205 2174 mare,
3239 2111 3300 2160 et
3338 2105 3538 2160 herbas
3559 2103 3765 2170 virides,
3787 2108 3831 2156 et

2231 2197 2450 2251 aridam
2483 2200 2723 2266 terram;
2761 2195 3020 2250 homines
3055 2200 3246 2249 autem
3293 2192 3430 2249 facti
3461 2192 3528 2246 ab
3559 2192 3688 2261 ipso,
3719 2189 3828 2259 quid

2233 2284 2375 2339 mihi
2407 2290 2643 2352 possunt
2674 2282 2981 2353 praestare?
3020 2282 3313 2338 Anulinus
3354 2280 3642 2352 proconsul
3675 2279 3827 2333 dixit:

2229 2373 2361 2427 Cole
2399 2373 2734 2443 religionem
2783 2373 3112 2438 Romanam,
3145 2385 3318 2440 quam
3345 2377 3400 2426 et
3437 2370 3643 2426 domini
3683 2367 3828 2423 nostri

2233 2460 2604 2515 invictissimi
2631 2459 2878 2514 Caesares
2919 2465 2973 2514 et
3018 2473 3121 2514 nos
3147 2460 3261 2528 ipsi
3306 2460 3669 2514 observamus.
3699 2457 3831 2509 Beata

2229 2547 2494 2616 Crispina
2549 2547 2873 2616 respondit:
2929 2549 3104 2602 Deum
3147 2547 3280 2602 novi
3331 2552 3576 2601 tantum:
3622 2557 3732 2599 nam
3760 2539 3831 2596 illi

2230 2636 2448 2704 lapides
2491 2641 2644 2702 sunt,
2686 2641 2740 2689 et
2787 2634 3050 2705 ﬁgmenta
3079 2649 3355 2690 manuum
3389 2634 3667 2689 hominum
3695 2630 3830 2685 facta.

2150 2710 2201 2769 Β
2228 2723 2518 2779 Anulinus
2563 2723 2864 2792 proconsul
2910 2723 3095 2778 dixit:
3146 2722 3559 2793 Blasphemiam
3596 2717 3832 2789 loqueris.

2233 2823 2361 2865 nam
2391 2824 2500 2878 non
2524 2811 2891 2880 prosequeris
2911 2825 3036 2881 quae
3066 2810 3240 2866 saluti
3279 2817 3392 2866 tuae
3420 2808 3753 2865 conveniunt.
3783 2805 3837 2858 Et

2232 2897 2441 2966 adjecit
2469 2897 2756 2953 Anulinus
2781 2898 3106 2967 proconsul,
3129 2904 3186 2953 et
3209 2897 3708 2953 Commentariense
3733 2890 3836 2948 ofﬁ-

2235 2985 2324 3040 cio
2341 2984 2519 3039 dixit:
2545 2985 2625 3039 Ad
2648 2999 2868 3040 omnem
2888 2984 3358 3041 deformitionem
3374 2986 3627 3049 deducta,
3645 2995 3674 3036 a
3690 2992 3836 3035 nova—

2235 3072 2365 3127 cula
2411 3071 2622 3127 ablatis
2659 3072 2923 3127 crinibus
2964 3073 3314 3137 decalvetur,
3366 3078 3430 3128 ut
3458 3074 3576 3141 ejus
3627 3068 3833 3139 primum

2236 3160 2412 3229 {acies
2435 3160 2502 3214 ad
2537 3173 2795 3229 pompam
2824 3161 3131 3229 perveniat.
3167 3162 3337 3216 Beata
3364 3159 3617 3229 Crispina
3637 3167 3836 3224 respon-

2234 3247 2357 3302 dit:
2408 3249 2738 3317 Loquantur
2764 3248 2875 3316 ip'si
2901 3247 3011 3317 dii,
3043 3253 3098 3302 et
3136 3248 3402 3304 credam:
3446 3261 3542 3318 ego
3567 3247 3610 3301 si
3636 3243 3833 3299 salutem

2238 3349 2348 3390 non
2381 3347 2686 3405 quaererem
2735 3335 3097 3404 audiendam,
3129 3341 3261 3390 ante
3294 3335 3542 3392 tribunal
3573 3341 3716 3388 tuum
3747 3341 3833 3384 non

2235 3436 2435 3478 essem.
2475 3423 2766 3478 Anulinus
2804 3423 3108 3492 proconsul
3139 3424 3328 3479 dixit:
3378 3424 3486 3478 Diu
3513 3423 3681 3476 vivere
3705 3417 3823 3474 desi-

2235 3512 2418 3580 deras,
2451 3515 2552 3566 aut
2577 3511 2720 3566 mori
2755 3511 2813 3565 in
2840 3511 3040 3581 pmnis,
3074 3511 3228 3566 sicut
3259 3517 3319 3567 et
3345 3519 3554 3567 caetera:
3586 3510 3836 3563 consortes:

2236 3604 2347 3652 tum
2374 3598 2634 3666 Maxima,
2674 3597 2979 3663 Donatilla,
3007 3603 3063 3653 et
3107 3599 3386 3655 Secunda.
3421 3600 3577 3653 Beata
3617 3592 3836 3662 Crispina

2235 3687 2558 3754 respondit:
2594 3685 2652 3740 Si
2690 3687 2833 3740 mori
2856 3685 3076 3754 vellem,
3105 3694 3161 3742 et
3207 3688 3266 3742 in
3303 3688 3592 3743 interitum
3625 3683 3833 3738 animam

2234 3774 2476 3842 tradere,
2507 3774 2639 3828 etin
2673 3774 2857 3844 ignem
2898 3781 3190 3845 aeternum,
3219 3777 3344 3832 tuis
3372 3774 3657 3831 daemoniis
3677 3772 3832 3826 darem

2233 3861 2579 3916 voluntatem
2616 3875 2812 3916 meam.
2842 3861 3130 3917 Anulinus
3157 3863 3464 3932 proconsul
3494 3862 3660 3918 dixit:
3689 3856 3836 3924 Caput

2235 3949 2341 4004 tibi
2377 3949 2644 4018 incidam,
2664 3950 2714 4005 si
2746 3951 2882 4005 deos
2910 3951 3262 4007 venerabiles
3289 3953 3523 4008 adorare
3541 3943 3816 4017 dispexeris

2152 4013 2200 4074 (ἶ
2233 4038 2394 4092 Beata
2448 4013 2712 4107 Crispina
2756 4039 3087 4108 respondit:
3125 4040 3359 4095 Gratias
3407 4053 3509 4111 ago
3567 4013 3668 4092 Deo
3719 4043 3832 4093 ηιθοτ

2231 4126 2281 4180 si
2321 4125 2424 4180 hoc
2470 4123 2630 4180 fuero
2660 4133 2980 4182 consecuta.
3011 4128 3195 4197 Caput
3223 4142 3411 4184 meum
3457 4127 3618 4197 perdo
3659 4118 3828 4177 semel:

2232 4214 2325 4269 sed
2359 4215 2407 4268 si
2461 4214 2860 4270 thuriﬁcavero
2921 4216 3184 4271 idoliis...
3232 4217 3519 4272 Anulinus
3571 4203 3830 4283 proconsul

2230 4301 2381 4356 dixit
2409 4320 2421 4356 :
2455 4304 2524 4358 Et
2543 4303 2775 4359 omnino
2799 4304 2858 4358 in
2883 4304 2992 4360 isto
3023 4319 3194 4360 sensu
3224 4310 3326 4362 tuo
3370 4305 3542 4360 stulto
3572 4293 3831 4372 persistis?

2231 4391 2396 4446 Beata
2414 4391 2680 4461 Crispina
2709 4393 3036 4462 respondit:
3067 4395 3217 4450 Deus
3246 4408 3409 4449 meus
3436 4393 3532 4462 qui
3552 4397 3648 4460 est,
3683 4392 3732 4441 et
3749 4379 3828 4452 qui

2229 4477 2361 4546 fuit,
2407 4478 2527 4547 ipse
2580 4480 2868 4548 mejussit
2894 4481 3081 4549 nasci;
3116 4481 3237 4550 ipse
3279 4482 3439 4538 dedit
3469 4479 3604 4535 mihi
3627 4475 3826 4530 salutem

2229 4579 2328 4636 per
2347 4580 2550 4636 aquam
2569 4566 2838 4636 baptismi
2863 4586 2878 4636 ;
2911 4569 3032 4638 ipse
3053 4583 3270 4624 mecum
3293 4574 3398 4640 est,
3429 4573 3491 4624 ut
3514 4566 3688 4621 anima
3713 4570 3823 4624 mea,

2227 4654 2379 4710 sicut
2408 4661 2471 4710 tu
2495 4656 2602 4728 vis,
2638 4669 2747 4712 non
2793 4655 2966 4712 faciat
2994 4658 3382 4729 sacrilegium.
3413 4655 3684 4711 Anulinus
3717 4659 3828 4717 pro-

2225 4744 2424 4798 consul
2485 4745 2662 4800 dixit:
2726 4745 2873 4813 Quid
2925 4747 3190 4815 pluribus
3263 4745 3587 4802 suﬁ‘erimus
3632 4735 3823 4806 impiam

2223 4830 2542 4899 Crispinam
2563 4831 2590 4884 ‘P
2630 4832 2765 4886 Acta
2786 4846 2854 4886 ex
2891 4832 3087 4887 codice
3107 4847 3232 4902 quae
3272 4833 3428 4888 dicta
3453 4835 3581 4887 sunt
3605 4825 3826 4894 relegan-

2225 4922 2336 4973 tur.
2375 4921 2442 4972 Et
2470 4933 2598 4974 cum
2626 4920 3029 4991 relegerentur,
3069 4921 3360 4976 Anulinus
3396 4914 3681 4990 proconsul
3712 4921 3822 4964 sen—

2225 5007 2458 5063 tentiam
2486 5007 2554 5061 de
2602 5007 2797 5063 libello
2836 5007 3000 5080 legit:
3053 5009 3318 5078 Crispina
3354 5010 3412 5063 in
3460 5001 3821 5076 superstitione

2227 5093 2808 5165 indignaperdurans,
2824 5096 3078 5166 qumdiis
3091 5099 3304 5152 nostris
3315 5097 3624 5152 sacriﬁcare
3647 5085 3818 5145 noluit,

2226 5183 2536 5238 secundum
2566 5183 2810 5254 Augusti
2835 5184 2978 5255 legis
3005 5186 3263 5240 mandata
3292 5197 3321 5238 a
3362 5182 3634 5239 caelesti...
3666 5177 3816 5231 locum

2224 5270 2426 5340 tendit,
2450 5283 2570 5325 eam
2595 5271 2784 5340 gladio
2804 5272 3178 5328 animadverti
3195 5272 3388 5342 jussit.
3419 5272 3576 5324 Beata
3595 5261 3818 5330 Crispina

2226 5359 2552 5428 respondit:
2593 5359 2820 5415 Christo
2852 5359 3048 5416 laudes
3075 5374 3199 5433 ago,
3238 5361 3506 5416 benedico
3532 5353 3814 5411 Dominum,

2221 5448 2320 5518 qui
2369 5447 2455 5502 sic
2502 5461 2589 5503 me
2615 5448 2685 5502 de
2711 5448 2976 5505 manibus
3017 5450 3136 5506 tuis
3179 5450 3446 5520 dignatus
3491 5452 3572 5502 est
3613 5442 3827 5512 liberare.

2139 5315 2194 5376 D
