4034 6158
213 232 325 290 729

785 229 1290 286 COLLECTANEA.
1332 259 1406 271 —
1439 222 1642 287 SERM.
1693 231 1749 286 S.
1790 228 2039 288 THEOD.
2080 232 2339 288 STUDIT.
2385 236 2474 289 DE
2510 236 2563 290 S.
2611 236 3043 297 BARTHOLOM.

3511 240 3620 301 730

214 359 387 412 Passa
415 357 504 409 est
530 351 694 407 beata
733 351 999 421 Crispina
1036 352 1187 421 apud
1225 350 1519 407 Coloniam
1556 351 1863 407 Thebesti-
1890 353 1947 412 A
1974 351 2204 409 Christo
2236 354 2296 409 in
2320 355 2542 410 unitate
2568 356 2824 425 Spiritus
2854 360 3038 414 sancti
3067 360 3124 415 in
3158 361 3365 417 saecula
3395 364 3624 420 saeculo-

215 455 369 512 nam,
402 440 499 495 die
552 440 841 495 Nonarum
883 438 1299 509 Decembrium,
1348 439 1662 509 imperante
1698 438 1866 495 Anu-

215 530 340 585 lino
401 526 760 598 proconsule,
827 531 1102 598 regnante
1165 526 1407 582 Domino
1472 530 1667 583 nostro
1733 528 1866 583 Jesu

1979 456 2127 497 rum.
2173 442 2367 498 Amen.

896 844 1294 949 SEBMO
1402 845 1508 948 S.
1633 847 2265 953 THEODORI
2359 851 2950 960 STUDlT/E

1323 1028 1414 1084 DE
1462 1028 1518 1084 S.
1561 1028 2091 1088 BARTHOLOMJEO
2140 1031 2515 1098 APOSTOLO.

806 1149 1380 1279 Interprete
1500 1154 2066 1253 Anastasio
2189 1155 3053 1266 Bibliothecario.

1713 1324 2119 1335 ———_

1393 1384 1586 1446 (Apud
1619 1385 1923 1449 Achertum,
1976 1386 2246 1450 Spieilegii
2274 1389 2309 1437 l.
2360 1391 2451 1453 II.)

1707 1501 2112 1512 -_——___.

1074 1605 1479 1677 EPISTOLA
1570 1609 2010 1681 ANASTASII

2088 1612 2776 1685 NUNCUPATORIA.

1718 1751 2120 1762 ————

282 1827 493 1884 Sancto
526 1841 594 1883 ac
637 1826 947 1883 venerabili
986 1826 1148 1883 Atom
1194 1827 1446 1883 antistiti
1488 1829 1866 1886 Beneventino
1899 1829 1951 1889 Β
1980 1831 2201 1901 utilem,
2229 1831 2493 1888 obscuris
2520 1832 2879 1889 dictionibus
2907 1831 3093 1905 (quem
3122 1834 3487 1904 interpretari
3518 1833 3628 1892 tibi

214 1915 568 1971 ANASTASIUS
594 1920 801 1972 sancta:
827 1916 982 1972 sedis
1007 1915 1335 1986 apostolicae
1363 1916 1863 1987 bibliothecarius,

220 2005 277 2060 in
319 2006 569 2061 Domino
610 2005 871 2061 salutem.

286 2095 534 2149 Fervens
589 2094 971 2150 sanctimonia
1022 2099 1120 2150 tua
1173 2096 1327 2150 circa
1383 2096 1861 2153 Bartholomaeum

220 2182 543 2252 apostolum
586 2183 752 2238 multi
796 2183 1010 2239 amoris
1049 2168 1254 2239 aﬁectu
1297 2197 1383 2238 me
1422 2196 1604 2254 nuper
1646 2185 1868 2241 hortata

220 2276 320 2342 est,
375 2271 516 2342 quia
564 2272 680 2340 jam
731 2273 857 2341 ejus
914 2285 1083 2342 penes
1133 2286 1193 2328 se
1242 2272 1488 2328 celebris
1554 2274 1869 2330 habebatur

222 2362 517 2429 memoria,
565 2361 614 2417 si
664 2361 803 2432 quid
855 2361 914 2416 in
964 2361 1132 2417 laude
1190 2361 1378 2431 ipsius
1426 2362 1626 2419 saltem
1675 2362 1883 2420 Grzece

225 2451 601 2518 inveniretur,
644 2451 793 2521 quod
833 2450 917 2504 vel
959 2450 1156 2506 Latine
1202 2450 1288 2506 vel
1329 2452 1522 2506 Grmce
1558 2451 1637 2507 sit
1683 2452 1869 2508 inter—

223 2542 529 2609 pretatum,
569 2538 683 2594 sibi
725 2538 1029 2595 misissem.
1076 2540 1282 2595 Verum
1320 2539 1581 2609 quamvis
1606 2541 1667 2595 in
1702 2541 1869 2597 laude

224 2628 412 2696 ipsius
443 2627 624 2682 multa
653 2627 1021 2682 inveniantur
1060 2641 1186 2699 quae
1210 2627 1294 2682 vel
1329 2628 1529 2683 Latine
1554 2628 1638 2683 vel
1678 2630 1871 2685 Graece

222 2715 509 2784 descripta
535 2705 693 2784 sunt,
726 2728 878 2771 unus
901 2720 1087 2771 tamen
1118 2729 1303 2771 sermo
1330 2729 1511 2785 nuper
1538 2717 1733 2772 editus
1761 2724 1866 2787 est,

225 2803 319 2872 qui
349 2808 549 2858 utrum
579 2802 778 2858 Latine
812 2803 1133 2873 reperiatur
1176 2802 1339 2859 nullo
1371 2804 1647 2860 hactenus
1674 2806 1873 2861 decla-

226 2896 384 2947 ratur
413 2891 657 2946 indicio.
693 2892 854 2947 Hunc
884 2905 1017 2963 ergo
1049 2892 1414 2961 interpretari
1442 2899 1499 2948 et
1531 2894 1863 2962 paternitati

226 2984 331 3035 tua!
374 2979 660 3034 destinari
700 2978 943 3035 decrevi.
985 2980 1041 3035 Si
1083 2986 1273 3036 autem
1319 2981 1533 3051 quaeris
1562 2981 1695 3051 quis
1726 2982 1870 3037 tanti

226 3067 509 3122 sermonis
575 3066 849 3123 habeatur
912 3067 1223 3137 expositor,
1297 3066 1543 3123 libenter
1595 3068 1866 3138 aperiam.

1979 1919 2236 1989 voluisti)
2268 1921 2465 1975 Grmco
2494 1920 2679 1976 edidit
2718 1919 2949 1991 famine,
2980 1921 3080 1992 qui
3117 1922 3314 1978 Graeco
3348 1921 3627 1978 vocabulo

1980 1996 2277 2076 Ἐγκώμιον
2297 2008 2538 2078 dicitur,
2564 2008 2714 2079 quod
2748 2009 2944 2065 Latine
2963 2011 3316 2079 praeconium,
3351 2011 3469 2066 sive
3502 2011 3624 2064 laus

1979 2095 2343 2165 exprimitur.
2400 2095 2508 2165 Qui
2553 2097 2622 2151 ad
2668 2097 2998 2152 Latinitatis
3056 2097 3318 2153 notitiam
3375 2098 3623 2154 ﬁdeliter

1979 2184 2315 2252 translatus,
2374 2191 2437 2241 ut
2492 2185 2828 2254 scrupulum
2890 2199 3112 2241 omnem
3165 2186 3235 2242 de
3293 2187 3623 2242 nutantium

1980 2271 2306 2342 pectoribus
2341 2272 2582 2344 auferat,
2623 2279 2679 2328 et
2716 2273 3005 2342 improbas
3048 2274 3370 2330 invidorum
3412 2287 3478 2330 ac
3518 2276 3627 2331 de—

1978 2361 2328 2418 trahentium
2368 2362 2597 2432 linguas
2632 2363 2991 2431 comprimat,
3023 2367 3195 2432 atque
3241 2363 3623 2435 ignorantiam

1981 2451 2231 2505 instruat
2270 2450 2607 2511 insciorum.
2650 2456 3061 2521 consequenter
3104 2442 3379 2522 legendus
3415 2457 3520 2507 est.
3558 2453 3627 2508 Et

1980 2551 2191 2608 revera,
2239 2538 2376 2607 quia
2419 2538 2683 2594 Salomon
2726 2538 2855 2592 ait:
2900 2540 3155 2592 Memoria
3186 2539 3465 2607 justorum
3507 2555 3628 2594 cum

1980 2627 2259 2695 laudibus,
2292 2627 2413 2682 scio
2445 2627 2717 2697 quosdam
2743 2641 2853 2681 non
2880 2627 3126 2683 scientes
3156 2628 3461 2699 utriusque
3488 2628 3629 2684 idio-

1984 2720 2130 2770 mata
2182 2715 2393 2785 lingua:
2442 2715 2902 2785 interpretationi
2957 2729 3090 2771 meae
3128 2716 3523 2787 derogaturos,
3572 2721 3629 2771 et

1983 2817 2070 2858 me
2099 2816 2162 2858 ea
2194 2817 2493 2873 passurum
2531 2818 2653 2874 qua:
2685 2804 2968 2875 quondam
3001 2803 3100 2859 ille
3129 2804 3379 2860 caelestis
3407 2804 3629 2861 biblio—

1981 2892 2159 2947 thecae
2179 2892 2368 2947 cultor
2384 2906 2415 2946 a
2439 2892 2564 2948 suis
2587 2893 2814 2947 aemulis
2840 2892 3094 2961 pertulit.
3123 2892 3327 2948 Verum
3356 2892 3627 2963 quisquis
3668 2886 3673 2891 ’

1984 2981 2085 3035 ille
2110 2978 2241 3049 fuit,
2263 2980 2389 3048 ejus
2415 2979 2747 3035 salubribus
2774 2980 3012 3035 monitis
3040 2980 3306 3036 eruditus
3328 2994 3440 3036 non
3472 2993 3531 3035 se
3555 2980 3625 3035 ad
3736 3034 3747 3042 ,

1981 3068 2393 3125 detrahendum
2433 3068 2587 3123 velut
2614 3067 2910 3137 improbus
2938 3068 3179 3139 ingerat,
3212 3068 3306 3124 sed
3339 3069 3408 3123 ad
3437 3068 3630 3124 corri—

227 3154 559 3211 Theodorus
594 3153 864 3210 videlicet
919 3130 1153 3226 quidam
1206 3130 1477 3212 sacerdos
1519 3130 1668 3226 apud
1713 3157 1871 3212 Con-
1907 3130 1956 3191 C
1983 3156 2227 3228 gendum
2273 3156 2438 3225 quasi
2483 3130 2714 3224 probus.
2744 3130 3033 3224 accedat:
3069 3130 3177 3211 nec,
3219 3160 3346 3226 post
3391 3156 3627 3212 dorsum

226 3242 796 3312 stantinopolitanam
837 3241 1033 3298 urbem
1073 3243 1432 3313 temporibus
1474 3243 1588 3300 fuit
1624 3244 1869 3300 Adriani

226 3336 277 3385 et
301 3330 512 3386 Leonis
553 3330 936 3386 Romanorum
978 3331 1336 3403 pontiﬁcum,
1377 3332 1466 3386 vir
1495 3332 1657 3387 valde
1685 3332 1870 3387 mira-

228 3418 382 3480 bilis.
416 3418 520 3488 qui
549 3432 661 3474 non
695 3418 877 3474 solum
921 3419 1053 3474 ﬁdei
1094 3420 1440 3488 constantia,
1474 3433 1669 3476 verum
1698 3420 1871 3475 etiam

227 3507 484 3561 scientia:
530 3506 715 3577 gratia
761 3511 817 3561 et
862 3506 1159 3578 signorum
1214 3507 1453 3577 polleret
1499 3508 1866 3578 virtutibus;

226 3594 473 3650 duorum
535 3594 896 3664 imperalium
960 3595 1397 3667 insigniumque
1455 3597 1868 3667 cmnobiorum,

225 3682 411 3739 Studii
458 3683 681 3738 scilicet
708 3688 766 3738 et
790 3684 1222 3756 Saccudiorum,
1259 3685 1614 3740 constitutus
1649 3690 1735 3741 est
1762 3685 1874 3741 ab—

227 3772 338 3827 bas.
384 3772 500 3841 Qui
543 3786 764 3843 semper
804 3773 862 3827 in
905 3773 1232 3843 apostolica:
1275 3774 1430 3830 sedis
1472 3775 1872 3830 communione

227 3863 559 3932 persistens,
626 3861 1024 3917 haereticorum
1082 3863 1299 3918 ntenias
1348 3868 1404 3917 et
1462 3863 1871 3932 imperatorum

225 3949 512 4005 vesaniam
545 3948 676 4004 ﬁdei
708 3951 1049 4018 constantia,
1079 3950 1250 4005 etiam
1280 3951 1582 4006 tormentis
1611 3950 1867 4023 affectus,

226 4037 434 4092 mentis
473 4036 687 4091 virtute
726 4038 1035 4108 repressit;
1066 4051 1286 4093 necnon
1317 4043 1373 4094 et
1399 4039 1582 4095 sancti
1616 4038 1871 4108 Spiritus

226 4126 407 4197 gratia
456 4124 660 4194 plenus
701 4125 980 4195 opuscula
1023 4126 1302 4182 nonnulla
1350 4127 1677 4196 composuit
1722 4127 1872 4181 inter

227 4229 346 4286 qua:
384 4220 446 4270 et
480 4226 797 4270 sermonem
850 4215 1003 4271 hunc
1040 4215 1110 4271 de
1147 4216 1206 4270 B.
1263 4215 1675 4272 Bartholomaeo
1728 4215 1870 4271 satis

289 4334 312 4359 ³
340 4322 399 4378 Id
430 4325 519 4377 est
548 4320 677 4377 ﬁne.

1983 3244 2181 3299 fratris
2205 3256 2404 3298 carnes
2432 3243 2761 3298 invidentiaa
2789 3244 2956 3299 dente
2976 3244 3260 3314 decerpat,
3293 3242 3388 3299 sed
3420 3243 3625 3314 palam,

1983 3333 2032 3388 si
2072 3335 2273 3401 potest,
2321 3331 2471 3401 quod
2497 3344 2528 3385 a
2557 3344 2688 3385 vero
2724 3330 3033 3400 discrepat,
3076 3329 3281 3386 affectu
3322 3331 3629 3387 charitatis

1982 3419 2257 3476 emendet.
2301 3420 2423 3473 Non
2466 3417 2618 3473 enim
2664 3419 2930 3486 majorem
2970 3417 3211 3489 gratiam
3256 3423 3626 3473 consecutum

1986 3508 2234 3578 invideo,
2267 3507 2362 3562 sed
2404 3512 2592 3578 grates
2633 3505 2855 3561 auctori
2904 3506 3168 3576 rependo,
3211 3506 3334 3576 qui,
3367 3506 3475 3561 etsi
3513 3519 3627 3561 non

1983 3610 2082 3668 per
2123 3610 2228 3666 me,
2273 3610 2372 3666 per
2407 3608 2779 3666 quoscunque
2822 3600 3009 3650 tamen
3054 3594 3306 3657 Latinos,
3339 3595 3409 3650 de
3438 3594 3534 3650 die
3567 3595 3625 3649 in

1980 3685 2132 3741 diem
2177 3684 2350 3740 donis
2398 3684 2594 3753 replet,
2653 3682 2869 3752 quibus
2910 3696 2971 3738 se
3016 3683 3199 3739 Graeci
3247 3681 3463 3737 ditatos
3505 3695 3628 3737 esse

1984 3785 2320 3844 magnopere
2350 3771 2754 3843 gloriarentur.
2789 3773 2872 3826 Tu
2905 3777 3110 3838 tamen,
3144 3770 3397 3840 obsecro,
3431 3769 3480 3824 si
3510 3770 3627 3825 haec

1983 3849 2284 3917 translatio
2342 3874 2535 3929 parva,
2573 3859 2774 3929 placet,
2833 3872 2955 3914 eam
3008 3858 3301 3930 legendam
3360 3857 3627 3914 Ecclesia:

1982 3950 2161 4020 trade,
2207 3955 2265 4004 et
2308 3963 2410 4018 pro
2460 3962 2545 4004 me
2586 3950 2700 4003 Deo
2749 3948 2895 4002 hanc
2946 3947 3156 4019 legenti
3209 3947 3408 4003 saltem
3454 3946 3624 4002 semel

1978 4040 2146 4105 Kyrie
2202 4038 2416 4105 eleyson
2471 4037 2661 4092 dicere
2716 4036 2871 4105 jube.
2931 4035 3112 4107 Salve,
3178 4036 3386 4106 praesul
3443 4041 3638 4117 amate.
3690 4090 3701 4095 _

1980 4126 2110 4182 Deo.
2140 4126 2274 4181 Sine
2319 4125 2574 4197 margine
2593 4134 2614 4161 ³
2645 4124 2797 4181 salve
2823 4130 2880 4180 et
2910 4138 3123 4181 memor
3146 4129 3267 4180 esto
3303 4123 3501 4179 fratris
3536 4124 3623 4180 tui

1977 4213 2292 4271 Anastasii.

1579 4547 2268 4611 PRZEFATINCULA.

290 4682 445 4737 Beati
466 4680 865 4738 Bartbolomaai
885 4681 1128 4750 apostoli
1147 4681 1469 4738 venerabile
1489 4682 1864 4752 omniumque
1891 4678 1943 4738 D
1978 4678 2092 4735 imo
2116 4678 2327 4734 divina:
2356 4678 2809 4748 dispensationis
2842 4684 3067 4748 nutum,
3101 4678 3411 4749 Lippareos
3440 4678 3627 4733 mira-

223 4768 455 4825 laudum
481 4769 724 4825 solemni
749 4770 1126 4826 attollendum
1150 4784 1361 4840 corpus
1384 4771 1687 4840 praaconio,
1714 4783 1864 4840 qua-

1976 4767 2173 4823 biliter
2211 4767 2290 4823 sit
2329 4773 2581 4823 evectum
2610 4768 2965 4838 ininsulam,
3005 4768 3157 4825 unde
3202 4768 3480 4824 hodierna
3519 4781 3623 4824 so-

226 4855 357 4911 liter
378 4857 449 4912 de
474 4858 745 4913 Armenia
773 4858 1043 4914 Indorum
1078 4858 1371 4927 provincia
1411 4864 1541 4928 post
1567 4858 1862 4913 decessum
1975 4857 2242 4912 lemnitas
2270 4855 2611 4924 celebratur,
2644 4856 2941 4923 cujusdam
2967 4857 3247 4914 Theodori
3279 4857 3627 4914 reverendis-

222 4945 449 5000 Polimii
469 4946 809 5018 regisatque
830 4945 1144 5015 pontiﬁcis,
1165 4946 1485 5017 aliquantis
1504 4946 1866 5001 elabentibus
1975 4945 2108 5001 simi
2151 4944 2465 5000 sacerdotis
2514 4944 2763 4999 veridica
2808 4950 2895 4999 est
2946 4945 3222 5001 relatione
3266 4950 3620 5014 reseratum;

221 5034 387 5089 annis
431 5048 530 5104 per
577 5034 914 5105 iniquorum
958 5039 1130 5105 atque
1179 5035 1499 5091 inﬁdelium
1545 5035 1859 5114 perﬁdiam,

1978 5033 2146 5089 habet
2183 5034 2334 5088 enim
2376 5033 2461 5089 sic
2498 5034 2827 5103 hujusmodi
2872 5034 3124 5089 narratio
3163 5034 3348 5090 illius.

1707 5165 2106 5177 —_——_

1407 5250 1687 5320 SEBMO
1764 5250 1809 5318 S
1828 5300 1844 5317 .
1928 5249 2364 5318 THEODORI
2385 5296 2402 5314 .

290 5390 570 5447 Maximus
607 5391 840 5462 quidem
880 5392 1060 5464 labor,
1090 5398 1166 5463 et,
1198 5400 1263 5448 ut
1299 5393 1523 5464 addam,
1565 5394 1748 5465 gloria
1777 5398 1863 5450 est
1971 5395 2067 5450 sed
2097 5394 2298 5464 majori
2339 5396 2638 5452 devotione
2677 5400 2891 5466 martyr
2923 5396 3170 5467 quisque
3206 5394 3375 5451 debet
3405 5391 3616 5460 attolli,

221 5482 539 5534 sanctorum
589 5479 788 5535 laudes
835 5485 1151 5552 contexere,
1201 5481 1446 5537 virtutes
1494 5481 1855 5551 praedicare;

1974 5483 2032 5537 in
2075 5484 2244 5552 cujus
2290 5483 2711 5541 heatiﬁcatione
2763 5487 2953 5540 omnis
2998 5495 3185 5538 sermo
3229 5496 3340 5539 non
3383 5477 3616 5551 suﬂicit,
