4034 6158
419 225 520 285 734

1655 225 2012 285 ANASTASII
2063 221 2550 280 BIBLIOTHECAR
2556 227 2601 282 ll

3717 229 3825 288 732

418 349 494 405 At
520 363 650 406 vero
669 352 724 405 et
748 349 1068 420 apostolum
1093 351 1681 422 irreprehensibiliter
1707 351 2060 414 collaudare,
2095 348 2155 408 A
2177 361 2303 403 sera
2325 349 2582 420 linguam
2611 361 2790 404 meam
2817 352 3056 418 mutam,
3081 349 3155 405 da
3181 349 3326 404 mihi
3354 350 3650 406 materiam
3673 367 3824 422 prte-

422 441 667 509 quantae,
703 442 888 509 putas,
927 452 1050 495 esse
1086 441 1297 510 poterit
1324 441 1496 496 etiam
1531 440 1851 512 insignium
1876 438 2068 509 magi—

421 529 668 581 strorum
705 526 1026 597 industriae,
1069 529 1295 584 scilicet
1328 543 1494 599 quem
1535 529 1783 598 spiritus
1821 527 1891 581 ad
1922 539 2069 581 con—

421 615 842 685 templationem
867 615 1138 672 laudibus
1153 622 1210 672 et
1231 617 1542 673 modulatis
1561 615 1798 672 vocibus
1816 611 2068 670 extulit?

419 703 597 773 Cujus
632 704 784 759 enim
821 718 998 761 sonus
1030 705 1089 760 in
1117 717 1339 762 omnem
1379 711 1587 761 terram
1613 705 1812 768 exivit,
1843 707 1908 759 ut
1935 715 2070 758 ver-

421 792 624 849 borum
650 793 864 848 virtute
894 793 1035 848 lines
1073 795 1368 850 ordinaret
1395 793 1575 864 orbis,
1603 796 1826 864 oportet
1867 792 2068 862 utique

422 883 488 936 ut
515 885 572 935 et
597 879 723 936 laus
744 882 870 950 ejus
893 895 960 936 ex
994 895 1159 952 aequo
1195 881 1554 954 intelligatur
1578 889 1633 938 et
1663 880 1910 938 ﬁdeliter
1929 893 2072 950 pro-

421 967 669 1026 feratur:
691 974 746 1025 et
770 971 838 1026 ad
863 970 980 1025 haec
1005 969 1139 1040 quis
1163 975 1277 1026 tam
1306 970 1572 1041 idoneus,
1601 969 1736 1040 quis
1757 967 2065 1036 sufﬁciens,

423 1058 556 1129 quis
589 1057 907 1114 robustus?
931 1058 1338 1128 Nunquidnam
1373 1057 1510 1128 quia
1557 1070 1658 1111 nec
1696 1058 1918 1124 Petrus,
1967 1069 2068 1111 nec

418 1147 661 1202 Joannes
692 1151 778 1200 est
800 1145 1036 1200 divinus
1072 1144 1535 1216 Bartholomteus,
1575 1145 1793 1200 idcirco
1825 1143 2068 1213 paucio—

423 1233 588 1290 ribus
611 1238 696 1288 est
725 1232 1087 1288 sermonibus
1117 1232 1535 1302 praedicandus.
1567 1237 1624 1287 et
1653 1232 1816 1302 quasi
1854 1245 1963 1287 non
1990 1231 2069 1286 sit

423 1321 590 1378 multi
619 1320 909 1390 praeconii,
948 1321 1144 1376 minus
1169 1320 1394 1391 aliquid
1429 1319 1748 1376 eiferendus
1767 1319 1796 1374 ?
1818 1319 2071 1390 Aposto—

422 1409 541 1466 lum
583 1410 798 1465 Christi
839 1409 1015 1465 audis
1047 1424 1115 1464 ex
1144 1413 1284 1480 toto,
1323 1414 1379 1464 et
1409 1422 1521 1465 non
1554 1410 1916 1479 pertimescis
1938 1423 2067 1464 eum

425 1499 524 1569 qui
571 1499 733 1554 misit
777 1498 941 1560 illum
971 1498 1000 1552 ?
1023 1500 1241 1554 Testem
1283 1498 1548 1554 veritatis
1586 1511 1760 1554 sensu
1797 1497 1978 1567 capis,
2012 1501 2068 1552 et

424 1601 536 1643 non
571 1587 802 1643 miraris
831 1601 958 1642 eum
1001 1587 1100 1657 qui
1143 1594 1224 1642 est
1255 1587 1430 1658 digne
1467 1587 1806 1644 canendus?
1829 1587 1980 1656 Quin
2012 1591 2070 1642 et

2176 435 2345 490 conia
2366 440 2479 490 tute
2502 436 2920 506 magnitudinis
2949 437 3278 506 enarrandi,
3307 450 3419 493 non
3447 442 3513 493 ut
3541 439 3660 508 ipse
3689 454 3824 509 pm-

2178 522 2340 579 ilcias
2360 523 2606 594 aliquid,
2634 524 2847 580 habens
2869 525 3224 582 intrinsecus
3248 525 3672 582 beatitudinum
3699 528 3824 597 ple-

2177 611 2520 682 nitudinem,
2540 613 2634 667 sed
2657 617 2720 668 ut
2737 615 3138 684 quoquomodo
3154 614 3478 671 declaretur
3497 628 3657 670 amor
3671 616 3824 671 circa

2177 704 2232 755 te
2263 699 2548 757 divinitus
2587 702 3045 771 praedestinatus,
3084 707 3150 758 ut
3186 709 3242 759 et
3279 717 3382 776 ego
3424 705 3825 773 pauperrimus

2177 802 2319 858 puer
2347 794 2484 845 tuus
2515 790 2769 859 paternis
2797 790 3164 848 orationibus
3193 789 3354 846 fruar
3383 791 3443 846 in
3474 791 3644 847 laude
3672 793 3828 848 cele—

2179 875 2412 934 britatis
2451 884 2580 934 tuas.
2614 880 2739 934 Non
2777 879 2930 936 enim
2963 879 3174 950 poterit
3211 879 3338 935 sine
3382 880 3826 950 participatione

2181 965 2634 1023 illuminationis
2665 981 3011 1038 permanere,
3045 967 3145 1039 qui
3177 969 3246 1024 ad
3279 967 3640 1038 splendorem
3677 969 3824 1025 radii

2179 1055 2322 1111 solis
2357 1056 2663 1112 accesserit
2697 1056 2784 1112 vel
2822 1055 3074 1126 pupillas
3106 1057 3370 1112 erexerit.

2248 1143 2415 1200 Alius
2447 1145 2628 1216 igitur
2656 1145 3045 1214 apostolorum
3068 1145 3184 1215 hic,
3206 1145 3362 1201 alius
3385 1158 3519 1200 vero
3540 1144 3688 1200 alibi
3714 1160 3830 1216 per-

2177 1232 2332 1302 cepit
2363 1236 2574 1301 partem
2605 1232 2766 1288 orbis
2797 1233 2856 1290 in
2891 1233 3294 1303 praedicatione
3323 1233 3683 1304 cognitionis
3706 1235 3824 1305 Dei,

2178 1325 2234 1376 et
2258 1335 2453 1376 omnes
2483 1322 2914 1380 universitatem
2940 1321 3054 1377 sibi
3079 1321 3528 1391 dispertientes;
3561 1323 3830 1392 praedica~

2179 1414 2331 1465 tores
2361 1410 2532 1482 Regis
2567 1424 2762 1482 regum
2786 1410 3002 1465 Christi
3021 1410 3324 1467 constituti
3343 1411 3828 1466 sunt:Constitues

2175 1499 2328 1554 enim
2384 1515 2470 1553 eos
2532 1501 2810 1568 principes
2879 1514 3042 1568 super
3091 1514 3299 1552 omnem
3366 1503 3572 1552 terram
3657 1499 3824 1569 (Paul.

2177 1602 2331 1660 xuv,
2389 1585 2493 1658 i7),
2543 1588 2840 1657 Scriptura
2896 1587 3312 1657 pronuntiavit.
3357 1587 3424 1642 Ei
3481 1592 3678 1644 autem
3733 1590 3827 1659 qui

423 1675 472 1730 si
498 1675 808 1731 multorum
836 1689 988 1731 unus
1015 1680 1156 1745 erat,
1193 1675 1340 1730 nulli
1368 1680 1555 1730 tamen
1598 1673 1943 1730 famulorum
1966 1673 2066 1729 Dei
2098 1669 2144 1728 Β
2179 1690 2332 1731 nunc
2360 1675 2570 1731 celebri
2604 1673 2754 1731 fama
2785 1675 3056 1731 laudatur
3083 1689 3208 1730 sors
3237 1680 3293 1730 et
3323 1675 3513 1745 portio
3542 1676 3830 1732 Armeniae

425 1763 636 1820 minori
662 1763 829 1819 laude
853 1763 1288 1834 comparandus.
1319 1763 1403 1818 An
1427 1763 1564 1833 quia
1593 1767 1681 1818 est
1703 1763 1889 1818 divini
1915 1763 2070 1818 duo-

421 1852 644 1908 denarii
670 1853 892 1908 numeri
922 1850 1299 1907 medius?Est
1317 1851 1470 1906 enim
1497 1857 1552 1906 et
1579 1851 1673 1906 hic
1698 1850 2066 1918 duodenarii,

426 1942 486 1996 in
517 1942 742 1998 senario
775 1941 1068 2010 medietas,
1107 1940 1260 1996 sicut
1288 1939 1347 1995 in
1387 1940 1624 1996 citharae
1657 1939 1954 1994 harmonia
1980 1938 2072 1994 si—

424 2029 602 2100 milis,
644 2043 870 2101 :equum
907 2034 962 2085 et
1003 2029 1075 2085 ab
1123 2035 1368 2100 utraque
1412 2035 1571 2098 parte
1613 2041 1814 2083 sonum
1859 2027 2071 2082 divina:

424 2118 925 2174 sermocinationis
963 2118 1212 2174 similem
1260 2119 1422 2174 dans.
1469 2117 1542 2172 At
1569 2130 1702 2172 vero
1733 2116 1782 2172 si
1817 2115 2073 2172 volueris

425 2209 488 2262 ut
535 2205 596 2260 in
642 2206 959 2276 apostolico
1003 2206 1224 2276 ordine,
1273 2206 1425 2262 sicut
1469 2205 1529 2260 in
1575 2205 1810 2261 annuali
1851 2204 2072 2261 circulo

423 2295 999 2364 uniuscujuscunque
1053 2295 1285 2366 mensis,
1333 2308 1400 2350 ex
1444 2308 1608 2365 aequo
1659 2293 1828 2350 utilis
1875 2293 2074 2349 omni-

424 2383 612 2440 modis
643 2381 971 2439 coni‘eratur
999 2397 1292 2452 numerus,
1315 2386 1373 2438 et
1397 2382 1630 2452 propria
1658 2383 1804 2438 alter
1825 2380 2069 2438 alterius

424 2471 745 2542 quantitate
790 2477 848 2527 et
885 2472 1163 2542 qualitate
1209 2485 1371 2527 suam
1415 2471 1618 2526 habeat
1657 2470 2062 2542 diii'erentiam,

424 2575 537 2618 non
567 2561 733 2630 plane
769 2562 936 2618 nobis
962 2563 1014 2617 is
1045 2563 1144 2633 qui
1177 2562 1448 2618 laudatur
1483 2562 1750 2633 exiguus,
1779 2560 1873 2617 sed
1901 2566 1957 2616 et
1986 2561 2070 2616 ni-

425 2649 536 2705 mis
552 2647 824 2704 sublimis
843 2649 1056 2705 virtute
1078 2650 1332 2719 Spiritus
1351 2649 1667 2720 apparebit,
1692 2648 1905 2704 habens
1926 2648 2064 2718 quid

427 2737 485 2794 in
511 2738 634 2807 ipsa
659 2737 1066 2808 supputatione
1090 2737 1389 2808 mysticum
1413 2739 1512 2792 Dei
1541 2736 1844 2793 verborum
1868 2741 2066 2807 typum

425 2826 738 2884 secundum
769 2826 1191 2882 arithmeticam
1217 2831 1414 2882 artem.
1439 2827 1608 2882 Solus
1626 2826 1778 2881 enim
1805 2825 2070 2881 senarius

2180 1765 2361 1834 locus,
2385 1765 2484 1835 qui
2515 1769 2602 1820 est
2629 1764 2701 1819 ab
2727 1765 2952 1820 Evilath
2984 1777 3166 1834 usque
3195 1764 3476 1835 Gabaoth,
3499 1768 3558 1820 et
3583 1764 3648 1819 in
3677 1765 3833 1820 mul-

2177 1853 2256 1908 tis
2286 1853 2554 1924 gentibus
2582 1857 2638 1908 et
2667 1851 3006 1908 civitatibus
3034 1857 3120 1907 est
3147 1851 3523 1908 distributus.
3557 1854 3676 1908 Iste
3701 1865 3832 1923 ergo

2179 1956 2308 1997 cum
2365 1941 2689 1997 mitteretur
2739 1941 2976 2011 mystice
3029 1940 3261 1997 verbum
3309 1941 3408 1995 Dei
3457 1941 3827 2010 annuntiare,

2182 2029 2300 2085 haec
2339 2029 2628 2085 divinitus
2669 2029 2896 2086 audivit
2929 2042 2962 2084 a
2997 2028 3275 2084 Domino:
3303 2029 3470 2090 Vade.
3514 2028 3828 2098 discipule,

2179 2118 2249 2174 ad
2278 2118 2726 2188 praedicandum,
2760 2117 2852 2173 exi
2883 2117 2952 2172 ad
2992 2130 3259 2188 pugnam,
3292 2130 3469 2186 capax
3507 2122 3636 2172 esto
3675 2117 3833 2187 peri-

2179 2206 2440 2262 culorum
2480 2205 2762 2276 ;consule
2815 2205 3082 2276 ﬁgmento
3129 2218 3273 2272 meo,
3329 2205 3498 2274 cujus
3551 2205 3833 2260 misertus

2182 2295 2350 2352 homo
2381 2293 2564 2350 factus
2593 2308 2742 2363 sum,
2773 2299 2830 2349 et
2860 2308 2963 2364 pro
2991 2307 3104 2364 quo
3136 2294 3340 2350 mortis
3378 2293 3633 2350 dedecus
3663 2293 3830 2365 elegi.

2177 2387 2295 2456 Ego
2325 2388 2622 2454 paternum
2665 2397 2812 2452 opus
2847 2382 3274 2450 consummavi;
3304 2382 3529 2452 primus
3563 2381 3832 2437 veritatis

2177 2473 2344 2528 testis
2369 2471 2555 2528 factus
2574 2486 2700 2528 sum
2724 2489 2739 2543 ;
2759 2485 2860 2527 vos
2881 2471 3029 2542 quod
3058 2471 3438 2528 necessarium
3461 2475 3548 2526 est
3569 2470 3826 2540 implete,

2176 2565 2234 2618 et
2253 2576 2378 2632 quae
2400 2565 2529 2630 post
2547 2559 2716 2616 verba
2739 2559 3168 2630 praedicationis
3195 2572 3328 2614 mea!
3356 2559 3569 2616 mundo
3593 2559 3830 2629 desunt,

2177 2649 2244 2706 ad
2265 2649 2712 2706 similitudinem
2736 2661 2914 2704 meam
2938 2649 3214 2718 supplete.
3238 2647 3469 2703 Imitare
3485 2647 3832 2720 Magistrum

2179 2745 2364 2808 tuum,
2387 2737 2658 2792 aemulare
2675 2736 2982 2793 Dominum
3003 2743 3188 2805 tuum,
3211 2749 3372 2807 aequa
3400 2736 3673 2804 passione
3695 2750 3836 2792 san-

2180 2827 2409 2899 guinem
2442 2839 2543 2896 pro
2574 2839 2662 2880 me
2689 2839 2852 2896 pone,
2883 2829 2940 2880 et
2967 2838 3194 2880 carnem
3234 2823 3593 2880 cruciatibus
3626 2825 3830 2894 trade;

425 2929 700 2972 numerus
731 2929 766 2971 a
797 2915 982 2985 prima
1027 2915 1262 2971 monade
1302 2894 1590 2986 perfectus
1640 2914 1903 2985 partibus
1943 2913 2070 2970 suis
2112 2984 2128 2986 _
2181 2894 2371 2986 patere
2415 2894 2653 2985 quasque
2691 2894 2949 2970 sustinui
2993 2927 3094 2984 pro
3128 2917 3182 2968 te
3222 2926 3446 2982 passus.
3489 2911 3748 2968 Ostende
3775 2913 3833 2968 in

420 3003 713 3073 complens
753 2984 821 3059 ex
868 3003 959 3058 his
1010 3001 1154 3074 ipsis
1215 2984 1571 3059 medietatem
1629 2984 1859 3074 quidem
1909 2984 2145 3058 suamC
2181 2984 2365 3075 teipso
2405 2984 2737 3058 manifestas
2778 3005 3034 3058 actiones
3075 2999 3425 3058 characteris
3473 3001 3607 3056 mei.
3661 3002 3835 3056 Arma

423 3106 552 3162 quae
575 3097 663 3148 est
701 3093 834 3162 tria,
875 3092 1103 3148 tertiam
1143 3106 1272 3149 vero
1313 3099 1527 3163 partem
1564 3106 1724 3149 suam
1771 3091 2072 3162 perﬂciens

425 3194 493 3236 ex
515 3180 762 3251 duobus,
801 3184 1015 3236 sextam
1049 3185 1239 3237 autem
1273 3195 1340 3237 ex
1373 3181 1609 3238 monade
1643 3193 2066 3236 consummans.

425 3270 486 3324 In
532 3283 647 3340 quo
684 3283 818 3326 vero
861 3283 1098 3326 numero
1151 3270 1246 3326 hic
1293 3271 1610 3340 apostolus,
1663 3269 1711 3324 si
1754 3270 2067 3326 secundum

425 3356 818 3428 evangelicum
844 3357 1340 3414 dinumeravimus
1369 3357 1712 3428 catalogum.
1745 3363 1942 3414 sextus
1974 3370 2071 3412 re-

430 3446 669 3515 peritur.
705 3447 878 3503 Porro
905 3451 962 3502 et
990 3447 1040 3502 si
1069 3447 1384 3503 secundum
1409 3447 1651 3502 Actuum
1679 3447 2069 3516 apostolorum

426 3535 745 3607 catalogum
771 3536 1282 3602 numeraverimus,
1317 3536 1621 3604 septimum
1649 3548 1922 3604 ponemus
1945 3535 2072 3588 Bar-

429 3621 814 3688 tholomzeum,
832 3623 1056 3692 eritque
1075 3623 1195 3691 ipse
1213 3623 1418 3677 iterum
1441 3621 1790 3690 principium
1808 3627 1864 3676 et
1879 3624 2072 3676 vertex

427 3711 690 3766 secunda:
715 3710 982 3765 hexados.
1011 3711 1092 3764 Ita
1115 3715 1179 3764 ut
1206 3709 1340 3764 hinc
1365 3709 1654 3778 possimus
1681 3711 2070 3780 argumentari

427 3812 558 3854 eum
605 3799 676 3852 ad
725 3799 954 3852 Petrum
1007 3796 1217 3852 habere
1267 3797 1771 3866 comparationem,
1817 3798 1953 3853 dum
2001 3812 2071 3854 ex

429 3887 615 3956 prima
641 3887 870 3955 quidem
909 3885 1122 3940 hexade
1155 3885 1506 3956 principium
1548 3889 1847 3954 reputatur
1877 3887 1934 3942 in
1962 3889 2074 3943 Pe-

431 3981 539 4041 tro,
580 3987 648 4028 ex
687 3974 937 4029 secunda
993 3986 1147 4034 vero.
1195 3973 1331 4044 quia
1392 3973 1694 4030 summitas
1745 3981 1832 4030 est
1871 3989 2069 4032 eorum

431 4060 531 4132 qui
589 4064 716 4130 post
772 4061 961 4130 ipsum
1024 4067 1179 4134 sunt,
1241 4061 1660 4118 dinumeratur.
1717 4063 2071 4134 principium

430 4153 661 4204 taxatur
706 4149 763 4204 in
810 4150 1238 4206 Barthoiommo.
1301 4152 1463 4220 Nota,
1521 4151 1920 4223 dilectissime,
1967 4153 2076 4208 Pe—

431 4244 558 4294 trus
615 4237 779 4294 docet
845 4239 1140 4309 nationes;
1172 4241 1268 4296 sed
1313 4246 1370 4296 et
1424 4240 1872 4296 Bartholomaeus
1931 4254 2077 4296 con-

2181 3093 2290 3149 tibi
2317 3093 2436 3148 sint
2461 3091 2788 3162 benignitas
2816 3091 2874 3146 in
2906 3089 3239 3159 sudoribus,
3270 3089 3655 3144 mansuetudo
3683 3089 3837 3144 inter

2181 3181 2510 3250 maledicos,
2541 3179 2816 3249 patientia
2840 3179 2899 3234 in
2922 3178 3016 3234 his
3035 3178 3134 3249 qui
3159 3183 3213 3234 te
3233 3177 3595 3247 peremerint.
3616 3177 3692 3231 Ut
3708 3175 3836 3232 ovis

2181 3270 2241 3325 in
2279 3269 2466 3325 medio
2509 3268 2773 3338 luporum
2819 3265 3054 3336 eiﬁcere,
3105 3264 3420 3321 virtutibus
3461 3269 3724 3320 armatus
3768 3263 3833 3318 ad

2179 3357 2328 3414 bella
2366 3370 2590 3413 acuere.
2636 3358 2759 3412 Non
2799 3354 3102 3411 resultavit
3135 3353 3602 3424 apostolus;non
3634 3352 3831 3408 dixit:

2178 3447 2471 3518 Quomodo
2503 3446 2671 3515 lupos
2700 3444 2956 3500 nancisci
2995 3445 3205 3514 poterit
3227 3457 3411 3514 agnus
3441 3456 3596 3498 unus
3632 3442 3835 3498 decem

2182 3535 2368 3592 millia
2379 3534 2707 3604 ?Quomodo
2721 3533 2887 3604 przeci
2897 3532 3012 3602 piet
3025 3533 3360 3603 peregrinus
3373 3531 3835 3601 primiscivium,

2180 3623 2342 3680 exsul
2360 3622 2628 3691 ducibus,
2650 3621 3059 3694 regibusisqui
3074 3635 3244 3676 unam
3264 3619 3520 3690 possidet
3535 3618 3838 3674 tunicam?

2180 3713 2284 3769 Sed
2320 3717 2382 3768 ut
2411 3710 2662 3767 famulus
2693 3710 2898 3780 ﬁdelis,
2932 3709 3234 3765 Dominico
3274 3709 3648 3779 acquiescens
3681 3722 3840 3778 pra:-

2181 3806 2362 3871 cepto,
2410 3800 2597 3871 pergit
2639 3800 2910 3872 gaudens,
2953 3798 3102 3854 nihil
3150 3796 3410 3853 deferens
3451 3811 3668 3867 secum,
3715 3797 3836 3852 nisi

2181 3896 2402 3946 tantum
2417 3889 2634 3946 Christi
2659 3889 2972 3959 pretiosum
2995 3901 3195 3944 nomen
3217 3901 3318 3956 pro
3334 3887 3489 3942 omni
3512 3891 3831 3941 armatura.

2254 3981 2448 4048 Itaque
2469 3977 2809 4050 aggrediens
2833 3975 3003 4032 verbo
3025 3975 3453 4044 praedicationis
3477 3973 3834 4044 provinciam

2183 4074 2334 4123 sorte
2366 4071 2704 4137 perceptam,
2739 4069 2951 4135 quanta
2994 4063 3118 4120 illic
3149 4063 3411 4136 gesserit.
3444 4067 3659 4134 quanta
3687 4061 3838 4118 sub-

2184 4155 2309 4211 iens
2350 4153 2667 4225 pertulerit,
2715 4167 2958 4224 sequens
3005 4165 3192 4208 sermo
3237 4151 3548 4224 depinget;
3582 4165 3832 4222 quorum

2186 4243 2416 4314 quidem
2456 4247 2593 4299 sunt
2623 4242 2878 4313 quaedam
2917 4242 3230 4298 secundum
3267 4240 3638 4296 traditionem
3670 4241 3837 4296 anti-

431 4333 734 4399 sequenter
786 4329 944 4400 paria
1005 4329 1329 4401 investigat.
1391 4328 1540 4384 Petri
1598 4327 1844 4397 speciosi
1905 4330 2076 4400 pedes
2101 4328 2155 4391 D
2190 4346 2314 4404 quae
2343 4331 2644 4387 relationis
2666 4335 2813 4402 acta,
2854 4330 3112 4400 quaedam
3138 4343 3268 4385 vero
3293 4328 3612 4384 secundum
3643 4329 3834 4384 ratio—

431 4416 580 4475 bona
643 4417 1106 4490 evangelizantis,
1171 4417 1264 4473 sed
1330 4421 1386 4471 et
1454 4413 1850 4472 Bartholomaei
1916 4430 2074 4488 mque

426 4505 670 4575 jucundi
725 4506 1000 4564 sublimia
1038 4507 1108 4562 de
1150 4508 1262 4560 Deo
1311 4503 1618 4574 loquentis.
1682 4504 1884 4561 Petrus
1934 4519 2078 4576 ope—

433 4600 596 4649 ratur
635 4595 894 4666 prodigia
940 4607 1160 4665 magna,
1203 4591 1300 4648 sed
1345 4596 1402 4647 et
1445 4593 1892 4650 Bartholomteus
1939 4593 2080 4651 facit

433 4681 710 4738 miracula
752 4682 960 4737 valida.
999 4684 1200 4736 Petrus
1235 4681 1501 4736 deorsum
1545 4681 1732 4751 capite
1774 4683 2078 4754 crucifigi-

432 4774 547 4838 tur,
589 4770 684 4824 sed
707 4784 736 4824 e
761 4771 986 4826 diverso
1019 4768 1434 4826 Batholomaeus
1474 4784 1666 4840 pennas
1708 4785 1809 4840 pro
1847 4771 2078 4828 Christo

432 4857 749 4924 sustinens,
795 4863 1093 4930 postquam
1138 4858 1331 4915 vivens
1372 4860 1698 4916 excoriatus
1733 4865 1838 4931 est,
1891 4860 2079 4930 capite

434 4943 726 5015 plectitur.
757 4947 1048 5020 Quotquot
1073 4948 1257 5020 igitur
1287 4950 1488 5006 Petrus
1511 4951 1652 5021 agit,
1687 4950 1923 5006 totidem
1952 4963 2081 5020 opc-

436 5038 597 5090 ratur
614 5039 672 5089 et
689 5035 1152 5094 Bartholomaaus.
1180 5039 1262 5095 Ad
1288 5039 1437 5108 quod
1461 5039 1609 5094 valet
1633 5040 1833 5095 Petrus
1864 5045 2082 5110 myste-

436 5123 524 5179 ria
556 5125 928 5194 capessenda,
960 5127 1029 5181 ad
1069 5131 1155 5182 tot
1179 5126 1626 5182 Bartholomaeus
1650 5125 1865 5183 suﬁlcit
1901 5143 2082 5198 pene-

435 5211 658 5282 tranda,
684 5211 985 5282 aequaliter
1012 5213 1349 5282 exsequitur
1376 5214 1563 5268 divini
1587 5213 1744 5269 verbi
1773 5215 2076 5286 rationem,

435 5301 734 5370 aequaliter
775 5297 979 5356 fundat
1017 5299 1348 5369 Ecclesiam,
1389 5314 1552 5370 aequa
1593 5300 1754 5356 lance
1794 5301 1999 5358 habuit
2020 5310 2078 5360 et

437 5394 638 5445 caetera
675 5387 872 5444 divina
909 5387 1275 5442 charismata.

510 5477 650 5534 Veni
677 5490 812 5549 ergo
841 5475 1126 5547 placatus,
1159 5479 1283 5530 esto
1313 5473 1471 5531 ferax
1504 5475 1684 5547 verbi,
1717 5489 1752 5533 o
1782 5475 1962 5551 beate,
1988 5494 2088 5537 re-

2186 4433 2314 4476 nem
2350 4419 2804 4491 evangelicarum
2847 4418 3245 4474 doctrinarum
3285 4421 3440 4486 gesta
3478 4417 3830 4473 consistunt.

2185 4508 2244 4562 Si
2264 4507 2416 4562 enim
2446 4507 2546 4562 lux
2572 4506 2770 4562 mundi
2792 4514 2875 4561 est
2894 4507 3060 4575 juxta
3082 4504 3233 4574 quod
3267 4504 3492 4558 Veritas
3518 4503 3834 4574 discipulis

2185 4596 2302 4651 ait:
2340 4597 2444 4650 Vos
2473 4596 2600 4648 estis
2631 4595 2731 4648 tua:
2755 4594 2968 4656 mundi,
3004 4591 3255 4663 profecto
3280 4605 3345 4647 ea
3375 4605 3502 4661 qua!
3527 4591 3680 4646 lucis
3699 4597 3834 4648 sunt

2185 4688 2454 4755 operatus
2467 4689 2555 4739 est
2575 4683 2636 4738 in
2658 4682 2753 4738 his
2766 4682 2868 4753 qui
2887 4682 2946 4736 in
2971 4679 3221 4737 tenebris
3239 4686 3296 4735 et
3315 4679 3516 4736 umbra
3535 4681 3742 4737 mortis
3756 4693 3835 4736 se-

2185 4774 2410 4832 debant.
2432 4775 2502 4829 Et
2516 4773 2566 4828 si
2584 4771 2667 4828 sal
2685 4776 2848 4827 terrae
2865 4775 2970 4842 est,
2995 4769 3360 4828 manifestum
3382 4774 3470 4825 est
3485 4769 3623 4840 quia
3642 4775 3834 4841 gentes

2187 4861 2619 4918 irrationabiles
2655 4859 2919 4916 veritatis
2963 4860 3186 4916 ratione
3227 4857 3443 4914 saliens
3479 4857 3830 4914 emundavit.

2187 4953 2258 5007 Et
2277 4951 2328 5007 si
2345 4950 2644 5021 operarius
2667 4948 2992 5020 evangelice
3012 4949 3344 5004 nominatus
3359 4951 3467 5016 est,
3489 4958 3838 5016 consequen-

2189 5043 2276 5095 ter
2290 5041 2348 5093 et
2360 5035 2773 5110 agriculturam
2813 5035 3176 5105 spiritualem
3213 5033 3484 5104 perfecit;
3505 5033 3657 5104 quod
3682 5033 3834 5087 enim

2188 5139 2222 5182 a
2243 5125 2515 5197 magistra
2540 5124 2789 5180 Veritate
2817 5123 3200 5179 communiter
3228 5121 3498 5178 omnibus
3518 5120 3760 5188 dicitur,
3780 5123 3836 5173 et

2190 5227 2289 5284 per
2329 5213 2590 5286 singulas
2639 5225 2912 5283 personas
2963 5210 3394 5268 rationabiliter
3437 5208 3834 5278 accipiendum

2187 5307 2292 5360 est.
2326 5305 2520 5372 Itaque
2539 5302 2669 5356 vide
2687 5314 2818 5357 eum
2834 5301 3147 5357 secundum
3168 5298 3502 5370 allegoriam
3524 5293 3834 5366 aliquando

2188 5392 2421 5464 quidem
2449 5403 2561 5446 non
2587 5394 2796 5445 terram
2817 5402 2981 5446 arare
3001 5388 3186 5446 bobus
3205 5385 3572 5444 trahentibus
3597 5383 3832 5448 ferrum,

2189 5481 2285 5538 sed
2314 5479 2525 5550 linguae
2543 5481 2737 5535 aratro
2769 5477 3148 5535 rationabilis
3176 5490 3312 5534 rura
3337 5475 3678 5544 sulcantem,
3699 5473 3834 5544 jugo
