4034 6158
428 217 539 278 735

1673 184 2030 279 ANASTASII
2082 221 2617 281 meuomucmn

3754 216 3776 276 1
3784 220 3855 277 ἐϋ

424 345 647 403 dicitur
671 346 948 401 Columna
973 363 991 415 ;
1027 345 1291 401 Acatium
1317 349 1505 402 autem
1536 345 1595 399 in
1632 344 1921 401 civitatem
1950 361 2077 416 qua:
2098 348 2157 408 A
2184 345 2372 421 fulges
2402 349 2462 404 in
2499 349 2694 420 gloriae
2726 350 3116 407 inacessibilis
3148 351 3471 421 splendore,
3507 350 3569 405 in
3595 350 3729 406 exul
3753 362 3760 372 '
3780 362 3799 399 ι
3820 377 3846 389 ο

427 439 662 491 vocatur
682 434 848 501 Cale;
878 438 1162 504 quatenus
1186 433 1585 504 unusquisque
1619 447 1816 489 eorum
1839 434 1900 489 in
1927 448 2079 490 una—

428 536 655 594 quaque
705 522 940 578 civitate
987 527 1272 592 protector
1318 527 1466 578 esset
1514 521 1923 593 habitatorum,
1974 523 2074 591 qui

426 610 599 666 etiam
649 624 831 680 usque
877 610 1045 666 hodie
1083 610 1383 681 splendent
1432 608 1726 681 suffragiis
1765 609 1908 665 suis.
1954 612 2078 679 Ipse

427 702 698 769 praeterea
726 698 883 754 velut
903 700 1037 769 quis
1065 713 1163 754 rex
1191 699 1398 755 domus
1424 698 1670 769 propria:
1695 698 1893 768 requie
1920 699 2080 769 poti-

429 792 543 854 tus,
574 784 863 856 profectus
887 792 975 843 est
1002 787 1070 842 ad
1100 787 1390 845 civitatem
1421 789 1490 843 ad
1523 801 1692 857 quam
1718 786 1949 842 coalitus
1972 799 2079 842 vo-

427 874 683 944 cabatur,
702 880 1005 945 susceptus
1025 876 1292 945 praeclare
1305 890 1435 931 cum
1451 875 1651 931 multis
1664 874 2074 942 luminaribus,

427 963 704 1019 odoribus
724 972 895 1034 atque
917 963 1182 1033 hymnis;
1211 964 1442 1020 cunctis
1462 965 1656 1033 etiam,
1682 963 1782 1034 qui
1813 963 1939 1018 illic
1966 963 2078 1018 ad-

427 1055 609 1122 erant,
637 1052 689 1106 ei
717 1051 941 1106 obviam
976 1052 1035 1107 in
1060 1051 1444 1107 exsultatione
1464 1050 1924 1121 procedentibus.

497 1139 578 1193 De
618 1144 822 1194 caetero
862 1139 999 1194 dum
1048 1144 1379 1208 perventum
1417 1143 1564 1194 esset
1596 1138 1664 1194 ad
1709 1137 1927 1208 urbem,
1964 1151 2074 1193 non

429 1226 901 1298 pr0grediebatur
923 1240 1085 1297 arca;
1119 1228 1352 1297 quidam
1384 1226 1537 1282 enim
1569 1239 1926 1296 summopere
1952 1230 2079 1281 tra—

430 1314 657 1382 hebant,
689 1314 789 1370 illa
818 1320 1007 1371 autem
1033 1321 1155 1371 erat
1186 1315 1520 1371 immobilis.
1551 1316 1619 1370 Et
1644 1329 1773 1370 cum
1800 1318 1947 1370 esset
1971 1327 2078 1383 po—

434 1403 606 1472 pulus
628 1404 688 1460 in
709 1403 887 1460 multa
905 1404 1345 1474 dementatione,
1368 1404 1682 1473 resumpsit
1701 1403 1925 1458 tandem
1948 1416 2081 1473 gau-

429 1491 589 1549 dium
616 1492 881 1563 tristitia,
898 1493 1037 1563 quia
1053 1493 1310 1549 obtinuit
1334 1493 1483 1563 quod
1499 1493 1778 1562 petierata
1801 1491 2073 1561 Domino;

423 1596 599 1651 prope
652 1586 729 1635 est
780 1581 931 1636 enim
988 1583 1249 1639 Dominus
1300 1581 1679 1635 invocantibus
1733 1595 1854 1633 eum
1906 1579 2073 1648 (Psal.

2188 436 2366 492 tionis
2393 437 2713 493 insatiabili
2735 439 3116 508 jucunditate.
3156 440 3321 495 lllinc
3347 453 3470 509 nos,
3496 438 3849 509 benignissi-

2188 537 2294 594 me,
2315 525 2623 590 intuearis;
2646 525 2810 582 illinc
2831 525 3133 583 benedicas
3155 530 3209 582 te
3228 525 3655 591 beatiﬁcantes;
3676 524 3847 580 illinc

2186 611 2472 681 gloriﬁces
2520 617 2574 668 te
2624 612 3045 685 gloriﬁcantes;
3082 614 3249 670 illinc
3291 614 3604 670 concordes
3649 612 3845 668 orbem

2187 704 2352 755 terra:
2383 703 2662 769 pacatum.
2695 701 3024 758 Sacerdotes
3058 702 3293 772 justitia
3324 702 3384 757 in
3420 700 3729 757 sanctitate
3761 700 3852 755 in-

2186 787 2477 859 duantur;
2507 801 2667 860 reges
2692 788 2860 845 bonis
2884 789 3158 860 operibus
3183 790 3244 845 in
3269 788 3613 845 orthodoxia
3637 792 3847 843 contra

2186 873 2458 930 barbaros
2514 880 2846 948 armentur;
2910 876 3282 933 monasticam
3345 877 3522 931 vitam
3585 868 3853 931 tenentes

2185 963 2671 1020 conversationem
2720 964 2992 1035 aequalem
3039 964 3375 1036 angelorum
3423 977 3490 1019 ac
3539 962 3667 1018 sine
3707 961 3852 1018 dolo

2184 1051 2546 1123 custodiant;
2570 1052 2682 1107 viri
2707 1052 3054 1109 mulieribus
3073 1059 3131 1109 et
3147 1067 3376 1109 rursum
3401 1051 3674 1107 mulieres
3693 1050 3851 1106 viris

2185 1144 2592 1208 competentem
2638 1140 2817 1212 legem
2862 1145 3227 1211 conservent;
3275 1146 3462 1210 patres
3500 1152 3628 1194 cum
3674 1137 3847 1209 ﬁliis,

2189 1227 2452 1297 praelatos
2469 1242 2596 1284 cum
2617 1228 2890 1299 subditis,
2910 1229 3176 1285 dominos
3197 1242 3326 1284 cum
3350 1227 3551 1297 servis,
3572 1216 3844 1283 mutuum

2187 1315 2387 1371 dantes
2415 1329 2544 1372 cum
2574 1316 2936 1373 debitoribus
2964 1319 3356 1373 venundantes
3385 1330 3511 1371 cum
3553 1315 3850 1385 emptori-

2188 1403 2334 1473 bus;
2366 1409 2679 1475 cazteraque
2723 1406 2917 1461 omnia
2945 1405 3351 1462 benevolentia:
3389 1409 3502 1460 tua:
3529 1403 3738 1460 eﬁ‘ectu
3772 1404 3845 1459 ad

2190 1492 2502 1548 utilitatem
2534 1493 2868 1564 reipublicae
2892 1499 3142 1566 protege,
3165 1498 3221 1549 et
3245 1498 3449 1549 cuncta
3471 1506 3599 1563 qua:
3624 1505 3851 1548 secun—

2188 1581 2323 1637 dum
2353 1581 2771 1651 beneplacitum
2792 1583 2893 1638 Dei
2919 1583 3098 1654 dirigi
3127 1583 3353 1653 debent,
3389 1582 3714 1651 patrocinio
3740 1587 3850 1637 tuo

432 1681 616 1733 cxuv,
668 1666 770 1741 48).
822 1670 1003 1739 Super
1047 1670 1193 1726 duas
1241 1670 1436 1739 itaque
1484 1669 1697 1725 vitulas
1743 1674 1931 1724 castas
1977 1680 2079 1723 as-
2109 1663 2161 1723 Β
2189 1669 2465 1726 defende:
2518 1676 2575 1725 et
2606 1670 2891 1740 praecipue
2931 1670 3194 1726 alumnos
3223 1671 3500 1726 decorata:
3529 1670 3850 1741 Lippareos

432 1763 677 1827 sumpta,
707 1758 955 1827 reposita
970 1758 1077 1814 ubi
1105 1772 1331 1814 sacrum
1357 1759 1482 1828 ejus
1509 1757 1780 1826 templum
1813 1756 2079 1826 protinus

432 1850 519 1901 est
536 1846 782 1903 locatum
811 1866 826 1917 ;
851 1846 1000 1902 facto
1025 1848 1197 1902 etiam
1224 1861 1352 1903 cum
1379 1845 1872 1902 consummatione
1898 1845 2083 1900 mira—

431 1934 563 1990 culo
590 1935 898 2004 praecipuo.
922 1935 1180 2005 Denique
1203 1949 1332 1991 cum
1355 1949 1518 1991 mons
1540 1934 1639 2006 qui
1669 1932 1958 1991 Vulcanus
1976 1946 2083 1989 vo—

431 2026 617 2092 catur,
663 2036 803 2092 pene
845 2024 1157 2095 contiguus
1203 2029 1352 2079 esset
1395 2023 1620 2092 insulae,
1673 2024 1912 2080 nocivus
1961 2026 2082 2078 erat

434 2110 528 2166 his
548 2112 647 2181 qui
678 2112 1130 2183 circumquaque
1152 2112 1540 2168 morabantur.
1565 2114 1723 2169 Tunc
1749 2126 1975 2168 recessu
1997 2112 2083 2166 in-

430 2199 655 2256 visibili
689 2206 878 2257 motus
918 2207 1006 2257 est
1045 2202 1211 2272 quasi
1244 2201 1452 2257 stadiis
1481 2206 1693 2272 septem
1737 2202 1893 2257 circa
1927 2213 2081 2256 mare

431 2291 855 2360 suspensus,ita
867 2295 933 2347 ut
945 2305 1127 2362 usque
1143 2291 1309 2346 hodie
1321 2295 1590 2360 appareat
1603 2291 1933 2347 videntibus
1946 2303 2080 2360 qua-

431 2379 483 2435 si
523 2379 792 2451 ﬁguratio
832 2384 1049 2435 tractus
1087 2378 1367 2450 fugientis
1406 2380 1578 2451 ignis.
1628 2380 1801 2435 Porro
1846 2385 1988 2450 quot
2024 2384 2081 2435 et

434 2472 647 2537 quanta
681 2467 951 2537 deinceps
979 2467 1327 2523 mirabiliter
1354 2473 1622 2537 Operatus
1662 2467 1759 2535 sit,
1795 2472 1898 2523 aut
1934 2468 2080 2523 mira

433 2553 650 2609 faciens
687 2562 956 2624 operetur
988 2556 1260 2612 hactenus
1290 2556 1444 2611 circa
1486 2569 1583 2610 eos
1623 2556 1722 2626 qui
1763 2571 1795 2611 a
1834 2557 2080 2612 diversis

433 2641 770 2712 langoribus
799 2647 856 2698 et
884 2643 1326 2699 inﬁrmitatibus
1354 2644 1619 2700 obstricti
1651 2645 1720 2699 ad
1751 2645 1939 2713 ipsum
1974 2645 2082 2700 ﬁde

432 2728 795 2802 confugiunt,
822 2744 922 2786 nec
944 2732 1328 2788 necessarium
1361 2737 1448 2787 est
1466 2732 1658 2788 dicere
1685 2732 1756 2788 ob
1789 2733 2084 2802 prolixita-

434 2822 544 2873 tem
562 2824 859 2887 tractatus,
877 2833 979 2875 nec
998 2820 1338 2875 incredibile
1349 2821 1632 2891 audienti,
1647 2835 1775 2877 cum
1792 2822 1925 2893 pign
1937 2837 2001 2877 us
2013 2836 2081 2878 ex

433 2919 549 2962 uno
571 2906 777 2962 habeat
794 2907 1042 2964 aliorum
1064 2908 1454 2964 exhibitiones
1476 2910 1619 2965 mire
1640 2915 1947 2981 gestorum.
1973 2911 2076 2967 Sed

2193 1763 2473 1828 pastorem
2508 1772 2735 1829 quoque
2763 1771 2828 1814 ac
2858 1773 3081 1832 gregem
3111 1759 3212 1829 qui
3243 1758 3571 1815 construxit
3608 1772 3844 1815 sacrum

2190 1847 2463 1917 templum
2498 1851 2681 1916 tuum,
2714 1852 2771 1903 et
2798 1861 2926 1903 eum
2960 1846 3059 1918 qui
3087 1851 3160 1918 te,
3205 1847 3339 1902 licet
3369 1846 3634 1917 breviter,
3666 1860 3738 1902 ex
3782 1862 3849 1903 se

2192 1935 2426 1991 laudare
2468 1937 2764 2006 pressumit
2812 1936 2869 1991 in
2909 1935 3139 1991 Christo
3177 1936 3308 1991 Jesu
3341 1934 3583 1990 Domino
3621 1942 3846 2003 nostro,

2192 2038 2357 2095 quem
2396 2024 2556 2079 decet
2594 2025 2784 2080 omnis
2826 2024 3028 2096 gloria,
3064 2023 3246 2080 honor
3280 2028 3335 2079 et
3379 2024 3661 2094 adoratio,
3710 2038 3846 2079 cum

2190 2112 2577 2181 omnipotente
2616 2115 2798 2184 Patre,
2845 2126 2910 2168 ac
2947 2113 3315 2167 sanctissimo
3357 2117 3413 2167 et.
3450 2111 3679 2167 viviﬁco
3722 2112 3851 2182 Spi-

2191 2200 2331 2265 ritu,
2388 2214 2540 2257 nunc
2597 2206 2655 2256 et
2714 2213 2935 2272 semper
2985 2206 3041 2256 et
3094 2200 3154 2255 in
3210 2199 3417 2255 saecula
3472 2199 3841 2256 saeculorum.

2188 2289 2384 2345 Amen.

2260 2379 2385 2433 Haec
2405 2379 2475 2434 de
2502 2377 2899 2433 Bartholomaai
2928 2377 3200 2434 laudibus
3223 2378 3464 2449 ejusque
3489 2378 3847 2435 mirabiliter

2188 2466 2421 2522 advecto
2455 2467 2513 2521 in
2545 2467 2836 2537 Lipparim
2873 2480 3111 2537 corpore
3143 2468 3493 2537 Theodorus,
3528 2466 3680 2522 fama
3717 2482 3841 2523 san.

2190 2554 2410 2609 ctitatis
2434 2555 2537 2609 hac
2561 2555 2866 2610 sacerdotii
2902 2555 3184 2626 dignitate
3211 2556 3579 2626 conspicuus,
3606 2555 3723 2611 ﬁdo
3742 2569 3837 2611 re-

2192 2644 2313 2698 latu
2346 2642 2645 2713 explicuit.
2688 2643 2809 2712 Qua
2847 2657 2980 2699 vero
3018 2644 3286 2714 deinceps
3318 2644 3620 2701 occasione
3658 2658 3845 2715 quove

2192 2730 2271 2786 sit
2291 2731 2494 2787 ordine
2512 2732 2583 2787 dc
2608 2732 2801 2787 eadem
2828 2730 3020 2787 insula
3042 2731 3409 2800 Lipparitana
3429 2736 3843 2801 transvectum,

2192 2835 2322 2877 cum
2348 2820 2560 2877 ibidem
2588 2835 2771 2891 usque
2790 2821 2859 2876 ad
2878 2833 3091 2875 annum
3115 2820 3655 2891 octingentesimum
3677 2824 3806 2876 octa
3824 2850 3838 2860 -

2189 2923 2321 2965 vum
2347 2908 2418 2963 ab
2449 2908 2843 2964 incarnatione
2870 2908 3099 2963 Domini
3127 2907 3306 2962 nostri
3332 2908 3465 2962 Jesu
3491 2907 3714 2964 Christi
3746 2923 3809 2963 ie
3828 2937 3848 2947 -

438 3008 557 3064 ave,
614 3009 647 3050 o
695 2994 855 3051 beate
920 2996 1233 3067 beatorum,
1286 3002 1483 3068 terque
1548 3004 1863 3069 quaterque
1920 2999 2079 3055 beate
2110 2981 2159 3042 Ο
2192 2997 2510 3069 quiesceret
2532 3011 2742 3067 corpus
2761 2996 3012 3066 ejusdem
3047 2996 3195 3051 beati
3222 2995 3491 3067 apostoli,
3519 2995 3591 3052 de
3614 2996 3845 3067 reliquo

431 3082 857 3139 Bartholomaae.
877 3083 1009 3153 Ave,
1030 3085 1127 3155 qui
1153 3099 1213 3141 es
1237 3085 1337 3140 Dei
1364 3092 1582 3142 amator
1601 3092 1657 3142 et
1684 3086 1958 3155 imitator,
1986 3088 2081 3143 bo-

432 3171 493 3226 ni
519 3171 744 3227 scilicet
766 3172 1025 3244 Magistri
1051 3190 1066 3243 ;
1093 3186 1211 3243 ave,
1241 3174 1342 3244 qui
1368 3188 1429 3230 es
1454 3175 1666 3230 divinae
1700 3175 1868 3245 lucis,
1898 3176 2080 3245 splen-

429 3259 538 3315 dor
565 3266 774 3316 sanctae
804 3260 1071 3317 Ecclesize
1098 3279 1111 3330 ;
1138 3275 1239 3318 ave
1270 3263 1371 3333 qui
1403 3276 1463 3319 es
1492 3263 1633 3319 bene
1664 3277 1875 3320 sonans
1904 3278 2079 3337 orga—

430 3361 569 3403 num
595 3348 923 3419 spiritualis
950 3349 1244 3421 melodiaa;
1278 3365 1397 3419 ave,
1427 3351 1739 3408 artiﬁciose
1756 3353 1952 3409 rhetor
1978 3367 2080 3408 ve—

430 3451 506 3492 rae
530 3437 827 3506 sapientia:
851 3452 1005 3508 ;ave,
1029 3439 1128 3509 qui
1153 3452 1214 3494 es
1238 3441 1434 3509 peritae
1452 3446 1703 3510 captura:
1725 3441 1978 3510 piscator
1996 3456 2078 3497 ra-

428 3525 799 3581 tionabilium
815 3527 1092 3595 piscium;
1112 3540 1231 3597 ave,
1253 3528 1351 3598 qui
1372 3542 1433 3584 es
1451 3529 1616 3584 multi
1637 3529 1797 3584 chori
1816 3529 2077 3585 etdulcis

432 3612 656 3669 fructus
695 3613 910 3683 palmes
948 3614 1165 3669 Christi
1211 3614 1415 3670 vividae
1458 3622 1515 3669 et
1553 3620 1800 3684 paternae
1833 3616 2077 3672 cultum

432 3701 572 3756 vitis
602 3718 617 3771 ;
659 3714 779 3771 ave,
822 3702 994 3772 digne
1022 3700 1246 3756 meritis
1277 3700 1487 3756 famule
1514 3702 1741 3757 Domini
1772 3703 2079 3759 universo-

433 3803 589 3859 rum;
608 3801 709 3843 ave
731 3789 933 3844 merito
952 3788 1358 3844 desiderabilis
1377 3789 1560 3844 amice
1579 3790 1829 3845 caelestis
1846 3792 2072 3863 sponsi;

432 3888 551 3944 ave,
577 3875 675 3944 qui
694 3888 755 3930 es
776 3875 1068 3944 sapientiae
1084 3876 1316 3931 fluentis
1332 3882 1387 3931 et
1401 3876 1746 3947 multiplicis
1764 3879 2077 3948 potationis

432 3976 498 4017 ac
516 3962 706 4017 lumen
729 3963 1057 4032 spiritualis
1079 3965 1330 4034 paradisi
1357 3983 1373 4035 ;
1395 3978 1512 4032 ave,
1539 3967 1639 4037 qui
1658 3980 1719 4023 es
1736 3967 1931 4023 divina
1950 3968 2078 4023 vir-

434 4055 555 4106 tute
575 4050 904 4107 vulnerator
921 4051 1164 4124 diaboli,
1190 4055 1463 4111 mundum
1490 4070 1594 4112 suo
1627 4056 1922 4112 latricinio
1942 4057 2079 4111 vul-

435 4140 727 4212 nerantis;
755 4155 855 4197 ave
885 4141 984 4211 qui
1016 4143 1420 4214 multipliciter
1448 4157 1686 4214 appares
1723 4147 1934 4201 mundo
1961 4148 2080 4202 Lu—

431 4225 575 4284 cifer
618 4230 718 4286 Dei
753 4231 1122 4302 cognitionis.
1154 4231 1435 4303 Gaudeas,
1465 4233 1753 4288 divinitus
1790 4234 2075 4291 illustrata

2186 3084 2493 3141 dicendum
2520 3090 2624 3140 est.

2257 3173 2730 3243 Supervenientes
2782 3174 2975 3244 itaque
3021 3172 3285 3228 Saraceni
3330 3172 3643 3242 depraedati
3703 3179 3845 3229 sunt

2187 3267 2243 3318 et
2270 3262 2761 3331 depopulaverunt
2800 3262 3127 3331 praedictam
3155 3260 3427 3331 insulam,
3468 3268 3525 3316 et
3560 3274 3844 3332 rumpen-

2188 3356 2273 3405 tes
2303 3349 2629 3418 sepulcrum
2668 3350 2934 3421 apostoli,
2976 3350 3378 3419 disperserunt
3414 3363 3544 3405 ossa
3572 3350 3703 3419 ejus
3744 3363 3844 3419 per

2185 3438 2429 3493 diversa.
2464 3439 2590 3493 Mox
2615 3438 2736 3494 illis
2765 3437 3195 3495 discedentibus
3226 3451 3325 3507 per
3346 3438 3629 3493 visionem
3656 3451 3842 3508 appa-

2187 3540 2319 3581 rens
2350 3527 2529 3582 isdem
2568 3526 2865 3596 apostolus
2906 3527 3005 3581 Dei
3038 3526 3266 3601 cuidam
3311 3526 3510 3582 Graeco
3560 3527 3839 3583 monacho

2187 3616 2285 3687 qui
2332 3614 2517 3671 fuerat
2559 3615 2814 3671 ecclesiae
2861 3616 3050 3685 ipsius
3080 3621 3295 3685 custos,
3339 3615 3422 3670 ait
3462 3615 3587 3670 illi:
3636 3615 3836 3688 Surge,

2185 3704 2393 3776 collige
2414 3717 2543 3759 ossa
2571 3718 2692 3759 mea
2720 3718 2844 3775 quaa
2865 3703 3127 3774 dispersa
3159 3710 3311 3758 sunt.
3339 3703 3443 3758 Cui
3470 3702 3569 3757 ille
3595 3716 3839 3773 respon-

2184 3792 2309 3847 dit:
2345 3791 2529 3859 Quare
2558 3805 2686 3847 ossa
2717 3797 2814 3847 tua
2844 3792 3138 3862 colligere,
3169 3797 3270 3847 aut
3301 3791 3553 3861 aliquem
3587 3791 3699 3845 tibi
3729 3791 3842 3845 ho-

2188 3894 2380 3936 norem
2415 3880 2738 3949 impendere
2763 3880 3089 3950 debeamus,
3117 3894 3247 3935 cum
3275 3886 3336 3935 tu
3371 3879 3710 3949 permiseris
3736 3892 3840 3933 nos

2184 3974 2240 4023 et
2289 3968 2558 4038 populum
2607 3968 2781 4023 istum
2829 3981 2862 4022 a
2904 3968 3140 4039 paganis
3182 3968 3361 4023 deleri
3412 3975 3470 4022 et
3515 3967 3686 4022 nobis
3733 3980 3841 4022 ue—

2189 4069 2475 4127 quaquam
2515 4055 2837 4112 auxiliatus
2879 4055 2986 4112 es?
3021 4055 3094 4111 At
3140 4055 3241 4111 ille
3281 4055 3475 4111 dixit:
3526 4056 3631 4110 Per
3671 4054 3839 4122 longa

2186 4158 2467 4201 annorum
2506 4145 2801 4200 curricula
2842 4159 2944 4215 pro
2991 4144 3096 4200 hoc
3135 4144 3345 4215 populo
3387 4143 3698 4199 Dominum
3730 4144 3840 4197 de—

2186 4238 2450 4303 precatus
2497 4246 2645 4301 sum,
2692 4246 2757 4288 ac
2800 4233 2943 4288 meis
2988 4246 3118 4288 cum
3172 4231 3439 4302 precibus
3483 4232 3637 4287 unde
3685 4243 3837 4286 nunc

432 4324 490 4374 et
536 4319 704 4391 ignea
746 4333 777 4375 c
816 4319 1011 4376 lumna
1050 4321 1440 4392 orthodoxiaa;
1487 4321 1752 4392 gaudeas,
1795 4321 1879 4377 sol
1920 4323 2078 4379 orbis
2106 4316 2157 4376 D
2188 4334 2370 4390 usque
2421 4321 2609 4376 securi
2666 4321 3069 4389 constiterunt,
3127 4321 3410 4376 concessit
3471 4318 3839 4388 omnipotens

433 4412 617 4479 terrm,
640 4410 741 4480 qui
764 4416 969 4466 cuncta
994 4410 1321 4479 illuminas;
1346 4410 1610 4482 gaudeas,
1634 4424 1698 4465 os
1720 4411 1817 4466 Dei
1841 4412 2079 4481 sapien—

432 4496 529 4553 tia:
560 4497 817 4570 linguam
844 4498 1057 4556 habens
1084 4499 1325 4571 ignitam
1349 4516 1364 4568 ;
1390 4498 1657 4570 gaudeas,
1680 4500 1898 4572 jugiter
1917 4514 2079 4556 ema—

432 4597 576 4640 nans
589 4584 716 4642 fons
728 4586 1038 4643 sanitatum
1056 4604 1071 4656 ;
1086 4587 1352 4657 gaudeas,
1368 4587 1687 4644 daemonum
1701 4588 1985 4644 terribilis
1998 4589 2081 4643 in-

433 4677 660 4728 secutor
686 4693 701 4740 ;
729 4676 976 4744 gaudeas
1002 4675 1099 4745 qui
1150 4688 1212 4730 es
1242 4675 1644 4746 multipliciter
1670 4677 1943 4747 optabilis
1975 4677 2083 4733 for-

436 4761 674 4817 mositas
702 4764 1023 4833 Armeniae;
1052 4765 1319 4836 gaudeas,
1354 4767 1453 4837 qui
1479 4766 1550 4821 ab
1576 4767 1795 4822 oriente
1819 4768 1888 4823 ad
1920 4767 2083 4822 occi—

434 4851 659 4906 dentem
693 4865 792 4921 per
824 4866 976 4908 mare
1012 4855 1320 4911 ambulasti
1358 4856 1643 4928 gloriose;
1682 4857 1950 4928 gaudeas,
1979 4856 2079 4926 qui

434 4953 495 4994 es
534 4940 840 5011 Lippareos
884 4943 1215 5001 salutabilis
1262 4950 1318 5000 et
1344 4945 1722 5001 multimodis
1765 4944 2082 5001 adorabilis

439 5028 743 5100 gloriatio;
768 5032 1014 5102 gaudeas
1035 5035 1135 5103 qui
1166 5048 1316 5089 mare
1341 5034 1714 5090 sanctiﬁcasti
1740 5035 2084 5091 meabilibus

437 5120 775 5192 gressibus;
816 5122 1083 5192 gaudeas,
1124 5124 1220 5193 qui
1264 5127 1473 5179 terram
1515 5137 1860 5193 purpuream
1894 5122 2080 5180 fecisti

438 5207 644 5264 rubore
660 5209 1013 5264 sanctissimi
1033 5211 1336 5282 sanguinis
1355 5212 1473 5280 tui;
1494 5211 1760 5282 gaudeas,
1778 5212 1875 5281 qui
1896 5226 2078 5268 aerem

437 5298 742 5354 suavitatis
762 5298 1038 5355 odoribus
1062 5299 1291 5367 replesti
1308 5301 1490 5354 sacris
1503 5300 1922 5368 spiraminibus
1937 5301 2081 5356 divi-

437 5401 640 5445 norum
672 5386 1032 5457 eloquiorum
1065 5391 1292 5442 tuorum
1321 5406 1334 5457 ;
1368 5388 1634 5458 gaudeas,
1670 5388 1769 5458 qui
1802 5389 1869 5444 ad
1903 5390 2078 5446 cmlos

435 5477 785 5548 commeasti,
816 5482 872 5531 et
893 5475 1117 5533 medius
1140 5475 1203 5532 in
1233 5476 1408 5532 choro
1437 5476 1648 5532 divina:
1667 5478 1812 5533 aciei
1841 5483 1951 5534 tua:
1982 5492 2081 5534 re—

2186 4410 2373 4474 Deus;
2405 4410 2679 4480 sed.quia
2723 4408 3106 4479 multiplicata
3144 4413 3279 4464 sunt
3306 4407 3449 4463 mala
3481 4406 3670 4476 illius,
3707 4419 3841 4462 cre—

2188 4496 2384 4567 vitque
2431 4497 2717 4568 iniquitas
2763 4497 2960 4568 nimis,
3002 4511 3115 4553 non
3153 4497 3270 4566 jam
3314 4496 3573 4552 obtinere
3619 4509 3724 4564 pro
3772 4510 3839 4549 eo

2187 4585 2343 4640 valui
2378 4591 2443 4641 ut
2468 4585 2719 4655 amplius
2749 4586 2940 4641 salvus
2983 4585 3330 4654 persisteret,
3378 4583 3596 4638 idcirco
3638 4581 3833 4652 periit.

2188 4674 2272 4730 Tu
2313 4688 2485 4747 surge
2539 4680 2757 4730 tantum
2812 4679 2869 4730 et
2913 4673 3139 4745 collige,
3192 4679 3257 4728 ut
3300 4672 3448 4742 dixi,
3503 4683 3634 4726 ossa
3692 4682 3836 4739 mea,

2189 4776 2368 4834 eaque
2399 4770 2462 4820 ut
2491 4763 2598 4818 tibi
2633 4776 2947 4834 praecepero
2975 4762 3286 4834 diligenter
3314 4760 3573 4816 reconde.
3601 4758 3711 4815 Cui
3740 4757 3842 4815 ille

2193 4853 2505 4909 monachus
2548 4854 2666 4908 ait:
2709 4854 2778 4907 Et
2842 4853 3126 4922 quomodo
3177 4864 3243 4906 ea
3303 4849 3563 4905 invenire
3615 4854 3838 4918 potero,

2193 4943 2293 5013 qui
2335 4942 2527 4997 nescio
2568 4941 2667 4997 ubi
2702 4941 2961 5011 dispersa
3000 4939 3188 4995 sunt?
3214 4938 3367 4995 Dicit
3409 4938 3461 4993 ei
3503 4934 3835 5006 apostolus:

2190 5034 2364 5087 Nocte
2397 5031 2535 5086 vade
2577 5030 2645 5085 ad
2689 5029 3073 5101 colligendum
3114 5042 3199 5096 ea,
3231 5033 3287 5083 et
3324 5040 3449 5097 qua
3484 5025 3706 5082 videris
3742 5039 3841 5080 re-

2191 5120 2489 5191 splendere
2532 5125 2595 5175 ut
2627 5119 2835 5191 ignem,
2881 5119 2996 5173 haec
3026 5118 3166 5188 leva,
3204 5116 3342 5187 quia
3383 5129 3511 5171 vere
3546 5116 3675 5185 ipsa
3704 5122 3840 5170 sunt

2191 5222 2317 5266 ossa
2364 5222 2502 5265 mea.
2549 5208 2658 5276 Qui
2701 5207 2895 5263 statim
2934 5221 3177 5278 surgens
3216 5211 3467 5275 perrexrt
3506 5204 3575 5259 ad
3626 5206 3835 5271 locum,

2190 5304 2246 5355 et
2294 5298 2514 5353 invenit
2565 5296 2718 5353 sicut
2764 5295 3059 5366 apostolus
3104 5295 3347 5364 dixerat,
3392 5299 3447 5348 et
3494 5293 3732 5365 collegit
3777 5306 3836 5348 ea

2193 5386 2610 5454 indubitanter,
2642 5391 2697 5441 et
2727 5384 3019 5440 recondita
3052 5383 3112 5437 in
3142 5382 3330 5437 loculo
3359 5381 3674 5452 diligenter
3703 5380 3837 5435 abs—-

2189 5474 2387 5533 condit
2418 5478 2475 5531 et
2508 5473 2657 5530 abiit
2699 5472 2899 5529 relicto
2945 5471 3027 5527 ibi
3067 5470 3225 5527 socio
3268 5483 3392 5526 suo.
3438 5468 3699 5539 Cumque
3740 5483 3838 5538 pro
