4034 6158
139 257 242 318 πη
1214 225 1717 315 COLLECTANEA.
1757 288 1830 299 -
1872 255 2215 317 EPISTOLE
2253 265 2440 322 rans.

3431 276 3538 336 738

139 385 503 457 exquirendis
557 385 852 441 Saracenis
915 386 1056 442 illuc
1103 387 1598 457 Longobardorum
1632 384 1850 444 irentA
1892 394 2187 444 neventum
2217 392 2506 448 duxerunt
2536 404 2794 452 sanctum
2826 412 3035 469 corpus
3064 404 3330 473 apostoli,
3364 411 3538 476 atque

141 473 378 544 n:.vigia,
413 479 557 527 nutu
585 473 682 527 Dei
720 473 1009 528 inventum
1053 473 1135 528 ibi
1185 475 1522 529 monachum
1553 480 1611 528 et
1641 489 1783 529 san-

140 563 210 616 rti
241 559 483 628 apostoli
529 574 737 628 corpus
763 561 1041 631 tulerunt,
1087 567 1142 616 et
1170 562 1456 617 abierunt.
1499 563 1785 631 Superve—

141 651 353 704 nientes
382 655 571 704 autem
589 650 851 703 Saraceni
875 651 1382 705 circumdederunt
1408 652 1593 705 navim
1620 651 1778 705 illam

142 739 193 792 in
233 749 342 805 qua
388 741 649 791 sanctum
693 737 939 805 apostoli
973 753 1182 806 corpus
1215 739 1551 806 ducebatur,
1608 739 1688 792 ita
1719 745 1784 794 ut

140 838 259 895 spes
291 824 565 879 evadendi
599 838 956 895 nequaquam
1001 832 1167 881 esset.
1202 827 1361 882 Tunc
1402 827 1594 882 subito
1622 825 1783 880 facta:

138 921 263 970 sunt
288 913 653 968 densissima!
698 914 942 969 tenebrae
991 920 1123 969 ante
1151 916 1559 971 Saracenorum
1592 929 1779 983 naves,

140 1003 210 1057 ita
235 1009 297 1057 ut
357 1003 641 1057 nescirent
671 1016 784 1072 quo
816 1009 1128 1073 pergerent.
1179 1004 1387 1074 Sicque
1432 1003 1671 1058 liberata
1696 1010 1782 1060 est

139 1091 288 1145 navis
325 1090 450 1145 illa.
505 1090 728 1158 Quibus
757 1091 944 1147 adhuc
1005 1091 1063 1146 in
1111 1104 1263 1146 mare
1307 1091 1781 1162 commeantibus,

139 1192 307 1233 unum
351 1193 422 1233 ex
460 1180 654 1234 nautis
693 1180 944 1248 ejusdem
988 1181 1150 1236 navis
1179 1195 1211 1235 a
1259 1181 1416 1252 gravi
1459 1181 1786 1235 valetudine

135 1267 367 1323 obtentu
411 1267 597 1335 ipsius
639 1269 882 1336 apostoli
929 1268 1126 1322 divina
1176 1267 1416 1323 salvavit
1459 1268 1780 1324 clementia.

137 1357 416 1410 Excuntes
435 1360 622 1410 autem
668 1356 736 1410 ad
767 1362 971 1411 terram
1021 1357 1241 1428 ingenti
1274 1370 1404 1410 cum
1435 1356 1647 1411 honore
1679 1359 1786 1412 Be—

1892 477 1949 531 in
1981 478 2186 534 altario
2218 483 2678 554 recondiderunt,
2713 498 2860 541 anno
2890 489 2959 542 ab
2993 490 3387 547 incarnatione
3417 497 3537 550 Do—

1892 566 2031 619 mini
2053 568 2523 638 octingentesimo
2548 587 2715 638 nono,
2739 575 3008 632 vicesimo
3037 580 3240 646 quinto
3271 582 3540 637 videlicet

1889 653 1983 707 die
2024 657 2240 710 mensis
2281 658 2562 714 Octobris.
2595 662 2772 729 Cujus
2815 664 2971 732 prior
3001 665 3229 735 quidem
3266 682 3334 723 ex
3366 669 3540 724 Indo-

1892 755 2018 795 rum
2053 748 2208 810 parte
2235 748 2578 802 transvectio
2612 749 2668 803 in
2704 750 3127 820 Lipparitanam
3162 755 3406 810 insulam
3439 770 3540 811 ce—

1895 827 2147 884 lebratur
2162 832 2380 888 decima
2407 837 2577 890 tertia
2598 838 2693 891 die
2717 841 2930 894 mensis
2944 842 3138 899 Junii:
3167 843 3544 900 dormitionis

1894 928 2024 970 vero
2065 919 2189 986 ejus
2239 919 2436 976 festiva
2477 923 2779 980 celebritas
2802 927 3033 997 colitur,
3084 936 3146 985 ut
3178 933 3536 999 praemissum

1893 1009 1996 1074 est,
2033 1019 2180 1062 nono
2221 1009 2499 1066 Kalendas
2539 1013 2929 1086 Septembris;
2968 1019 3165 1088 sicque
3196 1027 3282 1075 ter
3311 1021 3370 1075 in
3393 1034 3506 1077 ann

1894 1096 2282 1151 sacratissima
2305 1099 2476 1169 digne
2505 1101 2825 1159 celebratur
2851 1107 3183 1163 solemnitas
3212 1109 3279 1164 ad
3316 1110 3541 1167 laudem

1893 1190 1948 1239 et
1979 1185 2217 1256 gloriam
2244 1188 2470 1242 Domini
2505 1192 2682 1246 nostri
2707 1194 2837 1248 .lesu
2866 1194 3105 1263 Christi,
3135 1198 3236 1266 qui
3268 1212 3397 1254 cum
3429 1201 3544 1255 Pa—

1895 1277 1980 1326 tre
2001 1278 2057 1326 et
2084 1274 2304 1342 Spiritu
2338 1282 2533 1331 sancto
2564 1279 2707 1333 vivit
2727 1290 2784 1335 et
2815 1289 3010 1353 regnat
3039 1285 3192 1340 Deus
3223 1299 3322 1354 per
3351 1287 3543 1344 omnia

1897 1361 2105 1414 saecula
2131 1361 2490 1418 saeculorum.
2528 1365 2722 1421 Amen.

140 1486 3524 1514 Ἦ

383 1595 1000 1772 ANASTASII
1121 1595 2105 1775 BIBLIUTHEGARII
2229 1602 2830 1840 EPISTULM
2945 1612 3277 1791 TRES.

1677 1843 2018 1855 ..ὼ-

665 1966 989 2022 EPISTOLA
1043 1967 1276 2022 PRIMA.

413 2106 483 2146 AD
523 2105 773 2146 CAROLL’M
821 2105 1033 2146 CALVU‘M
1087 2106 1494 2147 IMPERATOREM.

139 2217 321 2270 Contra
357 2219 534 2284 falsas
557 2218 913 2286 quorumdam
944 2219 1238 2286 opiniones,
1269 2220 1624 2272 assere-ratium
1652 2220 1788 2273 bea—

202 2289 307 2340 lum
333 2289 682 2356 Dionysium,
716 2290 1052 2342 Parisiorum
1067 2291 1306 2357 primum
1329 2292 1654 2359 episcopum,
1678 2306 1786 2344 non

198 2373 304 2412 esse
333 2360 748 2428 Areopagitam.

411 2482 583 2544 (Apud
614 2482 842 2541 Surium,
878 2484 995 2534 Act.
1029 2483 1210 2532 Sanct.
1242 2485 1304 2532 ad
1340 2485 1367 2532 8
1393 2484 1539 2546 Oct.)

196 2599 441 2654 Domino
484 2599 752 2667 piissimo
778 2602 834 2652 et
864 2599 1231 2655 serenissimo
1260 2600 1476 2654 Canono
1530 2600 1786 2669 impera-

138 2687 258 2755 tori,
309 2687 537 2757 Deique
581 2701 708 2742 vere
764 2689 996 2758 cultori,
1048 2701 1269 2756 semper
1323 2689 1581 2760 Augusto
1627 2688 1788 2742 ANA—

139 2787 344 2829 susms
375 2775 621 2845 exiguus
653 2777 982 2846 apostolicae
1006 2776 1161 2830 sedis
1191 2775 1690 2842 bibliothecarins,
1725 2776 1784 2830 in

134 2864 371 2919 Domino
401 2868 675 2920 aeternum
714 2878 843 2920 cum
867 2864 1098 2920 Christo
1131 2865 1459 2934 imperium.

199 2953 328 3006 Ecce
398 2952 806 3022 imperatorum
855 2953 1234 3008 solertissime
1272 2960 1328 3008 et
1354 2952 1788 3008 Christianissi-

137 3052 214 3095 ωε
236 3041 335 3108 qui
392 3040 596 3096 eﬂ'odis
623 3046 681 3094 et
711 3040 944 3095 rimaris
987 3041 1328 3110 sapientiam
1357 3041 1510 3096 sicut
1538 3041 1784 3096 thesau—

135 3143 272 3195 rum,
303 3129 406 3184 cui
427 3129 578 3184 nihil
610 3129 912 3184 sinistrum
944 3135 1048 3200 est,
1081 3143 1212 3184 cum
1235 3134 1477 3200 utraque
1506 3130 1780 3184 nimirum

138 3231 295 3273 manu
327 3231 437 3288 pro
483 3219 713 3272 dextera
747 3217 950 3272 utaris.
1002 3219 1140 3273 Nam
1171 3218 1256 3273 sic
1283 3219 1526 3274 humana
1560 3218 1782 3287 Reipu-

141 3305 293 3361 blicae
341 3307 655 3362 commissa
699 3307 1013 3361 secundum
1058 3306 1232 3376 legem
1264 3306 1364 3360 Dei
1396 3306 1782 3377 gubernacula

139 3394 468 3462 Inoderaris,
503 3400 566 3449 ut
588 3395 785 3449 divina
816 3408 1054 3464 quaeque
1086 3408 1194 3449 non
1221 3395 1467 3463 deseras,
1501 3395 1596 3449 sed
1633 3408 1786 3462 prae-

137 3481 289 3539 feras.
357 3483 686 3538 Passionem
765 3483 948 3537 sancti
1023 3482 1459 3552 hieromartyris
1520 3482 1782 3552 Dionysii

137 3572 416 3640 quondam
463 3571 836 3642 Areopagitae,
892 3576 1131 3641 postque
1159 3570 1509 3626 Athenarum
1542 3569 1786 3625 antisti-

135 3659 223 3726 tis,
253 3673 429 3730 quam
477 3659 667 3713 Roma:
697 3659 806 3729 legi
855 3673 985 3713 cum
1041 3671 1182 3727 puer
1209 3672 1410 3728 essem,
1440 3671 1724 3727 quamque
1750 3671 1782 3710 a

133 3747 786 3815 tiunstantinopolitanis
843 3746 1045 3817 legatis
1088 3747 1405 3815 audieram,
1467 3746 1780 3802 secundum

129 3837 440 3903 jussionem
492 3841 735 3890 vestram
784 3835 888 3890 diu
956 3835 1278 3905 quaesitam,
1333 3835 1672 3904 tandemque
1719 3833 1779 3887 in

136 3925 374 3981 maximo
455 3923 845 3979 ccenobiorum
907 3923 1096 3978 Romae
1163 3923 1405 3978 sitorum
1478 3927 1776 3992 repertam,

133 4013 288 4068 etiam
322 4015 481 4069 inter
518 4013 775 4067 diversos
825 4011 1086 4082 [angores
1138 4012 1381 4081 positus,
1431 4017 1658 4080 arrepto
1699 4010 1784 4064 in-

135 4101 475 4172 terpretandi
495 4101 824 4167 certamine,
850 4100 1050 4155 Latino
1077 4099 1306 4170 eloquio
1345 4100 1581 4169 tradidi,
1606 4111 1777 4168 quan-

133 4195 241 4244 tum
270 4190 458 4259 potui,
487 4188 808 4244 auxiliante
831 4189 964 4256 Deo,
997 4193 1052 4242 et
1079 4188 1129 4242 si
1157 4201 1265 4243 non
1294 4201 1363 4241 ex
1394 4193 1511 4242 toto
1546 4185 1776 4240 verbum

131 4277 308 4347 verbo,
365 4290 598 4333 sensum
642 4281 825 4330 tamen
859 4275 1087 4344 penitus
1140 4275 1433 4330 hauriens.
1481 4273 1670 4328 Cesset
1695 4286 1778 4326 er-

132 4378 190 4434 go
213 4366 328 4432 jam
363 4363 748 4435 quorumdam
789 4363 1008 4432 opinio,
1057 4363 1481 4432 perhibentium
1516 4375 1626 4416 non
1653 4374 1776 4416 esse

131 4451 522 4523 Areopagi‘tam
557 4451 894 4520 Dionysium
926 4465 1076 4520 eum,
1134 4452 1233 4521 qui
1291 4462 1463 4519 prope
1493 4448 1774 4503 Parisium

1818 3261 1868 3323 C

1817 1986 1870 2045 Β
1895 1976 2133 2030 tenenda
2182 1991 2304 2033 esse
2353 1982 2654 2049 putaverit,
2691 1987 2755 2038 ut
2785 1985 2989 2039 merito
3032 1987 3320 2054 coapostol
3368 2003 3394 2042 s
3423 1989 3549 2057 ejus

1896 2063 2107 2119 Paulus
2163 2080 2292 2121 eum
2357 2069 2864 2138 reprehensibilem
2908 2073 3274 2140 judicaverit.
3342 2076 3546 2130 Beatus

1896 2151 2067 2206 etiam
2097 2153 2416 2223 Cyprianus
2445 2159 2644 2213 doctor
2667 2167 2723 2214 et
2755 2166 2989 2230 martyr,
3024 2162 3297 2230 quiddam
3341 2163 3411 2217 de
3450 2177 3548 2218 re-

1898 2237 2281 2308 baptizatione
2330 2245 2608 2316 deﬁnivit,
2653 2248 2800 2316 quod
2855 2254 2968 2304 tota
3018 2249 3267 2304 Ecclesia
3327 2251 3542 2319 rejecit.

1897 2329 2044 2397 Quid
2077 2336 2264 2386 autem
2287 2333 2356 2387 de
2374 2340 2568 2389 sancto
2589 2334 2914 2406 Augustino
2938 2337 3216 2406 dicemus,
3246 2339 3346 2408 qui
3374 2339 3545 2393 etiam

1897 2417 2078 2474 libros
2109 2421 2616 2491 Retractationum,
2649 2424 2956 2480 conﬁciens
2987 2426 3284 2496 nonnulla,
3327 2441 3464 2496 quae.
3488 2439 3548 2482 se

1896 2505 2037 2562 bene
2084 2509 2330 2564 sensisse
2377 2509 2591 2566 dudum
2641 2516 2932 2580 putaverat
2983 2514 3366 2583 reprehendit.
3407 2517 3546 2570 Nam

1895 2597 2048 2651 Deus
2062 2598 2426 2672 omnipotens
2449 2613 2858 2669 nonnunquam
2884 2601 3304 2670 dispensatorie
3325 2616 3544 2674 gerens,

1895 2685 1989 2739 cui
2021 2685 2196 2740 multa
2221 2686 2430 2740 revelat
2463 2687 2735 2756 quiddam
2764 2695 3023 2758 opertum
3050 2691 3282 2760 deserit,
3310 2697 3367 2746 et
3398 2693 3546 2761 quod

1895 2775 2063 2830 alteri
2109 2775 2356 2844 obserat,
2388 2775 2556 2830 alteri
2592 2783 2837 2832 reserat:
2891 2792 2958 2834 ne
2984 2785 3169 2834 tamen
3196 2779 3322 2834 sine
3349 2794 3549 2836 remu-

1897 2864 2216 2919 nerationis
2236 2865 2386 2920 dono
2418 2864 2720 2934 relinquit,
2757 2866 2905 2934 quod
2933 2880 3000 2922 ex
3022 2867 3214 2922 radice
3245 2868 3546 2924 charitatis

1897 2953 2126 3021 prodire
2179 2966 2288 3007 non
2325 2953 2541 3008 nescit:
2579 2954 2717 3022 quia
2763 2969 2891 3010 cum
2939 2969 3036 3010 cor
3093 2961 3400 3027 scrutetur,
3435 2970 3547 3012 non

1898 3049 2010 3095 tam
2063 3041 2284 3096 dictum
2333 3055 2502 3111 quam
2564 3042 2911 3098 intentionis
2953 3044 3210 3099 admittit
3263 3045 3541 3102 enectum.

1895 3131 2101 3186 Verum
2137 3129 2271 3185 hinc
2304 3131 2500 3198 multa,
2545 3132 2782 3186 docente
2819 3133 2952 3200 Deo,
2979 3132 3170 3187 dicere
3206 3147 3446 3202 possem,
3495 3135 3545 3190 si

1898 3233 2010 3275 non
2061 3219 2204 3273 mihi
2262 3217 2671 3288 praefationem,
2743 3220 2838 3274 sed
2916 3220 3235 3290 apologiam
3299 3219 3548 3276 faciendi

1901 3307 2254 3377 propositum
2283 3305 2592 3359 exstitisse.
2616 3306 2853 3374 Suscipe
2885 3307 3096 3375 itaque,
3140 3307 3400 3375 piissime
3432 3309 3549 3363 im—

1898 3401 2143 3464 perator,
2175 3393 2535 3462 Dionysium,
2585 3406 2654 3445 ex
2695 3393 2914 3447 Graecia
2964 3393 3166 3447 iterato
3211 3394 3402 3449 volatu
3447 3410 3549 3450 ve—
3629 3383 3634 3388 ’

1896 3483 2166 3549 nientem,
2208 3487 2263 3536 et
2306 3482 2405 3549 qui
2457 3480 2671 3550 gaudes
2695 3494 2759 3536 eo
2808 3481 3006 3536 Latino
3049 3480 3280 3550 eloquio
3327 3481 3543 3552 habito,

1895 3571 2077 3641 gaude
2101 3577 2157 3625 et
2177 3570 2246 3624 ab
2273 3569 2487 3624 Achivo
2519 3581 2780 3624 sermone
2808 3571 3035 3626 donato.

1961 3659 2106 3712 Sane
2124 3659 2259 3728 quia
2273 3657 2537 3712 nonnulli
2553 3657 2779 3713 beatum
2797 3659 3131 3728 Dionysium
3146 3648 3426 3730 πτερύγιον
3449 3655 3547 3708 τνῦ

1889 3737 2112 3818 ούρανοῦ
2139 3760 2170 3801 a
2209 3744 2420 3800 Graecis
2475 3747 2755 3815 appellari
2794 3754 3269 3803 commemorant:
3336 3753 3547 3803 notan-

1893 3837 2028 3891 dum
2099 3835 2247 3904 quod
2323 3834 2474 3889 hunc
2541 3833 2742 3889 beatus
2804 3835 3044 3890 Joannes
3103 3835 3544 3905 Chrysostomus

1887 3913 2119 3971 πετεινὸν
2163 3918 2258 3970 τοῦ
2299 3916 2521 3992 οὐρανοῦ
2555 3922 2610 3977 id
2657 3928 2744 3978 est
2776 3925 3043 3977 volucrem
3077 3925 3194 3978 cmli
3243 3925 3303 3978 in
3344 3923 3548 3980 ultimo

1888 4025 2211 4068 sermonum
2239 4010 2545 4066 describat.
2571 4011 2822 4078 Quorum
2841 4011 3089 4067 duorum
3117 4013 3414 4068 nominum
3436 4009 3550 4066 dif-

1888 4099 2208 4166 ferentiam,
2276 4098 2424 4152 sacri
2471 4099 2908 4169 Evangeliorum
2970 4107 3141 4170 atque
3191 4101 3541 4170 psalmorum

1885 4190 2077 4244 Graace
2099 4187 2466 4255 scriptorum,
2501 4185 2636 4239 libri
2659 4186 3077 4242 demonstrant:
3109 4201 3237 4243 nam
3263 4187 3320 4242 in
3353 4186 3538 4242 altero

1887 4276 2118 4345 quidem
2157 4276 2347 4330 Graece
2399 4263 2677 4344 πτερύγιον
2723 4275 3024 4343 scripturn,
3073 4276 3248 4330 codex
3299 4274 3536 4329 Latinus

1887 4377 1996 4418 non
2021 4364 2186 4424 alam,
2236 4363 2331 4418 sed
2372 4363 2735 4432 pinnaculum
2763 4362 3126 4430 interpretari
3169 4363 3438 4418 declarat.
3475 4362 3536 4418 In

1883 4451 2062 4506 altero
2098 4465 2228 4506 vero
2260 4439 2496 4500 πετεινόν
2529 4449 2727 4504 crebro
2767 4462 3025 4504 sermone
3067 4452 3316 4505 Romano
3350 4457 3548 4504 trans-

129 4552 356 4609 corpore
380 4553 448 4594 ac
491 4539 812 4594 viriutibus
848 4539 1065 4593 redolet
1092 4558 1104 4593 :
1135 4553 1263 4594 cum
1293 4539 1398 4593 hoc
1435 4542 1492 4594 et
1540 4540 1778 4594 Graeco-
1806 4573 1858 4632 D
1886 4539 2085 4608 latum,
2120 4539 2402 4594 volucrem
2435 4552 2638 4594 sonare
2671 4539 2952 4609 designat.
2991 4539 3173 4606 Hujus
3203 4543 3393 4594 autem
3420 4551 3546 4608 pas-

130 4641 243 4682 rum
276 4641 512 4698 quoque
538 4627 741 4696 stylus,
783 4641 913 4682 cum
945 4627 1139 4682 Latina
1176 4627 1372 4698 lingua
1401 4627 1772 4697 concordans,

129 4721 362 4770 testetur
399 4720 458 4770 et
502 4715 792 4784 praedicet,
845 4715 905 4769 in
939 4728 1050 4785 qua
1083 4713 1331 4783 profecto
1380 4719 1548 4770 natus
1585 4718 1688 4783 est,
1722 4719 1778 4768 et

127 4816 228 4870 qua
255 4804 410 4859 celsa
435 4803 654 4872 scripta
687 4816 790 4858 sua
820 4802 1185 4858 contexuisse
1208 4803 1514 4871 probatur:
1550 4815 1778 4871 prazser-

128 4890 217 4945 tim
249 4906 385 4948 cum
430 4889 730 4946 manifeste
774 4892 1043 4960 sciamus,
1082 4892 1400 4960 praecipuos
1443 4895 1779 4946 tractatores

125 4978 406 5049 Ecclesia,
438 4979 540 5049 qui
565 4979 764 5034 Latino
788 4980 936 5048 stylo
962 4980 1263 5050 scripsere,
1289 4981 1427 5050 quid
1450 4979 1692 5034 dubium
1715 4979 1776 5033 in

123 5076 305 5124 sancta
359 5069 662 5137 Scriptura
707 5069 1076 5139 reperientes,
1112 5082 1240 5124 mox
1265 5069 1332 5123 ad
1359 5068 1549 5123 Graace
1579 5080 1778 5122 exem—

128 5156 298 5222 plaria
343 5171 603 5223 currere,
636 5161 691 5212 et
720 5157 790 5211 ad
841 5170 1036 5212 eorum
1071 5170 1321 5226 sensum,
1355 5157 1619 5226 protinus
1661 5169 1692 5209 a
1719 5169 1778 5210 se

125 5255 276 5299 omne
307 5245 581 5300 nubilum
608 5243 1009 5314 ambiguitatis
1055 5244 1372 5300 excludere.

185 5335 295 5388 Nec
329 5333 567 5401 mirum,
605 5332 656 5386 si
689 5332 997 5402 quisquam
1037 5333 1333 5389 doctorum
1363 5346 1495 5404 erga
1527 5333 1775 5402 plurima

123 5426 450 5490 occupatus,
500 5433 602 5474 nec
649 5420 977 5474 Graecorum
1029 5419 1244 5490 scripta
1271 5421 1532 5491 rimatus,
1584 5420 1774 5476 aliter-

122 5509 384 5578 senserit,
436 5522 566 5564 cum
621 5507 746 5576 ipse
786 5508 1082 5576 apostolus
1126 5511 1326 5566 Petrus
1368 5509 1626 5579 quaedam
1687 5510 1774 5566 sic

1886 4628 2071 4682 sionis
2118 4632 2332 4681 textum
2392 4627 2592 4682 beatus
2637 4626 3128 4696 Methodius,,qui
3160 4640 3192 4681 a
3237 4626 3369 4682 sede
3397 4641 3544 4696 apo-

1888 4717 2093 4773 stolica
2121 4715 2676 4784 ConstantinOpolim
2709 4715 3001 4784 presbyter
3030 4715 3262 4784 missus,
3286 4715 3540 4784 ejusdem

1890 4805 2054 4861 urbis
2087 4803 2271 4858 tenuit
2293 4802 2675 4871 pontiﬁcium,
2709 4808 2765 4857 et
2797 4815 2865 4858 ex
2889 4809 3023 4860 tunc
3051 4803 3200 4858 inter
3226 4808 3452 4857 sanctos
3473 4802 3543 4856 ab

1885 4893 2155 4949 omnibus
2180 4891 2250 4946 ob
2277 4903 2394 4945 suae
2416 4887 2798 4944 confessionis
2826 4898 2883 4945 et
2910 4891 3114 4961 agonis
3133 4893 3423 4944 certamen
3453 4903 3549 4945 ve-

1887 4982 2097 5037 raciter
2127 4983 2427 5034 veneratur
2451 4983 2507 5032 et
2530 4977 2765 5047 colitur,
2798 4977 3001 5046 edidit,
3032 4991 3210 5047 pauca
3237 4979 3308 5033 de
3334 4977 3535 5034 multis

1887 5069 2337 5140 przecedentibus
2367 5066 2604 5135 scriptis
2650 5078 2972 5133 excerpens.
3013 5067 3164 5121 Deus
3215 5071 3404 5122 autem
3439 5079 3548 5136 pa—

1883 5159 1971 5213 cis
1999 5162 2252 5213 conterat
2295 5157 2558 5210 Satanam
2592 5153 2699 5210 sub
2751 5152 2992 5222 pedibus
3021 5153 3226 5209 vestris
3247 5155 3535 5223 velociter,

1884 5250 1940 5300 et
1972 5245 2069 5315 qui
2096 5245 2253 5300 dedit
2297 5243 2548 5314 amplum
2583 5243 2641 5297 in
2676 5242 2846 5297 terris
2875 5241 3202 5312 imperium,
3232 5241 3450 5297 tribuat
3477 5237 3540 5294 in

1885 5333 2216 5388 caelestibus
2243 5333 2601 5387 ditissimum
2643 5331 2801 5402 regni
2837 5329 3160 5400 praemium.

1955 5420 2159 5475 Actum
2188 5434 2377 5476 mense
2400 5419 2590 5490 Junio,
2616 5418 2932 5474 indictione
2953 5430 3119 5484 nona,
3139 5427 3286 5468 anno
3313 5412 3537 5482 pontiﬁ-

1885 5514 2048 5565 catus
2077 5508 2187 5564 viri
2240 5507 2559 5564 beatissimi
2589 5505 2810 5561 domini
2851 5503 3032 5560 nostri
3073 5499 3308 5556 Joannis
3345 5496 3533 5554 octavi
