  <div class='ocr_page' id='page_1' title='image "/cluster/home/n/w/nwhite01/storage/ocr_20150623/129/hvd.32044054759907/375.png"; bbox 0 0 4034 6158; ppageno 0'>
   <div class='ocr_carea' id='block_1_1' title="bbox 387 237 553 344">
    <p class='ocr_par' dir='ltr' id='par_1_1' title="bbox 387 237 553 344">
     <span class='ocr_line' id='line_1_1' title="bbox 387 237 553 344; baseline 0.012 -2"><span class='ocrx_word' id='word_1_1' title='bbox 387 237 553 344; x_wconf 67' lang='lat'><strong>~739</strong></span> 
     </span>
    </p>
   </div>
   <div class='ocr_carea' id='block_1_2' title="bbox 1680 273 2619 336">
    <p class='ocr_par' dir='ltr' id='par_1_2' title="bbox 1680 273 2619 336">
     <span class='ocr_line' id='line_1_2' title="bbox 1680 273 2619 336; baseline -0.001 -1"><span class='ocrx_word' id='word_1_2' title='bbox 1680 279 2033 336; x_wconf 79' lang='lat' dir='ltr'><strong>ANASTASII</strong></span> <span class='ocrx_word' id='word_1_3' title='bbox 2081 273 2619 334; x_wconf 79' lang='lat' dir='ltr'><strong>BIBLIOTHECARII</strong></span> 
     </span>
    </p>
   </div>
   <div class='ocr_carea' id='block_1_3' title="bbox 3743 276 3857 336">
    <p class='ocr_par' dir='ltr' id='par_1_3' title="bbox 3743 276 3857 336">
     <span class='ocr_line' id='line_1_3' title="bbox 3743 276 3857 336; baseline 0.018 -2"><span class='ocrx_word' id='word_1_4' title='bbox 3743 276 3857 336; x_wconf 63' lang='grc'><strong>740</strong></span> 
     </span>
    </p>
   </div>
   <div class='ocr_carea' id='block_1_4' title="bbox 451 380 3917 479">
    <p class='ocr_par' dir='ltr' id='par_1_4' title="bbox 451 380 3917 479">
     <span class='ocr_line' id='line_1_4' title="bbox 451 380 3917 479; baseline -0.002 -13"><span class='ocrx_word' id='word_1_5' title='bbox 451 423 608 479; x_wconf 66' lang='lat' dir='ltr'><strong>papae</strong></span> <span class='ocrx_word' id='word_1_6' title='bbox 668 412 902 478; x_wconf 85' lang='lat' dir='ltr'><strong>quarto,</strong></span> <span class='ocrx_word' id='word_1_7' title='bbox 958 407 1186 477; x_wconf 91' lang='lat' dir='ltr'><strong>imperii</strong></span> <span class='ocrx_word' id='word_1_8' title='bbox 1235 420 1366 462; x_wconf 90' lang='lat' dir='ltr'><strong>vero</strong></span> <span class='ocrx_word' id='word_1_9' title='bbox 1401 404 1623 462; x_wconf 87' lang='lat' dir='ltr'><strong>domini</strong></span> <span class='ocrx_word' id='word_1_10' title='bbox 1667 397 2105 458; x_wconf 89' lang='lat' dir='ltr'><strong>clementissimi</strong></span> <span class='ocrx_word' id='word_1_11' title='bbox 2130 397 2187 457; x_wconf 93' lang='lat' dir='ltr'><strong>A</strong></span> <span class='ocrx_word' id='word_1_12' title='bbox 2214 398 2359 457; x_wconf 88' lang='lat' dir='ltr'><strong>fecto</strong></span> <span class='ocrx_word' id='word_1_13' title='bbox 2398 380 2578 458; x_wconf 84' lang='lat' dir='ltr'><strong>solers</strong></span> <span class='ocrx_word' id='word_1_14' title='bbox 2601 401 2953 472; x_wconf 79' lang='lat' dir='ltr'><strong>experientia</strong></span> <span class='ocrx_word' id='word_1_15' title='bbox 2984 415 3096 458; x_wconf 93' lang='lat' dir='ltr'><strong>non</strong></span> <span class='ocrx_word' id='word_1_16' title='bbox 3132 402 3376 474; x_wconf 90' lang='lat' dir='ltr'><strong>ignorat.</strong></span> <span class='ocrx_word' id='word_1_17' title='bbox 3409 399 3569 470; x_wconf 88' lang='lat' dir='ltr'><strong>Quod</strong></span> <span class='ocrx_word' id='word_1_18' title='bbox 3596 415 3722 458; x_wconf 89' lang='lat' dir='ltr'><strong>eum</strong></span> <span class='ocrx_word' id='word_1_19' title='bbox 3751 417 3864 460; x_wconf 89' lang='lat' dir='ltr'><strong>non</strong></span> <span class='ocrx_word' id='word_1_20' title='bbox 3907 392 3917 401; x_wconf 78' lang='grc'><em>’</em></span> 
     </span>
    </p>
   </div>
   <div class='ocr_carea' id='block_1_5' title="bbox 451 494 1394 567">
    <p class='ocr_par' dir='ltr' id='par_1_5' title="bbox 451 494 1394 567">
     <span class='ocr_line' id='line_1_5' title="bbox 451 494 1394 567; baseline -0.005 -15"><span class='ocrx_word' id='word_1_21' title='bbox 451 495 640 553; x_wconf 84' lang='lat' dir='ltr'><strong>Caroli</strong></span> <span class='ocrx_word' id='word_1_22' title='bbox 674 509 896 566; x_wconf 86' lang='lat' dir='ltr'><strong>semper</strong></span> <span class='ocrx_word' id='word_1_23' title='bbox 918 494 1164 567; x_wconf 81' lang='lat' dir='ltr'><strong>Augusti</strong></span> <span class='ocrx_word' id='word_1_24' title='bbox 1191 495 1394 564; x_wconf 89' lang='lat' dir='ltr'><strong>primo.</strong></span> 
     </span>
    </p>
   </div>
   <div class='ocr_carea' id='block_1_6' title="bbox 1054 633 1500 692">
    <p class='ocr_par' dir='ltr' id='par_1_6' title="bbox 1054 633 1500 692">
     <span class='ocr_line' id='line_1_6' title="bbox 1054 633 1500 692; baseline -0.011 0"><span class='ocrx_word' id='word_1_25' title='bbox 1054 633 1384 692; x_wconf 80' lang='lat' dir='ltr'><strong>EPISTOLA</strong></span> <span class='ocrx_word' id='word_1_26' title='bbox 1433 635 1500 688; x_wconf 92' lang='lat' dir='ltr'><strong>II.</strong></span> 
     </span>
    </p>
   </div>
   <div class='ocr_carea' id='block_1_7' title="bbox 1113 771 1450 814">
    <p class='ocr_par' dir='ltr' id='par_1_7' title="bbox 1113 771 1450 814">
     <span class='ocr_line' id='line_1_7' title="bbox 1113 771 1450 814; baseline -0.012 0"><span class='ocrx_word' id='word_1_27' title='bbox 1113 773 1184 814; x_wconf 80' lang='lat' dir='ltr'><strong>AD</strong></span> <span class='ocrx_word' id='word_1_28' title='bbox 1204 771 1450 814; x_wconf 77' lang='lat' dir='ltr'><strong>EUMDEM.</strong></span> 
     </span>
    </p>
   </div>
   <div class='ocr_carea' id='block_1_8' title="bbox 450 881 2100 956">
    <p class='ocr_par' dir='ltr' id='par_1_8' title="bbox 450 881 2100 956">
     <span class='ocr_line' id='line_1_8' title="bbox 450 881 2100 956; baseline -0.007 -14"><span class='ocrx_word' id='word_1_29' title='bbox 450 889 526 942; x_wconf 91' lang='lat' dir='ltr'><strong>De</strong></span> <span class='ocrx_word' id='word_1_30' title='bbox 577 885 976 956; x_wconf 77' lang='lat' dir='ltr'><strong>Areopagiticis</strong></span> <span class='ocrx_word' id='word_1_31' title='bbox 1021 889 1072 938; x_wconf 86' lang='lat' dir='ltr'><strong>et</strong></span> <span class='ocrx_word' id='word_1_32' title='bbox 1125 886 1330 939; x_wconf 75' lang='lat' dir='ltr'><strong>Joanne</strong></span> <span class='ocrx_word' id='word_1_33' title='bbox 1371 882 1526 937; x_wconf 87' lang='lat' dir='ltr'><strong>Scoto</strong></span> <span class='ocrx_word' id='word_1_34' title='bbox 1556 897 1737 936; x_wconf 82' lang='lat' dir='ltr'><strong>eorum</strong></span> <span class='ocrx_word' id='word_1_35' title='bbox 1793 881 2100 948; x_wconf 77' lang='lat' dir='ltr'><strong>interprete.</strong></span> 
     </span>
    </p>
   </div>
   <div class='ocr_carea' id='block_1_9' title="bbox 575 999 1986 1072">
    <p class='ocr_par' dir='ltr' id='par_1_9' title="bbox 575 999 1986 1072">
     <span class='ocr_line' id='line_1_9' title="bbox 575 999 1986 1072; baseline -0.004 -14"><span class='ocrx_word' id='word_1_36' title='bbox 575 1009 752 1072; x_wconf 85' lang='lat' dir='ltr'><strong>(Apud</strong></span> <span class='ocrx_word' id='word_1_37' title='bbox 788 1007 1072 1066; x_wconf 87' lang='lat' dir='ltr'><strong>Usserium,</strong></span> <span class='ocrx_word' id='word_1_38' title='bbox 1103 1006 1227 1056; x_wconf 87' lang='lat' dir='ltr'><strong>Vet.</strong></span> <span class='ocrx_word' id='word_1_39' title='bbox 1264 1007 1430 1068; x_wconf 83' lang='lat' dir='ltr'><strong>Epist.</strong></span> <span class='ocrx_word' id='word_1_40' title='bbox 1469 1005 1684 1054; x_wconf 74' lang='lat' dir='ltr'><strong>Hibera.</strong></span> <span class='ocrx_word' id='word_1_41' title='bbox 1721 999 1986 1064; x_wconf 81' lang='lat' dir='ltr'><strong>Sylloge.)</strong></span> 
     </span>
    </p>
   </div>
   <div class='ocr_carea' id='block_1_10' title="bbox 527 1117 2107 1192">
    <p class='ocr_par' dir='ltr' id='par_1_10' title="bbox 527 1117 2107 1192">
     <span class='ocr_line' id='line_1_10' title="bbox 527 1117 2107 1192; baseline -0.007 -12"><span class='ocrx_word' id='word_1_42' title='bbox 527 1126 680 1180; x_wconf 91' lang='lat' dir='ltr'><strong>Inter</strong></span> <span class='ocrx_word' id='word_1_43' title='bbox 703 1130 904 1180; x_wconf 79' lang='lat' dir='ltr'><strong>caetera</strong></span> <span class='ocrx_word' id='word_1_44' title='bbox 927 1123 1120 1179; x_wconf 90' lang='lat' dir='ltr'><strong>studia</strong></span> <span class='ocrx_word' id='word_1_45' title='bbox 1141 1136 1267 1192; x_wconf 63' lang='lat' dir='ltr'><strong>quae</strong></span> <span class='ocrx_word' id='word_1_46' title='bbox 1288 1126 1402 1177; x_wconf 89' lang='lat' dir='ltr'><strong>tam</strong></span> <span class='ocrx_word' id='word_1_47' title='bbox 1429 1119 1743 1176; x_wconf 86' lang='lat' dir='ltr'><strong>laudabilis</strong></span> <span class='ocrx_word' id='word_1_48' title='bbox 1757 1117 1910 1172; x_wconf 89' lang='lat' dir='ltr'><strong>actio</strong></span> <span class='ocrx_word' id='word_1_49' title='bbox 1936 1127 2107 1186; x_wconf 91' lang='lat' dir='ltr'><strong>quam</strong></span> 
     </span>
    </p>
   </div>
   <div class='ocr_carea' id='block_1_11' title="bbox 454 1203 2113 1280">
    <p class='ocr_par' dir='ltr' id='par_1_11' title="bbox 454 1203 2113 1280">
     <span class='ocr_line' id='line_1_11' title="bbox 454 1203 2113 1280; baseline -0.007 -12"><span class='ocrx_word' id='word_1_50' title='bbox 454 1212 833 1269; x_wconf 87' lang='lat' dir='ltr'><strong>saluberrima</strong></span> <span class='ocrx_word' id='word_1_51' title='bbox 859 1211 1253 1280; x_wconf 87' lang='lat' dir='ltr'><strong>commonitio,</strong></span> <span class='ocrx_word' id='word_1_52' title='bbox 1303 1210 1445 1280; x_wconf 92' lang='lat' dir='ltr'><strong>quin</strong></span> <span class='ocrx_word' id='word_1_53' title='bbox 1489 1208 1662 1263; x_wconf 89' lang='lat' dir='ltr'><strong>etiam</strong></span> <span class='ocrx_word' id='word_1_54' title='bbox 1690 1203 1973 1262; x_wconf 89' lang='lat' dir='ltr'><strong>odorifera</strong></span> <span class='ocrx_word' id='word_1_55' title='bbox 2004 1217 2113 1258; x_wconf 74' lang='lat' dir='ltr'><strong>vo-</strong></span> 
     </span>
    </p>
   </div>
   <div class='ocr_carea' id='block_1_12' title="bbox 455 1295 2108 1370">
    <p class='ocr_par' dir='ltr' id='par_1_12' title="bbox 455 1295 2108 1370">
     <span class='ocr_line' id='line_1_12' title="bbox 455 1295 2108 1370; baseline -0.006 -14"><span class='ocrx_word' id='word_1_56' title='bbox 455 1301 581 1356; x_wconf 85' lang='lat' dir='ltr'><strong>laus</strong></span> <span class='ocrx_word' id='word_1_57' title='bbox 598 1301 796 1370; x_wconf 92' lang='lat' dir='ltr'><strong>opinio</strong></span> <span class='ocrx_word' id='word_1_58' title='bbox 816 1301 886 1356; x_wconf 91' lang='lat' dir='ltr'><strong>de</strong></span> <span class='ocrx_word' id='word_1_59' title='bbox 904 1301 1185 1356; x_wconf 89' lang='lat' dir='ltr'><strong>virtutum</strong></span> <span class='ocrx_word' id='word_1_60' title='bbox 1206 1313 1271 1355; x_wconf 90' lang='lat' dir='ltr'><strong>ac</strong></span> <span class='ocrx_word' id='word_1_61' title='bbox 1294 1311 1514 1352; x_wconf 91' lang='lat' dir='ltr'><strong>morum</strong></span> <span class='ocrx_word' id='word_1_62' title='bbox 1540 1295 1858 1368; x_wconf 86' lang='lat' dir='ltr'><strong>quantitate</strong></span> <span class='ocrx_word' id='word_1_63' title='bbox 1879 1297 2108 1348; x_wconf 89' lang='lat' dir='ltr'><strong>tuorum</strong></span> 
     </span>
    </p>
   </div>
   <div class='ocr_carea' id='block_1_13' title="bbox 454 1379 2106 1460">
    <p class='ocr_par' dir='ltr' id='par_1_13' title="bbox 454 1379 2106 1460">
     <span class='ocr_line' id='line_1_13' title="bbox 454 1379 2106 1460; baseline -0.006 -15"><span class='ocrx_word' id='word_1_64' title='bbox 454 1385 507 1460; x_wconf 88' lang='grc' dir='ltr'><strong>(ο</strong></span> <span class='ocrx_word' id='word_1_65' title='bbox 533 1389 783 1445; x_wconf 87' lang='lat' dir='ltr'><strong>dictator</strong></span> <span class='ocrx_word' id='word_1_66' title='bbox 806 1387 1017 1459; x_wconf 88' lang='lat' dir='ltr'><strong>inclyte</strong></span> <span class='ocrx_word' id='word_1_67' title='bbox 1041 1387 1078 1460; x_wconf 91' lang='lat' dir='ltr'><strong>l)</strong></span> <span class='ocrx_word' id='word_1_68' title='bbox 1103 1387 1434 1443; x_wconf 88' lang='lat' dir='ltr'><strong>mortalium</strong></span> <span class='ocrx_word' id='word_1_69' title='bbox 1456 1390 1672 1440; x_wconf 86' lang='lat' dir='ltr'><strong>mentes</strong></span> <span class='ocrx_word' id='word_1_70' title='bbox 1695 1383 1925 1453; x_wconf 80' lang='lat' dir='ltr'><strong>excitat,</strong></span> <span class='ocrx_word' id='word_1_71' title='bbox 1957 1387 2012 1436; x_wconf 85' lang='lat' dir='ltr'><strong>et</strong></span> <span class='ocrx_word' id='word_1_72' title='bbox 2037 1379 2106 1435; x_wconf 90' lang='lat' dir='ltr'><strong>ad</strong></span> 
     </span>
    </p>
   </div>
   <div class='ocr_carea' id='block_1_14' title="bbox 454 1468 2107 1547">
    <p class='ocr_par' dir='ltr' id='par_1_14' title="bbox 454 1468 2107 1547">
     <span class='ocr_line' id='line_1_14' title="bbox 454 1468 2107 1547; baseline -0.006 -14"><span class='ocrx_word' id='word_1_73' title='bbox 454 1475 836 1534; x_wconf 83' lang='lat' dir='ltr'><strong>effodiendum</strong></span> <span class='ocrx_word' id='word_1_74' title='bbox 855 1476 1152 1547; x_wconf 69' lang='lat' dir='ltr'><strong>sapientia:</strong></span> <span class='ocrx_word' id='word_1_75' title='bbox 1164 1475 1427 1531; x_wconf 80' lang='lat' dir='ltr'><strong>hortatur</strong></span> <span class='ocrx_word' id='word_1_76' title='bbox 1443 1473 1596 1531; x_wconf 90' lang='lat' dir='ltr'><strong>velut</strong></span> <span class='ocrx_word' id='word_1_77' title='bbox 1613 1473 1912 1528; x_wconf 87' lang='lat' dir='ltr'><strong>thesauros</strong></span> <span class='ocrx_word' id='word_1_78' title='bbox 1929 1487 1945 1539; x_wconf 89' lang='lat'><strong>;</strong></span> <span class='ocrx_word' id='word_1_79' title='bbox 1963 1468 2107 1524; x_wconf 90' lang='lat' dir='ltr'><strong>illud</strong></span> 
     </span>
    </p>
   </div>
   <div class='ocr_carea' id='block_1_15' title="bbox 457 1558 2107 1636">
    <p class='ocr_par' dir='ltr' id='par_1_15' title="bbox 457 1558 2107 1636">
     <span class='ocr_line' id='line_1_15' title="bbox 457 1558 2107 1636; baseline -0.007 -14"><span class='ocrx_word' id='word_1_80' title='bbox 457 1579 686 1636; x_wconf 87' lang='lat' dir='ltr'><strong>quoque</strong></span> <span class='ocrx_word' id='word_1_81' title='bbox 707 1579 818 1621; x_wconf 91' lang='lat' dir='ltr'><strong>non</strong></span> <span class='ocrx_word' id='word_1_82' title='bbox 845 1565 1210 1620; x_wconf 85' lang='lat' dir='ltr'><strong>mediocriter</strong></span> <span class='ocrx_word' id='word_1_83' title='bbox 1233 1570 1320 1620; x_wconf 92' lang='lat' dir='ltr'><strong>est</strong></span> <span class='ocrx_word' id='word_1_84' title='bbox 1342 1563 1725 1619; x_wconf 85' lang='lat' dir='ltr'><strong>admiratione</strong></span> <span class='ocrx_word' id='word_1_85' title='bbox 1741 1558 2107 1629; x_wconf 88' lang='lat' dir='ltr'><strong>stupendum,</strong></span> 
     </span>
    </p>
   </div>
   <div class='ocr_carea' id='block_1_16' title="bbox 457 1646 2114 1724">
    <p class='ocr_par' dir='ltr' id='par_1_16' title="bbox 457 1646 2114 1724">
     <span class='ocr_line' id='line_1_16' title="bbox 457 1646 2114 1724; baseline -0.006 -14"><span class='ocrx_word' id='word_1_86' title='bbox 457 1654 608 1724; x_wconf 91' lang='lat' dir='ltr'><strong>quod</strong></span> <span class='ocrx_word' id='word_1_87' title='bbox 640 1667 751 1709; x_wconf 92' lang='lat' dir='ltr'><strong>non</strong></span> <span class='ocrx_word' id='word_1_88' title='bbox 801 1653 988 1709; x_wconf 92' lang='lat' dir='ltr'><strong>solum</strong></span> <span class='ocrx_word' id='word_1_89' title='bbox 1022 1652 1253 1708; x_wconf 91' lang='lat' dir='ltr'><strong>Latinos</strong></span> <span class='ocrx_word' id='word_1_90' title='bbox 1304 1654 1516 1720; x_wconf 88' lang='lat' dir='ltr'><strong>Patres,</strong></span> <span class='ocrx_word' id='word_1_91' title='bbox 1551 1651 1645 1708; x_wconf 91' lang='lat' dir='ltr'><strong>sed</strong></span> <span class='ocrx_word' id='word_1_92' title='bbox 1678 1657 1735 1706; x_wconf 90' lang='lat' dir='ltr'><strong>et</strong></span> <span class='ocrx_word' id='word_1_93' title='bbox 1757 1649 1984 1704; x_wconf 69' lang='lat' dir='ltr'><strong>Graecos</strong></span> <span class='ocrx_word' id='word_1_94' title='bbox 2021 1646 2114 1701; x_wconf 84' lang='lat' dir='ltr'><strong>ri—</strong></span> 
     </span>
    </p>
   </div>
   <div class='ocr_carea' id='block_1_17' title="bbox 2213 490 3868 562">
    <p class='ocr_par' dir='ltr' id='par_1_17' title="bbox 2213 490 3868 562">
     <span class='ocr_line' id='line_1_17' title="bbox 2213 490 3868 562; baseline 0.001 -16"><span class='ocrx_word' id='word_1_95' title='bbox 2213 491 2398 562; x_wconf 88' lang='lat' dir='ltr'><strong>egisse</strong></span> <span class='ocrx_word' id='word_1_96' title='bbox 2423 491 2494 546; x_wconf 90' lang='lat' dir='ltr'><strong>ob</strong></span> <span class='ocrx_word' id='word_1_97' title='bbox 2515 490 2688 546; x_wconf 91' lang='lat' dir='ltr'><strong>aliam</strong></span> <span class='ocrx_word' id='word_1_98' title='bbox 2710 505 2938 548; x_wconf 88' lang='lat' dir='ltr'><strong>causam</strong></span> <span class='ocrx_word' id='word_1_99' title='bbox 2958 492 3248 561; x_wconf 85' lang='lat' dir='ltr'><strong>existimo,</strong></span> <span class='ocrx_word' id='word_1_100' title='bbox 3271 492 3388 546; x_wconf 89' lang='lat' dir='ltr'><strong>nisi</strong></span> <span class='ocrx_word' id='word_1_101' title='bbox 3414 492 3551 562; x_wconf 85' lang='lat' dir='ltr'><strong>quia</strong></span> <span class='ocrx_word' id='word_1_102' title='bbox 3571 505 3700 548; x_wconf 87' lang='lat' dir='ltr'><strong>cum</strong></span> <span class='ocrx_word' id='word_1_103' title='bbox 3720 499 3868 548; x_wconf 87' lang='lat' dir='ltr'><strong>esset</strong></span> 
     </span>
    </p>
   </div>
   <div class='ocr_carea' id='block_1_18' title="bbox 2101 577 3864 650">
    <p class='ocr_par' dir='ltr' id='par_1_18' title="bbox 2101 577 3864 650">
     <span class='ocr_line' id='line_1_18' title="bbox 2101 577 3864 650; baseline 0.001 -18"><span class='ocrx_word' id='word_1_104' title='bbox 2101 591 2106 594; x_wconf 84' lang='lat'>&#39;</span> <span class='ocrx_word' id='word_1_105' title='bbox 2217 577 2458 634; x_wconf 88' lang='lat' dir='ltr'><strong>humilis</strong></span> <span class='ocrx_word' id='word_1_106' title='bbox 2481 579 2716 650; x_wconf 90' lang='lat' dir='ltr'><strong>spiritu,</strong></span> <span class='ocrx_word' id='word_1_107' title='bbox 2751 594 2862 636; x_wconf 90' lang='lat' dir='ltr'><strong>non</strong></span> <span class='ocrx_word' id='word_1_108' title='bbox 2891 580 3258 650; x_wconf 74' lang='lat' dir='ltr'><strong>prtesumpsit</strong></span> <span class='ocrx_word' id='word_1_109' title='bbox 3281 579 3435 635; x_wconf 88' lang='lat' dir='ltr'><strong>verbi</strong></span> <span class='ocrx_word' id='word_1_110' title='bbox 3466 581 3864 649; x_wconf 83' lang='lat' dir='ltr'><strong>proprietatem</strong></span> 
     </span>
    </p>
   </div>
   <div class='ocr_carea' id='block_1_19' title="bbox 2213 666 3872 739">
    <p class='ocr_par' dir='ltr' id='par_1_19' title="bbox 2213 666 3872 739">
     <span class='ocr_line' id='line_1_19' title="bbox 2213 666 3872 739; baseline 0.001 -18"><span class='ocrx_word' id='word_1_111' title='bbox 2213 666 2512 737; x_wconf 82' lang='lat' dir='ltr'><strong>deserere;</strong></span> <span class='ocrx_word' id='word_1_112' title='bbox 2545 681 2614 723; x_wconf 91' lang='lat' dir='ltr'><strong>ne</strong></span> <span class='ocrx_word' id='word_1_113' title='bbox 2659 669 2857 739; x_wconf 91' lang='lat' dir='ltr'><strong>aliquo</strong></span> <span class='ocrx_word' id='word_1_114' title='bbox 2884 669 3050 724; x_wconf 90' lang='lat' dir='ltr'><strong>modo</strong></span> <span class='ocrx_word' id='word_1_115' title='bbox 3074 681 3106 723; x_wconf 91' lang='lat' dir='ltr'><strong>a</strong></span> <span class='ocrx_word' id='word_1_116' title='bbox 3147 682 3349 724; x_wconf 88' lang='lat' dir='ltr'><strong>sensus</strong></span> <span class='ocrx_word' id='word_1_117' title='bbox 3373 669 3615 723; x_wconf 90' lang='lat' dir='ltr'><strong>veritate</strong></span> <span class='ocrx_word' id='word_1_118' title='bbox 3637 668 3872 724; x_wconf 87' lang='lat' dir='ltr'><strong>decide-</strong></span> 
     </span>
    </p>
   </div>
   <div class='ocr_carea' id='block_1_20' title="bbox 2215 754 3874 826">
    <p class='ocr_par' dir='ltr' id='par_1_20' title="bbox 2215 754 3874 826">
     <span class='ocr_line' id='line_1_20' title="bbox 2215 754 3874 826; baseline 0.001 -16"><span class='ocrx_word' id='word_1_119' title='bbox 2215 759 2318 810; x_wconf 88' lang='lat' dir='ltr'><strong>ret.</strong></span> <span class='ocrx_word' id='word_1_120' title='bbox 2360 755 2518 811; x_wconf 92' lang='lat' dir='ltr'><strong>Unde</strong></span> <span class='ocrx_word' id='word_1_121' title='bbox 2567 754 2778 812; x_wconf 87' lang='lat' dir='ltr'><strong>factum</strong></span> <span class='ocrx_word' id='word_1_122' title='bbox 2819 762 2907 811; x_wconf 91' lang='lat' dir='ltr'><strong>est</strong></span> <span class='ocrx_word' id='word_1_123' title='bbox 2939 761 3002 813; x_wconf 96' lang='lat' dir='ltr'><strong>ut</strong></span> <span class='ocrx_word' id='word_1_124' title='bbox 3031 760 3253 812; x_wconf 91' lang='lat' dir='ltr'><strong>tantum</strong></span> <span class='ocrx_word' id='word_1_125' title='bbox 3295 756 3504 826; x_wconf 87' lang='lat' dir='ltr'><strong>virum,</strong></span> <span class='ocrx_word' id='word_1_126' title='bbox 3553 755 3654 826; x_wconf 90' lang='lat' dir='ltr'><strong>qui</strong></span> <span class='ocrx_word' id='word_1_127' title='bbox 3692 769 3874 825; x_wconf 89' lang='lat' dir='ltr'><strong>perse</strong></span> 
     </span>
    </p>
   </div>
   <div class='ocr_carea' id='block_1_21' title="bbox 2212 843 3873 928">
    <p class='ocr_par' dir='ltr' id='par_1_21' title="bbox 2212 843 3873 928">
     <span class='ocr_line' id='line_1_21' title="bbox 2212 843 3873 928; baseline 0.001 -30"><span class='ocrx_word' id='word_1_128' title='bbox 2212 844 2370 928; x_wconf 74' lang='lat' dir='ltr'><strong>(quia</strong></span> <span class='ocrx_word' id='word_1_129' title='bbox 2397 844 2601 900; x_wconf 90' lang='lat' dir='ltr'><strong>intima</strong></span> <span class='ocrx_word' id='word_1_130' title='bbox 2626 849 2683 900; x_wconf 92' lang='lat' dir='ltr'><strong>et</strong></span> <span class='ocrx_word' id='word_1_131' title='bbox 2696 845 2876 900; x_wconf 89' lang='lat' dir='ltr'><strong>ardua</strong></span> <span class='ocrx_word' id='word_1_132' title='bbox 2897 859 3138 916; x_wconf 68' lang='lat' dir='ltr'><strong>quaeque</strong></span> <span class='ocrx_word' id='word_1_133' title='bbox 3164 845 3470 916; x_wconf 91' lang='lat' dir='ltr'><strong>utriusque</strong></span> <span class='ocrx_word' id='word_1_134' title='bbox 3493 843 3873 914; x_wconf 74' lang='lat' dir='ltr'><strong>phiIOSOphiae</strong></span> 
     </span>
    </p>
   </div>
   <div class='ocr_carea' id='block_1_22' title="bbox 2219 931 3873 1003">
    <p class='ocr_par' dir='ltr' id='par_1_22' title="bbox 2219 931 3873 1003">
     <span class='ocr_line' id='line_1_22' title="bbox 2219 931 3873 1003; baseline 0 -17"><span class='ocrx_word' id='word_1_135' title='bbox 2219 933 2531 1000; x_wconf 88' lang='lat' dir='ltr'><strong>penetralia</strong></span> <span class='ocrx_word' id='word_1_136' title='bbox 2563 932 2763 988; x_wconf 91' lang='lat' dir='ltr'><strong>rimari</strong></span> <span class='ocrx_word' id='word_1_137' title='bbox 2789 933 3106 1003; x_wconf 88' lang='lat' dir='ltr'><strong>proposuit)</strong></span> <span class='ocrx_word' id='word_1_138' title='bbox 3138 933 3438 1003; x_wconf 85' lang='lat' dir='ltr'><strong>perplexus</strong></span> <span class='ocrx_word' id='word_1_139' title='bbox 3464 931 3684 988; x_wconf 91' lang='lat' dir='ltr'><strong>nostris</strong></span> <span class='ocrx_word' id='word_1_140' title='bbox 3710 931 3873 986; x_wconf 87' lang='lat' dir='ltr'><strong>intel-</strong></span> 
     </span>
    </p>
   </div>
   <div class='ocr_carea' id='block_1_23' title="bbox 2217 1018 3876 1092">
    <p class='ocr_par' dir='ltr' id='par_1_23' title="bbox 2217 1018 3876 1092">
     <span class='ocr_line' id='line_1_23' title="bbox 2217 1018 3876 1092; baseline 0 -18"><span class='ocrx_word' id='word_1_141' title='bbox 2217 1018 2464 1076; x_wconf 87' lang='lat' dir='ltr'><strong>lectibus</strong></span> <span class='ocrx_word' id='word_1_142' title='bbox 2489 1020 2808 1092; x_wconf 84' lang='lat' dir='ltr'><strong>videbatur,</strong></span> <span class='ocrx_word' id='word_1_143' title='bbox 2835 1021 2988 1076; x_wconf 89' lang='lat' dir='ltr'><strong>intra</strong></span> <span class='ocrx_word' id='word_1_144' title='bbox 3005 1020 3305 1090; x_wconf 88' lang='lat' dir='ltr'><strong>cujusdam</strong></span> <span class='ocrx_word' id='word_1_145' title='bbox 3321 1019 3649 1090; x_wconf 89' lang='lat' dir='ltr'><strong>labyrinthi</strong></span> <span class='ocrx_word' id='word_1_146' title='bbox 3667 1018 3876 1074; x_wconf 82' lang='lat' dir='ltr'><strong>ditl‘ici-</strong></span> 
     </span>
    </p>
   </div>
   <div class='ocr_carea' id='block_1_24' title="bbox 2219 1106 3877 1178">
    <p class='ocr_par' dir='ltr' id='par_1_24' title="bbox 2219 1106 3877 1178">
     <span class='ocr_line' id='line_1_24' title="bbox 2219 1106 3877 1178; baseline 0 -16"><span class='ocrx_word' id='word_1_147' title='bbox 2219 1106 2298 1162; x_wconf 91' lang='lat' dir='ltr'><strong>lia</strong></span> <span class='ocrx_word' id='word_1_148' title='bbox 2330 1107 2601 1178; x_wconf 90' lang='lat' dir='ltr'><strong>irretiret,</strong></span> <span class='ocrx_word' id='word_1_149' title='bbox 2633 1115 2689 1164; x_wconf 91' lang='lat' dir='ltr'><strong>et</strong></span> <span class='ocrx_word' id='word_1_150' title='bbox 2716 1109 2775 1164; x_wconf 94' lang='lat' dir='ltr'><strong>in</strong></span> <span class='ocrx_word' id='word_1_151' title='bbox 2800 1109 2987 1164; x_wconf 87' lang='lat' dir='ltr'><strong>antris</strong></span> <span class='ocrx_word' id='word_1_152' title='bbox 3015 1107 3494 1178; x_wconf 90' lang='lat' dir='ltr'><strong>profundioribus</strong></span> <span class='ocrx_word' id='word_1_153' title='bbox 3531 1106 3877 1162; x_wconf 86' lang='lat' dir='ltr'><strong>invisibilio—</strong></span> 
     </span>
    </p>
   </div>
   <div class='ocr_carea' id='block_1_25' title="bbox 2220 1195 3880 1266">
    <p class='ocr_par' dir='ltr' id='par_1_25' title="bbox 2220 1195 3880 1266">
     <span class='ocr_line' id='line_1_25' title="bbox 2220 1195 3880 1266; baseline -0.001 -16"><span class='ocrx_word' id='word_1_154' title='bbox 2220 1209 2334 1250; x_wconf 90' lang='lat' dir='ltr'><strong>rem</strong></span> <span class='ocrx_word' id='word_1_155' title='bbox 2363 1197 2606 1266; x_wconf 90' lang='lat' dir='ltr'><strong>quodam</strong></span> <span class='ocrx_word' id='word_1_156' title='bbox 2630 1197 2794 1252; x_wconf 90' lang='lat' dir='ltr'><strong>modo</strong></span> <span class='ocrx_word' id='word_1_157' title='bbox 2817 1197 3160 1266; x_wconf 86' lang='lat' dir='ltr'><strong>collocaret;</strong></span> <span class='ocrx_word' id='word_1_158' title='bbox 3193 1201 3250 1252; x_wconf 91' lang='lat' dir='ltr'><strong>et</strong></span> <span class='ocrx_word' id='word_1_159' title='bbox 3281 1209 3449 1266; x_wconf 85' lang='lat' dir='ltr'><strong>quem</strong></span> <span class='ocrx_word' id='word_1_160' title='bbox 3473 1195 3880 1264; x_wconf 84' lang='lat' dir='ltr'><strong>interpretatu-</strong></span> 
     </span>
    </p>
   </div>
   <div class='ocr_carea' id='block_1_26' title="bbox 2219 1283 3773 1356">
    <p class='ocr_par' dir='ltr' id='par_1_26' title="bbox 2219 1283 3773 1356">
     <span class='ocr_line' id='line_1_26' title="bbox 2219 1283 3773 1356; baseline -0.001 -18"><span class='ocrx_word' id='word_1_161' title='bbox 2219 1299 2344 1340; x_wconf 91' lang='lat' dir='ltr'><strong>rum</strong></span> <span class='ocrx_word' id='word_1_162' title='bbox 2372 1289 2718 1356; x_wconf 86' lang='lat' dir='ltr'><strong>susceperat,</strong></span> <span class='ocrx_word' id='word_1_163' title='bbox 2749 1285 2938 1341; x_wconf 90' lang='lat' dir='ltr'><strong>adhuc</strong></span> <span class='ocrx_word' id='word_1_164' title='bbox 2965 1286 3220 1341; x_wconf 89' lang='lat' dir='ltr'><strong>redderet</strong></span> <span class='ocrx_word' id='word_1_165' title='bbox 3254 1283 3773 1355; x_wconf 87' lang='lat' dir='ltr'><strong>interpretandum.</strong></span> 
     </span>
    </p>
   </div>
   <div class='ocr_carea' id='block_1_27' title="bbox 2288 1371 3880 1443">
    <p class='ocr_par' dir='ltr' id='par_1_27' title="bbox 2288 1371 3880 1443">
     <span class='ocr_line' id='line_1_27' title="bbox 2288 1371 3880 1443; baseline -0.001 -16"><span class='ocrx_word' id='word_1_166' title='bbox 2288 1373 2643 1442; x_wconf 89' lang='lat' dir='ltr'><strong>Quapropter</strong></span> <span class='ocrx_word' id='word_1_167' title='bbox 2669 1374 2790 1443; x_wconf 90' lang='lat' dir='ltr'><strong>ipse</strong></span> <span class='ocrx_word' id='word_1_168' title='bbox 2813 1373 3016 1429; x_wconf 89' lang='lat' dir='ltr'><strong>merito</strong></span> <span class='ocrx_word' id='word_1_169' title='bbox 3043 1373 3272 1440; x_wconf 86' lang='lat' dir='ltr'><strong>anxius,</strong></span> <span class='ocrx_word' id='word_1_170' title='bbox 3314 1373 3458 1442; x_wconf 73' lang='grc' dir='ltr'><strong>οωρί</strong></span> <span class='ocrx_word' id='word_1_171' title='bbox 3491 1371 3697 1427; x_wconf 89' lang='lat' dir='ltr'><strong>sedulo</strong></span> <span class='ocrx_word' id='word_1_172' title='bbox 3737 1383 3880 1440; x_wconf 71' lang='lat' dir='ltr'><strong>quai-</strong></span> 
     </span>
    </p>
   </div>
   <div class='ocr_carea' id='block_1_28' title="bbox 2220 1459 3878 1532">
    <p class='ocr_par' dir='ltr' id='par_1_28' title="bbox 2220 1459 3878 1532">
     <span class='ocr_line' id='line_1_28' title="bbox 2220 1459 3878 1532; baseline -0.002 -16"><span class='ocrx_word' id='word_1_173' title='bbox 2220 1475 2343 1517; x_wconf 89' lang='lat' dir='ltr'><strong>rere</strong></span> <span class='ocrx_word' id='word_1_174' title='bbox 2388 1463 2438 1518; x_wconf 91' lang='lat' dir='ltr'><strong>si</strong></span> <span class='ocrx_word' id='word_1_175' title='bbox 2480 1460 2625 1517; x_wconf 86' lang='lat' dir='ltr'><strong>forte</strong></span> <span class='ocrx_word' id='word_1_176' title='bbox 2655 1463 2892 1532; x_wconf 89' lang='lat' dir='ltr'><strong>reperiri</strong></span> <span class='ocrx_word' id='word_1_177' title='bbox 2937 1463 3216 1532; x_wconf 89' lang='lat' dir='ltr'><strong>potuisset</strong></span> <span class='ocrx_word' id='word_1_178' title='bbox 3240 1466 3549 1531; x_wconf 65' lang='lat' dir='ltr'><strong>praeceptor</strong></span> <span class='ocrx_word' id='word_1_179' title='bbox 3572 1459 3878 1530; x_wconf 84' lang='lat' dir='ltr'><strong>quisquam</strong></span> 
     </span>
    </p>
   </div>
   <div class='ocr_carea' id='block_1_29' title="bbox 2219 1547 3881 1621">
    <p class='ocr_par' dir='ltr' id='par_1_29' title="bbox 2219 1547 3881 1621">
     <span class='ocr_line' id='line_1_29' title="bbox 2219 1547 3881 1621; baseline -0.003 -15"><span class='ocrx_word' id='word_1_180' title='bbox 2219 1551 2304 1606; x_wconf 91' lang='lat' dir='ltr'><strong>vel</strong></span> <span class='ocrx_word' id='word_1_181' title='bbox 2339 1551 2575 1620; x_wconf 87' lang='lat' dir='ltr'><strong>aliquod</strong></span> <span class='ocrx_word' id='word_1_182' title='bbox 2607 1551 2907 1621; x_wconf 90' lang='lat' dir='ltr'><strong>scriptum,</strong></span> <span class='ocrx_word' id='word_1_183' title='bbox 2953 1565 3066 1621; x_wconf 94' lang='lat' dir='ltr'><strong>quo</strong></span> <span class='ocrx_word' id='word_1_184' title='bbox 3095 1550 3450 1620; x_wconf 90' lang='lat' dir='ltr'><strong>enucleante,</strong></span> <span class='ocrx_word' id='word_1_185' title='bbox 3496 1553 3698 1604; x_wconf 87' lang='lat' dir='ltr'><strong>tantus</strong></span> <span class='ocrx_word' id='word_1_186' title='bbox 3723 1547 3881 1601; x_wconf 87' lang='lat' dir='ltr'><strong>Pater</strong></span> 
     </span>
    </p>
   </div>
   <div class='ocr_carea' id='block_1_30' title="bbox 2221 1635 3882 1709">
    <p class='ocr_par' dir='ltr' id='par_1_30' title="bbox 2221 1635 3882 1709">
     <span class='ocr_line' id='line_1_30' title="bbox 2221 1635 3882 1709; baseline -0.004 -15"><span class='ocrx_word' id='word_1_187' title='bbox 2221 1638 2390 1694; x_wconf 92' lang='lat' dir='ltr'><strong>nobis</strong></span> <span class='ocrx_word' id='word_1_188' title='bbox 2421 1639 2708 1708; x_wconf 88' lang='lat' dir='ltr'><strong>liquidius</strong></span> <span class='ocrx_word' id='word_1_189' title='bbox 2736 1639 3158 1709; x_wconf 90' lang='lat' dir='ltr'><strong>illuscesceret;</strong></span> <span class='ocrx_word' id='word_1_190' title='bbox 3187 1644 3244 1694; x_wconf 91' lang='lat' dir='ltr'><strong>et</strong></span> <span class='ocrx_word' id='word_1_191' title='bbox 3275 1637 3413 1708; x_wconf 89' lang='lat' dir='ltr'><strong>quia</strong></span> <span class='ocrx_word' id='word_1_192' title='bbox 3433 1637 3552 1706; x_wconf 91' lang='lat' dir='ltr'><strong>jam</strong></span> <span class='ocrx_word' id='word_1_193' title='bbox 3586 1649 3690 1706; x_wconf 86' lang='lat' dir='ltr'><strong>per</strong></span> <span class='ocrx_word' id='word_1_194' title='bbox 3714 1635 3882 1690; x_wconf 90' lang='lat' dir='ltr'><strong>inter-</strong></span> 
     </span>
    </p>
   </div>
   <div class='ocr_carea' id='block_1_31' title="bbox 458 1724 3887 1810">
    <p class='ocr_par' dir='ltr' id='par_1_31' title="bbox 458 1724 3887 1810">
     <span class='ocr_line' id='line_1_31' title="bbox 458 1724 3887 1810; baseline -0.005 -15"><span class='ocrx_word' id='word_1_195' title='bbox 458 1742 602 1797; x_wconf 90' lang='lat' dir='ltr'><strong>mari</strong></span> <span class='ocrx_word' id='word_1_196' title='bbox 631 1755 743 1798; x_wconf 93' lang='lat' dir='ltr'><strong>non</strong></span> <span class='ocrx_word' id='word_1_197' title='bbox 782 1755 990 1810; x_wconf 84' lang='lat' dir='ltr'><strong>cessas,</strong></span> <span class='ocrx_word' id='word_1_198' title='bbox 1022 1747 1079 1797; x_wconf 89' lang='lat' dir='ltr'><strong>et</strong></span> <span class='ocrx_word' id='word_1_199' title='bbox 1101 1741 1353 1796; x_wconf 85' lang='lat' dir='ltr'><strong>Romana</strong></span> <span class='ocrx_word' id='word_1_200' title='bbox 1383 1739 1582 1810; x_wconf 79' lang='lat' dir='ltr'><strong>lingua</strong></span> <span class='ocrx_word' id='word_1_201' title='bbox 1611 1739 1890 1808; x_wconf 90' lang='lat' dir='ltr'><strong>pollentes</strong></span> <span class='ocrx_word' id='word_1_202' title='bbox 1913 1736 2113 1792; x_wconf 82' lang='lat' dir='ltr'><strong>Pelas-</strong></span> <span class='ocrx_word' id='word_1_203' title='bbox 2141 1724 2191 1784; x_wconf 94' lang='lat' dir='ltr'>B</span> <span class='ocrx_word' id='word_1_204' title='bbox 2225 1727 2402 1798; x_wconf 77' lang='lat' dir='ltr'><strong>prelis</strong></span> <span class='ocrx_word' id='word_1_205' title='bbox 2434 1727 2778 1783; x_wconf 90' lang='lat' dir='ltr'><strong>industriam</strong></span> <span class='ocrx_word' id='word_1_206' title='bbox 2811 1727 3023 1798; x_wconf 74' lang='lat' dir='ltr'><strong>linguae</strong></span> <span class='ocrx_word' id='word_1_207' title='bbox 3045 1735 3251 1782; x_wconf 67' lang='lat' dir='ltr'><strong>nostrae</strong></span> <span class='ocrx_word' id='word_1_208' title='bbox 3270 1726 3459 1782; x_wconf 85' lang='lat' dir='ltr'><strong>fuerat</strong></span> <span class='ocrx_word' id='word_1_209' title='bbox 3481 1724 3764 1794; x_wconf 87' lang='lat' dir='ltr'><strong>traditus,</strong></span> <span class='ocrx_word' id='word_1_210' title='bbox 3797 1737 3887 1810; x_wconf 89' lang='lat' dir='ltr'><strong>no-</strong></span> 
     </span>
    </p>
   </div>
   <div class='ocr_carea' id='block_1_32' title="bbox 458 1821 2111 1900">
    <p class='ocr_par' dir='ltr' id='par_1_32' title="bbox 458 1821 2111 1900">
     <span class='ocr_line' id='line_1_32' title="bbox 458 1821 2111 1900; baseline -0.005 -16"><span class='ocrx_word' id='word_1_211' title='bbox 458 1841 657 1900; x_wconf 86' lang='lat' dir='ltr'><strong>garum</strong></span> <span class='ocrx_word' id='word_1_212' title='bbox 707 1827 851 1884; x_wconf 91' lang='lat' dir='ltr'><strong>facis</strong></span> <span class='ocrx_word' id='word_1_213' title='bbox 899 1841 1088 1883; x_wconf 91' lang='lat' dir='ltr'><strong>rerum</strong></span> <span class='ocrx_word' id='word_1_214' title='bbox 1132 1841 1244 1882; x_wconf 94' lang='lat' dir='ltr'><strong>non</strong></span> <span class='ocrx_word' id='word_1_215' title='bbox 1273 1833 1548 1896; x_wconf 83' lang='lat' dir='ltr'><strong>expertes.</strong></span> <span class='ocrx_word' id='word_1_216' title='bbox 1590 1827 1673 1880; x_wconf 93' lang='lat' dir='ltr'><strong>Tu</strong></span> <span class='ocrx_word' id='word_1_217' title='bbox 1704 1825 1917 1894; x_wconf 89' lang='lat' dir='ltr'><strong>quippe</strong></span> <span class='ocrx_word' id='word_1_218' title='bbox 1946 1821 2111 1888; x_wconf 88' lang='lat' dir='ltr'><strong>facis,</strong></span> 
     </span>
    </p>
   </div>
   <div class='ocr_carea' id='block_1_33' title="bbox 461 1914 2117 1988">
    <p class='ocr_par' dir='ltr' id='par_1_33' title="bbox 461 1914 2117 1988">
     <span class='ocr_line' id='line_1_33' title="bbox 461 1914 2117 1988; baseline -0.002 -16"><span class='ocrx_word' id='word_1_219' title='bbox 461 1917 561 1988; x_wconf 88' lang='lat' dir='ltr'><strong>qui</strong></span> <span class='ocrx_word' id='word_1_220' title='bbox 587 1919 656 1973; x_wconf 91' lang='lat' dir='ltr'><strong>ad</strong></span> <span class='ocrx_word' id='word_1_221' title='bbox 689 1916 1013 1973; x_wconf 88' lang='lat' dir='ltr'><strong>faciendum</strong></span> <span class='ocrx_word' id='word_1_222' title='bbox 1053 1917 1302 1972; x_wconf 90' lang='lat' dir='ltr'><strong>suscitas</strong></span> <span class='ocrx_word' id='word_1_223' title='bbox 1327 1923 1383 1971; x_wconf 89' lang='lat' dir='ltr'><strong>et</strong></span> <span class='ocrx_word' id='word_1_224' title='bbox 1427 1915 1712 1970; x_wconf 89' lang='lat' dir='ltr'><strong>hortaris:</strong></span> <span class='ocrx_word' id='word_1_225' title='bbox 1759 1914 1898 1984; x_wconf 88' lang='lat' dir='ltr'><strong>quia</strong></span> <span class='ocrx_word' id='word_1_226' title='bbox 1931 1918 1986 1968; x_wconf 90' lang='lat' dir='ltr'><strong>et</strong></span> <span class='ocrx_word' id='word_1_227' title='bbox 2011 1925 2117 1968; x_wconf 92' lang='lat' dir='ltr'><strong>nos</strong></span> 
     </span>
    </p>
   </div>
   <div class='ocr_carea' id='block_1_34' title="bbox 458 2001 2114 2074">
    <p class='ocr_par' dir='ltr' id='par_1_34' title="bbox 458 2001 2114 2074">
     <span class='ocr_line' id='line_1_34' title="bbox 458 2001 2114 2074; baseline -0.004 -16"><span class='ocrx_word' id='word_1_228' title='bbox 458 2017 605 2074; x_wconf 59' lang='lat' dir='ltr'><strong>sape</strong></span> <span class='ocrx_word' id='word_1_229' title='bbox 655 2016 910 2074; x_wconf 90' lang='lat' dir='ltr'><strong>magnam</strong></span> <span class='ocrx_word' id='word_1_230' title='bbox 957 2003 1188 2058; x_wconf 90' lang='lat' dir='ltr'><strong>domum</strong></span> <span class='ocrx_word' id='word_1_231' title='bbox 1229 2001 1432 2058; x_wconf 89' lang='lat' dir='ltr'><strong>fecisse</strong></span> <span class='ocrx_word' id='word_1_232' title='bbox 1458 2002 1732 2067; x_wconf 86' lang='lat' dir='ltr'><strong>dicimur,</strong></span> <span class='ocrx_word' id='word_1_233' title='bbox 1784 2015 1895 2056; x_wconf 93' lang='lat' dir='ltr'><strong>non</strong></span> <span class='ocrx_word' id='word_1_234' title='bbox 1926 2005 2114 2054; x_wconf 87' lang='lat' dir='ltr'><strong>tamen</strong></span> 
     </span>
    </p>
   </div>
   <div class='ocr_carea' id='block_1_35' title="bbox 461 2086 2112 2160">
    <p class='ocr_par' dir='ltr' id='par_1_35' title="bbox 461 2086 2112 2160">
     <span class='ocr_line' id='line_1_35' title="bbox 461 2086 2112 2160; baseline -0.004 -14"><span class='ocrx_word' id='word_1_235' title='bbox 461 2090 746 2156; x_wconf 83' lang='lat' dir='ltr'><strong>manibus,</strong></span> <span class='ocrx_word' id='word_1_236' title='bbox 792 2090 887 2146; x_wconf 92' lang='lat' dir='ltr'><strong>sed</strong></span> <span class='ocrx_word' id='word_1_237' title='bbox 955 2089 1243 2146; x_wconf 79' lang='lat' dir='ltr'><strong>aﬂ‘atibus.</strong></span> <span class='ocrx_word' id='word_1_238' title='bbox 1291 2092 1495 2146; x_wconf 87' lang='lat' dir='ltr'><strong>Beatus</strong></span> <span class='ocrx_word' id='word_1_239' title='bbox 1539 2090 1732 2160; x_wconf 87' lang='lat' dir='ltr'><strong>itaque</strong></span> <span class='ocrx_word' id='word_1_240' title='bbox 1773 2086 2112 2157; x_wconf 79' lang='lat' dir='ltr'><strong>Areopagita</strong></span> 
     </span>
    </p>
   </div>
   <div class='ocr_carea' id='block_1_36' title="bbox 457 2176 2115 2250">
    <p class='ocr_par' dir='ltr' id='par_1_36' title="bbox 457 2176 2115 2250">
     <span class='ocr_line' id='line_1_36' title="bbox 457 2176 2115 2250; baseline -0.002 -18"><span class='ocrx_word' id='word_1_241' title='bbox 457 2177 770 2248; x_wconf 88' lang='lat' dir='ltr'><strong>Dionysius</strong></span> <span class='ocrx_word' id='word_1_242' title='bbox 810 2177 1183 2234; x_wconf 80' lang='lat' dir='ltr'><strong>Atheniensis</strong></span> <span class='ocrx_word' id='word_1_243' title='bbox 1223 2178 1466 2234; x_wconf 89' lang='lat' dir='ltr'><strong>antistes</strong></span> <span class='ocrx_word' id='word_1_244' title='bbox 1508 2176 1693 2250; x_wconf 90' lang='lat' dir='ltr'><strong>(quem</strong></span> <span class='ocrx_word' id='word_1_245' title='bbox 1738 2177 1888 2232; x_wconf 90' lang='lat' dir='ltr'><strong>inter</strong></span> <span class='ocrx_word' id='word_1_246' title='bbox 1915 2180 2115 2230; x_wconf 63' lang='lat' dir='ltr'><strong>caetera</strong></span> 
     </span>
    </p>
   </div>
   <div class='ocr_carea' id='block_1_37' title="bbox 459 2263 2114 2338">
    <p class='ocr_par' dir='ltr' id='par_1_37' title="bbox 459 2263 2114 2338">
     <span class='ocr_line' id='line_1_37' title="bbox 459 2263 2114 2338; baseline -0.004 -15"><span class='ocrx_word' id='word_1_247' title='bbox 459 2273 685 2323; x_wconf 80' lang='lat' dir='ltr'><strong>constat</strong></span> <span class='ocrx_word' id='word_1_248' title='bbox 711 2267 1000 2323; x_wconf 89' lang='lat' dir='ltr'><strong>industria</strong></span> <span class='ocrx_word' id='word_1_249' title='bbox 1027 2274 1145 2338; x_wconf 87' lang='lat' dir='ltr'><strong>tua,</strong></span> <span class='ocrx_word' id='word_1_250' title='bbox 1181 2267 1656 2337; x_wconf 63' lang='lat' dir='ltr'><strong>praestantissime</strong></span> <span class='ocrx_word' id='word_1_251' title='bbox 1679 2265 2030 2336; x_wconf 91' lang='lat' dir='ltr'><strong>principum,</strong></span> <span class='ocrx_word' id='word_1_252' title='bbox 2055 2263 2114 2317; x_wconf 92' lang='lat' dir='ltr'><strong>in</strong></span> 
     </span>
    </p>
   </div>
   <div class='ocr_carea' id='block_1_38' title="bbox 459 2351 2142 2427">
    <p class='ocr_par' dir='ltr' id='par_1_38' title="bbox 459 2351 2142 2427">
     <span class='ocr_line' id='line_1_38' title="bbox 459 2351 2142 2427; baseline -0.004 -17"><span class='ocrx_word' id='word_1_253' title='bbox 459 2356 776 2411; x_wconf 87' lang='lat' dir='ltr'><strong>Romanum</strong></span> <span class='ocrx_word' id='word_1_254' title='bbox 804 2369 1119 2410; x_wconf 88' lang='lat' dir='ltr'><strong>sermonem</strong></span> <span class='ocrx_word' id='word_1_255' title='bbox 1143 2355 1501 2427; x_wconf 89' lang='lat' dir='ltr'><strong>translatum)</strong></span> <span class='ocrx_word' id='word_1_256' title='bbox 1521 2359 1742 2410; x_wconf 90' lang='lat' dir='ltr'><strong>tantum</strong></span> <span class='ocrx_word' id='word_1_257' title='bbox 1773 2359 1880 2422; x_wconf 91' lang='lat' dir='ltr'><strong>est,</strong></span> <span class='ocrx_word' id='word_1_258' title='bbox 1904 2357 1969 2406; x_wconf 93' lang='lat' dir='ltr'><strong>ut</strong></span> <span class='ocrx_word' id='word_1_259' title='bbox 1995 2351 2142 2420; x_wconf 65' lang='lat' dir='ltr'><strong>ipse,</strong></span> 
     </span>
    </p>
   </div>
   <div class='ocr_carea' id='block_1_39' title="bbox 463 2441 2117 2515">
    <p class='ocr_par' dir='ltr' id='par_1_39' title="bbox 463 2441 2117 2515">
     <span class='ocr_line' id='line_1_39' title="bbox 463 2441 2117 2515; baseline -0.003 -18"><span class='ocrx_word' id='word_1_260' title='bbox 463 2442 754 2512; x_wconf 89' lang='lat' dir='ltr'><strong>patentius</strong></span> <span class='ocrx_word' id='word_1_261' title='bbox 774 2443 946 2510; x_wconf 89' lang='lat' dir='ltr'><strong>nosti,</strong></span> <span class='ocrx_word' id='word_1_262' title='bbox 971 2443 1041 2498; x_wconf 90' lang='lat' dir='ltr'><strong>ad</strong></span> <span class='ocrx_word' id='word_1_263' title='bbox 1065 2443 1504 2515; x_wconf 89' lang='lat' dir='ltr'><strong>intelligendum</strong></span> <span class='ocrx_word' id='word_1_264' title='bbox 1530 2441 1808 2509; x_wconf 77' lang='lat' dir='ltr'><strong>dillicilis,</strong></span> <span class='ocrx_word' id='word_1_265' title='bbox 1839 2443 2117 2510; x_wconf 90' lang='lat' dir='ltr'><strong>quantum</strong></span> 
     </span>
    </p>
   </div>
   <div class='ocr_carea' id='block_1_40' title="bbox 462 2526 2123 2601">
    <p class='ocr_par' dir='ltr' id='par_1_40' title="bbox 462 2526 2123 2601">
     <span class='ocr_line' id='line_1_40' title="bbox 462 2526 2123 2601; baseline -0.002 -17"><span class='ocrx_word' id='word_1_266' title='bbox 462 2542 720 2585; x_wconf 89' lang='lat' dir='ltr'><strong>sermone</strong></span> <span class='ocrx_word' id='word_1_267' title='bbox 749 2530 1060 2586; x_wconf 86' lang='lat' dir='ltr'><strong>sublimis:</strong></span> <span class='ocrx_word' id='word_1_268' title='bbox 1098 2531 1214 2587; x_wconf 91' lang='lat' dir='ltr'><strong>imo</strong></span> <span class='ocrx_word' id='word_1_269' title='bbox 1247 2535 1459 2601; x_wconf 88' lang='lat' dir='ltr'><strong>quanto</strong></span> <span class='ocrx_word' id='word_1_270' title='bbox 1483 2529 1746 2586; x_wconf 81' lang='lat' dir='ltr'><strong>difﬁcilia</strong></span> <span class='ocrx_word' id='word_1_271' title='bbox 1781 2533 1916 2584; x_wconf 89' lang='lat' dir='ltr'><strong>sunt</strong></span> <span class='ocrx_word' id='word_1_272' title='bbox 1942 2526 2123 2582; x_wconf 89' lang='lat' dir='ltr'><strong>intel-</strong></span> 
     </span>
    </p>
   </div>
   <div class='ocr_carea' id='block_1_41' title="bbox 462 2615 2121 2689">
    <p class='ocr_par' dir='ltr' id='par_1_41' title="bbox 462 2615 2121 2689">
     <span class='ocr_line' id='line_1_41' title="bbox 462 2615 2121 2689; baseline 0 -19"><span class='ocrx_word' id='word_1_273' title='bbox 462 2615 612 2671; x_wconf 88' lang='lat' dir='ltr'><strong>lectu</strong></span> <span class='ocrx_word' id='word_1_274' title='bbox 643 2621 699 2672; x_wconf 90' lang='lat' dir='ltr'><strong>et</strong></span> <span class='ocrx_word' id='word_1_275' title='bbox 748 2617 865 2672; x_wconf 88' lang='lat' dir='ltr'><strong>alta</strong></span> <span class='ocrx_word' id='word_1_276' title='bbox 897 2618 1206 2689; x_wconf 82' lang='lat' dir='ltr'><strong>mysteriis,</strong></span> <span class='ocrx_word' id='word_1_277' title='bbox 1237 2633 1385 2688; x_wconf 68' lang='lat' dir='ltr'><strong>qua:</strong></span> <span class='ocrx_word' id='word_1_278' title='bbox 1418 2619 1539 2688; x_wconf 89' lang='lat' dir='ltr'><strong>ipse</strong></span> <span class='ocrx_word' id='word_1_279' title='bbox 1571 2621 1982 2687; x_wconf 89' lang='lat' dir='ltr'><strong>perscrutatus,</strong></span> <span class='ocrx_word' id='word_1_280' title='bbox 2013 2629 2121 2670; x_wconf 86' lang='lat' dir='ltr'><strong>su—</strong></span> 
     </span>
    </p>
   </div>
   <div class='ocr_carea' id='block_1_42' title="bbox 467 2703 2122 2775">
    <p class='ocr_par' dir='ltr' id='par_1_42' title="bbox 467 2703 2122 2775">
     <span class='ocr_line' id='line_1_42' title="bbox 467 2703 2122 2775; baseline 0 -17"><span class='ocrx_word' id='word_1_281' title='bbox 467 2716 644 2774; x_wconf 88' lang='lat' dir='ltr'><strong>perna</strong></span> <span class='ocrx_word' id='word_1_282' title='bbox 665 2703 1162 2774; x_wconf 87' lang='lat' dir='ltr'><strong>revelantegratia,</strong></span> <span class='ocrx_word' id='word_1_283' title='bbox 1205 2705 1448 2775; x_wconf 83' lang='lat' dir='ltr'><strong>didicit;</strong></span> <span class='ocrx_word' id='word_1_284' title='bbox 1503 2711 1562 2760; x_wconf 90' lang='lat' dir='ltr'><strong>et</strong></span> <span class='ocrx_word' id='word_1_285' title='bbox 1588 2718 1793 2760; x_wconf 90' lang='lat' dir='ltr'><strong>arcana</strong></span> <span class='ocrx_word' id='word_1_286' title='bbox 1817 2703 2122 2774; x_wconf 67' lang='lat' dir='ltr'><strong>theologia:</strong></span> 
     </span>
    </p>
   </div>
   <div class='ocr_carea' id='block_1_43' title="bbox 463 2789 2119 2865">
    <p class='ocr_par' dir='ltr' id='par_1_43' title="bbox 463 2789 2119 2865">
     <span class='ocr_line' id='line_1_43' title="bbox 463 2789 2119 2865; baseline -0.001 -18"><span class='ocrx_word' id='word_1_287' title='bbox 463 2789 683 2861; x_wconf 88' lang='lat' dir='ltr'><strong>(divina</strong></span> <span class='ocrx_word' id='word_1_288' title='bbox 713 2805 774 2847; x_wconf 92' lang='lat' dir='ltr'><strong>se</strong></span> <span class='ocrx_word' id='word_1_289' title='bbox 795 2793 1038 2848; x_wconf 90' lang='lat' dir='ltr'><strong>ducente</strong></span> <span class='ocrx_word' id='word_1_290' title='bbox 1070 2791 1258 2865; x_wconf 86' lang='lat' dir='ltr'><strong>manu)</strong></span> <span class='ocrx_word' id='word_1_291' title='bbox 1309 2793 1604 2864; x_wconf 89' lang='lat' dir='ltr'><strong>ingressus</strong></span> <span class='ocrx_word' id='word_1_292' title='bbox 1637 2793 1696 2848; x_wconf 93' lang='lat' dir='ltr'><strong>in</strong></span> <span class='ocrx_word' id='word_1_293' title='bbox 1725 2791 2119 2848; x_wconf 82' lang='lat' dir='ltr'><strong>sanctuarium</strong></span> 
     </span>
    </p>
   </div>
   <div class='ocr_carea' id='block_1_44' title="bbox 461 2879 1459 2950">
    <p class='ocr_par' dir='ltr' id='par_1_44' title="bbox 461 2879 1459 2950">
     <span class='ocr_line' id='line_1_44' title="bbox 461 2879 1459 2950; baseline 0.001 -16"><span class='ocrx_word' id='word_1_294' title='bbox 461 2879 563 2935; x_wconf 90' lang='lat' dir='ltr'><strong>Dei</strong></span> <span class='ocrx_word' id='word_1_295' title='bbox 593 2879 784 2935; x_wconf 90' lang='lat' dir='ltr'><strong>ablato</strong></span> <span class='ocrx_word' id='word_1_296' title='bbox 815 2879 1094 2936; x_wconf 91' lang='lat' dir='ltr'><strong>velamine</strong></span> <span class='ocrx_word' id='word_1_297' title='bbox 1124 2881 1459 2950; x_wconf 88' lang='lat' dir='ltr'><strong>penetravit.</strong></span> 
     </span>
    </p>
   </div>
   <div class='ocr_carea' id='block_1_45' title="bbox 538 2966 2128 3040">
    <p class='ocr_par' dir='ltr' id='par_1_45' title="bbox 538 2966 2128 3040">
     <span class='ocr_line' id='line_1_45' title="bbox 538 2966 2128 3040; baseline -0.001 -18"><span class='ocrx_word' id='word_1_298' title='bbox 538 2967 864 3024; x_wconf 87' lang='lat' dir='ltr'><strong>Mirandum</strong></span> <span class='ocrx_word' id='word_1_299' title='bbox 895 2967 1080 3040; x_wconf 86' lang='lat' dir='ltr'><strong>igitur</strong></span> <span class='ocrx_word' id='word_1_300' title='bbox 1100 2973 1208 3040; x_wconf 88' lang='lat' dir='ltr'><strong>est,</strong></span> <span class='ocrx_word' id='word_1_301' title='bbox 1241 2969 1378 3040; x_wconf 85' lang='lat' dir='ltr'><strong>quia</strong></span> <span class='ocrx_word' id='word_1_302' title='bbox 1409 2971 1593 3040; x_wconf 91' lang='lat' dir='ltr'><strong>pietas</strong></span> <span class='ocrx_word' id='word_1_303' title='bbox 1619 2975 1716 3026; x_wconf 89' lang='lat' dir='ltr'><strong>tua</strong></span> <span class='ocrx_word' id='word_1_304' title='bbox 1743 2981 1844 3024; x_wconf 89' lang='lat' dir='ltr'><strong>nec</strong></span> <span class='ocrx_word' id='word_1_305' title='bbox 1869 2966 2008 3024; x_wconf 89' lang='lat' dir='ltr'><strong>talia</strong></span> <span class='ocrx_word' id='word_1_306' title='bbox 2043 2967 2128 3022; x_wconf 88' lang='lat' dir='ltr'><strong>in-</strong></span> 
     </span>
    </p>
   </div>
   <div class='ocr_carea' id='block_1_46' title="bbox 463 3055 2120 3126">
    <p class='ocr_par' dir='ltr' id='par_1_46' title="bbox 463 3055 2120 3126">
     <span class='ocr_line' id='line_1_46' title="bbox 463 3055 2120 3126; baseline -0.001 -15"><span class='ocrx_word' id='word_1_307' title='bbox 463 3055 731 3112; x_wconf 89' lang='lat' dir='ltr'><strong>discussa</strong></span> <span class='ocrx_word' id='word_1_308' title='bbox 775 3055 1034 3126; x_wconf 90' lang='lat' dir='ltr'><strong>reliquit.</strong></span> <span class='ocrx_word' id='word_1_309' title='bbox 1081 3057 1186 3113; x_wconf 90' lang='lat' dir='ltr'><strong>Sed</strong></span> <span class='ocrx_word' id='word_1_310' title='bbox 1221 3057 1316 3112; x_wconf 91' lang='lat' dir='ltr'><strong>hic</strong></span> <span class='ocrx_word' id='word_1_311' title='bbox 1366 3057 1505 3114; x_wconf 91' lang='lat' dir='ltr'><strong>licet</strong></span> <span class='ocrx_word' id='word_1_312' title='bbox 1547 3057 1606 3114; x_wconf 91' lang='lat' dir='ltr'><strong>in</strong></span> <span class='ocrx_word' id='word_1_313' title='bbox 1646 3065 1797 3114; x_wconf 90' lang='lat' dir='ltr'><strong>terra</strong></span> <span class='ocrx_word' id='word_1_314' title='bbox 1847 3055 2120 3119; x_wconf 87' lang='lat' dir='ltr'><strong>ambulat,</strong></span> 
     </span>
    </p>
   </div>
   <div class='ocr_carea' id='block_1_47' title="bbox 463 3143 2122 3216">
    <p class='ocr_par' dir='ltr' id='par_1_47' title="bbox 463 3143 2122 3216">
     <span class='ocr_line' id='line_1_47' title="bbox 463 3143 2122 3216; baseline 0 -18"><span class='ocrx_word' id='word_1_315' title='bbox 463 3147 733 3216; x_wconf 89' lang='lat' dir='ltr'><strong>tanguam</strong></span> <span class='ocrx_word' id='word_1_316' title='bbox 779 3143 841 3199; x_wconf 93' lang='lat' dir='ltr'><strong>in</strong></span> <span class='ocrx_word' id='word_1_317' title='bbox 888 3144 1052 3200; x_wconf 72' lang='lat' dir='ltr'><strong>ctelis</strong></span> <span class='ocrx_word' id='word_1_318' title='bbox 1082 3158 1425 3202; x_wconf 89' lang='lat' dir='ltr'><strong>conversans</strong></span> <span class='ocrx_word' id='word_1_319' title='bbox 1449 3145 1669 3202; x_wconf 90' lang='lat' dir='ltr'><strong>ambit:</strong></span> <span class='ocrx_word' id='word_1_320' title='bbox 1705 3147 1787 3201; x_wconf 89' lang='lat' dir='ltr'><strong>ita</strong></span> <span class='ocrx_word' id='word_1_321' title='bbox 1829 3149 1911 3212; x_wconf 92' lang='lat' dir='ltr'><strong>ut,</strong></span> <span class='ocrx_word' id='word_1_322' title='bbox 1943 3143 2122 3200; x_wconf 89' lang='lat' dir='ltr'><strong>veluti</strong></span> 
     </span>
    </p>
   </div>
   <div class='ocr_carea' id='block_1_48' title="bbox 464 3228 2122 3304">
    <p class='ocr_par' dir='ltr' id='par_1_48' title="bbox 464 3228 2122 3304">
     <span class='ocr_line' id='line_1_48' title="bbox 464 3228 2122 3304; baseline 0 -18"><span class='ocrx_word' id='word_1_323' title='bbox 464 3230 698 3300; x_wconf 81' lang='lat' dir='ltr'><strong>quidam</strong></span> <span class='ocrx_word' id='word_1_324' title='bbox 721 3228 810 3302; x_wconf 92' lang='lat' dir='ltr'><strong>(ut</strong></span> <span class='ocrx_word' id='word_1_325' title='bbox 834 3231 914 3287; x_wconf 90' lang='lat' dir='ltr'><strong>ita</strong></span> <span class='ocrx_word' id='word_1_326' title='bbox 947 3230 1245 3304; x_wconf 87' lang='lat' dir='ltr'><strong>fateamur)</strong></span> <span class='ocrx_word' id='word_1_327' title='bbox 1273 3233 1512 3304; x_wconf 86' lang='lat' dir='ltr'><strong>angelus</strong></span> <span class='ocrx_word' id='word_1_328' title='bbox 1541 3234 1625 3289; x_wconf 90' lang='lat' dir='ltr'><strong>vel</strong></span> <span class='ocrx_word' id='word_1_329' title='bbox 1653 3233 1905 3290; x_wconf 66' lang='lat' dir='ltr'><strong>caelestis</strong></span> <span class='ocrx_word' id='word_1_330' title='bbox 1932 3232 2122 3302; x_wconf 88' lang='lat' dir='ltr'><strong>homo,</strong></span> 
     </span>
    </p>
   </div>
   <div class='ocr_carea' id='block_1_49' title="bbox 462 3319 2122 3394">
    <p class='ocr_par' dir='ltr' id='par_1_49' title="bbox 462 3319 2122 3394">
     <span class='ocr_line' id='line_1_49' title="bbox 462 3319 2122 3394; baseline 0.001 -20"><span class='ocrx_word' id='word_1_331' title='bbox 462 3319 667 3375; x_wconf 89' lang='lat' dir='ltr'><strong>Sancta</strong></span> <span class='ocrx_word' id='word_1_332' title='bbox 703 3327 1033 3377; x_wconf 90' lang='lat' dir='ltr'><strong>sanctorum</strong></span> <span class='ocrx_word' id='word_1_333' title='bbox 1087 3321 1314 3394; x_wconf 83' lang='lat' dir='ltr'><strong>ingredi</strong></span> <span class='ocrx_word' id='word_1_334' title='bbox 1340 3322 1820 3394; x_wconf 87' lang='lat' dir='ltr'><strong>contemplatione</strong></span> <span class='ocrx_word' id='word_1_335' title='bbox 1850 3319 2122 3390; x_wconf 88' lang='lat' dir='ltr'><strong>videaris,</strong></span> 
     </span>
    </p>
   </div>
   <div class='ocr_carea' id='block_1_50' title="bbox 467 3407 2123 3482">
    <p class='ocr_par' dir='ltr' id='par_1_50' title="bbox 467 3407 2123 3482">
     <span class='ocr_line' id='line_1_50' title="bbox 467 3407 2123 3482; baseline 0 -20"><span class='ocrx_word' id='word_1_336' title='bbox 467 3411 526 3462; x_wconf 89' lang='lat' dir='ltr'><strong>et</strong></span> <span class='ocrx_word' id='word_1_337' title='bbox 551 3407 621 3463; x_wconf 89' lang='lat' dir='ltr'><strong>ad</strong></span> <span class='ocrx_word' id='word_1_338' title='bbox 639 3407 835 3465; x_wconf 90' lang='lat' dir='ltr'><strong>abdita</strong></span> <span class='ocrx_word' id='word_1_339' title='bbox 861 3414 916 3464; x_wconf 90' lang='lat' dir='ltr'><strong>et</strong></span> <span class='ocrx_word' id='word_1_340' title='bbox 935 3410 1104 3480; x_wconf 89' lang='lat' dir='ltr'><strong>adyta</strong></span> <span class='ocrx_word' id='word_1_341' title='bbox 1131 3410 1342 3466; x_wconf 69' lang='lat' dir='ltr'><strong>divinae</strong></span> <span class='ocrx_word' id='word_1_342' title='bbox 1375 3410 1815 3482; x_wconf 73' lang='lat' dir='ltr'><strong>inetfabilitatis,</strong></span> <span class='ocrx_word' id='word_1_343' title='bbox 1845 3412 2123 3481; x_wconf 89' lang='lat' dir='ltr'><strong>quantum</strong></span> 
     </span>
    </p>
   </div>
   <div class='ocr_carea' id='block_1_51' title="bbox 467 3496 2127 3569">
    <p class='ocr_par' dir='ltr' id='par_1_51' title="bbox 467 3496 2127 3569">
     <span class='ocr_line' id='line_1_51' title="bbox 467 3496 2127 3569; baseline 0.001 -18"><span class='ocrx_word' id='word_1_344' title='bbox 467 3496 744 3566; x_wconf 89' lang='lat' dir='ltr'><strong>possibile</strong></span> <span class='ocrx_word' id='word_1_345' title='bbox 763 3501 850 3553; x_wconf 89' lang='lat' dir='ltr'><strong>est</strong></span> <span class='ocrx_word' id='word_1_346' title='bbox 879 3497 1242 3569; x_wconf 89' lang='lat' dir='ltr'><strong>mortalibus,</strong></span> <span class='ocrx_word' id='word_1_347' title='bbox 1271 3499 1461 3554; x_wconf 89' lang='lat' dir='ltr'><strong>acutis</strong></span> <span class='ocrx_word' id='word_1_348' title='bbox 1489 3499 1889 3568; x_wconf 90' lang='lat' dir='ltr'><strong>spiritualium</strong></span> <span class='ocrx_word' id='word_1_349' title='bbox 1919 3496 2127 3552; x_wconf 88' lang='lat' dir='ltr'><strong>oculo-</strong></span> 
     </span>
    </p>
   </div>
   <div class='ocr_carea' id='block_1_52' title="bbox 465 3584 2128 3654">
    <p class='ocr_par' dir='ltr' id='par_1_52' title="bbox 465 3584 2128 3654">
     <span class='ocr_line' id='line_1_52' title="bbox 465 3584 2128 3654; baseline 0.001 -16"><span class='ocrx_word' id='word_1_350' title='bbox 465 3597 593 3639; x_wconf 91' lang='lat' dir='ltr'><strong>rum</strong></span> <span class='ocrx_word' id='word_1_351' title='bbox 614 3584 840 3640; x_wconf 86' lang='lat' dir='ltr'><strong>visibus</strong></span> <span class='ocrx_word' id='word_1_352' title='bbox 858 3586 1169 3641; x_wconf 90' lang='lat' dir='ltr'><strong>accessisse</strong></span> <span class='ocrx_word' id='word_1_353' title='bbox 1199 3586 1474 3642; x_wconf 89' lang='lat' dir='ltr'><strong>credaris.</strong></span> <span class='ocrx_word' id='word_1_354' title='bbox 1502 3585 1827 3642; x_wconf 90' lang='lat' dir='ltr'><strong>Mirandum</strong></span> <span class='ocrx_word' id='word_1_355' title='bbox 1857 3589 1946 3640; x_wconf 91' lang='lat' dir='ltr'><strong>est</strong></span> <span class='ocrx_word' id='word_1_356' title='bbox 1974 3597 2128 3654; x_wconf 91' lang='lat' dir='ltr'><strong>quo-</strong></span> 
     </span>
    </p>
   </div>
   <div class='ocr_carea' id='block_1_53' title="bbox 467 3670 2125 3742">
    <p class='ocr_par' dir='ltr' id='par_1_53' title="bbox 467 3670 2125 3742">
     <span class='ocr_line' id='line_1_53' title="bbox 467 3670 2125 3742; baseline -0.001 -16"><span class='ocrx_word' id='word_1_357' title='bbox 467 3683 577 3740; x_wconf 89' lang='lat' dir='ltr'><strong>que</strong></span> <span class='ocrx_word' id='word_1_358' title='bbox 597 3671 883 3740; x_wconf 91' lang='lat' dir='ltr'><strong>quomodo</strong></span> <span class='ocrx_word' id='word_1_359' title='bbox 906 3671 996 3726; x_wconf 90' lang='lat' dir='ltr'><strong>vir</strong></span> <span class='ocrx_word' id='word_1_360' title='bbox 1028 3671 1128 3726; x_wconf 92' lang='lat' dir='ltr'><strong>ille</strong></span> <span class='ocrx_word' id='word_1_361' title='bbox 1147 3671 1428 3727; x_wconf 88' lang='lat' dir='ltr'><strong>barbarus</strong></span> <span class='ocrx_word' id='word_1_362' title='bbox 1451 3670 1572 3742; x_wconf 92' lang='lat' dir='ltr'><strong>(qui</strong></span> <span class='ocrx_word' id='word_1_363' title='bbox 1601 3671 1662 3728; x_wconf 92' lang='lat' dir='ltr'><strong>in</strong></span> <span class='ocrx_word' id='word_1_364' title='bbox 1681 3671 1895 3727; x_wconf 79' lang='lat' dir='ltr'><strong>ﬁnibus</strong></span> <span class='ocrx_word' id='word_1_365' title='bbox 1926 3670 2125 3726; x_wconf 91' lang='lat' dir='ltr'><strong>mundi</strong></span> 
     </span>
    </p>
   </div>
   <div class='ocr_carea' id='block_1_54' title="bbox 467 3757 2129 3830">
    <p class='ocr_par' dir='ltr' id='par_1_54' title="bbox 467 3757 2129 3830">
     <span class='ocr_line' id='line_1_54' title="bbox 467 3757 2129 3830; baseline 0.001 -16"><span class='ocrx_word' id='word_1_366' title='bbox 467 3757 714 3828; x_wconf 88' lang='lat' dir='ltr'><strong>positus,</strong></span> <span class='ocrx_word' id='word_1_367' title='bbox 747 3761 962 3828; x_wconf 90' lang='lat' dir='ltr'><strong>quanto</strong></span> <span class='ocrx_word' id='word_1_368' title='bbox 998 3757 1071 3813; x_wconf 91' lang='lat' dir='ltr'><strong>ab</strong></span> <span class='ocrx_word' id='word_1_369' title='bbox 1099 3758 1435 3815; x_wconf 89' lang='lat' dir='ltr'><strong>hominibus</strong></span> <span class='ocrx_word' id='word_1_370' title='bbox 1477 3759 1928 3830; x_wconf 90' lang='lat' dir='ltr'><strong>conversatione,</strong></span> <span class='ocrx_word' id='word_1_371' title='bbox 1969 3763 2129 3816; x_wconf 91' lang='lat' dir='ltr'><strong>tanto</strong></span> 
     </span>
    </p>
   </div>
   <div class='ocr_carea' id='block_1_55' title="bbox 465 3844 2133 3920">
    <p class='ocr_par' dir='ltr' id='par_1_55' title="bbox 465 3844 2133 3920">
     <span class='ocr_line' id='line_1_55' title="bbox 465 3844 2133 3920; baseline 0.002 -21"><span class='ocrx_word' id='word_1_372' title='bbox 465 3844 829 3914; x_wconf 89' lang='lat' dir='ltr'><strong>credipotuit</strong></span> <span class='ocrx_word' id='word_1_373' title='bbox 845 3845 1088 3901; x_wconf 89' lang='lat' dir='ltr'><strong>alterius</strong></span> <span class='ocrx_word' id='word_1_374' title='bbox 1110 3845 1324 3918; x_wconf 69' lang='lat' dir='ltr'><strong>lingua:</strong></span> <span class='ocrx_word' id='word_1_375' title='bbox 1343 3847 1618 3910; x_wconf 91' lang='lat' dir='ltr'><strong>dictione,</strong></span> <span class='ocrx_word' id='word_1_376' title='bbox 1649 3846 2021 3920; x_wconf 90' lang='lat' dir='ltr'><strong>longinquus)</strong></span> <span class='ocrx_word' id='word_1_377' title='bbox 2054 3852 2133 3902; x_wconf 91' lang='lat' dir='ltr'><strong>ta-</strong></span> 
     </span>
    </p>
   </div>
   <div class='ocr_carea' id='block_1_56' title="bbox 467 3929 2132 4008">
    <p class='ocr_par' dir='ltr' id='par_1_56' title="bbox 467 3929 2132 4008">
     <span class='ocr_line' id='line_1_56' title="bbox 467 3929 2132 4008; baseline 0.002 -22"><span class='ocrx_word' id='word_1_378' title='bbox 467 3929 548 3986; x_wconf 89' lang='lat' dir='ltr'><strong>lia</strong></span> <span class='ocrx_word' id='word_1_379' title='bbox 579 3931 875 3987; x_wconf 81' lang='lat' dir='ltr'><strong>intellectu</strong></span> <span class='ocrx_word' id='word_1_380' title='bbox 901 3945 1101 4004; x_wconf 89' lang='lat' dir='ltr'><strong>capere</strong></span> <span class='ocrx_word' id='word_1_381' title='bbox 1129 3933 1188 3988; x_wconf 91' lang='lat' dir='ltr'><strong>in</strong></span> <span class='ocrx_word' id='word_1_382' title='bbox 1215 3933 1506 4005; x_wconf 88' lang='lat' dir='ltr'><strong>aliamque</strong></span> <span class='ocrx_word' id='word_1_383' title='bbox 1535 3935 1794 4008; x_wconf 85' lang='lat' dir='ltr'><strong>linguam</strong></span> <span class='ocrx_word' id='word_1_384' title='bbox 1821 3933 2132 3992; x_wconf 88' lang='lat' dir='ltr'><strong>transferre</strong></span> 
     </span>
    </p>
   </div>
   <div class='ocr_carea' id='block_1_57' title="bbox 467 4017 2125 4096">
    <p class='ocr_par' dir='ltr' id='par_1_57' title="bbox 467 4017 2125 4096">
     <span class='ocr_line' id='line_1_57' title="bbox 467 4017 2125 4096; baseline 0.003 -22"><span class='ocrx_word' id='word_1_385' title='bbox 467 4017 731 4074; x_wconf 89' lang='lat' dir='ltr'><strong>valuerit.</strong></span> <span class='ocrx_word' id='word_1_386' title='bbox 785 4019 1054 4076; x_wconf 86' lang='lat' dir='ltr'><strong>Joannem</strong></span> <span class='ocrx_word' id='word_1_387' title='bbox 1097 4022 1278 4078; x_wconf 92' lang='lat' dir='ltr'><strong>innuo</strong></span> <span class='ocrx_word' id='word_1_388' title='bbox 1306 4023 1664 4096; x_wconf 88' lang='lat' dir='ltr'><strong>Scotigenam</strong></span> <span class='ocrx_word' id='word_1_389' title='bbox 1707 4025 1916 4094; x_wconf 90' lang='lat' dir='ltr'><strong>virum,</strong></span> <span class='ocrx_word' id='word_1_390' title='bbox 1960 4038 2125 4095; x_wconf 91' lang='lat' dir='ltr'><strong>quem</strong></span> 
     </span>
    </p>
   </div>
   <div class='ocr_carea' id='block_1_58' title="bbox 468 4106 2132 4183">
    <p class='ocr_par' dir='ltr' id='par_1_58' title="bbox 468 4106 2132 4183">
     <span class='ocr_line' id='line_1_58' title="bbox 468 4106 2132 4183; baseline 0.004 -21"><span class='ocrx_word' id='word_1_391' title='bbox 468 4106 673 4163; x_wconf 87' lang='lat' dir='ltr'><strong>auditu</strong></span> <span class='ocrx_word' id='word_1_392' title='bbox 701 4109 952 4178; x_wconf 88' lang='lat' dir='ltr'><strong>comperi</strong></span> <span class='ocrx_word' id='word_1_393' title='bbox 983 4124 1082 4180; x_wconf 92' lang='lat' dir='ltr'><strong>per</strong></span> <span class='ocrx_word' id='word_1_394' title='bbox 1109 4111 1301 4166; x_wconf 89' lang='lat' dir='ltr'><strong>omnia</strong></span> <span class='ocrx_word' id='word_1_395' title='bbox 1327 4118 1607 4168; x_wconf 88' lang='lat' dir='ltr'><strong>sanctum.</strong></span> <span class='ocrx_word' id='word_1_396' title='bbox 1640 4113 1744 4168; x_wconf 90' lang='lat' dir='ltr'><strong>Sed</strong></span> <span class='ocrx_word' id='word_1_397' title='bbox 1778 4113 1884 4169; x_wconf 90' lang='lat' dir='ltr'><strong>hoc</strong></span> <span class='ocrx_word' id='word_1_398' title='bbox 1921 4127 2132 4183; x_wconf 86' lang='lat' dir='ltr'><strong>opera-</strong></span> 
     </span>
    </p>
   </div>
   <div class='ocr_carea' id='block_1_59' title="bbox 469 4194 2131 4271">
    <p class='ocr_par' dir='ltr' id='par_1_59' title="bbox 469 4194 2131 4271">
     <span class='ocr_line' id='line_1_59' title="bbox 469 4194 2131 4271; baseline 0.005 -23"><span class='ocrx_word' id='word_1_399' title='bbox 469 4200 566 4249; x_wconf 91' lang='lat' dir='ltr'><strong>tus</strong></span> <span class='ocrx_word' id='word_1_400' title='bbox 591 4200 676 4250; x_wconf 92' lang='lat' dir='ltr'><strong>est</strong></span> <span class='ocrx_word' id='word_1_401' title='bbox 693 4194 793 4250; x_wconf 92' lang='lat' dir='ltr'><strong>ille</strong></span> <span class='ocrx_word' id='word_1_402' title='bbox 817 4195 1028 4254; x_wconf 79' lang='lat' dir='ltr'><strong>artifex</strong></span> <span class='ocrx_word' id='word_1_403' title='bbox 1047 4197 1320 4269; x_wconf 89' lang='lat' dir='ltr'><strong>Spiritus,</strong></span> <span class='ocrx_word' id='word_1_404' title='bbox 1353 4201 1456 4271; x_wconf 90' lang='lat' dir='ltr'><strong>qui</strong></span> <span class='ocrx_word' id='word_1_405' title='bbox 1492 4201 1645 4256; x_wconf 92' lang='lat' dir='ltr'><strong>hunc</strong></span> <span class='ocrx_word' id='word_1_406' title='bbox 1665 4202 1953 4256; x_wconf 89' lang='lat' dir='ltr'><strong>ardentem</strong></span> <span class='ocrx_word' id='word_1_407' title='bbox 1983 4201 2131 4270; x_wconf 90' lang='lat' dir='ltr'><strong>pari-</strong></span> 
     </span>
    </p>
   </div>
   <div class='ocr_carea' id='block_1_60' title="bbox 431 4283 2128 4360">
    <p class='ocr_par' dir='ltr' id='par_1_60' title="bbox 431 4283 2128 4360">
     <span class='ocr_line' id='line_1_60' title="bbox 431 4283 2128 4360; baseline 0.005 -23"><span class='ocrx_word' id='word_1_408' title='bbox 431 4299 438 4308; x_wconf 93' lang='grc'>·</span> <span class='ocrx_word' id='word_1_409' title='bbox 470 4286 557 4338; x_wconf 90' lang='lat' dir='ltr'><strong>ter</strong></span> <span class='ocrx_word' id='word_1_410' title='bbox 579 4287 636 4338; x_wconf 91' lang='lat' dir='ltr'><strong>et</strong></span> <span class='ocrx_word' id='word_1_411' title='bbox 678 4283 1001 4355; x_wconf 88' lang='lat' dir='ltr'><strong>loquentem</strong></span> <span class='ocrx_word' id='word_1_412' title='bbox 1052 4285 1204 4344; x_wconf 88' lang='lat' dir='ltr'><strong>fecit.</strong></span> <span class='ocrx_word' id='word_1_413' title='bbox 1243 4289 1370 4344; x_wconf 89' lang='lat' dir='ltr'><strong>Nisi</strong></span> <span class='ocrx_word' id='word_1_414' title='bbox 1419 4289 1572 4344; x_wconf 90' lang='lat' dir='ltr'><strong>enim</strong></span> <span class='ocrx_word' id='word_1_415' title='bbox 1603 4302 1672 4344; x_wconf 88' lang='lat' dir='ltr'><strong>ex</strong></span> <span class='ocrx_word' id='word_1_416' title='bbox 1715 4289 1899 4360; x_wconf 89' lang='lat' dir='ltr'><strong>gratia</strong></span> <span class='ocrx_word' id='word_1_417' title='bbox 1939 4289 2128 4360; x_wconf 90' lang='lat' dir='ltr'><strong>ipsius</strong></span> 
     </span>
    </p>
   </div>
   <div class='ocr_carea' id='block_1_61' title="bbox 2222 1809 3888 1890">
    <p class='ocr_par' dir='ltr' id='par_1_61' title="bbox 2222 1809 3888 1890">
     <span class='ocr_line' id='line_1_61' title="bbox 2222 1809 3888 1890; baseline -0.004 -18"><span class='ocrx_word' id='word_1_418' title='bbox 2222 1816 2362 1872; x_wconf 90' lang='lat' dir='ltr'><strong>stris</strong></span> <span class='ocrx_word' id='word_1_419' title='bbox 2391 1829 2616 1886; x_wconf 89' lang='lat' dir='ltr'><strong>quoque</strong></span> <span class='ocrx_word' id='word_1_420' title='bbox 2649 1815 2863 1884; x_wconf 90' lang='lat' dir='ltr'><strong>patulis</strong></span> <span class='ocrx_word' id='word_1_421' title='bbox 2895 1811 3016 1890; x_wconf 80' lang='lat' dir='ltr'><strong>[al.,</strong></span> <span class='ocrx_word' id='word_1_422' title='bbox 3051 1812 3302 1888; x_wconf 91' lang='lat' dir='ltr'><strong>patulus]</strong></span> <span class='ocrx_word' id='word_1_423' title='bbox 3347 1814 3688 1870; x_wconf 88' lang='lat' dir='ltr'><strong>redderetur</strong></span> <span class='ocrx_word' id='word_1_424' title='bbox 3717 1809 3888 1882; x_wconf 86' lang='lat' dir='ltr'><strong>perfe-</strong></span> 
     </span>
    </p>
   </div>
   <div class='ocr_carea' id='block_1_62' title="bbox 2223 1895 3888 1973">
    <p class='ocr_par' dir='ltr' id='par_1_62' title="bbox 2223 1895 3888 1973">
     <span class='ocr_line' id='line_1_62' title="bbox 2223 1895 3888 1973; baseline -0.004 -13"><span class='ocrx_word' id='word_1_425' title='bbox 2223 1905 2375 1962; x_wconf 91' lang='lat' dir='ltr'><strong>ctius</strong></span> <span class='ocrx_word' id='word_1_426' title='bbox 2411 1903 2800 1960; x_wconf 89' lang='lat' dir='ltr'><strong>intellectibus</strong></span> <span class='ocrx_word' id='word_1_427' title='bbox 2823 1923 2836 1958; x_wconf 84' lang='lat'>:</span> <span class='ocrx_word' id='word_1_428' title='bbox 2861 1918 2990 1960; x_wconf 91' lang='lat' dir='ltr'><strong>cum</strong></span> <span class='ocrx_word' id='word_1_429' title='bbox 3011 1917 3138 1960; x_wconf 91' lang='lat' dir='ltr'><strong>ecce</strong></span> <span class='ocrx_word' id='word_1_430' title='bbox 3165 1909 3392 1973; x_wconf 90' lang='lat' dir='ltr'><strong>repente</strong></span> <span class='ocrx_word' id='word_1_431' title='bbox 3417 1902 3755 1972; x_wconf 87' lang='lat' dir='ltr'><strong>paratheses</strong></span> <span class='ocrx_word' id='word_1_432' title='bbox 3774 1895 3888 1956; x_wconf 69' lang='lat' dir='ltr'><strong>sive</strong></span> 
     </span>
    </p>
   </div>
   <div class='ocr_carea' id='block_1_63' title="bbox 2225 1989 3889 2063">
    <p class='ocr_par' dir='ltr' id='par_1_63' title="bbox 2225 1989 3889 2063">
     <span class='ocr_line' id='line_1_63' title="bbox 2225 1989 3889 2063; baseline -0.004 -15"><span class='ocrx_word' id='word_1_433' title='bbox 2225 1992 2443 2048; x_wconf 89' lang='lat' dir='ltr'><strong>scholia</strong></span> <span class='ocrx_word' id='word_1_434' title='bbox 2475 1992 2533 2047; x_wconf 92' lang='lat' dir='ltr'><strong>in</strong></span> <span class='ocrx_word' id='word_1_435' title='bbox 2579 2005 2708 2048; x_wconf 89' lang='lat' dir='ltr'><strong>eum</strong></span> <span class='ocrx_word' id='word_1_436' title='bbox 2751 1991 2897 2063; x_wconf 73' lang='lat' dir='ltr'><strong>(qua:</strong></span> <span class='ocrx_word' id='word_1_437' title='bbox 2933 1991 3428 2061; x_wconf 90' lang='lat' dir='ltr'><strong>Constantinopoli</strong></span> <span class='ocrx_word' id='word_1_438' title='bbox 3465 1991 3696 2060; x_wconf 91' lang='lat' dir='ltr'><strong>positus</strong></span> <span class='ocrx_word' id='word_1_439' title='bbox 3726 1989 3889 2044; x_wconf 84' lang='lat' dir='ltr'><strong>vide-</strong></span> 
     </span>
    </p>
   </div>
   <div class='ocr_carea' id='block_1_64' title="bbox 2228 2079 3892 2152">
    <p class='ocr_par' dir='ltr' id='par_1_64' title="bbox 2228 2079 3892 2152">
     <span class='ocr_line' id='line_1_64' title="bbox 2228 2079 3892 2152; baseline -0.003 -16"><span class='ocrx_word' id='word_1_440' title='bbox 2228 2080 2368 2152; x_wconf 85' lang='lat' dir='ltr'><strong>ram)</strong></span> <span class='ocrx_word' id='word_1_441' title='bbox 2393 2081 2462 2135; x_wconf 91' lang='lat' dir='ltr'><strong>ad</strong></span> <span class='ocrx_word' id='word_1_442' title='bbox 2499 2094 2702 2136; x_wconf 91' lang='lat' dir='ltr'><strong>manus</strong></span> <span class='ocrx_word' id='word_1_443' title='bbox 2731 2094 2950 2150; x_wconf 88' lang='lat' dir='ltr'><strong>venere,</strong></span> <span class='ocrx_word' id='word_1_444' title='bbox 2985 2081 3200 2150; x_wconf 88' lang='lat' dir='ltr'><strong>quibus</strong></span> <span class='ocrx_word' id='word_1_445' title='bbox 3219 2087 3285 2136; x_wconf 91' lang='lat' dir='ltr'><strong>ut</strong></span> <span class='ocrx_word' id='word_1_446' title='bbox 3303 2093 3532 2149; x_wconf 89' lang='lat' dir='ltr'><strong>cunque</strong></span> <span class='ocrx_word' id='word_1_447' title='bbox 3556 2079 3892 2148; x_wconf 85' lang='lat' dir='ltr'><strong>interpreta-</strong></span> 
     </span>
    </p>
   </div>
   <div class='ocr_carea' id='block_1_65' title="bbox 2229 2165 3892 2239">
    <p class='ocr_par' dir='ltr' id='par_1_65' title="bbox 2229 2165 3892 2239">
     <span class='ocr_line' id='line_1_65' title="bbox 2229 2165 3892 2239; baseline -0.003 -16"><span class='ocrx_word' id='word_1_448' title='bbox 2229 2169 2332 2238; x_wconf 90' lang='lat' dir='ltr'><strong>tis,</strong></span> <span class='ocrx_word' id='word_1_449' title='bbox 2355 2168 2500 2223; x_wconf 90' lang='lat' dir='ltr'><strong>mihi</strong></span> <span class='ocrx_word' id='word_1_450' title='bbox 2523 2167 2952 2238; x_wconf 88' lang='lat' dir='ltr'><strong>aliquantulum</strong></span> <span class='ocrx_word' id='word_1_451' title='bbox 2979 2167 3161 2239; x_wconf 88' lang='lat' dir='ltr'><strong>magis</strong></span> <span class='ocrx_word' id='word_1_452' title='bbox 3180 2167 3442 2237; x_wconf 88' lang='lat' dir='ltr'><strong>emicuit,</strong></span> <span class='ocrx_word' id='word_1_453' title='bbox 3471 2180 3598 2238; x_wconf 68' lang='lat' dir='ltr'><strong>qua:</strong></span> <span class='ocrx_word' id='word_1_454' title='bbox 3623 2165 3892 2221; x_wconf 88' lang='lat' dir='ltr'><strong>videlicet</strong></span> 
     </span>
    </p>
   </div>
   <div class='ocr_carea' id='block_1_66' title="bbox 2228 2255 3892 2328">
    <p class='ocr_par' dir='ltr' id='par_1_66' title="bbox 2228 2255 3892 2328">
     <span class='ocr_line' id='line_1_66' title="bbox 2228 2255 3892 2328; baseline -0.003 -16"><span class='ocrx_word' id='word_1_455' title='bbox 2228 2258 2286 2312; x_wconf 91' lang='lat' dir='ltr'><strong>in</strong></span> <span class='ocrx_word' id='word_1_456' title='bbox 2319 2256 2676 2328; x_wconf 87' lang='lat' dir='ltr'><strong>marginibus</strong></span> <span class='ocrx_word' id='word_1_457' title='bbox 2698 2256 3057 2326; x_wconf 88' lang='lat' dir='ltr'><strong>interpretati</strong></span> <span class='ocrx_word' id='word_1_458' title='bbox 3089 2257 3310 2312; x_wconf 82' lang='lat' dir='ltr'><strong>codicis</strong></span> <span class='ocrx_word' id='word_1_459' title='bbox 3334 2257 3481 2326; x_wconf 90' lang='lat' dir='ltr'><strong>ejus,</strong></span> <span class='ocrx_word' id='word_1_460' title='bbox 3508 2261 3574 2312; x_wconf 89' lang='lat' dir='ltr'><strong>ut</strong></span> <span class='ocrx_word' id='word_1_461' title='bbox 3603 2255 3667 2310; x_wconf 87' lang='lat' dir='ltr'><strong>in</strong></span> <span class='ocrx_word' id='word_1_462' title='bbox 3696 2255 3892 2310; x_wconf 63' lang='lat' dir='ltr'><strong>Graeco</strong></span> 
     </span>
    </p>
   </div>
   <div class='ocr_carea' id='block_1_67' title="bbox 2227 2343 3892 2415">
    <p class='ocr_par' dir='ltr' id='par_1_67' title="bbox 2227 2343 3892 2415">
     <span class='ocr_line' id='line_1_67' title="bbox 2227 2343 3892 2415; baseline -0.001 -14"><span class='ocrx_word' id='word_1_463' title='bbox 2227 2347 2434 2415; x_wconf 90' lang='lat' dir='ltr'><strong>reperi,</strong></span> <span class='ocrx_word' id='word_1_464' title='bbox 2480 2360 2607 2400; x_wconf 84' lang='lat' dir='ltr'><strong>mox</strong></span> <span class='ocrx_word' id='word_1_465' title='bbox 2666 2345 3037 2414; x_wconf 87' lang='lat' dir='ltr'><strong>interpretata</strong></span> <span class='ocrx_word' id='word_1_466' title='bbox 3081 2351 3376 2414; x_wconf 86' lang='lat' dir='ltr'><strong>utcunque</strong></span> <span class='ocrx_word' id='word_1_467' title='bbox 3415 2343 3616 2413; x_wconf 88' lang='lat' dir='ltr'><strong>(donec</strong></span> <span class='ocrx_word' id='word_1_468' title='bbox 3653 2357 3688 2399; x_wconf 92' lang='lat' dir='ltr'><strong>a</strong></span> <span class='ocrx_word' id='word_1_469' title='bbox 3733 2343 3892 2399; x_wconf 88' lang='lat' dir='ltr'><strong>docto</strong></span> 
     </span>
    </p>
   </div>
   <div class='ocr_carea' id='block_1_68' title="bbox 2229 2432 3893 2506">
    <p class='ocr_par' dir='ltr' id='par_1_68' title="bbox 2229 2432 3893 2506">
     <span class='ocr_line' id='line_1_68' title="bbox 2229 2432 3893 2506; baseline -0.002 -17"><span class='ocrx_word' id='word_1_470' title='bbox 2229 2434 2438 2489; x_wconf 90' lang='lat' dir='ltr'><strong>melius</strong></span> <span class='ocrx_word' id='word_1_471' title='bbox 2466 2433 2998 2506; x_wconf 90' lang='lat' dir='ltr'><strong>interpretarentur)</strong></span> <span class='ocrx_word' id='word_1_472' title='bbox 3019 2433 3501 2503; x_wconf 87' lang='lat' dir='ltr'><strong>respondentibus</strong></span> <span class='ocrx_word' id='word_1_473' title='bbox 3515 2432 3711 2504; x_wconf 84' lang='lat' dir='ltr'><strong>signis</strong></span> <span class='ocrx_word' id='word_1_474' title='bbox 3731 2433 3893 2487; x_wconf 76' lang='lat' dir='ltr'><strong>inter-</strong></span> 
     </span>
    </p>
   </div>
   <div class='ocr_carea' id='block_1_69' title="bbox 2233 2520 3892 2593">
    <p class='ocr_par' dir='ltr' id='par_1_69' title="bbox 2233 2520 3892 2593">
     <span class='ocr_line' id='line_1_69' title="bbox 2233 2520 3892 2593; baseline -0.002 -16"><span class='ocrx_word' id='word_1_475' title='bbox 2233 2536 2362 2592; x_wconf 89' lang='lat' dir='ltr'><strong>pres</strong></span> <span class='ocrx_word' id='word_1_476' title='bbox 2387 2536 2488 2593; x_wconf 90' lang='lat' dir='ltr'><strong>ego</strong></span> <span class='ocrx_word' id='word_1_477' title='bbox 2505 2521 2648 2576; x_wconf 87' lang='lat' dir='ltr'><strong>satis</strong></span> <span class='ocrx_word' id='word_1_478' title='bbox 2675 2521 2978 2590; x_wconf 90' lang='lat' dir='ltr'><strong>imperitus</strong></span> <span class='ocrx_word' id='word_1_479' title='bbox 2993 2521 3259 2593; x_wconf 89' lang='lat' dir='ltr'><strong>apposui,</strong></span> <span class='ocrx_word' id='word_1_480' title='bbox 3283 2528 3597 2590; x_wconf 60' lang='lat' dir='ltr'><strong>vestraeque</strong></span> <span class='ocrx_word' id='word_1_481' title='bbox 3623 2520 3892 2591; x_wconf 66' lang='lat' dir='ltr'><strong>gloriosa:</strong></span> 
     </span>
    </p>
   </div>
   <div class='ocr_carea' id='block_1_70' title="bbox 2231 2609 3895 2680">
    <p class='ocr_par' dir='ltr' id='par_1_70' title="bbox 2231 2609 3895 2680">
     <span class='ocr_line' id='line_1_70' title="bbox 2231 2609 3895 2680; baseline 0 -16"><span class='ocrx_word' id='word_1_482' title='bbox 2231 2609 2528 2680; x_wconf 73' lang='lat' dir='ltr'><strong>sapientia:</strong></span> <span class='ocrx_word' id='word_1_483' title='bbox 2573 2609 2938 2680; x_wconf 89' lang='lat' dir='ltr'><strong>potissimum</strong></span> <span class='ocrx_word' id='word_1_484' title='bbox 2983 2609 3102 2665; x_wconf 90' lang='lat' dir='ltr'><strong>fore</strong></span> <span class='ocrx_word' id='word_1_485' title='bbox 3147 2610 3425 2665; x_wconf 89' lang='lat' dir='ltr'><strong>mittenda</strong></span> <span class='ocrx_word' id='word_1_486' title='bbox 3449 2623 3563 2664; x_wconf 91' lang='lat' dir='ltr'><strong>non</strong></span> <span class='ocrx_word' id='word_1_487' title='bbox 3601 2609 3895 2664; x_wconf 87' lang='lat' dir='ltr'><strong>immerito</strong></span> 
     </span>
    </p>
   </div>
   <div class='ocr_carea' id='block_1_71' title="bbox 2225 2695 3899 2769">
    <p class='ocr_par' dir='ltr' id='par_1_71' title="bbox 2225 2695 3899 2769">
     <span class='ocr_line' id='line_1_71' title="bbox 2225 2695 3899 2769; baseline -0.002 -16"><span class='ocrx_word' id='word_1_488' title='bbox 2225 2698 2481 2768; x_wconf 90' lang='lat' dir='ltr'><strong>judicavi</strong></span> <span class='ocrx_word' id='word_1_489' title='bbox 2511 2715 2526 2767; x_wconf 90' lang='lat'><strong>;</strong></span> <span class='ocrx_word' id='word_1_490' title='bbox 2552 2703 2616 2753; x_wconf 92' lang='lat' dir='ltr'><strong>ut</strong></span> <span class='ocrx_word' id='word_1_491' title='bbox 2641 2698 2884 2769; x_wconf 88' lang='lat' dir='ltr'><strong>scilicet,</strong></span> <span class='ocrx_word' id='word_1_492' title='bbox 2909 2713 3036 2768; x_wconf 69' lang='lat' dir='ltr'><strong>qute</strong></span> <span class='ocrx_word' id='word_1_493' title='bbox 3064 2695 3180 2753; x_wconf 87' lang='lat' dir='ltr'><strong>fuit</strong></span> <span class='ocrx_word' id='word_1_494' title='bbox 3203 2697 3450 2753; x_wconf 89' lang='lat' dir='ltr'><strong>alterius</strong></span> <span class='ocrx_word' id='word_1_495' title='bbox 3471 2697 3899 2766; x_wconf 82' lang='lat' dir='ltr'><strong>interpretatio-</strong></span> 
     </span>
    </p>
   </div>
   <div class='ocr_carea' id='block_1_72' title="bbox 2233 2784 3900 2857">
    <p class='ocr_par' dir='ltr' id='par_1_72' title="bbox 2233 2784 3900 2857">
     <span class='ocr_line' id='line_1_72' title="bbox 2233 2784 3900 2857; baseline -0.001 -15"><span class='ocrx_word' id='word_1_496' title='bbox 2233 2787 2324 2842; x_wconf 89' lang='lat' dir='ltr'><strong>nis</strong></span> <span class='ocrx_word' id='word_1_497' title='bbox 2354 2787 2639 2842; x_wconf 84' lang='lat' dir='ltr'><strong>hortatrix</strong></span> <span class='ocrx_word' id='word_1_498' title='bbox 2667 2791 2722 2842; x_wconf 90' lang='lat' dir='ltr'><strong>et</strong></span> <span class='ocrx_word' id='word_1_499' title='bbox 2751 2787 3114 2856; x_wconf 86' lang='lat' dir='ltr'><strong>auxiliatrix,</strong></span> <span class='ocrx_word' id='word_1_500' title='bbox 3145 2787 3224 2842; x_wconf 87' lang='lat' dir='ltr'><strong>sit</strong></span> <span class='ocrx_word' id='word_1_501' title='bbox 3244 2787 3424 2842; x_wconf 90' lang='lat' dir='ltr'><strong>etiam</strong></span> <span class='ocrx_word' id='word_1_502' title='bbox 3452 2793 3663 2842; x_wconf 69' lang='lat' dir='ltr'><strong>nostrae</strong></span> <span class='ocrx_word' id='word_1_503' title='bbox 3679 2784 3900 2857; x_wconf 76' lang='lat' dir='ltr'><strong>qualis—</strong></span> 
     </span>
    </p>
   </div>
   <div class='ocr_carea' id='block_1_73' title="bbox 2232 2874 3896 2946">
    <p class='ocr_par' dir='ltr' id='par_1_73' title="bbox 2232 2874 3896 2946">
     <span class='ocr_line' id='line_1_73' title="bbox 2232 2874 3896 2946; baseline -0.002 -16"><span class='ocrx_word' id='word_1_504' title='bbox 2232 2889 2458 2946; x_wconf 87' lang='lat' dir='ltr'><strong>cunque</strong></span> <span class='ocrx_word' id='word_1_505' title='bbox 2505 2875 2828 2945; x_wconf 89' lang='lat' dir='ltr'><strong>susceptrix</strong></span> <span class='ocrx_word' id='word_1_506' title='bbox 2877 2881 2932 2930; x_wconf 91' lang='lat' dir='ltr'><strong>et</strong></span> <span class='ocrx_word' id='word_1_507' title='bbox 2960 2874 3351 2945; x_wconf 87' lang='lat' dir='ltr'><strong>approbatrix.</strong></span> <span class='ocrx_word' id='word_1_508' title='bbox 3401 2876 3657 2944; x_wconf 82' lang='lat' dir='ltr'><strong>Ipsorum</strong></span> <span class='ocrx_word' id='word_1_509' title='bbox 3702 2879 3896 2930; x_wconf 71' lang='lat' dir='ltr'><strong>autem</strong></span> 
     </span>
    </p>
   </div>
   <div class='ocr_carea' id='block_1_74' title="bbox 2234 2962 3899 3034">
    <p class='ocr_par' dir='ltr' id='par_1_74' title="bbox 2234 2962 3899 3034">
     <span class='ocr_line' id='line_1_74' title="bbox 2234 2962 3899 3034; baseline -0.002 -14"><span class='ocrx_word' id='word_1_510' title='bbox 2234 2964 2588 3020; x_wconf 89' lang='lat' dir='ltr'><strong>scholiorum</strong></span> <span class='ocrx_word' id='word_1_511' title='bbox 2609 2965 2728 3019; x_wconf 89' lang='lat' dir='ltr'><strong>sive</strong></span> <span class='ocrx_word' id='word_1_512' title='bbox 2755 2964 3126 3033; x_wconf 89' lang='lat' dir='ltr'><strong>paratheseon</strong></span> <span class='ocrx_word' id='word_1_513' title='bbox 3145 2976 3500 3034; x_wconf 65' lang='lat' dir='ltr'><strong>quiscunque</strong></span> <span class='ocrx_word' id='word_1_514' title='bbox 3523 2963 3582 3018; x_wconf 92' lang='lat' dir='ltr'><strong>in</strong></span> <span class='ocrx_word' id='word_1_515' title='bbox 3610 2962 3784 3018; x_wconf 72' lang='lat' dir='ltr'><strong>calce</strong></span> <span class='ocrx_word' id='word_1_516' title='bbox 3803 2976 3899 3018; x_wconf 85' lang='lat' dir='ltr'><strong>suo</strong></span> 
     </span>
    </p>
   </div>
   <div class='ocr_carea' id='block_1_75' title="bbox 2235 3051 3900 3124">
    <p class='ocr_par' dir='ltr' id='par_1_75' title="bbox 2235 3051 3900 3124">
     <span class='ocr_line' id='line_1_75' title="bbox 2235 3051 3900 3124; baseline -0.001 -16"><span class='ocrx_word' id='word_1_517' title='bbox 2235 3053 2464 3124; x_wconf 86' lang='lat' dir='ltr'><strong>signum</strong></span> <span class='ocrx_word' id='word_1_518' title='bbox 2496 3053 2736 3108; x_wconf 69' lang='lat' dir='ltr'><strong>viviﬁca:</strong></span> <span class='ocrx_word' id='word_1_519' title='bbox 2759 3051 2954 3108; x_wconf 82' lang='lat' dir='ltr'><strong>crucis</strong></span> <span class='ocrx_word' id='word_1_520' title='bbox 2978 3051 3188 3107; x_wconf 90' lang='lat' dir='ltr'><strong>habent</strong></span> <span class='ocrx_word' id='word_1_521' title='bbox 3215 3065 3247 3106; x_wconf 92' lang='lat' dir='ltr'><strong>a</strong></span> <span class='ocrx_word' id='word_1_522' title='bbox 3276 3051 3442 3107; x_wconf 91' lang='lat' dir='ltr'><strong>beato</strong></span> <span class='ocrx_word' id='word_1_523' title='bbox 3465 3051 3732 3107; x_wconf 83' lang='lat' dir='ltr'><strong>Maximo</strong></span> <span class='ocrx_word' id='word_1_524' title='bbox 3764 3065 3900 3108; x_wconf 88' lang='lat' dir='ltr'><strong>con-</strong></span> 
     </span>
    </p>
   </div>
   <div class='ocr_carea' id='block_1_76' title="bbox 2237 3139 3892 3210">
    <p class='ocr_par' dir='ltr' id='par_1_76' title="bbox 2237 3139 3892 3210">
     <span class='ocr_line' id='line_1_76' title="bbox 2237 3139 3892 3210; baseline -0.003 -14"><span class='ocrx_word' id='word_1_525' title='bbox 2237 3139 2450 3198; x_wconf 88' lang='lat' dir='ltr'><strong>fessore</strong></span> <span class='ocrx_word' id='word_1_526' title='bbox 2474 3146 2532 3196; x_wconf 89' lang='lat' dir='ltr'><strong>et</strong></span> <span class='ocrx_word' id='word_1_527' title='bbox 2579 3139 2854 3196; x_wconf 88' lang='lat' dir='ltr'><strong>monacho</strong></span> <span class='ocrx_word' id='word_1_528' title='bbox 2885 3140 3113 3196; x_wconf 78' lang='lat' dir='ltr'><strong>inventa</strong></span> <span class='ocrx_word' id='word_1_529' title='bbox 3146 3145 3491 3210; x_wconf 84' lang='lat' dir='ltr'><strong>narrantur;</strong></span> <span class='ocrx_word' id='word_1_530' title='bbox 3521 3145 3740 3196; x_wconf 70' lang='lat' dir='ltr'><strong>caetera</strong></span> <span class='ocrx_word' id='word_1_531' title='bbox 3771 3153 3892 3196; x_wconf 83' lang='lat' dir='ltr'><strong>vero</strong></span> 
     </span>
    </p>
   </div>
   <div class='ocr_carea' id='block_1_77' title="bbox 2235 3226 3892 3299">
    <p class='ocr_par' dir='ltr' id='par_1_77' title="bbox 2235 3226 3892 3299">
     <span class='ocr_line' id='line_1_77' title="bbox 2235 3226 3892 3299; baseline -0.001 -14"><span class='ocrx_word' id='word_1_532' title='bbox 2235 3227 2418 3285; x_wconf 86' lang='lat' dir='ltr'><strong>sancti</strong></span> <span class='ocrx_word' id='word_1_533' title='bbox 2438 3226 2676 3283; x_wconf 85' lang='lat' dir='ltr'><strong>Joannis</strong></span> <span class='ocrx_word' id='word_1_534' title='bbox 2693 3227 3145 3298; x_wconf 84' lang='lat' dir='ltr'><strong>ScythOpolitani</strong></span> <span class='ocrx_word' id='word_1_535' title='bbox 3167 3229 3420 3299; x_wconf 90' lang='lat' dir='ltr'><strong>episcopi</strong></span> <span class='ocrx_word' id='word_1_536' title='bbox 3445 3242 3570 3285; x_wconf 89' lang='lat' dir='ltr'><strong>esse</strong></span> <span class='ocrx_word' id='word_1_537' title='bbox 3599 3227 3892 3298; x_wconf 85' lang='lat' dir='ltr'><strong>feruntur,</strong></span> 
     </span>
    </p>
   </div>
   <div class='ocr_carea' id='block_1_78' title="bbox 2233 3315 3893 3388">
    <p class='ocr_par' dir='ltr' id='par_1_78' title="bbox 2233 3315 3893 3388">
     <span class='ocr_line' id='line_1_78' title="bbox 2233 3315 3893 3388; baseline -0.001 -15"><span class='ocrx_word' id='word_1_538' title='bbox 2233 3318 2380 3374; x_wconf 92' lang='lat' dir='ltr'><strong>Sane</strong></span> <span class='ocrx_word' id='word_1_539' title='bbox 2412 3315 2511 3372; x_wconf 88' lang='lat' dir='ltr'><strong>ubi</strong></span> <span class='ocrx_word' id='word_1_540' title='bbox 2539 3329 2571 3370; x_wconf 92' lang='lat' dir='ltr'><strong>a</strong></span> <span class='ocrx_word' id='word_1_541' title='bbox 2600 3315 2790 3371; x_wconf 90' lang='lat' dir='ltr'><strong>verbis</strong></span> <span class='ocrx_word' id='word_1_542' title='bbox 2822 3316 3154 3386; x_wconf 89' lang='lat' dir='ltr'><strong>interpretis</strong></span> <span class='ocrx_word' id='word_1_543' title='bbox 3175 3317 3394 3374; x_wconf 91' lang='lat' dir='ltr'><strong>scholia</strong></span> <span class='ocrx_word' id='word_1_544' title='bbox 3429 3318 3551 3388; x_wconf 89' lang='lat' dir='ltr'><strong>ipsa</strong></span> <span class='ocrx_word' id='word_1_545' title='bbox 3576 3317 3893 3374; x_wconf 80' lang='lat' dir='ltr'><strong>dissentire</strong></span> 
     </span>
    </p>
   </div>
   <div class='ocr_carea' id='block_1_79' title="bbox 2231 3403 3898 3476">
    <p class='ocr_par' dir='ltr' id='par_1_79' title="bbox 2231 3403 3898 3476">
     <span class='ocr_line' id='line_1_79' title="bbox 2231 3403 3898 3476; baseline 0 -16"><span class='ocrx_word' id='word_1_546' title='bbox 2231 3405 2376 3476; x_wconf 92' lang='lat' dir='ltr'><strong>vidi,</strong></span> <span class='ocrx_word' id='word_1_547' title='bbox 2412 3409 2475 3460; x_wconf 90' lang='lat' dir='ltr'><strong>ut</strong></span> <span class='ocrx_word' id='word_1_548' title='bbox 2500 3403 2678 3460; x_wconf 85' lang='lat' dir='ltr'><strong>lector</strong></span> <span class='ocrx_word' id='word_1_549' title='bbox 2707 3404 2846 3474; x_wconf 92' lang='lat' dir='ltr'><strong>quid</strong></span> <span class='ocrx_word' id='word_1_550' title='bbox 2897 3403 2968 3460; x_wconf 92' lang='lat' dir='ltr'><strong>de</strong></span> <span class='ocrx_word' id='word_1_551' title='bbox 3004 3405 3268 3476; x_wconf 89' lang='lat' dir='ltr'><strong>apposita</strong></span> <span class='ocrx_word' id='word_1_552' title='bbox 3301 3405 3560 3462; x_wconf 91' lang='lat' dir='ltr'><strong>dictione</strong></span> <span class='ocrx_word' id='word_1_553' title='bbox 3608 3405 3898 3476; x_wconf 83' lang='lat' dir='ltr'><strong>interpres</strong></span> 
     </span>
    </p>
   </div>
   <div class='ocr_carea' id='block_1_80' title="bbox 2239 3491 3894 3565">
    <p class='ocr_par' dir='ltr' id='par_1_80' title="bbox 2239 3491 3894 3565">
     <span class='ocr_line' id='line_1_80' title="bbox 2239 3491 3894 3565; baseline -0.001 -16"><span class='ocrx_word' id='word_1_554' title='bbox 2239 3492 2504 3564; x_wconf 90' lang='lat' dir='ltr'><strong>senserit,</strong></span> <span class='ocrx_word' id='word_1_555' title='bbox 2517 3491 2657 3562; x_wconf 91' lang='lat' dir='ltr'><strong>quid</strong></span> <span class='ocrx_word' id='word_1_556' title='bbox 2671 3491 2934 3548; x_wconf 90' lang='lat' dir='ltr'><strong>scholion</strong></span> <span class='ocrx_word' id='word_1_557' title='bbox 2951 3493 3208 3549; x_wconf 90' lang='lat' dir='ltr'><strong>insinuet</strong></span> <span class='ocrx_word' id='word_1_558' title='bbox 3219 3493 3590 3550; x_wconf 83' lang='lat' dir='ltr'><strong>indifﬁculter</strong></span> <span class='ocrx_word' id='word_1_559' title='bbox 3600 3498 3894 3565; x_wconf 65' lang='lat' dir='ltr'><strong>agnoscat,</strong></span> 
     </span>
    </p>
   </div>
   <div class='ocr_carea' id='block_1_81' title="bbox 2234 3580 3898 3654">
    <p class='ocr_par' dir='ltr' id='par_1_81' title="bbox 2234 3580 3898 3654">
     <span class='ocr_line' id='line_1_81' title="bbox 2234 3580 3898 3654; baseline 0 -16"><span class='ocrx_word' id='word_1_560' title='bbox 2234 3589 2292 3638; x_wconf 91' lang='lat' dir='ltr'><strong>et</strong></span> <span class='ocrx_word' id='word_1_561' title='bbox 2319 3580 2486 3637; x_wconf 90' lang='lat' dir='ltr'><strong>verba</strong></span> <span class='ocrx_word' id='word_1_562' title='bbox 2539 3581 2870 3650; x_wconf 90' lang='lat' dir='ltr'><strong>interpretis</strong></span> <span class='ocrx_word' id='word_1_563' title='bbox 2915 3581 3138 3638; x_wconf 90' lang='lat' dir='ltr'><strong>scholio</strong></span> <span class='ocrx_word' id='word_1_564' title='bbox 3182 3583 3381 3654; x_wconf 90' lang='lat' dir='ltr'><strong>inseri,</strong></span> <span class='ocrx_word' id='word_1_565' title='bbox 3425 3587 3482 3638; x_wconf 93' lang='lat' dir='ltr'><strong>et</strong></span> <span class='ocrx_word' id='word_1_566' title='bbox 3525 3583 3791 3654; x_wconf 84' lang='lat' dir='ltr'><strong>qualiter</strong></span> <span class='ocrx_word' id='word_1_567' title='bbox 3839 3596 3898 3638; x_wconf 84' lang='lat' dir='ltr'><strong>ea</strong></span> 
     </span>
    </p>
   </div>
   <div class='ocr_carea' id='block_1_82' title="bbox 2239 3669 3424 3742">
    <p class='ocr_par' dir='ltr' id='par_1_82' title="bbox 2239 3669 3424 3742">
     <span class='ocr_line' id='line_1_82' title="bbox 2239 3669 3424 3742; baseline 0 -16"><span class='ocrx_word' id='word_1_568' title='bbox 2239 3669 2450 3726; x_wconf 89' lang='lat' dir='ltr'><strong>scholii</strong></span> <span class='ocrx_word' id='word_1_569' title='bbox 2478 3670 2828 3738; x_wconf 87' lang='lat' dir='ltr'><strong>compositor</strong></span> <span class='ocrx_word' id='word_1_570' title='bbox 2869 3670 3207 3742; x_wconf 65' lang='lat' dir='ltr'><strong>praetulerit,</strong></span> <span class='ocrx_word' id='word_1_571' title='bbox 3238 3672 3424 3728; x_wconf 91' lang='lat' dir='ltr'><strong>innui.</strong></span> 
     </span>
    </p>
   </div>
   <div class='ocr_carea' id='block_1_83' title="bbox 2311 3757 3897 3830">
    <p class='ocr_par' dir='ltr' id='par_1_83' title="bbox 2311 3757 3897 3830">
     <span class='ocr_line' id='line_1_83' title="bbox 2311 3757 3897 3830; baseline 0 -16"><span class='ocrx_word' id='word_1_572' title='bbox 2311 3759 2416 3814; x_wconf 91' lang='lat' dir='ltr'><strong>Sed</strong></span> <span class='ocrx_word' id='word_1_573' title='bbox 2446 3763 2522 3830; x_wconf 89' lang='lat' dir='ltr'><strong>et,</strong></span> <span class='ocrx_word' id='word_1_574' title='bbox 2576 3757 2766 3814; x_wconf 90' lang='lat' dir='ltr'><strong>sicubi</strong></span> <span class='ocrx_word' id='word_1_575' title='bbox 2797 3765 3185 3828; x_wconf 91' lang='lat' dir='ltr'><strong>opportunum</strong></span> <span class='ocrx_word' id='word_1_576' title='bbox 3239 3757 3360 3816; x_wconf 84' lang='lat' dir='ltr'><strong>fore</strong></span> <span class='ocrx_word' id='word_1_577' title='bbox 3386 3761 3694 3830; x_wconf 78' lang='lat' dir='ltr'><strong>conspexi,</strong></span> <span class='ocrx_word' id='word_1_578' title='bbox 3723 3775 3794 3816; x_wconf 82' lang='lat' dir='ltr'><strong>ex</strong></span> <span class='ocrx_word' id='word_1_579' title='bbox 3821 3773 3897 3814; x_wconf 90' lang='lat' dir='ltr'><strong>me</strong></span> 
     </span>
    </p>
   </div>
   <div class='ocr_carea' id='block_1_84' title="bbox 2242 3844 3898 3920">
    <p class='ocr_par' dir='ltr' id='par_1_84' title="bbox 2242 3844 3898 3920">
     <span class='ocr_line' id='line_1_84' title="bbox 2242 3844 3898 3920; baseline -0.001 -17"><span class='ocrx_word' id='word_1_580' title='bbox 2242 3860 2470 3918; x_wconf 90' lang='lat' dir='ltr'><strong>quoque</strong></span> <span class='ocrx_word' id='word_1_581' title='bbox 2493 3844 2784 3918; x_wconf 87' lang='lat' dir='ltr'><strong>(quoniam</strong></span> <span class='ocrx_word' id='word_1_582' title='bbox 2819 3860 2942 3902; x_wconf 88' lang='lat' dir='ltr'><strong>esse</strong></span> <span class='ocrx_word' id='word_1_583' title='bbox 2966 3847 3138 3902; x_wconf 89' lang='lat' dir='ltr'><strong>aliter</strong></span> <span class='ocrx_word' id='word_1_584' title='bbox 3161 3861 3273 3904; x_wconf 92' lang='lat' dir='ltr'><strong>non</strong></span> <span class='ocrx_word' id='word_1_585' title='bbox 3307 3848 3512 3920; x_wconf 89' lang='lat' dir='ltr'><strong>potuit)</strong></span> <span class='ocrx_word' id='word_1_586' title='bbox 3541 3849 3898 3918; x_wconf 86' lang='lat' dir='ltr'><strong>paucissima</strong></span> 
     </span>
    </p>
   </div>
   <div class='ocr_carea' id='block_1_85' title="bbox 2243 3932 3899 4009">
    <p class='ocr_par' dir='ltr' id='par_1_85' title="bbox 2243 3932 3899 4009">
     <span class='ocr_line' id='line_1_85' title="bbox 2243 3932 3899 4009; baseline 0.001 -19"><span class='ocrx_word' id='word_1_587' title='bbox 2243 3935 2520 4005; x_wconf 63' lang='lat' dir='ltr'><strong>quaedam,</strong></span> <span class='ocrx_word' id='word_1_588' title='bbox 2547 3942 2606 3990; x_wconf 90' lang='lat' dir='ltr'><strong>et</strong></span> <span class='ocrx_word' id='word_1_589' title='bbox 2633 3949 2758 4004; x_wconf 67' lang='lat' dir='ltr'><strong>quae</strong></span> <span class='ocrx_word' id='word_1_590' title='bbox 2785 3932 3018 3991; x_wconf 89' lang='lat' dir='ltr'><strong>facilius</strong></span> <span class='ocrx_word' id='word_1_591' title='bbox 3041 3935 3114 3990; x_wconf 88' lang='lat' dir='ltr'><strong>ab</strong></span> <span class='ocrx_word' id='word_1_592' title='bbox 3149 3935 3506 4008; x_wconf 84' lang='lat' dir='ltr'><strong>intelligente</strong></span> <span class='ocrx_word' id='word_1_593' title='bbox 3535 3937 3779 4009; x_wconf 84' lang='lat' dir='ltr'><strong>agnosci</strong></span> <span class='ocrx_word' id='word_1_594' title='bbox 3813 3949 3899 4008; x_wconf 89' lang='lat' dir='ltr'><strong>po-</strong></span> 
     </span>
    </p>
   </div>
   <div class='ocr_carea' id='block_1_86' title="bbox 2241 4023 2814 4093">
    <p class='ocr_par' dir='ltr' id='par_1_86' title="bbox 2241 4023 2814 4093">
     <span class='ocr_line' id='line_1_86' title="bbox 2241 4023 2814 4093; baseline 0 -15"><span class='ocrx_word' id='word_1_595' title='bbox 2241 4027 2447 4093; x_wconf 89' lang='lat' dir='ltr'><strong>terant,</strong></span> <span class='ocrx_word' id='word_1_596' title='bbox 2475 4023 2814 4093; x_wconf 90' lang='lat' dir='ltr'><strong>interposui.</strong></span> 
     </span>
    </p>
   </div>
   <div class='ocr_carea' id='block_1_87' title="bbox 2311 4113 3897 4187">
    <p class='ocr_par' dir='ltr' id='par_1_87' title="bbox 2311 4113 3897 4187">
     <span class='ocr_line' id='line_1_87' title="bbox 2311 4113 3897 4187; baseline 0.002 -22"><span class='ocrx_word' id='word_1_597' title='bbox 2311 4113 2585 4166; x_wconf 64' lang='lat' dir='ltr'><strong>Praaterea</strong></span> <span class='ocrx_word' id='word_1_598' title='bbox 2623 4113 2936 4168; x_wconf 88' lang='lat' dir='ltr'><strong>notandum</strong></span> <span class='ocrx_word' id='word_1_599' title='bbox 2979 4117 3065 4169; x_wconf 89' lang='lat' dir='ltr'><strong>est</strong></span> <span class='ocrx_word' id='word_1_600' title='bbox 3089 4114 3261 4186; x_wconf 87' lang='lat' dir='ltr'><strong>quod,</strong></span> <span class='ocrx_word' id='word_1_601' title='bbox 3312 4113 3448 4169; x_wconf 92' lang='lat' dir='ltr'><strong>licet</strong></span> <span class='ocrx_word' id='word_1_602' title='bbox 3481 4118 3658 4170; x_wconf 58' lang='lat' dir='ltr'><strong>tanta;</strong></span> <span class='ocrx_word' id='word_1_603' title='bbox 3708 4113 3897 4187; x_wconf 71' lang='lat' dir='ltr'><strong>gloria:</strong></span> 
     </span>
    </p>
   </div>
   <div class='ocr_carea' id='block_1_88' title="bbox 2241 4199 3899 4272">
    <p class='ocr_par' dir='ltr' id='par_1_88' title="bbox 2241 4199 3899 4272">
     <span class='ocr_line' id='line_1_88' title="bbox 2241 4199 3899 4272; baseline 0 -16"><span class='ocrx_word' id='word_1_604' title='bbox 2241 4203 2525 4271; x_wconf 79' lang='lat' dir='ltr'><strong>tantaeque</strong></span> <span class='ocrx_word' id='word_1_605' title='bbox 2553 4199 2810 4254; x_wconf 78' lang='lat' dir='ltr'><strong>scientiae</strong></span> <span class='ocrx_word' id='word_1_606' title='bbox 2839 4199 2955 4256; x_wconf 91' lang='lat' dir='ltr'><strong>sive</strong></span> <span class='ocrx_word' id='word_1_607' title='bbox 2974 4202 3346 4272; x_wconf 87' lang='lat' dir='ltr'><strong>antiquitatis</strong></span> <span class='ocrx_word' id='word_1_608' title='bbox 3373 4202 3481 4258; x_wconf 90' lang='lat' dir='ltr'><strong>iste</strong></span> <span class='ocrx_word' id='word_1_609' title='bbox 3505 4209 3751 4259; x_wconf 85' lang='lat' dir='ltr'><strong>sanctus</strong></span> <span class='ocrx_word' id='word_1_610' title='bbox 3778 4202 3899 4257; x_wconf 91' lang='lat' dir='ltr'><strong>Dio-</strong></span> 
     </span>
    </p>
   </div>
   <div class='ocr_carea' id='block_1_89' title="bbox 2243 4285 3894 4362">
    <p class='ocr_par' dir='ltr' id='par_1_89' title="bbox 2243 4285 3894 4362">
     <span class='ocr_line' id='line_1_89' title="bbox 2243 4285 3894 4362; baseline -0.001 -19"><span class='ocrx_word' id='word_1_611' title='bbox 2243 4288 2450 4358; x_wconf 90' lang='lat' dir='ltr'><strong>nysius</strong></span> <span class='ocrx_word' id='word_1_612' title='bbox 2477 4285 2674 4349; x_wconf 85' lang='lat' dir='ltr'><strong>fuerit,</strong></span> <span class='ocrx_word' id='word_1_613' title='bbox 2701 4302 2994 4359; x_wconf 91' lang='lat' dir='ltr'><strong>nunquam</strong></span> <span class='ocrx_word' id='word_1_614' title='bbox 3027 4293 3213 4346; x_wconf 88' lang='lat' dir='ltr'><strong>tamen</strong></span> <span class='ocrx_word' id='word_1_615' title='bbox 3243 4289 3440 4362; x_wconf 89' lang='lat' dir='ltr'><strong>aliqua</strong></span> <span class='ocrx_word' id='word_1_616' title='bbox 3461 4291 3750 4360; x_wconf 81' lang='lat' dir='ltr'><strong>Opuscula</strong></span> <span class='ocrx_word' id='word_1_617' title='bbox 3773 4302 3894 4346; x_wconf 89' lang='lat' dir='ltr'><strong>eum</strong></span> 
     </span>
    </p>
   </div>
   <div class='ocr_carea' id='block_1_90' title="bbox 472 4364 3900 4450">
    <p class='ocr_par' dir='ltr' id='par_1_90' title="bbox 472 4364 3900 4450">
     <span class='ocr_line' id='line_1_90' title="bbox 472 4364 3900 4450; baseline 0.002 -25"><span class='ocrx_word' id='word_1_618' title='bbox 472 4369 603 4442; x_wconf 87' lang='lat' dir='ltr'><strong>igne</strong></span> <span class='ocrx_word' id='word_1_619' title='bbox 627 4371 930 4430; x_wconf 90' lang='lat' dir='ltr'><strong>charitatis</strong></span> <span class='ocrx_word' id='word_1_620' title='bbox 947 4375 1260 4448; x_wconf 82' lang='lat' dir='ltr'><strong>ﬂagrasset,</strong></span> <span class='ocrx_word' id='word_1_621' title='bbox 1287 4390 1646 4447; x_wconf 87' lang='lat' dir='ltr'><strong>nequaquam</strong></span> <span class='ocrx_word' id='word_1_622' title='bbox 1671 4378 1883 4434; x_wconf 85' lang='lat' dir='ltr'><strong>donum</strong></span> <span class='ocrx_word' id='word_1_623' title='bbox 1907 4379 2128 4450; x_wconf 87' lang='lat' dir='ltr'><strong>linguis</strong></span> <span class='ocrx_word' id='word_1_624' title='bbox 2155 4364 2211 4427; x_wconf 90' lang='lat' dir='ltr'><strong>D</strong></span> <span class='ocrx_word' id='word_1_625' title='bbox 2237 4375 2490 4432; x_wconf 88' lang='lat' dir='ltr'><strong>edidisse</strong></span> <span class='ocrx_word' id='word_1_626' title='bbox 2510 4372 2644 4445; x_wconf 90' lang='lat' dir='ltr'><strong>(nisi</strong></span> <span class='ocrx_word' id='word_1_627' title='bbox 2669 4373 2856 4448; x_wconf 87' lang='lat' dir='ltr'><strong>fallor)</strong></span> <span class='ocrx_word' id='word_1_628' title='bbox 2886 4391 3239 4448; x_wconf 74' lang='lat' dir='ltr'><strong>quaecunque</strong></span> <span class='ocrx_word' id='word_1_629' title='bbox 3263 4377 3720 4434; x_wconf 87' lang='lat' dir='ltr'><strong>orthodoxorum</strong></span> <span class='ocrx_word' id='word_1_630' title='bbox 3750 4376 3900 4432; x_wconf 89' lang='lat' dir='ltr'><strong>scri-</strong></span> 
     </span>
    </p>
   </div>
   <div class='ocr_carea' id='block_1_91' title="bbox 471 4457 2130 4534">
    <p class='ocr_par' dir='ltr' id='par_1_91' title="bbox 471 4457 2130 4534">
     <span class='ocr_line' id='line_1_91' title="bbox 471 4457 2130 4534; baseline 0.005 -19"><span class='ocrx_word' id='word_1_631' title='bbox 471 4457 743 4530; x_wconf 90' lang='lat' dir='ltr'><strong>loquendi</strong></span> <span class='ocrx_word' id='word_1_632' title='bbox 777 4463 978 4532; x_wconf 92' lang='lat' dir='ltr'><strong>procul</strong></span> <span class='ocrx_word' id='word_1_633' title='bbox 1007 4463 1189 4519; x_wconf 90' lang='lat' dir='ltr'><strong>dubio</strong></span> <span class='ocrx_word' id='word_1_634' title='bbox 1232 4465 1600 4534; x_wconf 87' lang='lat' dir='ltr'><strong>suscepisset.</strong></span> <span class='ocrx_word' id='word_1_635' title='bbox 1643 4468 1782 4521; x_wconf 90' lang='lat' dir='ltr'><strong>Nam</strong></span> <span class='ocrx_word' id='word_1_636' title='bbox 1817 4467 1969 4522; x_wconf 90' lang='lat' dir='ltr'><strong>hunc</strong></span> <span class='ocrx_word' id='word_1_637' title='bbox 2000 4480 2130 4522; x_wconf 83' lang='lat' dir='ltr'><strong>ma-</strong></span> 
     </span>
    </p>
   </div>
   <div class='ocr_carea' id='block_1_92' title="bbox 469 4546 2129 4620">
    <p class='ocr_par' dir='ltr' id='par_1_92' title="bbox 469 4546 2129 4620">
     <span class='ocr_line' id='line_1_92' title="bbox 469 4546 2129 4620; baseline 0.006 -19"><span class='ocrx_word' id='word_1_638' title='bbox 469 4546 648 4616; x_wconf 88' lang='lat' dir='ltr'><strong>gistra</strong></span> <span class='ocrx_word' id='word_1_639' title='bbox 668 4549 920 4604; x_wconf 87' lang='lat' dir='ltr'><strong>charitas</strong></span> <span class='ocrx_word' id='word_1_640' title='bbox 935 4550 1154 4620; x_wconf 90' lang='lat' dir='ltr'><strong>docuit,</strong></span> <span class='ocrx_word' id='word_1_641' title='bbox 1174 4551 1324 4620; x_wconf 92' lang='lat' dir='ltr'><strong>quod</strong></span> <span class='ocrx_word' id='word_1_642' title='bbox 1351 4551 1420 4606; x_wconf 90' lang='lat' dir='ltr'><strong>ad</strong></span> <span class='ocrx_word' id='word_1_643' title='bbox 1446 4552 1757 4610; x_wconf 88' lang='lat' dir='ltr'><strong>multorum</strong></span> <span class='ocrx_word' id='word_1_644' title='bbox 1779 4553 2129 4611; x_wconf 89' lang='lat' dir='ltr'><strong>instructio-</strong></span> 
     </span>
    </p>
   </div>
   <div class='ocr_carea' id='block_1_93' title="bbox 472 4635 1446 4708">
    <p class='ocr_par' dir='ltr' id='par_1_93' title="bbox 472 4635 1446 4708">
     <span class='ocr_line' id='line_1_93' title="bbox 472 4635 1446 4708; baseline 0.006 -20"><span class='ocrx_word' id='word_1_645' title='bbox 472 4647 596 4689; x_wconf 90' lang='lat' dir='ltr'><strong>nem</strong></span> <span class='ocrx_word' id='word_1_646' title='bbox 626 4641 682 4690; x_wconf 91' lang='lat' dir='ltr'><strong>et</strong></span> <span class='ocrx_word' id='word_1_647' title='bbox 705 4635 1138 4694; x_wconf 69' lang='lat' dir='ltr'><strong>aedificationem</strong></span> <span class='ocrx_word' id='word_1_648' title='bbox 1183 4639 1446 4708; x_wconf 89' lang='lat' dir='ltr'><strong>patravit.</strong></span> 
     </span>
    </p>
   </div>
   <div class='ocr_carea' id='block_1_94' title="bbox 541 4723 2120 4802">
    <p class='ocr_par' dir='ltr' id='par_1_94' title="bbox 541 4723 2120 4802">
     <span class='ocr_line' id='line_1_94' title="bbox 541 4723 2120 4802; baseline 0.008 -26"><span class='ocrx_word' id='word_1_649' title='bbox 541 4723 748 4777; x_wconf 84' lang='lat' dir='ltr'><strong>Verum</strong></span> <span class='ocrx_word' id='word_1_650' title='bbox 777 4729 834 4778; x_wconf 90' lang='lat' dir='ltr'><strong>et</strong></span> <span class='ocrx_word' id='word_1_651' title='bbox 875 4724 924 4779; x_wconf 91' lang='lat' dir='ltr'><strong>si</strong></span> <span class='ocrx_word' id='word_1_652' title='bbox 961 4725 1030 4780; x_wconf 91' lang='lat' dir='ltr'><strong>ad</strong></span> <span class='ocrx_word' id='word_1_653' title='bbox 1077 4738 1400 4782; x_wconf 88' lang='lat' dir='ltr'><strong>mensuram</strong></span> <span class='ocrx_word' id='word_1_654' title='bbox 1441 4727 1612 4786; x_wconf 90' lang='lat' dir='ltr'><strong>datus</strong></span> <span class='ocrx_word' id='word_1_655' title='bbox 1650 4736 1738 4786; x_wconf 91' lang='lat' dir='ltr'><strong>est</strong></span> <span class='ocrx_word' id='word_1_656' title='bbox 1763 4731 1816 4786; x_wconf 91' lang='lat' dir='ltr'><strong>ei</strong></span> <span class='ocrx_word' id='word_1_657' title='bbox 1846 4731 2120 4802; x_wconf 88' lang='lat' dir='ltr'><strong>Spiritus,</strong></span> 
     </span>
    </p>
   </div>
   <div class='ocr_carea' id='block_1_95' title="bbox 475 4808 2122 4890">
    <p class='ocr_par' dir='ltr' id='par_1_95' title="bbox 475 4808 2122 4890">
     <span class='ocr_line' id='line_1_95' title="bbox 475 4808 2122 4890; baseline 0.009 -27"><span class='ocrx_word' id='word_1_658' title='bbox 475 4808 597 4878; x_wconf 89' lang='lat' dir='ltr'><strong>ipse</strong></span> <span class='ocrx_word' id='word_1_659' title='bbox 644 4813 851 4880; x_wconf 89' lang='lat' dir='ltr'><strong>tamen,</strong></span> <span class='ocrx_word' id='word_1_660' title='bbox 899 4813 1152 4880; x_wconf 90' lang='lat' dir='ltr'><strong>paternis</strong></span> <span class='ocrx_word' id='word_1_661' title='bbox 1193 4815 1476 4872; x_wconf 89' lang='lat' dir='ltr'><strong>doctrinis</strong></span> <span class='ocrx_word' id='word_1_662' title='bbox 1517 4817 1795 4889; x_wconf 90' lang='lat' dir='ltr'><strong>imbutus,</strong></span> <span class='ocrx_word' id='word_1_663' title='bbox 1844 4825 2122 4890; x_wconf 89' lang='lat' dir='ltr'><strong>quantum</strong></span> 
     </span>
    </p>
   </div>
   <div class='ocr_carea' id='block_1_96' title="bbox 475 4895 2125 4973">
    <p class='ocr_par' dir='ltr' id='par_1_96' title="bbox 475 4895 2125 4973">
     <span class='ocr_line' id='line_1_96' title="bbox 475 4895 2125 4973; baseline 0.008 -21"><span class='ocrx_word' id='word_1_664' title='bbox 475 4896 664 4964; x_wconf 89' lang='lat' dir='ltr'><strong>potuit</strong></span> <span class='ocrx_word' id='word_1_665' title='bbox 693 4895 848 4968; x_wconf 89' lang='lat' dir='ltr'><strong>fecit,</strong></span> <span class='ocrx_word' id='word_1_666' title='bbox 894 4905 951 4955; x_wconf 91' lang='lat' dir='ltr'><strong>et</strong></span> <span class='ocrx_word' id='word_1_667' title='bbox 973 4901 1238 4970; x_wconf 89' lang='lat' dir='ltr'><strong>prodesse</strong></span> <span class='ocrx_word' id='word_1_668' title='bbox 1284 4904 1566 4973; x_wconf 81' lang='lat' dir='ltr'><strong>proximis</strong></span> <span class='ocrx_word' id='word_1_669' title='bbox 1597 4907 1748 4963; x_wconf 87' lang='lat' dir='ltr'><strong>ultra</strong></span> <span class='ocrx_word' id='word_1_670' title='bbox 1773 4908 1925 4964; x_wconf 91' lang='lat' dir='ltr'><strong>vires</strong></span> <span class='ocrx_word' id='word_1_671' title='bbox 1949 4914 2125 4965; x_wconf 88' lang='lat' dir='ltr'><strong>tenta-</strong></span> 
     </span>
    </p>
   </div>
   <div class='ocr_carea' id='block_1_97' title="bbox 474 4983 2124 5067">
    <p class='ocr_par' dir='ltr' id='par_1_97' title="bbox 474 4983 2124 5067">
     <span class='ocr_line' id='line_1_97' title="bbox 474 4983 2124 5067; baseline 0.008 -28"><span class='ocrx_word' id='word_1_672' title='bbox 474 4983 573 5039; x_wconf 86' lang='lat' dir='ltr'><strong>vit.</strong></span> <span class='ocrx_word' id='word_1_673' title='bbox 605 4983 664 5039; x_wconf 93' lang='lat' dir='ltr'><strong>Si</strong></span> <span class='ocrx_word' id='word_1_674' title='bbox 687 4985 916 5055; x_wconf 89' lang='lat' dir='ltr'><strong>quidem</strong></span> <span class='ocrx_word' id='word_1_675' title='bbox 943 4993 1148 5058; x_wconf 69' lang='lat' dir='ltr'><strong>praeter</strong></span> <span class='ocrx_word' id='word_1_676' title='bbox 1169 4990 1272 5046; x_wconf 86' lang='lat' dir='ltr'><strong>illa</strong></span> <span class='ocrx_word' id='word_1_677' title='bbox 1294 5007 1419 5062; x_wconf 67' lang='lat' dir='ltr'><strong>quae</strong></span> <span class='ocrx_word' id='word_1_678' title='bbox 1444 4993 1598 5049; x_wconf 92' lang='lat' dir='ltr'><strong>hunc</strong></span> <span class='ocrx_word' id='word_1_679' title='bbox 1623 4995 1862 5051; x_wconf 91' lang='lat' dir='ltr'><strong>latuisse</strong></span> <span class='ocrx_word' id='word_1_680' title='bbox 1887 4996 2124 5067; x_wconf 88' lang='lat' dir='ltr'><strong>proban-</strong></span> 
     </span>
    </p>
   </div>
   <div class='ocr_carea' id='block_1_98' title="bbox 474 5071 2122 5152">
    <p class='ocr_par' dir='ltr' id='par_1_98' title="bbox 474 5071 2122 5152">
     <span class='ocr_line' id='line_1_98' title="bbox 474 5071 2122 5152; baseline 0.01 -27"><span class='ocrx_word' id='word_1_681' title='bbox 474 5074 590 5141; x_wconf 86' lang='lat' dir='ltr'><strong>tur,</strong></span> <span class='ocrx_word' id='word_1_682' title='bbox 609 5084 677 5126; x_wconf 86' lang='lat' dir='ltr'><strong>ex</strong></span> <span class='ocrx_word' id='word_1_683' title='bbox 693 5071 784 5128; x_wconf 87' lang='lat' dir='ltr'><strong>his</strong></span> <span class='ocrx_word' id='word_1_684' title='bbox 805 5089 930 5145; x_wconf 70' lang='lat' dir='ltr'><strong>quae</strong></span> <span class='ocrx_word' id='word_1_685' title='bbox 955 5077 1197 5145; x_wconf 89' lang='lat' dir='ltr'><strong>sparsim</strong></span> <span class='ocrx_word' id='word_1_686' title='bbox 1225 5092 1257 5134; x_wconf 87' lang='lat' dir='ltr'><strong>a</strong></span> <span class='ocrx_word' id='word_1_687' title='bbox 1284 5079 1627 5150; x_wconf 88' lang='lat' dir='ltr'><strong>quibusdam</strong></span> <span class='ocrx_word' id='word_1_688' title='bbox 1649 5083 1720 5139; x_wconf 91' lang='lat' dir='ltr'><strong>de</strong></span> <span class='ocrx_word' id='word_1_689' title='bbox 1747 5085 2004 5152; x_wconf 72' lang='lat' dir='ltr'><strong>praedicti</strong></span> <span class='ocrx_word' id='word_1_690' title='bbox 2027 5087 2122 5141; x_wconf 75' lang='lat' dir='ltr'><strong>Pa~</strong></span> 
     </span>
    </p>
   </div>
   <div class='ocr_carea' id='block_1_99' title="bbox 473 5158 2124 5242">
    <p class='ocr_par' dir='ltr' id='par_1_99' title="bbox 473 5158 2124 5242">
     <span class='ocr_line' id='line_1_99' title="bbox 473 5158 2124 5242; baseline 0.009 -28"><span class='ocrx_word' id='word_1_691' title='bbox 473 5158 582 5214; x_wconf 89' lang='lat' dir='ltr'><strong>tris</strong></span> <span class='ocrx_word' id='word_1_692' title='bbox 625 5161 985 5218; x_wconf 89' lang='lat' dir='ltr'><strong>sermonibus</strong></span> <span class='ocrx_word' id='word_1_693' title='bbox 1033 5169 1091 5219; x_wconf 91' lang='lat' dir='ltr'><strong>et</strong></span> <span class='ocrx_word' id='word_1_694' title='bbox 1135 5166 1400 5235; x_wconf 90' lang='lat' dir='ltr'><strong>epistolis</strong></span> <span class='ocrx_word' id='word_1_695' title='bbox 1427 5173 1558 5224; x_wconf 90' lang='lat' dir='ltr'><strong>ante</strong></span> <span class='ocrx_word' id='word_1_696' title='bbox 1601 5184 1704 5226; x_wconf 90' lang='lat' dir='ltr'><strong>nos</strong></span> <span class='ocrx_word' id='word_1_697' title='bbox 1754 5171 2124 5242; x_wconf 89' lang='lat' dir='ltr'><strong>interpretata</strong></span> 
     </span>
    </p>
   </div>
   <div class='ocr_carea' id='block_1_100' title="bbox 479 5247 2126 5330">
    <p class='ocr_par' dir='ltr' id='par_1_100' title="bbox 479 5247 2126 5330">
     <span class='ocr_line' id='line_1_100' title="bbox 479 5247 2126 5330; baseline 0.01 -29"><span class='ocrx_word' id='word_1_698' title='bbox 479 5247 872 5317; x_wconf 87' lang='lat' dir='ltr'><strong>inveniuntur,</strong></span> <span class='ocrx_word' id='word_1_699' title='bbox 893 5251 1204 5319; x_wconf 92' lang='lat' dir='ltr'><strong>plurimum</strong></span> <span class='ocrx_word' id='word_1_700' title='bbox 1219 5256 1462 5312; x_wconf 89' lang='lat' dir='ltr'><strong>utilitati</strong></span> <span class='ocrx_word' id='word_1_701' title='bbox 1485 5258 1800 5330; x_wconf 81' lang='lat' dir='ltr'><strong>subtraxit;</strong></span> <span class='ocrx_word' id='word_1_702' title='bbox 1816 5261 1954 5330; x_wconf 90' lang='lat' dir='ltr'><strong>quia</strong></span> <span class='ocrx_word' id='word_1_703' title='bbox 1965 5265 2126 5318; x_wconf 89' lang='lat' dir='ltr'><strong>tanto</strong></span> 
     </span>
    </p>
   </div>
   <div class='ocr_carea' id='block_1_101' title="bbox 475 5335 2124 5421">
    <p class='ocr_par' dir='ltr' id='par_1_101' title="bbox 475 5335 2124 5421">
     <span class='ocr_line' id='line_1_101' title="bbox 475 5335 2124 5421; baseline 0.011 -32"><span class='ocrx_word' id='word_1_704' title='bbox 475 5335 672 5392; x_wconf 89' lang='lat' dir='ltr'><strong>studio</strong></span> <span class='ocrx_word' id='word_1_705' title='bbox 723 5337 956 5394; x_wconf 90' lang='lat' dir='ltr'><strong>verbum</strong></span> <span class='ocrx_word' id='word_1_706' title='bbox 1003 5341 1074 5396; x_wconf 90' lang='lat' dir='ltr'><strong>de</strong></span> <span class='ocrx_word' id='word_1_707' title='bbox 1111 5342 1280 5398; x_wconf 90' lang='lat' dir='ltr'><strong>verbo</strong></span> <span class='ocrx_word' id='word_1_708' title='bbox 1325 5345 1532 5401; x_wconf 90' lang='lat' dir='ltr'><strong>elicere</strong></span> <span class='ocrx_word' id='word_1_709' title='bbox 1577 5349 1923 5414; x_wconf 80' lang='lat' dir='ltr'><strong>procuravit,</strong></span> <span class='ocrx_word' id='word_1_710' title='bbox 1973 5351 2124 5421; x_wconf 92' lang='lat' dir='ltr'><strong>quod</strong></span> 
     </span>
    </p>
   </div>
   <div class='ocr_carea' id='block_1_102' title="bbox 477 5424 2132 5508">
    <p class='ocr_par' dir='ltr' id='par_1_102' title="bbox 477 5424 2132 5508">
     <span class='ocr_line' id='line_1_102' title="bbox 477 5424 2132 5508; baseline 0.011 -31"><span class='ocrx_word' id='word_1_711' title='bbox 477 5435 656 5494; x_wconf 85' lang='lat' dir='ltr'><strong>genus</strong></span> <span class='ocrx_word' id='word_1_712' title='bbox 686 5424 1179 5496; x_wconf 86' lang='lat' dir='ltr'><strong>interpretationis</strong></span> <span class='ocrx_word' id='word_1_713' title='bbox 1225 5429 1379 5502; x_wconf 90' lang='lat' dir='ltr'><strong>(licet</strong></span> <span class='ocrx_word' id='word_1_714' title='bbox 1407 5438 1464 5488; x_wconf 90' lang='lat' dir='ltr'><strong>et</strong></span> <span class='ocrx_word' id='word_1_715' title='bbox 1494 5433 1616 5504; x_wconf 91' lang='lat' dir='ltr'><strong>ipse</strong></span> <span class='ocrx_word' id='word_1_716' title='bbox 1661 5435 1992 5508; x_wconf 89' lang='lat' dir='ltr'><strong>plerumque</strong></span> <span class='ocrx_word' id='word_1_717' title='bbox 2030 5453 2132 5494; x_wconf 81' lang='lat' dir='ltr'><strong>se—</strong></span> 
     </span>
    </p>
   </div>
   <div class='ocr_carea' id='block_1_103' title="bbox 477 5509 2132 5598">
    <p class='ocr_par' dir='ltr' id='par_1_103' title="bbox 477 5509 2132 5598">
     <span class='ocr_line' id='line_1_103' title="bbox 477 5509 2132 5598; baseline 0.011 -33"><span class='ocrx_word' id='word_1_718' title='bbox 477 5509 642 5583; x_wconf 88' lang='lat' dir='ltr'><strong>quar)</strong></span> <span class='ocrx_word' id='word_1_719' title='bbox 667 5517 944 5584; x_wconf 89' lang='lat' dir='ltr'><strong>quantum</strong></span> <span class='ocrx_word' id='word_1_720' title='bbox 977 5514 1237 5575; x_wconf 90' lang='lat' dir='ltr'><strong>illustres</strong></span> <span class='ocrx_word' id='word_1_721' title='bbox 1262 5519 1600 5590; x_wconf 88' lang='lat' dir='ltr'><strong>interpretes</strong></span> <span class='ocrx_word' id='word_1_722' title='bbox 1628 5522 1824 5596; x_wconf 88' lang='lat' dir='ltr'><strong>vitent,</strong></span> <span class='ocrx_word' id='word_1_723' title='bbox 1858 5531 1957 5582; x_wconf 87' lang='lat' dir='ltr'><strong>tua</strong></span> <span class='ocrx_word' id='word_1_724' title='bbox 1987 5541 2132 5598; x_wconf 81' lang='lat' dir='ltr'><strong>pro—</strong></span> 
     </span>
    </p>
   </div>
   <div class='ocr_carea' id='block_1_104' title="bbox 2239 4463 3896 4536">
    <p class='ocr_par' dir='ltr' id='par_1_104' title="bbox 2239 4463 3896 4536">
     <span class='ocr_line' id='line_1_104' title="bbox 2239 4463 3896 4536; baseline -0.001 -16"><span class='ocrx_word' id='word_1_725' title='bbox 2239 4469 2333 4535; x_wconf 90' lang='lat' dir='ltr'><strong>pta</strong></span> <span class='ocrx_word' id='word_1_726' title='bbox 2377 4463 2614 4518; x_wconf 89' lang='lat' dir='ltr'><strong>traditio</strong></span> <span class='ocrx_word' id='word_1_727' title='bbox 2660 4464 2872 4534; x_wconf 91' lang='lat' dir='ltr'><strong>prodit,</strong></span> <span class='ocrx_word' id='word_1_728' title='bbox 2921 4464 3256 4536; x_wconf 89' lang='lat' dir='ltr'><strong>priusquam</strong></span> <span class='ocrx_word' id='word_1_729' title='bbox 3304 4466 3540 4522; x_wconf 82' lang='lat' dir='ltr'><strong>Romani</strong></span> <span class='ocrx_word' id='word_1_730' title='bbox 3596 4465 3896 4536; x_wconf 79' lang='lat' dir='ltr'><strong>pontifices</strong></span> 
     </span>
    </p>
   </div>
   <div class='ocr_carea' id='block_1_105' title="bbox 2237 4551 3896 4626">
    <p class='ocr_par' dir='ltr' id='par_1_105' title="bbox 2237 4551 3896 4626">
     <span class='ocr_line' id='line_1_105' title="bbox 2237 4551 3896 4626; baseline 0 -20"><span class='ocrx_word' id='word_1_731' title='bbox 2237 4551 2523 4625; x_wconf 88' lang='lat' dir='ltr'><strong>(videlicet</strong></span> <span class='ocrx_word' id='word_1_732' title='bbox 2551 4553 2882 4624; x_wconf 89' lang='lat' dir='ltr'><strong>Gregorius,</strong></span> <span class='ocrx_word' id='word_1_733' title='bbox 2931 4554 3230 4622; x_wconf 83' lang='lat' dir='ltr'><strong>Martinus,</strong></span> <span class='ocrx_word' id='word_1_734' title='bbox 3266 4559 3322 4609; x_wconf 83' lang='lat' dir='ltr'><strong>et</strong></span> <span class='ocrx_word' id='word_1_735' title='bbox 3343 4554 3580 4626; x_wconf 83' lang='lat' dir='ltr'><strong>Agatho)</strong></span> <span class='ocrx_word' id='word_1_736' title='bbox 3605 4554 3896 4610; x_wconf 86' lang='lat' dir='ltr'><strong>dictorum</strong></span> 
     </span>
    </p>
   </div>
   <div class='ocr_carea' id='block_1_106' title="bbox 2237 4639 3895 4713">
    <p class='ocr_par' dir='ltr' id='par_1_106' title="bbox 2237 4639 3895 4713">
     <span class='ocr_line' id='line_1_106' title="bbox 2237 4639 3895 4713; baseline -0.002 -16"><span class='ocrx_word' id='word_1_737' title='bbox 2237 4641 2364 4711; x_wconf 89' lang='lat' dir='ltr'><strong>ejus</strong></span> <span class='ocrx_word' id='word_1_738' title='bbox 2395 4639 2454 4694; x_wconf 93' lang='lat' dir='ltr'><strong>in</strong></span> <span class='ocrx_word' id='word_1_739' title='bbox 2507 4640 2855 4710; x_wconf 89' lang='lat' dir='ltr'><strong>conscriptis</strong></span> <span class='ocrx_word' id='word_1_740' title='bbox 2898 4640 3024 4697; x_wconf 92' lang='lat' dir='ltr'><strong>suis</strong></span> <span class='ocrx_word' id='word_1_741' title='bbox 3063 4641 3410 4702; x_wconf 87' lang='lat' dir='ltr'><strong>mentionem</strong></span> <span class='ocrx_word' id='word_1_742' title='bbox 3456 4640 3722 4713; x_wconf 90' lang='lat' dir='ltr'><strong>fecerint,</strong></span> <span class='ocrx_word' id='word_1_743' title='bbox 3753 4647 3895 4696; x_wconf 90' lang='lat' dir='ltr'><strong>etea</strong></span> 
     </span>
    </p>
   </div>
   <div class='ocr_carea' id='block_1_107' title="bbox 2239 4725 3984 4802">
    <p class='ocr_par' dir='ltr' id='par_1_107' title="bbox 2239 4725 3984 4802">
     <span class='ocr_line' id='line_1_107' title="bbox 2239 4725 3984 4802; baseline -0.001 -17"><span class='ocrx_word' id='word_1_744' title='bbox 2239 4743 2339 4800; x_wconf 93' lang='lat' dir='ltr'><strong>per</strong></span> <span class='ocrx_word' id='word_1_745' title='bbox 2364 4729 2480 4784; x_wconf 70' lang='lat' dir='ltr'><strong>haec</strong></span> <span class='ocrx_word' id='word_1_746' title='bbox 2498 4725 2819 4798; x_wconf 88' lang='lat' dir='ltr'><strong>probabilia</strong></span> <span class='ocrx_word' id='word_1_747' title='bbox 2839 4729 3168 4798; x_wconf 89' lang='lat' dir='ltr'><strong>judicantes</strong></span> <span class='ocrx_word' id='word_1_748' title='bbox 3188 4729 3552 4796; x_wconf 90' lang='lat' dir='ltr'><strong>admiserint,</strong></span> <span class='ocrx_word' id='word_1_749' title='bbox 3575 4728 3892 4802; x_wconf 83' lang='lat' dir='ltr'><strong>Gregorius</strong></span> <span class='ocrx_word' id='word_1_750' title='bbox 3971 4774 3984 4790; x_wconf 83' lang='lat'><strong><em>.</em></strong></span> 
     </span>
    </p>
   </div>
   <div class='ocr_carea' id='block_1_108' title="bbox 2237 4817 3892 4890">
    <p class='ocr_par' dir='ltr' id='par_1_108' title="bbox 2237 4817 3892 4890">
     <span class='ocr_line' id='line_1_108' title="bbox 2237 4817 3892 4890; baseline -0.004 -14"><span class='ocrx_word' id='word_1_751' title='bbox 2237 4819 2464 4876; x_wconf 91' lang='lat' dir='ltr'><strong>scilicet</strong></span> <span class='ocrx_word' id='word_1_752' title='bbox 2490 4817 2550 4872; x_wconf 92' lang='lat' dir='ltr'><strong>in</strong></span> <span class='ocrx_word' id='word_1_753' title='bbox 2573 4817 2816 4874; x_wconf 90' lang='lat' dir='ltr'><strong>homilia</strong></span> <span class='ocrx_word' id='word_1_754' title='bbox 2844 4817 3086 4888; x_wconf 89' lang='lat' dir='ltr'><strong>capituli</strong></span> <span class='ocrx_word' id='word_1_755' title='bbox 3112 4818 3407 4890; x_wconf 87' lang='lat' dir='ltr'><strong>Evangelii</strong></span> <span class='ocrx_word' id='word_1_756' title='bbox 3433 4819 3504 4874; x_wconf 89' lang='lat' dir='ltr'><strong>de</strong></span> <span class='ocrx_word' id='word_1_757' title='bbox 3523 4824 3757 4874; x_wconf 86' lang='lat' dir='ltr'><strong>centum</strong></span> <span class='ocrx_word' id='word_1_758' title='bbox 3782 4817 3892 4873; x_wconf 85' lang='lat' dir='ltr'><strong>ovi-</strong></span> 
     </span>
    </p>
   </div>
   <div class='ocr_carea' id='block_1_109' title="bbox 2237 4904 3895 4977">
    <p class='ocr_par' dir='ltr' id='par_1_109' title="bbox 2237 4904 3895 4977">
     <span class='ocr_line' id='line_1_109' title="bbox 2237 4904 3895 4977; baseline -0.003 -13"><span class='ocrx_word' id='word_1_759' title='bbox 2237 4907 2347 4964; x_wconf 92' lang='lat' dir='ltr'><strong>bus</strong></span> <span class='ocrx_word' id='word_1_760' title='bbox 2391 4912 2448 4962; x_wconf 91' lang='lat' dir='ltr'><strong>et</strong></span> <span class='ocrx_word' id='word_1_761' title='bbox 2487 4907 2676 4962; x_wconf 91' lang='lat' dir='ltr'><strong>decem</strong></span> <span class='ocrx_word' id='word_1_762' title='bbox 2730 4904 3059 4974; x_wconf 87' lang='lat' dir='ltr'><strong>drachmis;</strong></span> <span class='ocrx_word' id='word_1_763' title='bbox 3109 4907 3396 4963; x_wconf 89' lang='lat' dir='ltr'><strong>Martinus</strong></span> <span class='ocrx_word' id='word_1_764' title='bbox 3439 4907 3499 4962; x_wconf 91' lang='lat' dir='ltr'><strong>in</strong></span> <span class='ocrx_word' id='word_1_765' title='bbox 3534 4905 3756 4977; x_wconf 85' lang='lat' dir='ltr'><strong>synodo</strong></span> <span class='ocrx_word' id='word_1_766' title='bbox 3794 4917 3895 4960; x_wconf 89' lang='lat' dir='ltr'><strong>sua</strong></span> 
     </span>
    </p>
   </div>
   <div class='ocr_carea' id='block_1_110' title="bbox 2236 4993 3892 5068">
    <p class='ocr_par' dir='ltr' id='par_1_110' title="bbox 2236 4993 3892 5068">
     <span class='ocr_line' id='line_1_110' title="bbox 2236 4993 3892 5068; baseline -0.004 -14"><span class='ocrx_word' id='word_1_767' title='bbox 2236 5009 2408 5068; x_wconf 88' lang='lat' dir='ltr'><strong>quam</strong></span> <span class='ocrx_word' id='word_1_768' title='bbox 2439 4997 2627 5051; x_wconf 74' lang='lat' dir='ltr'><strong>Roma:</strong></span> <span class='ocrx_word' id='word_1_769' title='bbox 2657 5001 2856 5052; x_wconf 91' lang='lat' dir='ltr'><strong>contra</strong></span> <span class='ocrx_word' id='word_1_770' title='bbox 2889 4995 3188 5050; x_wconf 64' lang='lat' dir='ltr'><strong>haereticos</strong></span> <span class='ocrx_word' id='word_1_771' title='bbox 3215 4995 3556 5064; x_wconf 86' lang='lat' dir='ltr'><strong>celebravit;</strong></span> <span class='ocrx_word' id='word_1_772' title='bbox 3587 4999 3646 5049; x_wconf 91' lang='lat' dir='ltr'><strong>et</strong></span> <span class='ocrx_word' id='word_1_773' title='bbox 3671 4993 3892 5065; x_wconf 79' lang='lat' dir='ltr'><strong>Agatho</strong></span> 
     </span>
    </p>
   </div>
   <div class='ocr_carea' id='block_1_111' title="bbox 2236 5080 3890 5154">
    <p class='ocr_par' dir='ltr' id='par_1_111' title="bbox 2236 5080 3890 5154">
     <span class='ocr_line' id='line_1_111' title="bbox 2236 5080 3890 5154; baseline -0.004 -14"><span class='ocrx_word' id='word_1_774' title='bbox 2236 5085 2298 5140; x_wconf 90' lang='lat' dir='ltr'><strong>in</strong></span> <span class='ocrx_word' id='word_1_775' title='bbox 2345 5083 2588 5152; x_wconf 90' lang='lat' dir='ltr'><strong>epistola</strong></span> <span class='ocrx_word' id='word_1_776' title='bbox 2637 5097 2807 5153; x_wconf 87' lang='lat' dir='ltr'><strong>quam</strong></span> <span class='ocrx_word' id='word_1_777' title='bbox 2847 5085 2917 5140; x_wconf 90' lang='lat' dir='ltr'><strong>ad</strong></span> <span class='ocrx_word' id='word_1_778' title='bbox 2963 5087 3179 5139; x_wconf 84' lang='lat' dir='ltr'><strong>sextam</strong></span> <span class='ocrx_word' id='word_1_779' title='bbox 3225 5085 3503 5154; x_wconf 90' lang='lat' dir='ltr'><strong>synodum</strong></span> <span class='ocrx_word' id='word_1_780' title='bbox 3561 5080 3890 5138; x_wconf 87' lang='lat' dir='ltr'><strong>destinavit-</strong></span> 
     </span>
    </p>
   </div>
   <div class='ocr_carea' id='block_1_112' title="bbox 2238 5169 3891 5242">
    <p class='ocr_par' dir='ltr' id='par_1_112' title="bbox 2238 5169 3891 5242">
     <span class='ocr_line' id='line_1_112' title="bbox 2238 5169 3891 5242; baseline -0.003 -15"><span class='ocrx_word' id='word_1_781' title='bbox 2238 5172 2400 5227; x_wconf 91' lang='lat' dir='ltr'><strong>Unde</strong></span> <span class='ocrx_word' id='word_1_782' title='bbox 2419 5185 2521 5242; x_wconf 88' lang='lat' dir='ltr'><strong>ego</strong></span> <span class='ocrx_word' id='word_1_783' title='bbox 2551 5185 2737 5226; x_wconf 89' lang='lat' dir='ltr'><strong>veram</strong></span> <span class='ocrx_word' id='word_1_784' title='bbox 2773 5185 2895 5228; x_wconf 90' lang='lat' dir='ltr'><strong>esse</strong></span> <span class='ocrx_word' id='word_1_785' title='bbox 2921 5171 3246 5228; x_wconf 77' lang='lat' dir='ltr'><strong>Graecorum</strong></span> <span class='ocrx_word' id='word_1_786' title='bbox 3274 5172 3602 5242; x_wconf 81' lang='lat' dir='ltr'><strong>Opinionem</strong></span> <span class='ocrx_word' id='word_1_787' title='bbox 3623 5169 3891 5238; x_wconf 81' lang='lat' dir='ltr'><strong>conjieio,</strong></span> 
     </span>
    </p>
   </div>
   <div class='ocr_carea' id='block_1_113' title="bbox 2243 5255 3896 5332">
    <p class='ocr_par' dir='ltr' id='par_1_113' title="bbox 2243 5255 3896 5332">
     <span class='ocr_line' id='line_1_113' title="bbox 2243 5255 3896 5332; baseline -0.004 -16"><span class='ocrx_word' id='word_1_788' title='bbox 2243 5259 2669 5332; x_wconf 89' lang='lat' dir='ltr'><strong>perhibentium</strong></span> <span class='ocrx_word' id='word_1_789' title='bbox 2697 5260 2880 5316; x_wconf 91' lang='lat' dir='ltr'><strong>libros</strong></span> <span class='ocrx_word' id='word_1_790' title='bbox 2899 5261 3025 5331; x_wconf 90' lang='lat' dir='ltr'><strong>ejus</strong></span> <span class='ocrx_word' id='word_1_791' title='bbox 3039 5275 3071 5316; x_wconf 92' lang='lat' dir='ltr'><strong>a</strong></span> <span class='ocrx_word' id='word_1_792' title='bbox 3098 5260 3395 5330; x_wconf 90' lang='lat' dir='ltr'><strong>prioribus</strong></span> <span class='ocrx_word' id='word_1_793' title='bbox 3409 5260 3690 5316; x_wconf 74' lang='lat' dir='ltr'><strong>hzeriticis</strong></span> <span class='ocrx_word' id='word_1_794' title='bbox 3710 5255 3896 5312; x_wconf 89' lang='lat' dir='ltr'><strong>occul-</strong></span> 
     </span>
    </p>
   </div>
   <div class='ocr_carea' id='block_1_114' title="bbox 2243 5346 3894 5422">
    <p class='ocr_par' dir='ltr' id='par_1_114' title="bbox 2243 5346 3894 5422">
     <span class='ocr_line' id='line_1_114' title="bbox 2243 5346 3894 5422; baseline -0.004 -16"><span class='ocrx_word' id='word_1_795' title='bbox 2243 5354 2413 5418; x_wconf 84' lang='lat' dir='ltr'><strong>tatos,</strong></span> <span class='ocrx_word' id='word_1_796' title='bbox 2458 5350 2636 5406; x_wconf 90' lang='lat' dir='ltr'><strong>donec</strong></span> <span class='ocrx_word' id='word_1_797' title='bbox 2686 5350 2853 5422; x_wconf 90' lang='lat' dir='ltr'><strong>longo</strong></span> <span class='ocrx_word' id='word_1_798' title='bbox 2903 5355 3030 5420; x_wconf 89' lang='lat' dir='ltr'><strong>post</strong></span> <span class='ocrx_word' id='word_1_799' title='bbox 3053 5355 3306 5419; x_wconf 89' lang='lat' dir='ltr'><strong>tempore</strong></span> <span class='ocrx_word' id='word_1_800' title='bbox 3333 5364 3403 5406; x_wconf 86' lang='lat' dir='ltr'><strong>ex</strong></span> <span class='ocrx_word' id='word_1_801' title='bbox 3431 5348 3729 5420; x_wconf 79' lang='lat' dir='ltr'><strong>Opusculis</strong></span> <span class='ocrx_word' id='word_1_802' title='bbox 3771 5346 3894 5414; x_wconf 87' lang='lat' dir='ltr'><strong>ejus</strong></span> 
     </span>
    </p>
   </div>
   <div class='ocr_carea' id='block_1_115' title="bbox 2243 5437 3888 5509">
    <p class='ocr_par' dir='ltr' id='par_1_115' title="bbox 2243 5437 3888 5509">
     <span class='ocr_line' id='line_1_115' title="bbox 2243 5437 3888 5509; baseline -0.005 -15"><span class='ocrx_word' id='word_1_803' title='bbox 2243 5438 2405 5494; x_wconf 89' lang='lat' dir='ltr'><strong>solus</strong></span> <span class='ocrx_word' id='word_1_804' title='bbox 2434 5439 2610 5494; x_wconf 87' lang='lat' dir='ltr'><strong>codex</strong></span> <span class='ocrx_word' id='word_1_805' title='bbox 2640 5437 2740 5508; x_wconf 88' lang='lat' dir='ltr'><strong>qui</strong></span> <span class='ocrx_word' id='word_1_806' title='bbox 2787 5451 2938 5494; x_wconf 90' lang='lat' dir='ltr'><strong>nunc</strong></span> <span class='ocrx_word' id='word_1_807' title='bbox 2981 5437 3242 5509; x_wconf 90' lang='lat' dir='ltr'><strong>habetur,</strong></span> <span class='ocrx_word' id='word_1_808' title='bbox 3280 5443 3368 5494; x_wconf 89' lang='lat' dir='ltr'><strong>est</strong></span> <span class='ocrx_word' id='word_1_809' title='bbox 3395 5439 3582 5493; x_wconf 60' lang='lat' dir='ltr'><strong>Romae</strong></span> <span class='ocrx_word' id='word_1_810' title='bbox 3611 5440 3888 5505; x_wconf 87' lang='lat' dir='ltr'><strong>repertus,</strong></span> 
     </span>
    </p>
   </div>
   <div class='ocr_carea' id='block_1_116' title="bbox 2245 5526 3893 5599">
    <p class='ocr_par' dir='ltr' id='par_1_116' title="bbox 2245 5526 3893 5599">
     <span class='ocr_line' id='line_1_116' title="bbox 2245 5526 3893 5599; baseline -0.004 -16"><span class='ocrx_word' id='word_1_811' title='bbox 2245 5526 2584 5599; x_wconf 60' lang='lat' dir='ltr'><strong>cmterisque</strong></span> <span class='ocrx_word' id='word_1_812' title='bbox 2625 5527 2878 5584; x_wconf 90' lang='lat' dir='ltr'><strong>nondum</strong></span> <span class='ocrx_word' id='word_1_813' title='bbox 2909 5526 3180 5598; x_wconf 88' lang='lat' dir='ltr'><strong>inventis,</strong></span> <span class='ocrx_word' id='word_1_814' title='bbox 3237 5527 3294 5582; x_wconf 95' lang='lat' dir='ltr'><strong>in</strong></span> <span class='ocrx_word' id='word_1_815' title='bbox 3325 5526 3598 5583; x_wconf 65' lang='lat' dir='ltr'><strong>Graeciam</strong></span> <span class='ocrx_word' id='word_1_816' title='bbox 3639 5527 3893 5594; x_wconf 48' lang='lat' dir='ltr'><strong>asporta.</strong></span> 
     </span>
    </p>
   </div>
  </div>
