4060 6150
174 303 265 363 744
1229 297 1738 356 COLLECTANEA.
1779 329 1853 340 —
1888 298 2236 357 EPISTOLE
2272 302 2463 359 TRES.
2495 296 2498 301 ’

3468 308 3576 369 742

171 438 271 486 tus.
305 427 500 483 Edidit
525 428 679 483 enim
715 427 882 498 alios,
924 432 988 483 ut
1014 431 1137 497 ipse
1167 427 1379 499 innuit,
1423 428 1637 498 libros;
1667 427 1888 498 quosA
1920 427 2036 484 vita
2087 428 2285 485 Idibus
2314 428 2652 486 Novembris
2690 432 2758 487 ad
2811 433 3093 490 cmlestem
3137 435 3568 509 beatitudinem,

170 532 259 574 nec
272 517 503 574 Graecus
526 517 852 589 quisquam,
877 531 978 573 nec
1005 518 1193 573 adhuc
1215 517 1402 588 potuit
1420 517 1675 573 invenire
1699 518 1812 572 La—

167 608 336 663 tinus.

228 697 292 750 Et
316 694 545 765 quidem
579 695 758 749 Lucas
789 693 849 750 in
871 693 1111 752 Actibus
1134 696 1521 765 apostolorum
1548 708 1691 765 xvn,
1716 691 1807 764 34,

165 783 549 853 Eusebiusque
564 783 848 852 Pamphili
864 789 919 838 et
934 783 1247 854 Dionysius
1261 783 1524 840 Corinthi
1547 784 1808 855 antistes,

165 874 227 929 de
258 886 326 927 eo
355 872 613 942 quaedam
658 872 918 928 miranda
976 874 1251 943 tradunt;
1309 887 1435 944 quae
1473 886 1603 927 vero
1658 872 1816 927 scri—

169 961 337 1033 pserit
364 957 503 1029 (nisi
553 973 641 1015 me
669 960 885 1016 oblivio
914 959 1093 1033 fallat)
1128 961 1362 1016 omnino
1392 974 1504 1017 non
1553 960 1811 1016 tradunt.

164 1049 365 1106 Suadet
410 1052 599 1104 autem
648 1049 715 1103 ad
750 1048 854 1104 hoc
908 1049 989 1104 ita
1031 1049 1374 1105 credendum
1427 1049 1601 1105 etiam
1642 1048 1812 1117 illud,

165 1136 301 1208 quod
327 1150 489 1192 nemo
522 1136 909 1206 probabilium
933 1142 1328 1208 tractatorum,
1357 1138 1511 1193 sicut
1529 1138 1615 1192 eis
1638 1137 1815 1192 moris

161 1231 239 1281 est
282 1225 542 1294 priorum
599 1225 754 1280 dicta
808 1226 1166 1296 excerpendi,
1226 1231 1282 1282 et
1336 1226 1461 1281 suis
1516 1224 1814 1294 opusculis

165 1314 445 1369 inserendi
475 1313 714 1383 scriptis
768 1314 954 1384 ipsius
985 1314 1191 1386 utitur,
1224 1320 1325 1370 aut
1377 1315 1580 1370 horum
1607 1314 1815 1383 cujus-

162 1402 303 1472 piam
352 1401 767 1457 reminiscitur.
794 1402 1052 1473 Denique
1082 1403 1170 1458 vir
1214 1416 1455 1474 magnus
1496 1408 1551 1458 et
1575 1407 1813 1471 aposto-

160 1490 274 1545 lica:
304 1490 461 1546 sedis
492 1486 622 1563 [al.,
656 1487 816 1564 vitae]
847 1496 1158 1562 praeceptor
1190 1490 1603 1547 Constantinus
1627 1502 1648 1527 ι
1674 1490 1814 1560 phi—

160 1577 443 1647 losophus,
500 1579 602 1649 qui
657 1580 888 1635 Romam
952 1579 1060 1635 sub
1118 1579 1462 1635 venerabilis
1524 1579 1811 1633 memoriae

158 1666 400 1736 Adriano
442 1668 664 1736 juniori
716 1681 856 1738 papa
919 1669 1170 1734 veniens,
1250 1668 1434 1723 sancti
1503 1667 1813 1722 Clementis

1922 523 1985 572 ut
2011 517 2320 581 credimus.
2352 519 2562 574 ductus
2598 533 2703 575 nos
2733 520 2972 577 miseros
3003 527 3059 578 et
3088 524 3248 580 valde
3290 525 3575 583 desolatos

1922 604 2178 674 reliquit.
2209 608 2429 661 Intrant
2452 608 2605 662 enim
2636 612 2761 678 post
2783 608 3099 664 discessum
3125 612 3248 680 ejus
3271 612 3392 682 lupi
3420 626 3576 682 rapa-

1919 706 2012 749 ces
2053 708 2162 749 non
2211 701 2503 764 parcentes
2540 696 2841 753 Dominico
2880 698 3058 770 gregi,
3093 699 3306 769 quibus
3342 700 3575 756 obsecro

1920 786 1977 837 et
2006 794 2104 851 per
2142 783 2318 838 Deum
2357 788 2647 840 contestor
2700 789 2764 840 ut
2812 784 2981 841 fortis
3011 786 3195 842 minas
3224 788 3445 859 resiste,
3487 788 3579 844 si-

1923 869 2158 939 mulque
2181 870 2454 940 deprecor
2483 878 2547 927 ut
2579 873 2868 929 orationes
2898 888 2999 943 pro
3027 874 3128 930 illo
3152 875 3393 931 Domino
3417 876 3580 931 sedu-

1921 956 2008 1013 las
2031 958 2318 1029 dirigatis.
2352 960 2511 1015 Eheu
2537 960 2549 1014 !
2572 975 2741 1031 quam
2764 974 2889 1017 sero
2921 961 3087 1017 talem
3113 962 3301 1018 virum
3328 963 3580 1018 Ecclesia

1922 1044 2152 1115 meruit,
2191 1060 2354 1116 quam
2398 1048 2513 1103 cito
2548 1048 2806 1119 reliquit.
2842 1050 2981 1104 Vere
3010 1048 3209 1121 fateor,
3252 1050 3579 1120 expedierat

1924 1136 1989 1186 ut
2026 1131 2108 1187 sol
2158 1132 2353 1189 radios
2387 1148 2521 1190 suos
2564 1134 2936 1191 absconderet
2979 1137 3159 1207 magis
3183 1151 3352 1207 quam
3385 1137 3486 1192 illa
3515 1150 3579 1193 os

1922 1218 2006 1274 vel
2028 1220 2226 1276 oculos
2254 1221 2556 1293 divideret,
2586 1237 2731 1294 quos
2762 1238 2944 1294 usque
2967 1225 3036 1280 ad
3067 1229 3336 1293 punctum
3377 1226 3580 1281 deces—

1920 1323 2021 1363 sus
2046 1310 2136 1364 sui
2167 1311 2237 1365 ad
2259 1310 2522 1367 divinum
2550 1312 2891 1382 obsequium
2921 1314 3168 1383 aperuit,
3194 1319 3250 1379 et
3279 1314 3347 1369 ad
3379 1314 3582 1370 Eccle-

1920 1396 2021 1451 sia:
2048 1396 2335 1466 profectus
2359 1398 2607 1455 intentos
2633 1414 2854 1470 semper
2886 1401 3169 1457 exhibuit.
3204 1404 3403 1458 Verum
3428 1416 3579 1458 nnnc

1919 1487 2285 1557 congregatio
2315 1487 2525 1559 omnis,
2554 1503 2699 1558 quos
2738 1489 2837 1544 ille
2862 1490 2944 1545 vel
2974 1504 3073 1558 pro
3100 1490 3327 1547 diverso
3355 1491 3579 1548 adulte-

1921 1573 1997 1628 rii
2041 1570 2261 1646 genere,
2296 1576 2380 1630 vel
2422 1591 2523 1646 pro
2566 1576 2704 1632 aliis
2758 1577 3105 1634 criminibus
3153 1579 3463 1650 redarguit,
3508 1580 3577 1635 ad

1921 1662 2026 1717 hoc
2050 1668 2406 1735 exarserunt,
2437 1671 2499 1720 ut
2530 1665 2796 1721 universa
2832 1667 2956 1736 ejus
2995 1681 3163 1737 opera
3204 1667 3498 1724 destruere
3526 1673 3583 1723 et

158 1768 356 1824 corpus
404 1756 525 1811 sedi
584 1771 701 1812 sua:
736 1756 994 1812 restituit
1035 1754 1273 1827 (quique
1319 1762 1497 1811 totum
1551 1755 1807 1810 codicem
1839 1771 1888 1829 Β
1919 1760 2124 1808 cuncta
2150 1753 2363 1823 scripta
2387 1754 2576 1810 delere
2602 1755 2863 1811 meditari
2894 1771 3004 1813 non
3032 1763 3301 1814 metuant.
3327 1758 3579 1826 Quorum

160 1845 445 1899 memorati
476 1850 531 1899 et
569 1845 947 1900 memorandi:
985 1845 1170 1900 Patris
1201 1845 1487 1900 memoria;
1514 1856 1811 1898 commen-

156 1931 397 2002 daverat,
422 1940 475 1988 et
499 1940 774 2003 quantum
803 1934 1080 1989 utilitatis
1125 1933 1371 1989 medulla
1397 1934 1522 2002 ejus
1544 1931 1808 2005 habebat,

159 2021 517 2076 auditoribus
592 2022 1039 2092 commendabat,
1096 2022 1305 2077 solitus
1384 2027 1505 2076 erat
1579 2020 1806 2075 dicere:

158 2109 298 2178 Quod
351 2110 402 2165 si
430 2116 675 2179 sanctos,
721 2110 991 2165 videlicet
1030 2111 1250 2180 priores
1290 2111 1653 2166 institutores
1700 2121 1814 2163 no-

158 2204 317 2267 stros,
354 2199 454 2267 qui
501 2197 798 2254 haareticos
832 2213 1089 2268 quosque
1117 2198 1214 2253 vix
1257 2205 1313 2254 et
1352 2199 1597 2269 quodam
1646 2196 1812 2251 modo

157 2299 272 2341 cum
298 2285 456 2342 fuste
475 2287 924 2357 decollaverunt,
965 2287 1306 2357 Dionysium
1331 2286 1668 2358 contigisset
1705 2284 1813 2338 ha-

155 2374 308 2443 bere;
345 2388 472 2429 cum
501 2381 671 2429 acuto
694 2374 826 2429 illos
850 2373 1042 2445 gladio
1068 2375 1267 2444 procul
1306 2374 1486 2429 dubio
1517 2372 1814 2429 trucidas-

158 2467 315 2529 sent;
355 2461 601 2515 innuens
635 2459 885 2529 profecto
921 2461 1250 2530 hujusmodi
1276 2461 1453 2531 dicto,
1497 2461 1633 2531 quia
1665 2472 1816 2531 quo-

155 2562 273 2603 rum
323 2562 394 2604 os
418 2548 768 2603 laboriosius
818 2554 875 2603 et
931 2547 1075 2604 forte
1114 2549 1338 2605 tardius
1380 2549 1811 2607 obstruxerunt,

156 2634 384 2692 facilius
411 2642 470 2692 et
500 2637 731 2692 acutius
761 2637 880 2691 sive
912 2637 1166 2692 velocius
1204 2627 1307 2708 (ὁξύ
1339 2639 1550 2709 quippe
1579 2644 1634 2694 et
1676 2656 1817 2693 acu—

156 2730 260 2777 tum
300 2724 669 2796 signiﬁcatet
700 2724 873 2797 velox)
924 2725 1312 2782 obmutescere
1352 2728 1689 2797 coegissent.
1741 2727 1817 2783 At

154 2825 274 2867 vero
314 2816 448 2882 post
496 2811 858 2881 praelatorum
909 2817 1234 2869 sanctorum
1285 2814 1438 2869 sedis
1485 2815 1815 2884 apostolica:

154 2900 460 2969 praesulum
485 2900 835 2968 memoriam,
862 2904 976 2955 tam
1015 2906 1224 2956 sanctae
1259 2903 1499 2971 septima
1528 2908 1585 2957 et
1614 2908 1813 2960 octava

154 2988 422 3056 synodus,
457 3001 627 3057 quam
658 2987 846 3043 Latini
877 2992 934 3043 et
956 2989 1139 3044 Graeci
1170 2989 1450 3059 doctores,
1485 3004 1597 3045 non
1626 2990 1813 3047 solum

1920 1847 2161 1896 conatus
2201 1841 2421 1897 idcirco
2468 1843 2727 1900 creditur
2768 1845 2836 1899 ad
2868 1843 3129 1900 etfectum
3181 1846 3392 1916 venire,
3443 1846 3581 1916 quia

1924 1929 2289 1997 imperatoris
2309 1943 2439 1987 cum
2462 1931 2554 1986 his
2582 1945 2785 1988 manus
2822 1946 2964 2001 esse,
2990 1931 3133 1989 falso
3177 1940 3241 1989 ut
3268 1934 3577 2003 credimus,

1920 2016 2156 2072 dicitur.
2186 2018 2312 2073 Haec
2357 2033 2491 2090 ergo
2533 2020 2759 2075 cunctis
2788 2019 3067 2077 fratribus
3108 2021 3389 2091 nuntiate,
3416 2025 3474 2076 et
3520 2022 3581 2076 in

1921 2104 2136 2173 quibus
2168 2106 2434 2175 prodesse
2470 2121 2634 2177 posse
2657 2107 2969 2176 conﬁditis,
2995 2108 3252 2164 laborare
3283 2123 3383 2179 pro
3411 2109 3582 2165 domo

1921 2193 2021 2247 Dei
2067 2200 2280 2251 curate.
2323 2197 2460 2251 Nam
2506 2196 2556 2252 si
2590 2197 2734 2252 tanti
2776 2196 3069 2266 pontiﬁcis
3101 2202 3225 2253 acta
3257 2203 3578 2260 cassantur,

1921 2286 2125 2353 vestra,
2161 2297 2372 2353 quaeso,
2398 2283 2498 2339 ubi
2528 2284 2850 2353 parebunt?
2878 2286 3082 2340 Verum
3125 2285 3245 2341 scio
3274 2286 3413 2356 quia
3448 2285 3584 2342 licet

1923 2369 2073 2438 apud
2102 2384 2206 2426 nos
2237 2385 2468 2443 paucos,
2500 2372 2650 2441 apud
2692 2386 2792 2427 vos
2822 2378 3007 2428 tamen
3043 2372 3284 2444 reliquit
3313 2374 3429 2429 sibi
3463 2373 3584 2430 Do-

1930 2457 2122 2513 minus
2166 2458 2448 2527 plurimos
2496 2459 2594 2529 qui
2630 2474 2741 2515 non
2794 2466 3171 2517 curvaverant
3219 2475 3402 2533 genua
3454 2468 3585 2517 ante

1925 2546 2077 2600 Baal.
2112 2546 2396 2602 Habemus
2426 2552 2615 2603 autem
2657 2548 2956 2618 prmsulem
2992 2548 3309 2605 Adrianum
3334 2550 3582 2621 nomine,

1929 2633 2117 2690 virum
2149 2648 2248 2704 per
2268 2635 2481 2706 omnia,
2508 2640 2784 2707 quantum
2807 2638 2875 2693 ad
2909 2636 3088 2692 bonos
3112 2651 3294 2693 mores
3317 2638 3581 2707 pertinet,

1925 2722 2087 2777 valde
2109 2727 2405 2778 strenuum
2441 2728 2497 2779 et
2530 2724 2902 2780 industrium.
2930 2725 3009 2779 De
3038 2738 3151 2794 quo
3173 2724 3360 2780 adhuc
3392 2731 3582 2781 utrum

1926 2810 2315 2867 ecclesiastica
2346 2812 2574 2883 negotia
2600 2812 2814 2881 omnia,
2842 2826 2914 2868 an
2946 2818 3161 2882 partem
3192 2827 3394 2869 curare
3425 2814 3581 2878 velit,

1928 2898 2278 2970 ignoramus.
2308 2902 2516 2955 Pendet
2539 2906 2728 2956 autem
2745 2901 2937 2955 anima
2957 2902 3083 2969 ejus
3102 2915 3170 2956 ex
3199 2901 3391 2956 anima
3415 2914 3585 2957 avun-

1925 2986 2045 3043 culi
2077 2988 2224 3056 mei;
2247 2990 2421 3043 vestri
2448 3002 2579 3043 vero
2608 2986 2858 3059 Arsenii,
2884 2989 3146 3059 quamvis
3174 2989 3320 3044 idem
3341 3002 3408 3044 eo
3436 2990 3584 3059 quod

157 3074 282 3144 quia
329 3076 678 3131 venerabilis
733 3075 826 3131 hic
854 3076 1020 3132 Pater
1058 3076 1359 3147 scripserit
1407 3078 1680 3142 innuunt,
1718 3078 1811 3134 sed
1847 3082 1895 3144 ί]
1928 3077 2273 3133 inimicitias
2302 3077 2511 3132 multas
2557 3076 2826 3133 obeuntis
2858 3079 3123 3146 praesulis
3158 3077 3486 3148 pertulerit,
3521 3091 3588 3134 ac

155 3163 481 3219 testimonia
519 3177 588 3218 ex
605 3164 924 3234 Scripturis
960 3165 1086 3234 ejus
1127 3164 1453 3235 frequenter
1477 3171 1815 3256 assumunt;

154 3256 214 3305 ut
248 3252 478 3307 scilicet
513 3266 717 3308 sensus
761 3267 898 3309 suos
939 3255 1170 3309 etdicta
1208 3254 1354 3309 tanti
1416 3254 1528 3309 viri
1577 3252 1820 3310 reddant

153 3341 517 3396 auctoritatis
557 3342 803 3412 pondere
841 3342 1092 3414 gravida,
1121 3347 1178 3399 et
1200 3344 1428 3399 cunctis
1477 3343 1819 3399 mortalibus

156 3429 518 3498 approbanda
543 3430 759 3499 pariter
777 3436 834 3485 et
854 3432 1137 3487 sectanda.

218 3517 373 3573 Deus
403 3518 764 3588 omnipotens
793 3519 1034 3590 gloriam
1059 3525 1215 3576 tuam
1237 3534 1271 3577 a
1312 3520 1559 3577 terrenis
1586 3521 1656 3577 ad
1694 3535 1819 3578 θω-

162 3603 297 3661 leste
324 3620 564 3679 regnum
592 3606 899 3663 transferat
929 3610 1289 3681 quandoque.

218 3694 363 3751 Data
403 3709 507 3751 VIII
546 3695 667 3775 Kal.
704 3695 947 3768 Aprilis,
990 3697 1306 3755 indictione
1332 3696 1384 3754 8.

755 3855 1083 3913 EPISTOLA
1120 3859 1211 3913 IIl.

366 4013 439 4053 AD
467 4012 687 4055 ADONEM
727 4013 1192 4056 ARCHIEPISCOPUM
1225 4014 1596 4057 VIENNENSEM.

156 4157 431 4227 Hermum
474 4160 760 4215 Nicolaum
791 4176 997 4229 papam
1032 4164 1274 4224 nuntiat,
1337 4163 1559 4217 electum
1596 4179 1720 4218 vero
1759 4165 1819 4217 in

588 4231 707 4299 ejus
745 4231 920 4285 locum
960 4232 1276 4287 Adrianum
1313 4235 1388 4287 ΙΙ.

471 4354 649 4415 (Apud
682 4353 966 4415 Labbcum,
993 4353 1158 4408 Conc.
1190 4358 1314 4404 tom.
1346 4354 1511 4418 VIII.)

1929 3179 2028 3236 per
2046 3165 2152 3221 hoc
2172 3165 2502 3234 imperatori
2528 3162 2730 3235 faveat,
2751 3178 2783 3219 a
2814 3164 3009 3219 studio
3038 3165 3438 3220 ecclesiastica
3467 3178 3588 3220 cor-

1928 3253 2205 3307 rectionis
2238 3251 2536 3321 paululum
2571 3250 2951 3323 refriguisset.
2985 3254 3161 3321 Quem
3201 3252 3338 3323 cito,
3372 3265 3584 3322 quaeso,

1926 3339 2133 3395 vestris
2178 3340 2361 3394 sacris
2401 3339 2637 3395 monitis
2681 3355 2884 3396 rursus
2929 3340 3222 3411 innectite,
3268 3354 3338 3396 ne
3382 3340 3590 3397 diebus

1926 3428 2052 3484 suis
2075 3428 2212 3483 dum
2245 3427 2393 3483 valet
2419 3429 2570 3497 apud
2598 3442 2765 3484 suum
2792 3429 3186 3498 imperatorem
3220 3433 3277 3484 et
3301 3442 3588 3484 summum

1929 3516 2253 3586 pontificem
2300 3516 2555 3573 Ecclesia
2606 3516 2824 3572 Christi
2854 3519 2883 3562 ιι
2915 3558 2928 3585 ,
2980 3522 3039 3571 at
3098 3517 3342 3571 maxime
3381 3516 3581 3585 prima.

1925 3605 2139 3661 Taliter
2191 3619 2408 3662 merear
2437 3608 2622 3662 vestra
2668 3603 2739 3659 de
2769 3604 3149 3676 prosperitate
3190 3616 3415 3675 semper
3440 3616 3590 3676 gau—

1927 3693 2079 3749 dere.

2616 3831 2891 3873 EMBOLUM.

1995 3942 2212 4012 Adjuro
2237 3946 2426 3998 autem
2454 3948 2518 3998 ut
2545 3942 2812 3998 omnibus
2855 3941 3243 4012 metropolitis
3264 3940 3583 3997 Galliarum

1928 4030 2211 4088 intimetis
2238 4043 2307 4086 ne
2324 4030 2374 4086 si
2404 4030 2498 4086 hic
2519 4029 2729 4087 factum
2751 4024 3279 4093 fueritconcilium,’
3307 4030 3392 4085 sic
3425 4028 3591 4100 quasi

1930 4118 2417 4189 recuperationem
2447 4118 2539 4172 sui
2566 4124 2750 4173 status
2778 4123 3181 4189 assequamur,
3220 4124 3283 4174 ut
3325 4117 3385 4173 in
3414 4119 3593 4174 dero—

1933 4209 2216 4281 gationem
2238 4206 2496 4263 defuncti
2520 4205 2782 4274 praesulis
2801 4208 3126 4275 prosiliant.
3150 4207 3438 4277 Praecipue
3462 4221 3592 4263 vero

1931 4312 2061 4354 cum
2094 4297 2245 4353 hunc
2278 4295 2475 4352 nullus
2524 4294 2899 4365 redarguerit,
2927 4302 2984 4350 et
3015 4295 3180 4350 modo
3211 4295 3312 4365 qui
3352 4295 3593 4363 objectis

1936 4386 2271 4454 respondeat
2310 4399 2423 4441 non
2451 4382 2724 4453 supersit,
2759 4383 3021 4453 quamvis
3047 4382 3145 4437 ille
3172 4395 3271 4437 nec
3304 4396 3437 4438 eo...
3480 4397 3595 4451 pu—

220 4468 473 4525 Domino
527 4474 724 4524 sancto
770 4469 925 4525 Patri
976 4471 1148 4526 Anom
1211 4471 1529 4526 venerando
1576 4472 1719 4527 mihi
1768 4438 1905 4528 etD
1935 4438 2608 4543 blicamhgesseritpnec
2665 4438 2865 4528 haeresi
2927 4484 3200 4540 unquam,
3242 4476 3305 4525 ut
3348 4438 3589 4540 fingunt,

157 4555 321 4610 valde
342 4557 640 4628 diligendo
656 4556 1109 4628 archiepiscopo,
1134 4572 1237 4631 ego
1253 4559 1598 4614 Amsrasws
1618 4566 1826 4617 sanctae

156 4641 429 4700 Romamn
486 4645 759 4703 Ecclesiae
808 4644 1290 4703 bibliothecarius
1335 4648 1643 4718 plurimam
1693 4656 1827 4721 opto

156 4733 427 4789 salutem.
788 4770 789 4773 η

224 4822 421 4877 Triste
449 4821 560 4877 tibi
607 4824 896 4898 nuntium,
926 4824 1069 4895 proh
1098 4825 1263 4882 dolor
1289 4825 1301 4879 ι
1341 4826 1588 4884 nimium
1616 4828 1824 4899 tristis,

153 4916 209 4965 et
252 4922 490 4980 gemens
523 4912 869 4988 transmitto.
915 4913 1275 4969 Venerabilis
1314 4915 1529 4986 quippe
1559 4916 1829 4972 recorda-

157 4998 348 5053 tionis
372 5000 536 5053 Pater
564 5003 621 5054 et
652 5013 793 5069 papa
833 5006 1024 5059 noster
1048 5003 1320 5061 Nicolaus
1357 5004 1428 5060 ab
1469 5005 1573 5061 hac
1623 5005 1830 5061 misera

223 5140 361 5193 'De
419 5152 533 5209 quo
579 5138 709 5213 vide
755 5138 1045 5198 Anastasii
1107 5145 1288 5202 nostri
1336 5142 1724 5213 praefationem
1770 5145 1829 5200 in

158 5215 422 5264 octavam
448 5210 750 5280 synodum,
768 5225 963 5282 supra.

1238 5518 1311 5533 ’“⁸
1354 5503 2353 5546 μεωεΖ-Ᾱακκνσ

1938 4561 2225 4631 annuerit,
2253 4562 2350 4615 sed
2391 4561 2509 4617 zelo
2549 4561 2649 4618 Dei
2696 4563 2845 4632 quod
2876 4564 3213 4631 operatur...
3240 4558 3397 4613 Unde
3421 4558 3593 4613 etiam

1939 4650 2127 4706 scribo
2169 4648 2333 4704 vobis
2359 4653 2415 4703 et
2451 4662 2549 4718 per
2574 4651 2751 4705 Deum
2794 4653 3081 4704 contestor
3110 4660 3179 4702 ne
3220 4645 3596 4702 consentiatis

1942 4752 2122 4809 neque
2149 4736 2495 4808 approbetis,
2527 4737 2641 4792 imo
2668 4737 2953 4792 resistatis
2984 4737 3061 4792 iis
3091 4748 3219 4807 quae
3260 4739 3458 4791 contra
3486 4733 3599 4789 Ni-

1940 4828 2161 4884 colaum
2219 4838 2418 4895 papam
2456 4824 2549 4896 agi
2596 4828 2910 4895 tentantur,
2962 4825 3235 4895 quoniam
3283 4822 3598 4878 auctoritas

1942 4915 2116 4984 hujus
2143 4912 2410 4969 Ecclesia:
2450 4926 2578 4969 mox
2606 4911 2964 4982 dissolvitur,
3019 4912 3071 4967 si
3118 4910 3325 4983 praesul
3355 4924 3451 4966 e...
3488 4909 3600 4966 ad—

1940 5003 2183 5058 dicitur.

2015 5141 2045 5184 ὶι
2072 5145 2238 5199 Deest
2263 5143 2513 5215 aliquid.

2366 5513 2579 5529 αι’-α.-.υρι
