4034 6158
405 245 514 304 743

1442 247 1946 320 ERGHEMBERTI,
1983 248 2414 306 CASSINENSIS
2449 249 2759 306 MONACHI

3717 244 3830 302 744

1913 469 2284 540 INCIPIT

885 608 1358 735 PROLOGUS
1442 607 1960 734 ANASTASII
2047 608 2120 736 S.
2200 609 2288 736 Il.
2380 609 2458 735 ll.
2537 605 3341 734 BIBLIOTHE8ARII

1163 797 1235 850 IN
1273 793 1658 851 PASSIONEM
1694 794 2110 852 SANCTORUM
2148 796 2201 849 M
2239 794 2362 851 CCC
2400 795 2610 851 LXXX
2647 795 3050 852 MARTYRUM.

1728 997 1900 1059 (Apud
1937 995 2194 1056 Bolland.,
2221 997 2282 1046 22
2304 995 2490 1058 Junii.)

479 1195 660 1249 Pereo
688 1193 916 1264 egregio
953 1193 1220 1265 episcopo
1258 1199 1468 1251 sanctae
1504 1194 1845 1252 Gavinensis
1868 1195 2069 1250 Eccle—
2093 1196 2152 1256 A
2177 1199 2274 1250 tus
2300 1194 2542 1266 explevi,
2568 1193 2783 1250 malens
2811 1187 3198 1264 penes‘doctos
3223 1195 3295 1251 de
3316 1193 3626 1250 inscientia
3647 1205 3838 1263 repre-

408 1282 529 1354 siaz,
560 1281 903 1337 ANASTASIUS
944 1297 1180 1339 summa:
1217 1289 1274 1338 et
1305 1283 1633 1353 apostolicae
1675 1283 1941 1339 Ecclesia
1971 1283 2070 1338 bi—

407 1370 844 1441 bliothecarius,
887 1371 1260 1440 apostolicam
1305 1371 1566 1428 salutem.

480 1461 614 1516 Post
643 1459 976 1516 translatam
1001 1473 1034 1514 a
1053 1473 1138 1515 me
1162 1461 1230 1516 ad
1257 1461 1588 1530 petitionem
1615 1460 2070 1516 sanctitatistuaa

414 1548 734 1618 passionem
803 1547 1079 1617 praecipui
1124 1548 1381 1604 doctoris
1447 1553 1504 1604 et
1564 1549 1832 1619 martyris
1893 1547 2066 1626 Petri,

407 1634 810 1691 Alexandrinae
829 1635 993 1691 urbis
1009 1635 1287 1706 episcopi,
1314 1636 1456 1691 mihi
1482 1636 1789 1706 pracipere
1806 1635 2066 1704 voluisti,

411 1723 562 1794 quod
598 1723 918 1794 passionem
963 1729 1288 1780 sanctorum
1332 1723 1489 1780 mille
1519 1724 2075 1795 quadringentorum

411 1811 703 1884 octoginta
742 1817 1054 1884 martyrum
1085 1812 1233 1882 apud
1288 1813 1515 1869 Graecos
1567 1811 1819 1868 habitam
1870 1812 2072 1868 Latino

413 1899 692 1955 traderem
720 1899 971 1970 eloquio.
990 1899 1173 1968 Quod,
1196 1899 1556 1954 considerata
1577 1899 1868 1969 imperitia
1895 1900 2076 1955 scien-

408 1987 566 2044 tiolaa
591 2001 744 2055 meae,
767 1987 1014 2057 primum
1039 1987 1269 2058 quidem
1291 1987 1394 2043 hoc
1413 1987 1645 2058 aggredi
1669 2001 1779 2042 non
1805 2002 2075 2057 praesum-

411 2075 532 2146 psi:
569 2075 776 2130 deinde
811 2088 963 2144 vero,
999 2075 1328 2144 paternitati
1363 2080 1474 2132 tuae
1520 2074 1854 2131 inobediens
1891 2088 2074 2145 appa-

410 2175 536 2218 rere
559 2161 868 2235 refugiens,
895 2163 1082 2234 parui,
1111 2167 1188 2233 et,
1211 2163 1362 2236 quod
1383 2163 1635 2233 jussisti,
1659 2162 1890 2219 coalitus
1915 2161 2074 2232 adju-

2181 1278 2372 1352 hendi,
2397 1296 2564 1353 quam
2587 1283 2735 1353 apud
2765 1283 3160 1354 paternitatem
3192 1289 3348 1339 tuam
3373 1297 3474 1353 pro
3496 1282 3837 1339 inobedien-

2178 1371 2258 1426 tia
2280 1370 2593 1440 culpabilis
2607 1370 2866 1426 exhiberi
2892 1388 2904 1424 :
2931 1371 3264 1443 praesertim,
3283 1385 3413 1427 cum
3435 1371 3716 1427 sanctitas
3731 1373 3835 1426 tua

2183 1459 2242 1513 in
2272 1472 2463 1514 amore
2485 1465 2795 1530 martyrum
2827 1459 3090 1530 ﬂagrans,
3138 1471 3250 1514 non
3277 1458 3682 1518 rusticitatem.
3717 1469 3837 1527 qua

2181 1552 2236 1602 et
2273 1547 2561 1616 apostolos
2583 1551 2714 1602 ante
2761 1547 3111 1602 vocationem
3149 1559 3263 1601 non
3295 1547 3552 1602 caruisse
3581 1543 3841 1601 manife—

2181 1641 2332 1690 stum
2358 1643 2462 1706 est,
2505 1635 2601 1690 sed
2646 1634 2970 1706 triumphos
2997 1648 3215 1705 eorum,
3244 1634 3345 1705 qui
3387 1648 3456 1690 ex
3485 1635 3612 1705 ipsa
3637 1634 3840 1690 minus

2183 1721 2400 1778 urbana
2428 1723 2634 1793 peritia
2669 1729 2976 1793 utrumque
3007 1723 3146 1778 sciri
3180 1729 3441 1792 possunt,
3467 1722 3744 1790 attendat,
3776 1725 3840 1776 et

2180 1812 2249 1868 ad
2276 1811 2694 1868 venerationem
2729 1812 3038 1868 multorum
3069 1811 3396 1868 enucleatos
3435 1811 3642 1866 habere
3668 1810 3844 1866 desi—

2180 1900 2356 1956 deret.
2389 1901 2533 1955 Bene
2557 1899 2752 1956 valens
2772 1900 3001 1956 diutius
3021 1899 3082 1956 in
3107 1899 3348 1956 Domino
3377 1899 3694 1970 paternitas
3731 1903 3842 1954 tua

2185 2001 2285 2057 pro
2316 1987 2483 2044 nobis
2511 2000 2674 2043 orare
2701 1987 3009 2060 dignetur!

2253 2093 2439 2166 Sume,
2468 2095 2630 2150 Pater
2665 2094 2947 2164 placidus,
2982 2093 3317 2166 _multorum
3365 2099 3522 2166 gesta
3579 2091 3836 2166 piorum.

2255 2165 2528 2220 Rusticus
2555 2172 2640 2222 est
2668 2163 2888 2236 sermo,
2911 2164 3166 2221 calamus
3189 2178 3355 2235 quem
3373 2163 3556 2220 'vertit
3592 2163 3836 2219 Achivo.

421 2271 2336 2306 υ

1705 2378 1886 2422 ANNO
1917 2377 2152 2422 DOMINI
2196 2379 2237 2422 D
2273 2379 2387 2422 CCC
2416 2378 2526 2422 XC.

1279 2497 2975 2661 ERCHEMBERTUS

1695 2727 2122 2786 CASSINENSIS
2149 2729 2539 2786 MONACHUS.

1904 2852 2284 2864 _—

1183 2929 1529 3002 NOTITIA

1607 2932 2057 3004 HISTORICA
2158 2937 2245 3006 IN
2319 2935 3048 3006 EBCHEMBERTUM.

1611 3129 1784 3191 (Apud
1813 3130 1980 3190 Pertz,
2012 3130 2246 3180 Monum.
2278 3133 2400 3181 hist.
2432 3131 2630 3195 Germ.)

481 3247 937 3317 Brchembertus,
1023 3245 1253 3301 natione
1296 3239 1772 3317 7l.angobardus,'
1816 3250 1881 3301 ut
1962 3248 2068 3302 Leo
2095 3245 2148 3306 B
2179 3247 2250 3302 de
2269 3247 2485 3304 Graecis
2511 3250 2878 3317 reportatam,
2911 3259 3022 3317 qua
3037 3245 3358 3317 _Bardorum
3387 3244 3702 3317 imperium
3724 3251 3850 3317 sta-

412 3318 696 3376 Ostiensis
727 3318 796 3389 (α)
833 3316 1022 3385 refert,
1055 3322 1234 3389 patre
1268 3315 1600 3389 7Adelgario,
1635 3317 2068 3389 Pi7lano7_castro

412 3386 1120 3456 comitatibusTeanensis,
1145 3393 1208 3443 ut
1227 3387 1476 3456 videtur,
1497 3386 1783 3442 oriundus
1801 3386 1892 3456 (b),
1917 3389 2072 3443 xKa-

414 3461 611 3517 lendas
671 3459 1020 3530 Septembris
1064 3455 1228 3530 anno
1294 3455 1420 3524 884,
1475 3457 1554 3512 ibi
1627 3470 1659 3512 a
1714 3455 2068 3530 Pandonulfo

411 3532 649 3602 ejusque
669 3527 846 3587 sociis
871 3528 1268 3602 Neapolitibus
1288 3534 1488 3596 captus
1508 3533 1566 3582 et
1599 3527 1869 3602 omnibus
1899 3527 2068 3602 bonis

411 3597 724 3672 a'puéritia
751 3599 1059 3670 acquisitis
1098 3604 1326 3672 exutus.
1355 3603 1545 3666 atque,
1591 3603 1652 3652 ut
1675 3597 1806 3672 ipse
1839 3598 2066 3672 scribit,

413 3667 670 3742 pedester
715 3667 853 3742 ante
873 3681 1152 3738 equorum
1179 3667 1368 3742 capita
1400 3681 1580 3742 usque
1621 3668 1690 3722 ad
1724 3667 1916 3723 urbem
1955 3669 2070 3724 Ca—

413 3738 656 3812 puanam
683 3740 1226 3812 exsulevectusest.
1260 3738 1474 3812 Deinde
1501 3739 1705 3812 Capuae
1742 3752 2070 3812 commora—

412 3805 508 3868 tus
530 3817 586 3868 et
623 3811 804 3867 sancti
841 3809 1128 3865 Benedicti
1155 3808 1404 3879 regulam
1435 3807 1724 3877 professus
1749 3805 1835 3879 (ε),
1864 3809 1923 3864 in
1960 3809 2067 3864 iti-

415 3895 546 3938 nere
583 3879 677 3952 (d).
703 3895 735 3935 a
765 3883 951 3936 Monte
991 3879 1228 3952 _C_assino
1255 3877 1502 3952 capuam
1550 3877 1813 3934 iterum'a
1850 3881 2066 3937 Graecis

411 3949 614 4022 captus
641 3949 698 4006 et
733 3964 863 4022 cum
893 3949 1092 4022 sociis,
1125 3963 1273 4022 quos
1298 3949 1448 4022 inter
1477 3955 1873 4019 praeceptorem
1903 3965 2068 4006 com—

414 4020 706 4092 memorat,
759 4021 903 4076 male
934 4020 1199 4092 habitus;
1243 4020 1606 4092 deinde-vero
1631 4035 1729 4090 per
1771 4022 2064 4091 Neapolim

413 4091 660 4162 Capuam
696 4091 956 4148 reversus
986 4091 1184 4162 ibique
1219 4091 1376 4146 cella:
1415 4092 1642 4147 cuidam
1674 4092 1861 4146 sancti
1886 4094 2068 4149 Bene-

413 4161 570 4248 dic“,
593 4163 930 4248 ρηεερρείιξιβ
965 4161 2068 4248 990993892611“,.evmnetencolfus

416 4232 804 4303 posseSsiones
826 4233 1010 4289 sancti
1033 4232 1320 4288 Benedicti
1349 4233 1500 4288 infra
1527 4232 1721 4288 urbem
1742 4232 2065 4302 Capuanam

415 4303 558 4360 sitas
591 4303 868 4360 fratribus
892 4303 1295 4360 exsulantibus
1332 4301 1546 4358 auferri
1584 4304 1962 4373 praacepisset,
1994 4305 2065 4359 ab

413 4373 718 4448 Angelario
754 4374 956 4448 abbate
996 4373 1321 4448 Cassinensi
1352 4380 1407 4428 et
1437 4373 1706 4448 episcopo
1736 4375 1966 4448 Romam
1995 4376 2065 4431 ad

414 4444 760 4528 §tepli7anum
789 4447 828 4528 γ
852 4446 1400 4528 papammissusest,
1428 4444 2067 4528 a7quo7benedictionem

417 4514 696 4588 fratribus
726 4514 1093 4588 privilegium
1122 4514 1486 4588 cmnobiisui
1519 4519 1575 4570 et
1594 4515 1814 4570 litteras
1828 4516 1896 4588 ad
1928 4517 2071 4572 Ate—

416 4587 634 4644 nolfum
656 4583 1075 4657 exhortatorias
1099 4584 1315 4657 attulit.
1343 4583 1566 4657 Quibus
1588 4587 1931 4657 monasterio
1949 4601 2071 4657 pos-

417 4658 700 4713 sessiones
724 4656 885 4712 reddi
917 4655 1262 4724 impetravit,
1293 4655 1387 4710 sed
1432 4655 1574 4710 iram
1602 4656 1843 4712 Atenoltl
1883 4655 2070 4713 incur-

419 4725 499 4800 rit
543 4732 714 4797 atque
742 4725 886 4780 cella
913 4725 1226 4800 ab77abba.te
1257 4726 1468 4800 tradita
1495 4727 1550 4781 vi
1584 4727 1840 4800 privatus
1867 4734 1954 4784 est
1982 4729 2064 4800 (ε).

417 4795 572 4869 Licet
595 4795 802 4869 autem
827 4807 927 4869 nec
951 4796 1067 4869 alia
1098 4795 1526 4869 Atenoltifacta
1568 4795 1925 4869 approbaret,
1969 4795 2066 4856 sed

417 4865 752 4940 dominandi
789 4864 1148 4940 habendique
1166 4867 1544 4940 cupiditatem
1573 4864 1630 4940 et
1645 4864 1922 4926 'severum'
1943 4871 2070 4940 ejus

418 4934 479 4990 in
513 4935 664 5008 filios
682 4937 864 4993 sancti
895 4934 1178 4994 Benedicti
1209 4934 1515 5008 imperium
1545 4938 1898 5008 abhorreret,
1933 4934 2070 4996 tan-

416 5012 514 5073 tus
538 4997 721 5062 tamen
763 5008 959 5076 patria:
987 5013 1044 5064 et
1072 5009 1259 5076 gentis
1287 4997 1448 5066 amor
1487 4997 1950 5068 Erchembert'u'm
1977 5019 2071 5068 te—

417 5077 567 5147 nuit,
601 5082 664 5134 ut
701 5078 1000 5134 victoriam
1031 5077 1099 5135 ad
1130 5085 1388 5136 sanctum
1421 5080 1676 5136 Cartium
1707 5081 1780 5136 ab
1807 5081 2068 5140 Atenolfo

505 5197 558 5256 al
579 5199 698 5255 Lib.
733 5213 774 5256 ι.
806 5197 892 5256 47.

507 5267 557 5326 ω
578 5271 638 5326 C.
663 5267 748 5326 44.

505 5216 539 5253 a
579 5199 698 5255 Lib.
733 5213 751 5256 ι

503 5271 538 5349 _b
578 5271 638 5326 C.
663 5267 748 5326 44.

503 5360 536 5411 ,ο
581 5341 639 5397 C.
671 5338 760 5397 64.

532 5484 538 5486 _
575 5413 616 5486 9
663 5411 760 5486 69-.

575 5413 616 5468 C
663 5411 750 5468 69.

503 5479 625 5558 e)'C.
664 5479 829 5555 1,22.

482 5194 506 5557 ξ

2180 3317 2413 3374 bilitum
2434 3324 2539 3387 est,
2559 3315 2952 3374 celebrandam
2979 3315 3092 3371 sibi
3107 3321 3376 3372 sumeret.
3406 3315 3631 3372 Amicis
3654 3316 3844 3387 igitur

2179 3388 2598 3460 ﬂagitantibus,
2620 3387 2998 3460 uthistoriam
3023 3387 3597 3460 Langobardorumin
3619 3387 3842 3442 ducatu

2179 3457 2567 3515 Beneventano
2589 3457 2923 3530 degentium
2952 3457 3085 3530 inde
3113 3457 3184 3530 ab
3214 3464 3345 3514 ortu
3374 3459 3778 3528 praecipueque
3807 3471 3842 3512 a

2178 3534 2430 3599 tempore
2458 3529 2712 3601 Adelgisi
2739 3529 3022 3601 principis
3047 3529 3334 3601 conderet,
3357 3542 3504 3601 opus
3517 3541 3844 3601 aggressus

2177 3606 2282 3669 est,
2303 3598 2367 3655 et
2411 3614 2522 3655 non
2562 3598 2768 3668 solum,
2805 3605 2868 3654 ut
2896 3600 3144 3654 modeste
3177 3598 3551 3670 praefaturm,
3582 3598 3839 3670 Marcum

2177 3676 2235 3725 et
2259 3673 2465 3743 Lucam
2497 3671 2876 3743 evangelistas
2927 3670 3208 3743 imitatus,
3247 3675 3429 3743 magts
3459 3669 3586 3740 qua:
3625 3669 3841 3743 auditu

2178 3741 2450 3811 precepit,
2486 3740 2811 3812 quamquae
2857 3741 2980 3812 ipse
3013 3740 3198 3812 vidit;
3253 3740 3348 3812 sed
3402 3746 3630 3812 tempus
3661 3740 3842 3795 etiam

2177 3810 2358 3883 suum
2389 3810 2816 3883 descripsitlg).
2854 3811 3008 3883 Fecit
3038 3811 3094 3865 id
3139 3810 3496 3883 posteritatis
3535 3811 3606 3866 ad
3637 3823 3844 3865 exem-

2177 3881 2356 3950 plum,
2387 3888 2444 3937 et
2471 3897 2539 3938 ex
2568 3881 2742 3952 opere
2771 3881 2896 3952 ipso
2920 3881 3106 3952 virum
3127 3881 3348 3950 justum
3374 3881 3696 3952 piumque,
3733 3894 3842 3952 pa-

2175 3952 2302 4008 tria:
2335 3951 2818 4019 amantissimum,
2851 3951 3118 4008 miserias
3154 3953 3280 4020 ejus
3325 3951 3574 4007 dissidio
3603 3951 3838 4021 princi-

2177 4037 2310 4091 pum
2345 4029 2500 4080 ortas
2537 4037 2604 4079 ex
2651 4023 2856 4079 intimo
2885 4022 3404 4094 cordelugentem,
3459 4026 3578 4078 tum
3635 4022 3840 4094 gloriae

2174 4094 2300 4162 ejus
2323 4094 2478 4163 pacis
2500 4101 2554 4150 et
2579 4094 2912 4150 securitatis
2928 4092 3420 4164 studiosissimum
3446 4092 3726 4164 agnoscat
3741 4092 3833 4162 (ἡ).

2175 4164 2449 4220 Substitit
2479 4165 2538 4220 in
2575 4165 2820 4222 historia
2850 4164 2987 4220 anni
3016 4163 3156 4234 889;
3202 4163 3441 4234 fortasse
3469 4163 3652 4218 morte
3685 4177 3839 4232 prae-

2175 4240 2398 4306 ventus,
2425 4250 2556 4292 cum
2577 4250 2636 4292 se
2662 4249 2752 4291 res
2777 4235 3048 4306 Widonis
3061 4240 3118 4290 et
3145 4233 3470 4306 Berengarii
3492 4234 3838 4289 additurum

2181 4305 2240 4359 in
2273 4305 2383 4360 fine
2412 4307 2603 4375 operis
2635 4306 2994 4376 promisisset
3015 4304 3091 4431 (ai.

2251 4376 2418 4431 Liber
2444 4391 2475 4431 a
2493 4391 2612 4431 com
2625 4377 2889 4431 pluribus
2904 4389 3050 4431 saecu
3079 4392 3091 4431 4

2251 4376 2418 4431 Liber
2444 4375 2889 4446 acompluribus
2904 4375 3244 4432 saeculorum
3274 4389 3332 4447 x,
3359 4389 3413 4447 xi
3445 4381 3501 4431 et
3517 4389 3600 4430 xu
3635 4375 3840 4431 ineun-

2180 4446 2258 4502 tis
2282 4447 2664 4516 scriptoribus
2691 4447 2750 4502 in
2769 4447 3094 4503 subsidium
3117 4446 3371 4516 vocatus,
3393 4446 3448 4502 in
3475 4459 3588 4502 uno
3606 4451 3838 4502 tantum

2177 4487 2664 4573 é'd’dié’é'"§2i|2}3‘§
2693 4487 3377 4574 "ama‘mamia
3419 4487 3690 4582 ’ἐξω-διδ,
3745 4487 3834 4572 ἒἱὸ

2180 4593 2373 4659 nostra
2403 4602 2584 4659 usque
2613 4594 2866 4658 tempora
2901 4589 3146 4659 devenit.
3180 4588 3518 4645 Asservatur
3541 4588 3652 4643 iste
3675 4583 3751 4658 (4)
3779 4588 3840 4642 in

2179 4657 2526 4732 bibliotheca
2558 4657 2826 4732 vaticana
2852 4672 2906 4714 n.
2949 4657 3083 4732 5004
3120 4659 3402 4732 signatus,
3435 4663 3492 4732 e_t
3519 4671 3693 4713 verus
3723 4657 3843 4732 om-

2180 4729 2342 4800 nium
2364 4734 2476 4784 tam
2513 4730 2775 4786 codicum
2809 4729 3202 4787 recentiorum
3221 4730 3419 4800 quales
3455 4729 3647 4800 Romae
3673 4733 3734 4784 et
3776 4729 3836 4784 in

2181 4798 2441 4856 inferiori
2465 4800 2632 4856 Italia
2659 4803 2904 4869 exstant,
2946 4814 3116 4870 quam
3140 4797 3462 4856 editionum
3488 4797 3620 4855 fons
3648 4813 3841 4870 agno—

2178 4871 2381 4927 scitur.
2405 4872 2544 4942 Nam
2573 4876 2876 4942 antequam
2895 4868 3134 4928 Ramam
3160 4870 3479 4939 aﬁ‘erretur,
3507 4883 3662 4942 anno
3694 4868 3837 4925 4560

2175 4942 2458 5012 aMarino
2499 4940 3022 5012 Freccia'exceptus
3053 4948 3159 5010 est,
3205 4943 3375 5011 cujus
3401 4940 3615 5012 deinde
3635 4953 3840 5012 exem—

2177 5011 2302 5080 plar
2337 5013 2662 5082 complures
2693 5011 2804 5082 viri
2851 5010 3089 5068 litterati
3129 5010 3559 5082 exscripserunt
3597 5010 3682 5082 ω.
3736 5013 3838 5066 Est

2177 5080 2640 5140 membranaceus
2670 5082 2730 5139 in
2755 5080 2834 5154 4ο,
2865 5083 3060 5140 littera
3090 5080 3514 5156 Langobardica
3537 5080 3831 5148 exaratus,

2335 5203 2417 5260 Cf.
2442 5220 2497 5277 _c.
2528 5204 2618 5277 24,
2650 5202 2712 5262 34
2743 5209 2800 5262 et
2822 5205 3128 5262 secundam
3160 5205 3420 5262 historiae
3445 5209 3683 5275 partem.

2335 5203 2417 5260 Cf.
2446 5220 2497 5262 c.

2244 5201 2403 5420 ἓξὲξ
2431 5275 2524 5420 9:4.

2245 5417 2510 5490 (i)C.82.
2712 5489 2719 5490 7
2778 5489 2786 5490 7
2949 5487 2963 5490 7
3292 5489 3303 5490 7
3430 5435 3442 5444 '

2333 5419 2792 5554 $id?l’eregrini
2823 5487 3210 5560 praefationem
3240 5489 3307 5545 ad
3341 5489 3824 5555 Erchembertum,
