4058 6154
416 269 524 332 747

1465 257 1942 318 ERCHEMBERTI
1979 249 2414 309 CASSINENSIS
2453 254 2760 310 MONACllI

3703 249 3815 308 71-8

422 406 580 460 taxat
625 399 798 456 Marci
867 399 1141 466 Lucmque
1200 390 1675 462 evangelistarum
1737 379 2058 452 praeconiis,
2085 378 2142 436 A
2170 378 2328 432 bium
2355 383 2631 450 statuens,
2661 379 2834 449 idque
2850 377 2958 435 sub
2974 380 3104 448 jure
3121 377 3269 433 beati
3299 377 3588 433 Benedicti
3611 377 3819 466 inper-

424 493 522 564 qui
563 489 799 545 auditus
838 485 1030 555 potius
1073 495 1241 552 quam
1283 480 1444 534 visus
1489 473 1791 545 Evangelia
1835 467 2061 526 descri—

459 581 674 635 serunt.

419 596 806 734 ps2:..l1nltgitur
848 664 1010 729 capta
1033 671 1098 712 ac
1128 655 1431 724 subjugata
1467 650 1633 706 Cario
1680 647 1847 702 Italia
1896 640 2058 712 (774),

420 755 689 824 Pipinum
720 750 903 806 ﬁlium
931 761 1098 803 suum
1133 744 1271 799 illuc
1297 741 1324 782 2
1360 754 1541 812 regem
1561 735 1883 796 constituit.
1913 745 2065 831 cum-

421 857 531 914 que
571 842 673 896 illo
703 839 950 908 stipatus
992 831 1400 890 innumerabili
1443 827 2064 914 exercituumAagm‘ine

419 906 680 987 crebrius
709 906 1083 982 Beneventum
1114 921 1263 976 adiit
1290 916 1710 988 capessendam.
1747 906 1910 994 (781.)
1939 910 2061 977 Quo

418 1026 670 1088 tempore
693 1015 942 1080 Arichis,
972 1025 1141 1083 gener
1156 1011 1268 1077 jam
1303 1007 1406 1062 fati
1431 1000 1856 1088 Desiderii,vir

419 1083 815 1163 stianissimus
840 1106 896 1156 et
923 1099 1085 1154 valde
1117 1095 1366 1152 illustris
1390 1098 1562 1163 atque
1593 1091 1652 1144 in
1684 1087 1854 1143 rebus
1884 1083 2062 1139 belli—

419 1194 507 1250 cis
548 1189 1007 1256 strenuissimus,
1063 1187 1438 1240 Beneventum
1489 1179 1761 1235 ducatum
1810 1171 2054 1243 regebat.

417 1282 527 1351 Qui
554 1267 796 1336 audiens
815 1290 910 1332 eos
933 1286 1103 1342 super
1125 1285 1184 1328 se
1203 1270 1527 1338 adventare,
1560 1261 1882 1333 Neapolitis
1907 1259 2005 1330 qui
2028 1271 2061 1312 a

419 1364 807 1439 Langobardis
835 1361 1065 1418 diutina
1102 1356 1472 1428 oppressione
1511 1351 1743 1439 fatigati
1768 1351 1932 1439 erant
1955 1359 2064 1439 pa-

417 1433 566 1512 cemv
581 1453 774 1518 cessit,
818 1452 1016 1520 eisque
1052 1447 1241 1502 diaria
1265 1456 1295 1486 ει
1320 1445 1380 1499 in
1420 1441 1655 1498 Liburia
1678 1437 1703 1479 3
1733 1435 1761 1477 ι)
1791 1443 1848 1492 et
1875 1433 2064 1491 Cimi—

419 1543 565 1600 terio
591 1554 615 1583 ο
649 1555 748 1611 per
773 1539 990 1595 incolas
1024 1535 1242 1592 sancita
1262 1532 1287 1576 4
1315 1531 1686 1601 dispensione
1726 1524 2062 1582 misericor—

418 1633 529 1688 diae
557 1631 682 1686 vice
707 1627 1032 1694 distribuit,
1066 1622 1344 1683 titubans,
1379 1625 1444 1676 ut
1471 1617 1659 1675 conici
1692 1615 1858 1683 valet,
1891 1627 1960 1668 ne
1989 1611 2060 1665 ab

2171 475 2403 537 petuum
2434 467 2675 522 tradidit
2701 469 3160 537 permanendum.
3193 467 3344 522 Patri
3370 466 3541 521 etiam
3566 465 3733 520 modo
3759 465 3814 518 in

2170 557 2464 612 territorio
2501 556 2727 611 Alifano
2761 551 2808 597 14
2831 557 2946 611 Deo
2975 556 3211 611 amabili
3255 557 3381 610 viro
3419 554 3724 610 ecclesiam
3759 552 3819 606 in

2174 646 2441 700 honorem
2473 644 2699 699 Domini
2730 645 3040 700 Salvatoris
3068 644 3411 713 construxit,
3441 647 3497 698 et
3528 646 3822 697 monaste—

2173 733 2320 787 rium
2352 732 2668 802 puellarum
2702 733 2978 802 instituit,
3013 739 3185 802 atque
3213 732 3425 787 ditioni
3459 730 3817 785 sanctissimi

2169 821 2454 876 Vincentii
2489 822 2756 890 martyris
2784 821 3063 877 subdidit.

2241 907 2292 964 4.
2344 909 2620 966 Defuncto
2679 911 2889 965 dehinc
2952 910 3241 978 Arichiso,
3311 909 3558 965 consilio
3619 907 3819 963 habito

2171 999 2687 1054 Beneventanorum
2747 1004 3034 1070 magnates
3090 999 3136 1042 15
3184 999 3398 1070 legatos
3449 997 3518 1052 ad
3581 996 3818 1051 Karlum

2169 1087 2532 1142 destinarunt
2562 1087 2761 1143 multis
2791 1102 2918 1143 eum
2947 1088 3268 1160 ﬂagitantes
3297 1085 3579 1157 precibus,
3615 1091 3680 1140 ut
3705 1087 3820 1154 jam

2171 1173 2349 1232 fatum
2394 1177 2786 1232 Grimoaldum
2819 1190 2985 1248 quem
3011 1191 3044 1232 a
3086 1177 3344 1248 genitore
3391 1175 3653 1231 obsidem
3704 1175 3821 1243 jam

2172 1265 2392 1333 pridem
2424 1264 2471 1308 16
2501 1270 2828 1335 susceperat
2857 1265 2969 1320 sibi
3007 1279 3244 1336 praeesse
3273 1265 3582 1321 concedere
3607 1263 3825 1334 digna-

2171 1358 2346 1407 retur.
2380 1353 2634 1422 Quorum
2667 1353 3048 1422 petitionibus
3075 1367 3172 1409 rex
3196 1366 3456 1409 annuens
3485 1352 3613 1406 illic
3643 1350 3831 1406 conti-

2172 1454 2286 1496 nuo
2305 1441 2638 1510 prmdictum
2665 1442 2913 1498 contulit
2929 1442 3138 1513 virum,
3161 1441 3454 1511 simulque
3470 1441 3568 1510 jus
3587 1439 3826 1512 regendi

2173 1529 2533 1600 principatus
2563 1530 2808 1601 largitus
2837 1536 2940 1601 est,
2976 1536 3060 1587 set
3095 1532 3259 1601 prius
3292 1544 3421 1587 eum
3462 1533 3828 1584 sacramento

2173 1617 2501 1687 hujusmodi
2539 1619 2743 1690 vinxit,
2777 1625 2842 1674 ut
2874 1619 3372 1690 Langobardorum
3417 1621 3671 1672 mentum
3708 1622 3832 1671 ton-

417 1733 614 1776 eorum
644 1716 917 1772 versutiis
942 1689 1141 1770 Franci
1172 1711 1394 1766 aditum
1427 1705 1759 1762 introeundi
1788 1705 2059 1758 Beneven-
2092 1689 2146 1750 Β
2170 1707 2292 1761 deri
2335 1705 2560 1777 faceret,
2606 1689 2792 1762 captas
2834 1721 2964 1762 γει-ο
2999 1689 3382 1777 hummosque
3427 1706 3517 1762 sui
3567 1704 3830 1760 nominis

416 1813 538 1863 tum
588 1803 959 1875 repperirent.
1002 1797 1168 1871 (787.)
1213 1799 1395 1867 Super
1437 1797 1813 1850 Beneventum
1861 1792 2056 1845 autem

420 1895 641 1951 Gallico
691 1891 945 1948 exercitu
994 1887 1355 1959 perveniente
1401 1885 1424 1927 ὖ
1474 1882 1784 1953 przedictus
1829 1876 2063 1934 Arichis

421 1981 646 2037 viribus
657 1979 871 2050 quibus
886 1976 1069 2050 valuit
1086 1976 1270 2045 primo
1284 1973 1510 2030 fortiter
1526 1969 1760 2038 restitit,
1781 1970 2064 2037 postremo

423 2074 632 2138 autem,
674 2067 885 2122 acriter
932 2063 1328 2135 prmliantibus
1367 2061 1632 2117 universa
1665 2058 1734 2112 ad
1767 2056 1948 2109 instar
1975 2053 2067 2106 lo—

424 2161 718 2214 custarum
751 2155 942 2210 radice
967 2158 1134 2208 tenus
1167 2149 1624 2217 corrodentibus,
1651 2144 1833 2215 magis
1851 2142 2066 2196 civium

427 2245 600 2301 saluti
634 2257 803 2314 quam
846 2242 1155 2297 liberorum
1186 2238 1483 2295 affectibus
1523 2235 1851 2304 consulens,
1883 2229 2070 2302 gemi-

424 2331 578 2389 na56
608 2331 831 2387 soboles
862 2329 985 2385 vice
1025 2328 1278 2400 pigneris
1313 2328 1427 2395 jam
1467 2325 1622 2380 dicto
1663 2321 1904 2378 tradidit
1943 2319 2070 2372 Cae—

429 2423 567 2492 sari,
600 2418 707 2476 hoc
736 2425 822 2474 est
843 2417 1234 2473 Grimoaldum
1275 2420 1332 2470 et
1358 2413 1739 2480 Adelchisam,
1781 2406 2070 2476 simulque
2124 2458 2144 2475 ,,

429 2515 699 2566 cunctum
757 2507 1090 2561 thesaurum
1143 2517 1310 2558 suum
1345 2517 1456 2573 ,ex
1508 2501 1722 2572 quibus
1767 2493 2072 2552 Adelchisa

432 2595 610 2651 multa
654 2607 782 2649 cum
823 2605 985 2662 prece
1029 2590 1260 2660 proprio
1300 2589 1566 2644 restituta
1612 2601 1716 2642 suo
1753 2585 2067 2656 7genitori,

429 2681 821 2738 Grimoaldum
858 2692 988 2734 vero
1031 2692 1220 2732 secum
1265 2690 1520 2732 remeans
1557 2674 1764 2733 detulit
1795 2673 2028 2744 Aquis8
2053 2727 2068 2755 ν

433 2770 641 2827 collata
668 2767 899 2823 Arichis
932 2779 1064 2836 pace
1093 2765 1200 2820 sub
1230 2763 1437 2821 ﬁndere
1473 2767 1782 2835 pensionis.

504 2857 558 2914 3.
581 2860 832 2913 Nanctus
864 2856 1057 2925 itaque
1084 2853 1228 2908 hanc
1258 2855 1631 2926 occasionem,
1664 2863 1738 2929 et,
1775 2864 1837 2914 ut
1866 2861 1944 2917 ita
1973 2863 2076 2918 di—

435 2961 579 3016 cam,
613 2947 955 3000 Francorum
997 2941 1235 2998 territus
1265 2946 1418 2998 metu
1443 2942 1469 2984 9
1497 2985 1510 3014 ,
1540 2943 1691 3000 inter
1720 2948 2026 3006 Lucaniam
2051 2953 2076 2990 ά

433 3041 492 3091 et
517 3033 819 3089 Nuceriam
838 3040 860 3067 ο
885 3030 1079 3087 urbem
1108 3030 1554 3088 munitissimam
1580 3038 1637 3088 et
1666 3036 1985 3103 przecelsam
2014 3040 2076 3095 in

437 3123 666 3178 modum
693 3119 971 3177 tutissimi
999 3119 1173 3175 castri
1202 3119 1349 3174 idem
1374 3120 1605 3176 Arichis
1635 3135 1801 3191 opere
1833 3125 2076 3183 mirifico

435 3210 722 3266 exstruxit
761 3208 824 3279 f.,
851 3223 961 3278 que
985 3206 1033 3250 ιο
1063 3211 1291 3276 propter
1337 3221 1489 3263 mare
1527 3211 1882 3284 contiguum,
1925 3216 2074 3284 quod

435 3299 621 3355 salum
645 3297 984 3367 appellatur,
1007 3301 1062 3350 et
1088 3295 1159 3351 ob
1181 3295 1365 3351 rivum
1389 3297 1487 3365 qui
1519 3298 1738 3354 dicitur
1768 3302 2000 3358 Lirinus
2022 3315 2054 3357 ες

434 3399 506 3442 ex
533 3385 761 3441 duobus
789 3388 1122 3454 corruptum
1143 3387 1162 3404 '
1186 3383 1482 3440 vocabulis
1509 3386 1806 3442 Salernum
1835 3391 2082 3459 appella-

437 3481 534 3531 tur
563 3473 632 3544 “,
650 3481 798 3530 esset
817 3473 1040 3530 scilicet
1066 3472 1325 3528 futurum
1348 3474 1683 3542 priesidium
1713 3478 2078 3548 principibus

437 3563 946 3632 superadventante
984 3561 1239 3616 exercitu
1283 3562 1677 3617 Beneventum.
1720 3564 1841 3632 [Hic
1867 3565 1916 3608 12
1937 3567 2080 3622 Ari-

432 3651 562 3707 chis
587 3652 809 3721 primus
835 3648 1129 3704 Beneventi
1158 3649 1473 3717 principem
1496 3662 1554 3703 se
1574 3651 1849 3720 appellari
1875 3655 2073 3727 jussit,

435 3753 563 3794 cum
592 3751 773 3808 usque
801 3737 869 3791 ad
907 3736 1080 3790 istum
1109 3735 1208 3804 qui
1243 3736 1555 3791 Benevento
1588 3738 1932 3806 praefuerant
1959 3744 2077 3799 du—

433 3841 527 3882 ces
546 3826 970 3894 appellarentur
997 3841 1011 3892 ;
1036 3836 1163 3876 nam
1189 3828 1245 3877 et
1264 3823 1334 3877 ab
1357 3823 1644 3893 episc0pis
1667 3829 1802 3900 ungi
1831 3845 1891 3884 se
1917 3829 2072 3904 fecit,

430 3919 489 3969 et
507 3925 772 3968 coronam
794 3910 907 3965 sibi
937 3911 1232 3978 imposuit,
1259 3916 1429 3981 atque
1456 3912 1514 3967 in
1537 3913 1662 3969 suis
1691 3918 1867 3974 cartis
1890 3937 1902 3972 :
1928 3924 2075 3974 scri—

422 4005 583 4070 ptum
613 4001 674 4052 in
702 3999 1067 4052 sacratissimo
1098 4004 1281 4051 nostro
1319 4000 1553 4071 palatio,
1590 4003 1648 4058 in
1681 4005 1846 4061 finem
1893 4009 2072 4064 scribi

431 4084 742 4160 praecepiL]
789 4084 939 4140 Infra
981 4087 1274 4140 Beneventi
1316 4094 1505 4144 autem
1551 4094 1757 4149 mcenia
1795 4097 2070 4166 templum

427 4175 669 4230 Domino
690 4173 1190 4244 opulentissimum
1212 4188 1277 4230 ac
1297 4176 1763 4236 decentissimum
1787 4185 2066 4255 condidit,

429 4263 578 4333 quod
603 4264 797 4318 Graeco
819 4261 1093 4318 vocabulo
1117 4261 1300 4334 Agian
1329 4264 1600 4334 Sephian,
1630 4267 1684 4323 id
1709 4275 1794 4324 est
1814 4280 2064 4328 sanctam

2173 1795 2600 1850 characteribus
2621 1795 2969 1866 superscribi
2998 1809 3217 1865 semper
3231 1795 3461 1864 juberet
3484 1792 3550 1846 Π.
3578 1793 3831 1860 Accepta

2173 1883 2420 1953 denique
2437 1883 2671 1939 licentia
2690 1884 2992 1953 repedandi
3011 1882 3353 1938 aBeneventi
3371 1881 3599 1937 civibus
3619 1892 3832 1948 magno

2176 1983 2303 2024 cum
2336 1971 2544 2040 gaudio
2575 1977 2844 2040 exceptus
2882 1976 2984 2026 est.
3021 1972 3080 2025 In
3113 1984 3248 2026 suos
3271 1969 3319 2011 18
3343 1981 3548 2023 aureos
3577 1969 3829 2036 ejusque

2178 2057 2407 2112 nomine
2447 2058 2791 2127 aliquandiu
2836 2057 3072 2130 figurari
3122 2056 3359 2127 placuit,
3408 2055 3651 2110 schedas
3694 2066 3833 2108 vero

2179 2145 2452 2200 similiter
2488 2146 2785 2216 aliquanto
2819 2146 2998 2214 jussit
3035 2144 3255 2200 exarari
3297 2151 3569 2213 tempore,
3602 2142 3836 2212 reliqua

2179 2239 2367 2288 autem
2392 2249 2492 2302 pro
2510 2235 2728 2290 nichilo
2749 2235 2914 2290 duvit
2931 2235 3277 2290 observanda
3297 2252 3310 2286 :
3333 2247 3459 2288 mox
3483 2231 3837 2287 rebellionis

2174 2322 2433 2392 jurgium
2473 2321 2744 2378 initiavit.

2344 2411 2455 2466 Hae
2497 2411 2668 2465 etiam
2713 2415 3043 2480 tempestate
3087 2410 3235 2465 idem
3274 2409 3555 2465 Grimoalt
3605 2413 3839 2478 neptem

2178 2498 2423 2569 Augusti
2445 2499 2789 2554 Achivorum
2813 2500 2858 2541 ιθ
2878 2499 2934 2554 in
2957 2499 3289 2569 eonjugium
3307 2498 3575 2569 sumpsit,
3599 2498 3843 2552 nomine

2183 2587 2468 2642 Wantiam
2498 2606 2512 2656 ;
2541 2593 2626 2643 set
2654 2589 2926 2658 nescitur,
2980 2601 3147 2658 quam
3189 2587 3261 2643 ob
3301 2601 3416 2642 rem
3456 2587 3524 2642 ad
3575 2585 3841 2642 fructum

2183 2675 2419 2730 minime
2465 2677 2736 2744 pervenit.
2782 2679 2842 2730 In
2893 2681 3114 2732 tantum
3163 2677 3315 2731 enim
3355 2675 3552 2731 odium
3606 2675 3845 2744 primus

2182 2777 2378 2818 eorum
2418 2764 2621 2820 avidus
2664 2765 2929 2834 prorupit
2971 2779 3149 2836 amor,
3193 2769 3257 2820 ut
3295 2770 3481 2820 sumta
3531 2764 3845 2819 occasione

2183 2853 2527 2909 Francorum
2566 2854 3015 2924 circumquaque
3058 2868 3118 2909 se
3159 2853 3637 2924 repugnancium,
3682 2866 3846 2908 more

2185 2939 2457 2997 Hebreico
2499 2948 2698 3011 sponte
2727 2955 2847 2997 eam
2889 2955 2922 2997 a
2965 2955 3024 2997 se
3062 2945 3442 3012 sequestraret
3469 2959 3483 3011 ς
3507 2941 3644 2994 dato
3685 2941 3747 2995 ei
3783 2940 3848 2994 li-

2103 3010 2152 3076 C
2185 3028 2333 3085 bello
2376 3010 2626 3102 repudii,
2659 3031 2727 3086 ad
2767 3031 3030 3100 proprios
3065 3010 3212 3086 lares
3239 3044 3360 3086 eam
3398 3030 3452 3085 vi
3492 3030 3840 3085 transvexit.

2185 3120 2298 3174 Hoc
2333 3120 2563 3189 quidem
2606 3119 2814 3174 callide
2850 3120 2984 3175 licet
3022 3120 3222 3191 egerit,
3265 3118 3600 3174 etferitatem
3644 3124 3844 3174 tamen

2186 3209 2645 3276 supradictarum
2678 3208 3048 3264 barbararum
3079 3207 3336 3280 gentium
3367 3208 3562 3262 sedare
3593 3207 3846 3262 minime

2187 3296 2406 3366 quivit;
2429 3311 2553 3351 nam
2574 3297 2808 3352 tellures
2823 3299 3180 3353 Teatensium
3199 3303 3254 3351 et
3271 3297 3440 3351 urbes
3455 3310 3486 3351 a
3503 3297 3783 3352 dominio
3797 3297 3848 3340 20

2187 3384 2704 3442 Beneventanorum
2739 3392 2873 3441 tunc
2899 3386 3203 3442 subtractae
3233 3391 3371 3442 sunt
3395 3399 3576 3454 usque
3607 3386 3667 3439 in
3706 3401 3850 3456 pne-

2188 3488 2336 3543 sens,
2380 3489 2481 3530 nec
2521 3489 2631 3530 non
2666 3480 2721 3530 et
2755 3476 3011 3530 Nuceriae
3052 3475 3190 3531 urbs
3227 3480 3364 3530 tunc
3402 3480 3564 3544 capta
3597 3480 3712 3544 est,
3763 3482 3849 3531 set

2187 3563 2448 3619 celeriter
2473 3578 2504 3618 a
2529 3563 2644 3620 fato
2675 3565 3004 3620 Grimoaldo
3034 3564 3319 3634 acquisita
3344 3570 3429 3618 est
3451 3561 3614 3635 (802),
3638 3578 3716 3635 ap
3728 3579 3850 3634 pre.

2191 3653 2364 3708 henso
2398 3653 2456 3707 in
2482 3668 2544 3708 ea
2570 3654 2916 3709 Guinichiso
2945 3655 3090 3710 duce
3117 3653 3528 3723 Spolitensium
3562 3667 3696 3708 cum
3730 3668 3847 3710 om-

2188 3741 2360 3797 nibus
2394 3741 2768 3799 bellatoribus
2801 3742 2947 3798 inibi
2982 3743 3238 3812 repertis.

2255 3830 2306 3886 6.
2342 3832 2685 3902 Frequenter
2715 3837 2901 3888 autem
2943 3833 3149 3888 Karlus
3183 3846 3312 3888 cum
3343 3832 3570 3888 cunctis
3605 3832 3840 3902 liberis,

2187 3933 2329 3990 quos
2356 3921 2470 3990 jam
2501 3934 2658 3992 reges
2687 3921 3083 3992 constituerat,
3109 3927 3318 3977 etcum
3353 3921 3632 3977 immenso
3664 3921 3848 3978 bella-

2185 4013 2373 4063 torum
2403 4009 2627 4080 agmine
2656 4010 3030 4065 Beneventum
3065 4011 3431 4081 praaliaturus
3455 4011 3838 4082 aggreditur;

2184 4103 2288 4164 set,
2320 4099 2431 4153 Deo
2456 4098 2777 4153 decertante
2807 4112 2906 4168 pro
2934 4098 3118 4168 nobis,
3144 4099 3252 4154 sub
3283 4100 3450 4169 cujus
3471 4099 3662 4154 adhuc
3692 4100 3843 4170 regi-

2183 4185 2335 4240 mine
2360 4185 2708 4257 fovebamur,
2742 4186 3267 4243 innumerabilibus
3290 4188 3358 4242 de
3379 4188 3507 4242 suis
3533 4194 3688 4256 peste
3719 4203 3843 4257 per-

2180 4274 2344 4344 ditis,
2373 4288 2501 4330 cum
2531 4274 2729 4343 paucis
2759 4287 3168 4346 nonnunquam
3203 4276 3490 4347 inglorius
3521 4276 3844 4332 reverteba-

424 4350 786 4438 sapientiam,
849 4350 1167 4407 nominavit
1212 4368 1226 4421 ;
1267 4352 1630 4423 ditatumque
1685 4358 2064 4428 amplissimis
2093 4335 2148 4397 D
2182 4367 2292 4418 tur.
2331 4335 2487 4418 Unde
2517 4335 2727 4418 factum
2759 4370 2865 4435 est,
2899 4371 2963 4419 ut
2994 4335 3198 4434 Fipino
3241 4335 3508 4438 regnante
3541 4366 3600 4420 in
3625 4365 3838 4420 Ticino

418 4437 654 4508 praediis
689 4444 746 4494 et
773 4439 950 4494 variis
991 4439 1199 4508 epibus
1238 4439 1766 4499 sanctimonialium
1794 4447 1843 4488 I3
1867 4461 2066 4506 coeno-

2179 4458 2234 4508 et
2262 4451 2592 4508 Grimoaldo
2639 4453 2978 4522 praesidente
3014 4454 3072 4508 in
3108 4455 3440 4522 Benevento,
3487 4453 3838 4525 frequentis-

1797 4570 2026 4628 VARl/E
2065 4576 2454 4632 LECTIONES.

493 4661 512 4704 1
543 4663 782 4742 capitum
810 4659 1130 4743 divisionem
1161 4657 1340 4743 Codem
1367 4665 1492 4742 gnte
1520 4669 1686 4743 caput
1716 4663 1783 4743 41
1811 4669 1962 4743 haud
1989 4676 2256 4739 agnoscit.
2344 4674 2368 4716 ’δ
2397 4677 2484 4729 Ita.
2514 4680 2611 4729 aut
2643 4674 2764 4730 illis
2799 4673 2848 4730 1.
2883 4676 3079 4731 habere
3107 4679 3326 4732 videtur
3356 4697 3373 4743 ;
3407 4678 3533 4734 illic
3561 4677 3612 4733 '2.

3705 4679 3732 4722 3
3764 4679 3834 4734 Il'

419 4729 636 4822 liguria
667 4747 712 4822 (Ξ.
747 4729 1660 4822 quicgnstqnfer:_ligurianscrfoit.
1748 4736 1773 4780 4
1801 4729 2070 4822 δὶξηίξξῐὲὶῖε
2109 4762 2121 4798 :
2156 4762 2202 4822 c._
2279 4744 2315 4822 _5
2379 4746 2524 4822 deest
2561 4744 2610 4800 1.
2653 4729 2911 4822 manuﬁ.
3000 4729 3030 4791 ὅ
3052 4729 3321 4822 iuit
3357 4729 3826 4822 1‘15)";"gemina_e-

414 4799 443 4842 7
475 4797 542 4855 ἑιι
575 4818 632 4881 :.:
658 4816 714 4881 ις.
750 4797 862 4881 ἢλῆ
890 4797 970 4881 2.Δ
1031 4798 1058 4840 3
1085 4812 1117 4853 a
1149 4797 1335 4881 quo'c.
1423 4801 1625 4881 9_met:
1658 4825 1672 4881 ξ
1708 4825 1752 4881 e.

417 4870 766 4982 (gumcivitas
785 4868 838 4924 2.
950 4870 970 4889 '
994 4868 1222 4952 corruet
1252 4889 1288 4925 ::
1323 4890 1366 4926 c.

417 4943 454 4984 1‘
505 4942 606 4984 Hm
639 4956 810 4984 “enim
848 4945 1115 4984 nrmmmt.
1153 4958 1219 4984 nm
1261 4939 1293 4984 Α
1362 4956 1366 4984 ι

1846 4812 1890 4853 ιυ
1921 4814 1995 4890 ita
2034 4812 2056 4890 1
2094 4817 2372 4885 scripsisse
2412 4818 2665 4890 videtur;
2697 4817 2945 4890 munivit
2973 4825 3029 4875 et
3067 4833 3213 4876 nova
3248 4812 3486 4875 fabrica
3517 4812 3823 4890 reparavit,

555 4873 1222 4960 !0_i‘(i_9§?-___'f§§fuﬂ
1252 4889 1288 4960 τέ
1323 4890 1406 4960 Co”
1439 4873 1504 4960 ﬁ“
1534 4878 1615 4930 ita
1706 4878 1772 4948 ‘?;
1803 4883 2174 4960 appellatum,
2196 4873 2381 4957 ‘quam
2408 4873 2697 4943 civitatem
2732 4889 2816 4943 sic
2841 4873 2995 4945 idem
3015 4873 3737 4960 prihcépﬁdxliiadaﬁi‘dt
3759 4873 3820 4946 ’ἐξ

502 4941 812 5026 ῌξςιμξςῖμς
848 4941 1115 5026 ρηθεδξδιξῑῐ
1153 4958 1219 4995 σω
1244 4939 1311 5026 ,4.
1362 4942 1516 5026 (1.9.,
1559 4950 1655 5026 (ηιξ
1693 4939 3438 5026 ω’θεέἨρνονιὲῂέρρῖέᾶ’ἐξιιὶὶίξιίῖἆᾱέιιᾶὴὶιίῖὲνῖἷόάὲᾶῗᾘὶνέᾶίιὶξ

3531 4964 3577 5006 13
3607 4968 3687 5016 ita.
3721 4961 3772 5018 4.
3809 4979 3823 5029 ;

414 5011 1538 5104 gﬁpggmonilglﬁkAﬁ‘igtffftittyeyum
1557 5011 2074 5104 ﬁgatur-,‘predicto
2103 5011 2292 5104 alifanp
2397 5011 2807 5104 aliphanoii.
2831 5011 2886 5104 15
2906 5011 3311 5104 iiag'ﬁiih'ies?
3324 5011 3438 5104 miti
3461 5037 3538 5088 ita
3565 5011 3781 5088 adﬁci;-

414 5083 794 5175 pari‘dAigeclu_1‘7
817 5083 1279 5175 jubeor‘etumugosJ
1291 5085 1508 5175 Salerni
1541 5083 1892 5175 Agherent‘iae
1922 5102 1977 5150 et
1999 5098 2220 5154 Consim
2247 5083 2511 5155 funditus
2535 5083 2826 5157 everteret.
2859 5083 3380 5175 Αᾶξὲῖῆῖῖῗᾶᾗίίρω
3403 5103 3457 5162 3.

413 5152 465 5196 19
493 5153 785 5209 acivorum
813 5170 857 5207 c.
945 5152 1000 5196 20
1032 5156 1111 5207 ita
1150 5154 1202 5210 2.
1246 5156 1500 5213 dominis
1537 5157 1558 5212 1
1591 5160 1618 5212 ‘2

3551 5105 3598 5147 18
3625 5121 3735 5161 suo
3766 5123 3817 5160 ε.

2016 5240 2220 5296 NOT/E

482 5315 506 5343 ι
532 5303 859 5359 Pensiones.

482 5372 512 5415 δ
537 5375 795 5436 Leburia,
836 5379 983 5427 terra
1020 5375 1079 5428 di
1115 5375 1342 5430 Laeoro.

481 5453 508 5483 ο
537 5444 684 5516 Ager
716 5444 987 5501 Nolanus.

480 5517 506 5554 ἀ
543 5516 804 5573 Paestum.

2240 5330 2262 5356 ο
2290 5323 2519 5377 Nocera.

2247 5391 2270 5432 ι’
2304 5392 2890 5467 Arichis._Salernum
2935 5398 3052 5467 jam
3101 5403 3232 5455 ante
3274 5400 3579 5455 adventum
3629 5398 3818 5455 Caroli

2171 5463 2474 5542 munierat.
2516 5465 2597 5542 (3f.
2637 5469 2785 5542 Μοηἐ
2818 5470 2884 5542 G.
3050 5467 3099 5542 1,
3132 5469 3252 5526 118.
3286 5469 3404 5542 168,
3445 5469 3562 5527 169.

2237 5545 2269 5586 ε
2297 5534 2381 5589 Ab
2421 5537 2714 5593 occidente
2751 5539 2991 5596 Salerni.
