  <div class='ocr_page' id='page_1' title='image "/cluster/home/n/w/nwhite01/storage/ocr_20150623/129/hvd.32044054759907/380.png"; bbox 0 0 4060 6150; ppageno 0'>
   <div class='ocr_carea' id='block_1_1' title="bbox 191 260 293 322">
    <p class='ocr_par' dir='ltr' id='par_1_1' title="bbox 191 260 293 322">
     <span class='ocr_line' id='line_1_1' title="bbox 191 260 293 322; baseline -0.02 0"><span class='ocrx_word' id='word_1_1' title='bbox 191 260 293 322; x_wconf 73' lang='grc'><strong>749</strong></span> 
     </span>
    </p>
   </div>
   <div class='ocr_carea' id='block_1_2' title="bbox 1397 278 2387 353">
    <p class='ocr_par' dir='ltr' id='par_1_2' title="bbox 1397 278 2387 353">
     <span class='ocr_line' id='line_1_2' title="bbox 1397 278 2387 353; baseline 0.016 -16"><span class='ocrx_word' id='word_1_2' title='bbox 1397 278 1712 342; x_wconf 79' lang='lat' dir='ltr'><strong>HISTORIA</strong></span> <span class='ocrx_word' id='word_1_3' title='bbox 1761 288 2387 353; x_wconf 74' lang='lat' dir='ltr'><strong>LANGOBARDORUM.</strong></span> 
     </span>
    </p>
   </div>
   <div class='ocr_carea' id='block_1_3' title="bbox 3479 319 3586 382">
    <p class='ocr_par' dir='ltr' id='par_1_3' title="bbox 3479 319 3586 382">
     <span class='ocr_line' id='line_1_3' title="bbox 3479 319 3586 382; baseline 0.028 -3"><span class='ocrx_word' id='word_1_4' title='bbox 3479 319 3586 382; x_wconf 76' lang='grc'><strong>750</strong></span> 
     </span>
    </p>
   </div>
   <div class='ocr_carea' id='block_1_4' title="bbox 193 389 3587 502">
    <p class='ocr_par' dir='ltr' id='par_1_4' title="bbox 193 389 3587 502">
     <span class='ocr_line' id='line_1_4' title="bbox 193 389 3587 502; baseline 0.018 -60"><span class='ocrx_word' id='word_1_5' title='bbox 193 389 397 444; x_wconf 91' lang='lat' dir='ltr'><strong>simum</strong></span> <span class='ocrx_word' id='word_1_6' title='bbox 428 390 641 456; x_wconf 89' lang='lat' dir='ltr'><strong>bellum</strong></span> <span class='ocrx_word' id='word_1_7' title='bbox 675 400 903 451; x_wconf 79' lang='lat' dir='ltr'><strong>vexaret</strong></span> <span class='ocrx_word' id='word_1_8' title='bbox 933 397 1371 474; x_wconf 87' lang='lat' dir='ltr'><strong>Beneventanos,</strong></span> <span class='ocrx_word' id='word_1_9' title='bbox 1418 405 1498 460; x_wconf 89' lang='lat' dir='ltr'><strong>ita</strong></span> <span class='ocrx_word' id='word_1_10' title='bbox 1540 411 1604 462; x_wconf 91' lang='lat' dir='ltr'><strong>ut</strong></span> <span class='ocrx_word' id='word_1_11' title='bbox 1635 421 1735 463; x_wconf 91' lang='lat' dir='ltr'><strong>nec</strong></span> <span class='ocrx_word' id='word_1_12' title='bbox 1763 409 1832 464; x_wconf 90' lang='lat' dir='ltr'><strong>ad</strong></span> <span class='ocrx_word' id='word_1_13' title='bbox 1860 409 1917 468; x_wconf 92' lang='lat' dir='ltr'><strong>A</strong></span> <span class='ocrx_word' id='word_1_14' title='bbox 1947 412 2204 485; x_wconf 90' lang='lat' dir='ltr'><strong>quinque</strong></span> <span class='ocrx_word' id='word_1_15' title='bbox 2227 419 2389 477; x_wconf 90' lang='lat' dir='ltr'><strong>milia</strong></span> <span class='ocrx_word' id='word_1_16' title='bbox 2417 421 2532 480; x_wconf 88' lang='lat' dir='ltr'><strong>fere</strong></span> <span class='ocrx_word' id='word_1_17' title='bbox 2558 425 2854 485; x_wconf 89' lang='lat' dir='ltr'><strong>hominum</strong></span> <span class='ocrx_word' id='word_1_18' title='bbox 2879 433 3072 500; x_wconf 89' lang='lat' dir='ltr'><strong>cadem</strong></span> <span class='ocrx_word' id='word_1_19' title='bbox 3102 440 3238 493; x_wconf 91' lang='lat' dir='ltr'><strong>tunc</strong></span> <span class='ocrx_word' id='word_1_20' title='bbox 3261 439 3320 496; x_wconf 91' lang='lat' dir='ltr'><strong>in</strong></span> <span class='ocrx_word' id='word_1_21' title='bbox 3350 444 3472 498; x_wconf 88' lang='lat' dir='ltr'><strong>acie</strong></span> <span class='ocrx_word' id='word_1_22' title='bbox 3501 459 3587 502; x_wconf 91' lang='lat' dir='ltr'><strong>oc-</strong></span> 
     </span>
    </p>
   </div>
   <div class='ocr_carea' id='block_1_5' title="bbox 193 482 1832 551">
    <p class='ocr_par' dir='ltr' id='par_1_5' title="bbox 193 482 1832 551">
     <span class='ocr_line' id='line_1_5' title="bbox 193 482 1832 551; baseline 0.013 -20"><span class='ocrx_word' id='word_1_23' title='bbox 193 484 533 535; x_wconf 91' lang='lat' dir='ltr'><strong>momentum</strong></span> <span class='ocrx_word' id='word_1_24' title='bbox 554 495 661 550; x_wconf 80' lang='lat' dir='ltr'><strong>pax</strong></span> <span class='ocrx_word' id='word_1_25' title='bbox 682 482 1010 541; x_wconf 81' lang='lat' dir='ltr'><strong>interfuerit</strong></span> <span class='ocrx_word' id='word_1_26' title='bbox 1031 487 1152 543; x_wconf 88' lang='lat' dir='ltr'><strong>illis</strong></span> <span class='ocrx_word' id='word_1_27' title='bbox 1168 489 1510 549; x_wconf 80' lang='lat' dir='ltr'><strong>viventibus.</strong></span> <span class='ocrx_word' id='word_1_28' title='bbox 1533 495 1666 550; x_wconf 88' lang='lat' dir='ltr'><strong>Erat</strong></span> <span class='ocrx_word' id='word_1_29' title='bbox 1681 497 1832 551; x_wconf 92' lang='lat' dir='ltr'><strong>enim</strong></span> 
     </span>
    </p>
   </div>
   <div class='ocr_carea' id='block_1_6' title="bbox 191 569 1831 640">
    <p class='ocr_par' dir='ltr' id='par_1_6' title="bbox 191 569 1831 640">
     <span class='ocr_line' id='line_1_6' title="bbox 191 569 1831 640; baseline 0.012 -19"><span class='ocrx_word' id='word_1_30' title='bbox 191 571 426 638; x_wconf 89' lang='lat' dir='ltr'><strong>uterque</strong></span> <span class='ocrx_word' id='word_1_31' title='bbox 445 569 693 638; x_wconf 79' lang='lat' dir='ltr'><strong>juvenili</strong></span> <span class='ocrx_word' id='word_1_32' title='bbox 725 578 888 628; x_wconf 62' lang='lat' dir='ltr'><strong>aetate</strong></span> <span class='ocrx_word' id='word_1_33' title='bbox 918 575 1167 632; x_wconf 79' lang='lat' dir='ltr'><strong>nitentes</strong></span> <span class='ocrx_word' id='word_1_34' title='bbox 1192 583 1247 634; x_wconf 91' lang='lat' dir='ltr'><strong>et</strong></span> <span class='ocrx_word' id='word_1_35' title='bbox 1270 581 1339 635; x_wconf 91' lang='lat' dir='ltr'><strong>ad</strong></span> <span class='ocrx_word' id='word_1_36' title='bbox 1371 585 1780 640; x_wconf 84' lang='lat' dir='ltr'><strong>commotiones</strong></span> <span class='ocrx_word' id='word_1_37' title='bbox 1815 585 1831 628; x_wconf 85' lang='grc'><strong>1</strong></span> 
     </span>
    </p>
   </div>
   <div class='ocr_carea' id='block_1_7' title="bbox 189 654 1834 739">
    <p class='ocr_par' dir='ltr' id='par_1_7' title="bbox 189 654 1834 739">
     <span class='ocr_line' id='line_1_7' title="bbox 189 654 1834 739; baseline 0.013 -31"><span class='ocrx_word' id='word_1_38' title='bbox 189 660 239 710; x_wconf 89' lang='lat' dir='ltr'><strong>et</strong></span> <span class='ocrx_word' id='word_1_39' title='bbox 266 654 414 711; x_wconf 89' lang='lat' dir='ltr'><strong>bella</strong></span> <span class='ocrx_word' id='word_1_40' title='bbox 447 658 728 714; x_wconf 71' lang='lat' dir='ltr'><strong>declivia.</strong></span> <span class='ocrx_word' id='word_1_41' title='bbox 775 661 1018 731; x_wconf 89' lang='lat' dir='ltr'><strong>Pipinus</strong></span> <span class='ocrx_word' id='word_1_42' title='bbox 1060 670 1269 739; x_wconf 91' lang='lat' dir='ltr'><strong>autem,</strong></span> <span class='ocrx_word' id='word_1_43' title='bbox 1315 668 1499 726; x_wconf 91' lang='lat' dir='ltr'><strong>fultus</strong></span> <span class='ocrx_word' id='word_1_44' title='bbox 1544 686 1779 728; x_wconf 91' lang='lat' dir='ltr'><strong>suorum</strong></span> <span class='ocrx_word' id='word_1_45' title='bbox 1806 673 1834 714; x_wconf 75' lang='grc'>2</span> 
     </span>
    </p>
   </div>
   <div class='ocr_carea' id='block_1_8' title="bbox 189 743 1834 834">
    <p class='ocr_par' dir='ltr' id='par_1_8' title="bbox 189 743 1834 834">
     <span class='ocr_line' id='line_1_8' title="bbox 189 743 1834 834; baseline 0.013 -37"><span class='ocrx_word' id='word_1_46' title='bbox 189 743 454 812; x_wconf 66' lang='lat' dir='ltr'><strong>praesidio</strong></span> <span class='ocrx_word' id='word_1_47' title='bbox 478 745 841 822; x_wconf 90' lang='lat' dir='ltr'><strong>bellatorum,</strong></span> <span class='ocrx_word' id='word_1_48' title='bbox 852 752 976 823; x_wconf 90' lang='lat' dir='ltr'><strong>jugi</strong></span> <span class='ocrx_word' id='word_1_49' title='bbox 1009 754 1399 827; x_wconf 90' lang='lat' dir='ltr'><strong>continuoque</strong></span> <span class='ocrx_word' id='word_1_50' title='bbox 1424 760 1622 828; x_wconf 73' lang='lat' dir='ltr'><strong>przelio</strong></span> <span class='ocrx_word' id='word_1_51' title='bbox 1648 762 1834 834; x_wconf 83' lang='lat' dir='ltr'><strong>exagi-</strong></span> 
     </span>
    </p>
   </div>
   <div class='ocr_carea' id='block_1_9' title="bbox 188 831 1832 906">
    <p class='ocr_par' dir='ltr' id='par_1_9' title="bbox 188 831 1832 906">
     <span class='ocr_line' id='line_1_9' title="bbox 188 831 1832 906; baseline 0.012 -20"><span class='ocrx_word' id='word_1_52' title='bbox 188 831 336 887; x_wconf 81' lang='lat' dir='ltr'><strong>tabat</strong></span> <span class='ocrx_word' id='word_1_53' title='bbox 369 848 534 905; x_wconf 85' lang='lat' dir='ltr'><strong>eum;</strong></span> <span class='ocrx_word' id='word_1_54' title='bbox 562 837 846 895; x_wconf 88' lang='lat' dir='ltr'><strong>Grimoalt</strong></span> <span class='ocrx_word' id='word_1_55' title='bbox 880 855 1010 896; x_wconf 86' lang='lat' dir='ltr'><strong>vero</strong></span> <span class='ocrx_word' id='word_1_56' title='bbox 1045 847 1102 898; x_wconf 93' lang='lat' dir='ltr'><strong>et</strong></span> <span class='ocrx_word' id='word_1_57' title='bbox 1133 844 1469 903; x_wconf 85' lang='lat' dir='ltr'><strong>civitatibus</strong></span> <span class='ocrx_word' id='word_1_58' title='bbox 1504 831 1832 906; x_wconf 31' lang='lat' dir='ltr'><strong>munitisvet</strong></span> 
     </span>
    </p>
   </div>
   <div class='ocr_carea' id='block_1_10' title="bbox 189 922 1830 1006">
    <p class='ocr_par' dir='ltr' id='par_1_10' title="bbox 189 922 1830 1006">
     <span class='ocr_line' id='line_1_10' title="bbox 189 922 1830 1006; baseline 0.012 -31"><span class='ocrx_word' id='word_1_59' title='bbox 189 922 540 991; x_wconf 90' lang='lat' dir='ltr'><strong>primoribus</strong></span> <span class='ocrx_word' id='word_1_60' title='bbox 553 939 722 995; x_wconf 91' lang='lat' dir='ltr'><strong>quam</strong></span> <span class='ocrx_word' id='word_1_61' title='bbox 739 927 1009 997; x_wconf 90' lang='lat' dir='ltr'><strong>plurimis</strong></span> <span class='ocrx_word' id='word_1_62' title='bbox 1021 934 1400 1006; x_wconf 90' lang='lat' dir='ltr'><strong>constipatus,</strong></span> <span class='ocrx_word' id='word_1_63' title='bbox 1416 936 1830 1006; x_wconf 79' lang='lat' dir='ltr'><strong>parvipendens</strong></span> 
     </span>
    </p>
   </div>
   <div class='ocr_carea' id='block_1_11' title="bbox 185 1011 1828 1096">
    <p class='ocr_par' dir='ltr' id='par_1_11' title="bbox 185 1011 1828 1096">
     <span class='ocr_line' id='line_1_11' title="bbox 185 1011 1828 1096; baseline 0.011 -32"><span class='ocrx_word' id='word_1_64' title='bbox 185 1023 242 1064; x_wconf 91' lang='lat' dir='ltr'><strong>ac</strong></span> <span class='ocrx_word' id='word_1_65' title='bbox 270 1011 570 1081; x_wconf 84' lang='lat' dir='ltr'><strong>despectui</strong></span> <span class='ocrx_word' id='word_1_66' title='bbox 610 1015 826 1071; x_wconf 87' lang='lat' dir='ltr'><strong>ducens</strong></span> <span class='ocrx_word' id='word_1_67' title='bbox 862 1017 1027 1074; x_wconf 88' lang='lat' dir='ltr'><strong>illius</strong></span> <span class='ocrx_word' id='word_1_68' title='bbox 1061 1023 1533 1096; x_wconf 82' lang='lat' dir='ltr'><strong>persecutionem,</strong></span> <span class='ocrx_word' id='word_1_69' title='bbox 1576 1025 1635 1080; x_wconf 88' lang='lat' dir='ltr'><strong>in</strong></span> <span class='ocrx_word' id='word_1_70' title='bbox 1667 1025 1828 1083; x_wconf 91' lang='lat' dir='ltr'><strong>nullo</strong></span> 
     </span>
    </p>
   </div>
   <div class='ocr_carea' id='block_1_12' title="bbox 183 1099 1822 1182">
    <p class='ocr_par' dir='ltr' id='par_1_12' title="bbox 183 1099 1822 1182">
     <span class='ocr_line' id='line_1_12' title="bbox 183 1099 1822 1182; baseline 0.009 -29"><span class='ocrx_word' id='word_1_71' title='bbox 183 1099 415 1156; x_wconf 84' lang='lat' dir='ltr'><strong>cedebat</strong></span> <span class='ocrx_word' id='word_1_72' title='bbox 440 1101 513 1156; x_wconf 90' lang='lat' dir='ltr'><strong>ei.</strong></span> <span class='ocrx_word' id='word_1_73' title='bbox 546 1102 749 1159; x_wconf 85' lang='lat' dir='ltr'><strong>Aiebat</strong></span> <span class='ocrx_word' id='word_1_74' title='bbox 779 1105 804 1147; x_wconf 88' lang='lat'><strong><em>3</em></strong></span> <span class='ocrx_word' id='word_1_75' title='bbox 826 1106 1018 1177; x_wconf 91' lang='lat' dir='ltr'><strong>ilaque</strong></span> <span class='ocrx_word' id='word_1_76' title='bbox 1035 1123 1134 1179; x_wconf 92' lang='lat' dir='ltr'><strong>per</strong></span> <span class='ocrx_word' id='word_1_77' title='bbox 1155 1110 1369 1182; x_wconf 80' lang='lat' dir='ltr'><strong>legatos</strong></span> <span class='ocrx_word' id='word_1_78' title='bbox 1390 1127 1525 1168; x_wconf 93' lang='lat' dir='ltr'><strong>suos</strong></span> <span class='ocrx_word' id='word_1_79' title='bbox 1546 1114 1786 1182; x_wconf 89' lang='lat' dir='ltr'><strong>Pipinus</strong></span> <span class='ocrx_word' id='word_1_80' title='bbox 1809 1132 1822 1168; x_wconf 90' lang='lat'><strong>:</strong></span> 
     </span>
    </p>
   </div>
   <div class='ocr_carea' id='block_1_13' title="bbox 181 1187 1830 1268">
    <p class='ocr_par' dir='ltr' id='par_1_13' title="bbox 181 1187 1830 1268">
     <span class='ocr_line' id='line_1_13' title="bbox 181 1187 1830 1268; baseline 0.011 -28"><span class='ocrx_word' id='word_1_81' title='bbox 181 1187 306 1242; x_wconf 78' lang='lat' dir='ltr'><strong>Volo</strong></span> <span class='ocrx_word' id='word_1_82' title='bbox 345 1191 585 1259; x_wconf 78' lang='lat' dir='ltr'><strong>quidem,</strong></span> <span class='ocrx_word' id='word_1_83' title='bbox 617 1197 668 1246; x_wconf 88' lang='lat' dir='ltr'><strong>et</strong></span> <span class='ocrx_word' id='word_1_84' title='bbox 694 1195 774 1247; x_wconf 83' lang='lat' dir='ltr'><strong>ita</strong></span> <span class='ocrx_word' id='word_1_85' title='bbox 795 1201 1046 1264; x_wconf 81' lang='lat' dir='ltr'><strong>potenter</strong></span> <span class='ocrx_word' id='word_1_86' title='bbox 1083 1199 1365 1268; x_wconf 75' lang='lat' dir='ltr'><strong>disponere</strong></span> <span class='ocrx_word' id='word_1_87' title='bbox 1401 1217 1582 1265; x_wconf 87' lang='lat' dir='ltr'><strong>conor,</strong></span> <span class='ocrx_word' id='word_1_88' title='bbox 1618 1206 1679 1256; x_wconf 90' lang='lat' dir='ltr'><strong>ut</strong></span> <span class='ocrx_word' id='word_1_89' title='bbox 1716 1205 1830 1256; x_wconf 86' lang='lat' dir='ltr'><strong>sic-</strong></span> 
     </span>
    </p>
   </div>
   <div class='ocr_carea' id='block_1_14' title="bbox 183 1277 1830 1360">
    <p class='ocr_par' dir='ltr' id='par_1_14' title="bbox 183 1277 1830 1360">
     <span class='ocr_line' id='line_1_14' title="bbox 183 1277 1830 1360; baseline 0.011 -31"><span class='ocrx_word' id='word_1_90' title='bbox 183 1279 260 1330; x_wconf 84' lang='lat' dir='ltr'><strong>uti</strong></span> <span class='ocrx_word' id='word_1_91' title='bbox 285 1277 514 1334; x_wconf 81' lang='lat' dir='ltr'><strong>Arichis</strong></span> <span class='ocrx_word' id='word_1_92' title='bbox 547 1284 760 1348; x_wconf 78' lang='lat' dir='ltr'><strong>genitor</strong></span> <span class='ocrx_word' id='word_1_93' title='bbox 786 1285 940 1340; x_wconf 78' lang='lat' dir='ltr'><strong>illius</strong></span> <span class='ocrx_word' id='word_1_94' title='bbox 973 1287 1247 1355; x_wconf 81' lang='lat' dir='ltr'><strong>subjectus</strong></span> <span class='ocrx_word' id='word_1_95' title='bbox 1273 1292 1386 1358; x_wconf 82' lang='lat' dir='ltr'><strong>fuit</strong></span> <span class='ocrx_word' id='word_1_96' title='bbox 1413 1291 1688 1360; x_wconf 86' lang='lat' dir='ltr'><strong>quondam</strong></span> <span class='ocrx_word' id='word_1_97' title='bbox 1715 1295 1830 1346; x_wconf 86' lang='lat' dir='ltr'><strong>De—</strong></span> 
     </span>
    </p>
   </div>
   <div class='ocr_carea' id='block_1_15' title="bbox 181 1364 1828 1450">
    <p class='ocr_par' dir='ltr' id='par_1_15' title="bbox 181 1364 1828 1450">
     <span class='ocr_line' id='line_1_15' title="bbox 181 1364 1828 1450; baseline 0.01 -30"><span class='ocrx_word' id='word_1_98' title='bbox 181 1366 380 1421; x_wconf 83' lang='lat' dir='ltr'><strong>siderio</strong></span> <span class='ocrx_word' id='word_1_99' title='bbox 419 1364 562 1437; x_wconf 43' lang='lat' dir='ltr'><strong>regi”1</strong></span> <span class='ocrx_word' id='word_1_100' title='bbox 587 1371 783 1435; x_wconf 66' lang='lat' dir='ltr'><strong>Italiae,</strong></span> <span class='ocrx_word' id='word_1_101' title='bbox 815 1375 895 1428; x_wconf 79' lang='lat' dir='ltr'><strong>ita</strong></span> <span class='ocrx_word' id='word_1_102' title='bbox 925 1376 1141 1430; x_wconf 83' lang='lat' dir='ltr'><strong>sitmihi</strong></span> <span class='ocrx_word' id='word_1_103' title='bbox 1169 1382 1218 1432; x_wconf 87' lang='lat' dir='ltr'><strong>et</strong></span> <span class='ocrx_word' id='word_1_104' title='bbox 1255 1378 1522 1434; x_wconf 84' lang='lat' dir='ltr'><strong>Grimoalt</strong></span> <span class='ocrx_word' id='word_1_105' title='bbox 1551 1382 1572 1435; x_wconf 69' lang='grc' dir='ltr'><em>,ν</em></span> <span class='ocrx_word' id='word_1_106' title='bbox 1601 1380 1828 1450; x_wconf 87' lang='lat' dir='ltr'><strong>Quibus</strong></span> 
     </span>
    </p>
   </div>
   <div class='ocr_carea' id='block_1_16' title="bbox 183 1459 1075 1520">
    <p class='ocr_par' dir='ltr' id='par_1_16' title="bbox 183 1459 1075 1520">
     <span class='ocr_line' id='line_1_16' title="bbox 183 1459 1075 1520; baseline 0.009 -9"><span class='ocrx_word' id='word_1_107' title='bbox 183 1462 409 1513; x_wconf 88' lang='lat' dir='ltr'><strong>econtra</strong></span> <span class='ocrx_word' id='word_1_108' title='bbox 439 1459 720 1516; x_wconf 90' lang='lat' dir='ltr'><strong>Grimoalt</strong></span> <span class='ocrx_word' id='word_1_109' title='bbox 751 1464 1075 1520; x_wconf 86' lang='lat' dir='ltr'><strong>asserebat:</strong></span> 
     </span>
    </p>
   </div>
   <div class='ocr_carea' id='block_1_17' title="bbox 283 1563 1578 1638">
    <p class='ocr_par' dir='ltr' id='par_1_17' title="bbox 283 1563 1578 1638">
     <span class='ocr_line' id='line_1_17' title="bbox 283 1563 1578 1638; baseline 0.011 -27"><span class='ocrx_word' id='word_1_110' title='bbox 283 1563 444 1613; x_wconf 87' lang='lat' dir='ltr'><strong>Liber</strong></span> <span class='ocrx_word' id='word_1_111' title='bbox 467 1569 518 1614; x_wconf 90' lang='lat' dir='ltr'><strong>et</strong></span> <span class='ocrx_word' id='word_1_112' title='bbox 535 1566 896 1627; x_wconf 76' lang='lat' dir='ltr'><strong>ingenue-sum</strong></span> <span class='ocrx_word' id='word_1_113' title='bbox 921 1575 1068 1619; x_wconf 87' lang='lat' dir='ltr'><strong>natus</strong></span> <span class='ocrx_word' id='word_1_114' title='bbox 1095 1576 1311 1638; x_wconf 88' lang='lat' dir='ltr'><strong>utroque</strong></span> <span class='ocrx_word' id='word_1_115' title='bbox 1341 1579 1578 1638; x_wconf 83' lang='lat' dir='ltr'><strong>parente;</strong></span> 
     </span>
    </p>
   </div>
   <div class='ocr_carea' id='block_1_18' title="bbox 298 1643 1403 1711">
    <p class='ocr_par' dir='ltr' id='par_1_18' title="bbox 298 1643 1403 1711">
     <span class='ocr_line' id='line_1_18' title="bbox 298 1643 1403 1711; baseline 0.011 -19"><span class='ocrx_word' id='word_1_116' title='bbox 298 1643 524 1707; x_wconf 86' lang='lat' dir='ltr'><strong>Semper</strong></span> <span class='ocrx_word' id='word_1_117' title='bbox 551 1661 640 1695; x_wconf 87' lang='lat' dir='ltr'><strong>ero</strong></span> <span class='ocrx_word' id='word_1_118' title='bbox 670 1647 817 1708; x_wconf 87' lang='lat' dir='ltr'><strong>liber,</strong></span> <span class='ocrx_word' id='word_1_119' title='bbox 849 1652 1021 1711; x_wconf 84' lang='lat' dir='ltr'><strong>credo,</strong></span> <span class='ocrx_word' id='word_1_120' title='bbox 1055 1656 1227 1702; x_wconf 85' lang='lat' dir='ltr'><strong>tuente</strong></span> <span class='ocrx_word' id='word_1_121' title='bbox 1258 1656 1368 1704; x_wconf 88' lang='lat' dir='ltr'><strong>Deo</strong></span> <span class='ocrx_word' id='word_1_122' title='bbox 1393 1658 1403 1703; x_wconf 90' lang='lat'>!</span> 
     </span>
    </p>
   </div>
   <div class='ocr_carea' id='block_1_19' title="bbox 1945 501 3590 602">
    <p class='ocr_par' dir='ltr' id='par_1_19' title="bbox 1945 501 3590 602">
     <span class='ocr_line' id='line_1_19' title="bbox 1945 501 3590 602; baseline 0.021 -48"><span class='ocrx_word' id='word_1_123' title='bbox 1945 501 2211 561; x_wconf 88' lang='lat' dir='ltr'><strong>cubuere.</strong></span> <span class='ocrx_word' id='word_1_124' title='bbox 2261 509 2409 565; x_wconf 89' lang='lat' dir='ltr'><strong>Idem</strong></span> <span class='ocrx_word' id='word_1_125' title='bbox 2455 515 2608 570; x_wconf 89' lang='lat' dir='ltr'><strong>enim</strong></span> <span class='ocrx_word' id='word_1_126' title='bbox 2646 517 2953 576; x_wconf 91' lang='lat' dir='ltr'><strong>Dauferius</strong></span> <span class='ocrx_word' id='word_1_127' title='bbox 2999 538 3109 579; x_wconf 90' lang='lat' dir='ltr'><strong>una</strong></span> <span class='ocrx_word' id='word_1_128' title='bbox 3151 540 3281 583; x_wconf 92' lang='lat' dir='ltr'><strong>cum</strong></span> <span class='ocrx_word' id='word_1_129' title='bbox 3320 531 3590 602; x_wconf 83' lang='lat' dir='ltr'><strong>magistre</strong></span> 
     </span>
    </p>
   </div>
   <div class='ocr_carea' id='block_1_20' title="bbox 1947 589 3589 691">
    <p class='ocr_par' dir='ltr' id='par_1_20' title="bbox 1947 589 3589 691">
     <span class='ocr_line' id='line_1_20' title="bbox 1947 589 3589 691; baseline 0.021 -49"><span class='ocrx_word' id='word_1_130' title='bbox 1947 589 2200 691; x_wconf 77' lang='lat' dir='ltr'><strong>militum</strong></span> <span class='ocrx_word' id='word_1_131' title='bbox 2228 598 2326 666; x_wconf 89' lang='lat' dir='ltr'><strong>qui</strong></span> <span class='ocrx_word' id='word_1_132' title='bbox 2355 601 2662 657; x_wconf 90' lang='lat' dir='ltr'><strong>tuncinibi</strong></span> <span class='ocrx_word' id='word_1_133' title='bbox 2698 608 2985 679; x_wconf 84' lang='lat' dir='ltr'><strong>regnabat,</strong></span> <span class='ocrx_word' id='word_1_134' title='bbox 3030 612 3139 669; x_wconf 92' lang='lat' dir='ltr'><strong>soli</strong></span> <span class='ocrx_word' id='word_1_135' title='bbox 3184 615 3385 688; x_wconf 84' lang='lat' dir='ltr'><strong>elapsi,</strong></span> <span class='ocrx_word' id='word_1_136' title='bbox 3414 589 3589 691; x_wconf 66' lang='lat' dir='ltr'><strong>fugi-</strong></span> 
     </span>
    </p>
   </div>
   <div class='ocr_carea' id='block_1_21' title="bbox 1943 676 3588 774">
    <p class='ocr_par' dir='ltr' id='par_1_21' title="bbox 1943 676 3588 774">
     <span class='ocr_line' id='line_1_21' title="bbox 1943 676 3588 774; baseline 0.02 -42"><span class='ocrx_word' id='word_1_137' title='bbox 1943 676 2124 735; x_wconf 89' lang='lat' dir='ltr'><strong>bundi</strong></span> <span class='ocrx_word' id='word_1_138' title='bbox 2140 686 2346 741; x_wconf 69' lang='lat' dir='ltr'><strong>muenia</strong></span> <span class='ocrx_word' id='word_1_139' title='bbox 2368 687 2532 745; x_wconf 88' lang='lat' dir='ltr'><strong>illius</strong></span> <span class='ocrx_word' id='word_1_140' title='bbox 2551 691 2714 748; x_wconf 87' lang='lat' dir='ltr'><strong>urbis</strong></span> <span class='ocrx_word' id='word_1_141' title='bbox 2735 676 2958 752; x_wconf 81' lang='lat' dir='ltr'><strong>tandem</strong></span> <span class='ocrx_word' id='word_1_142' title='bbox 2976 676 3250 774; x_wconf 85' lang='lat' dir='ltr'><strong>ingressi,</strong></span> <span class='ocrx_word' id='word_1_143' title='bbox 3276 676 3475 762; x_wconf 47' lang='lat' dir='ltr'><strong>nec&#39;ibi</strong></span> <span class='ocrx_word' id='word_1_144' title='bbox 3493 676 3588 766; x_wconf 58' lang='lat' dir='ltr'><strong>sic</strong></span> 
     </span>
    </p>
   </div>
   <div class='ocr_carea' id='block_1_22' title="bbox 1947 769 3589 866">
    <p class='ocr_par' dir='ltr' id='par_1_22' title="bbox 1947 769 3589 866">
     <span class='ocr_line' id='line_1_22' title="bbox 1947 769 3589 866; baseline 0.02 -45"><span class='ocrx_word' id='word_1_145' title='bbox 1947 769 2176 838; x_wconf 89' lang='lat' dir='ltr'><strong>quidem</strong></span> <span class='ocrx_word' id='word_1_146' title='bbox 2206 776 2459 845; x_wconf 85' lang='lat' dir='ltr'><strong>requiem</strong></span> <span class='ocrx_word' id='word_1_147' title='bbox 2491 781 2762 853; x_wconf 84' lang='lat' dir='ltr'><strong>capiunt;</strong></span> <span class='ocrx_word' id='word_1_148' title='bbox 2790 799 2918 841; x_wconf 92' lang='lat' dir='ltr'><strong>nam</strong></span> <span class='ocrx_word' id='word_1_149' title='bbox 2946 769 3184 859; x_wconf 69' lang='lat' dir='ltr'><strong>egressa:</strong></span> <span class='ocrx_word' id='word_1_150' title='bbox 3208 769 3480 866; x_wconf 85' lang='lat' dir='ltr'><strong>conjuges</strong></span> <span class='ocrx_word' id='word_1_151' title='bbox 3509 798 3589 853; x_wconf 90' lang='lat' dir='ltr'><strong>vi-</strong></span> 
     </span>
    </p>
   </div>
   <div class='ocr_carea' id='block_1_23' title="bbox 1945 869 3591 956">
    <p class='ocr_par' dir='ltr' id='par_1_23' title="bbox 1945 869 3591 956">
     <span class='ocr_line' id='line_1_23' title="bbox 1945 869 3591 956; baseline 0.019 -46"><span class='ocrx_word' id='word_1_152' title='bbox 1945 869 2137 913; x_wconf 89' lang='lat' dir='ltr'><strong>rorum</strong></span> <span class='ocrx_word' id='word_1_153' title='bbox 2160 872 2577 934; x_wconf 89' lang='lat' dir='ltr'><strong>peremptorum</strong></span> <span class='ocrx_word' id='word_1_154' title='bbox 2601 869 2832 942; x_wconf 89' lang='lat' dir='ltr'><strong>gladiis,</strong></span> <span class='ocrx_word' id='word_1_155' title='bbox 2855 873 3306 947; x_wconf 89' lang='lat' dir='ltr'><strong>insequebantur</strong></span> <span class='ocrx_word' id='word_1_156' title='bbox 3328 882 3481 956; x_wconf 90' lang='lat' dir='ltr'><strong>illos,</strong></span> <span class='ocrx_word' id='word_1_157' title='bbox 3505 886 3591 941; x_wconf 90' lang='lat' dir='ltr'><strong>di-</strong></span> 
     </span>
    </p>
   </div>
   <div class='ocr_carea' id='block_1_24' title="bbox 1941 951 3587 1044">
    <p class='ocr_par' dir='ltr' id='par_1_24' title="bbox 1941 951 3587 1044">
     <span class='ocr_line' id='line_1_24' title="bbox 1941 951 3587 1044; baseline 0.019 -45"><span class='ocrx_word' id='word_1_158' title='bbox 1941 951 2162 1003; x_wconf 84' lang='lat' dir='ltr'><strong>centes:</strong></span> <span class='ocrx_word' id='word_1_159' title='bbox 2197 951 2423 1008; x_wconf 80' lang='lat' dir='ltr'><strong>Reddite</strong></span> <span class='ocrx_word' id='word_1_160' title='bbox 2446 957 2621 1021; x_wconf 85' lang='lat' dir='ltr'><strong>nobis,</strong></span> <span class='ocrx_word' id='word_1_161' title='bbox 2654 975 2683 1012; x_wconf 92' lang='grc' dir='ltr'>ο</span> <span class='ocrx_word' id='word_1_162' title='bbox 2707 963 2901 1017; x_wconf 81' lang='lat' dir='ltr'><strong>caduci</strong></span> <span class='ocrx_word' id='word_1_163' title='bbox 2928 967 3038 1019; x_wconf 79' lang='lat' dir='ltr'><strong>viri</strong></span> <span class='ocrx_word' id='word_1_164' title='bbox 3057 969 3333 1036; x_wconf 76' lang='lat' dir='ltr'><strong>proditori</strong></span> <span class='ocrx_word' id='word_1_165' title='bbox 3349 968 3376 1012; x_wconf 83' lang='lat'>3</span> <span class='ocrx_word' id='word_1_166' title='bbox 3405 1015 3423 1038; x_wconf 94' lang='lat'><strong>,</strong></span> <span class='ocrx_word' id='word_1_167' title='bbox 3454 951 3587 1044; x_wconf 73' lang='lat' dir='ltr'><strong>quos</strong></span> 
     </span>
    </p>
   </div>
   <div class='ocr_carea' id='block_1_25' title="bbox 1940 1039 3585 1124">
    <p class='ocr_par' dir='ltr' id='par_1_25' title="bbox 1940 1039 3585 1124">
     <span class='ocr_line' id='line_1_25' title="bbox 1940 1039 3585 1124; baseline 0.02 -38"><span class='ocrx_word' id='word_1_168' title='bbox 1940 1039 2191 1103; x_wconf 80' lang='lat' dir='ltr'><strong>nequiter</strong></span> <span class='ocrx_word' id='word_1_169' title='bbox 2217 1041 2569 1109; x_wconf 82' lang='lat' dir='ltr'><strong>interfecistis</strong></span> <span class='ocrx_word' id='word_1_170' title='bbox 2591 1049 2611 1099; x_wconf 76' lang='grc' dir='ltr'><em>,ν</em></span> <span class='ocrx_word' id='word_1_171' title='bbox 2631 1048 2827 1113; x_wconf 82' lang='lat' dir='ltr'><strong>Quare,</strong></span> <span class='ocrx_word' id='word_1_172' title='bbox 2863 1052 3056 1124; x_wconf 86' lang='lat' dir='ltr'><strong>inquit</strong></span> <span class='ocrx_word' id='word_1_173' title='bbox 3095 1055 3154 1121; x_wconf 90' lang='lat'><strong>9,</strong></span> <span class='ocrx_word' id='word_1_174' title='bbox 3213 1039 3481 1117; x_wconf 73' lang='lat' dir='ltr'><strong>adversus</strong></span> <span class='ocrx_word' id='word_1_175' title='bbox 3500 1080 3585 1119; x_wconf 90' lang='lat' dir='ltr'><strong>eos</strong></span> 
     </span>
    </p>
   </div>
   <div class='ocr_carea' id='block_1_26' title="bbox 1934 1125 3588 1215">
    <p class='ocr_par' dir='ltr' id='par_1_26' title="bbox 1934 1125 3588 1215">
     <span class='ocr_line' id='line_1_26' title="bbox 1934 1125 3588 1215; baseline 0.021 -41"><span class='ocrx_word' id='word_1_176' title='bbox 1934 1125 2190 1190; x_wconf 74' lang='lat' dir='ltr'><strong>praelium</strong></span> <span class='ocrx_word' id='word_1_177' title='bbox 2224 1129 2507 1199; x_wconf 83' lang='lat' dir='ltr'><strong>insurgere</strong></span> <span class='ocrx_word' id='word_1_178' title='bbox 2553 1141 2734 1191; x_wconf 85' lang='lat' dir='ltr'><strong>conati</strong></span> <span class='ocrx_word' id='word_1_179' title='bbox 2757 1143 2904 1204; x_wconf 85' lang='lat' dir='ltr'><strong>estis,</strong></span> <span class='ocrx_word' id='word_1_180' title='bbox 2933 1158 3090 1211; x_wconf 86' lang='lat' dir='ltr'><strong>quem</strong></span> <span class='ocrx_word' id='word_1_181' title='bbox 3108 1163 3214 1215; x_wconf 84' lang='lat' dir='ltr'><strong>pro</strong></span> <span class='ocrx_word' id='word_1_182' title='bbox 3253 1154 3392 1204; x_wconf 83' lang='lat' dir='ltr'><strong>certo</strong></span> <span class='ocrx_word' id='word_1_183' title='bbox 3433 1154 3588 1207; x_wconf 79' lang='lat' dir='ltr'><strong>invi—</strong></span> 
     </span>
    </p>
   </div>
   <div class='ocr_carea' id='block_1_27' title="bbox 1941 1215 3587 1298">
    <p class='ocr_par' dir='ltr' id='par_1_27' title="bbox 1941 1215 3587 1298">
     <span class='ocr_line' id='line_1_27' title="bbox 1941 1215 3587 1298; baseline 0.021 -35"><span class='ocrx_word' id='word_1_184' title='bbox 1941 1215 2083 1266; x_wconf 87' lang='lat' dir='ltr'><strong>ctum</strong></span> <span class='ocrx_word' id='word_1_185' title='bbox 2113 1216 2262 1270; x_wconf 81' lang='lat' dir='ltr'><strong>scitis</strong></span> <span class='ocrx_word' id='word_1_186' title='bbox 2318 1220 2598 1280; x_wconf 87' lang='lat' dir='ltr'><strong>Grimoalt</strong></span> <span class='ocrx_word' id='word_1_187' title='bbox 2639 1239 2771 1282; x_wconf 93' lang='lat' dir='ltr'><strong>vero</strong></span> <span class='ocrx_word' id='word_1_188' title='bbox 2800 1230 2995 1287; x_wconf 88' lang='lat' dir='ltr'><strong>acrius</strong></span> <span class='ocrx_word' id='word_1_189' title='bbox 3033 1247 3130 1289; x_wconf 94' lang='lat' dir='ltr'><strong>eos</strong></span> <span class='ocrx_word' id='word_1_190' title='bbox 3157 1235 3455 1295; x_wconf 90' lang='lat' dir='ltr'><strong>insecutus</strong></span> <span class='ocrx_word' id='word_1_191' title='bbox 3495 1247 3587 1298; x_wconf 91' lang='lat' dir='ltr'><strong>est</strong></span> 
     </span>
    </p>
   </div>
   <div class='ocr_carea' id='block_1_28' title="bbox 1941 1305 3583 1399">
    <p class='ocr_par' dir='ltr' id='par_1_28' title="bbox 1941 1305 3583 1399">
     <span class='ocr_line' id='line_1_28' title="bbox 1941 1305 3583 1399; baseline 0.019 -45"><span class='ocrx_word' id='word_1_192' title='bbox 1941 1313 2124 1370; x_wconf 91' lang='lat' dir='ltr'><strong>usque</strong></span> <span class='ocrx_word' id='word_1_193' title='bbox 2148 1305 2217 1359; x_wconf 90' lang='lat' dir='ltr'><strong>ad</strong></span> <span class='ocrx_word' id='word_1_194' title='bbox 2242 1311 2462 1375; x_wconf 90' lang='lat' dir='ltr'><strong>portam</strong></span> <span class='ocrx_word' id='word_1_195' title='bbox 2491 1313 2836 1380; x_wconf 90' lang='lat' dir='ltr'><strong>quedicitur</strong></span> <span class='ocrx_word' id='word_1_196' title='bbox 2853 1317 3139 1393; x_wconf 89' lang='lat' dir='ltr'><strong>Capuana,</strong></span> <span class='ocrx_word' id='word_1_197' title='bbox 3165 1323 3245 1380; x_wconf 89' lang='lat' dir='ltr'><strong>ita</strong></span> <span class='ocrx_word' id='word_1_198' title='bbox 3267 1331 3332 1382; x_wconf 91' lang='lat' dir='ltr'><strong>ut</strong></span> <span class='ocrx_word' id='word_1_199' title='bbox 3347 1330 3583 1399; x_wconf 91' lang='lat' dir='ltr'><strong>proprio</strong></span> 
     </span>
    </p>
   </div>
   <div class='ocr_carea' id='block_1_29' title="bbox 1938 1394 3581 1486">
    <p class='ocr_par' dir='ltr' id='par_1_29' title="bbox 1938 1394 3581 1486">
     <span class='ocr_line' id='line_1_29' title="bbox 1938 1394 3581 1486; baseline 0.019 -44"><span class='ocrx_word' id='word_1_200' title='bbox 1938 1394 2106 1445; x_wconf 89' lang='lat' dir='ltr'><strong>conto</strong></span> <span class='ocrx_word' id='word_1_201' title='bbox 2137 1404 2257 1447; x_wconf 91' lang='lat' dir='ltr'><strong>eam</strong></span> <span class='ocrx_word' id='word_1_202' title='bbox 2299 1402 2654 1470; x_wconf 87' lang='lat' dir='ltr'><strong>percuteret;</strong></span> <span class='ocrx_word' id='word_1_203' title='bbox 2690 1416 2790 1459; x_wconf 90' lang='lat' dir='ltr'><strong>nec</strong></span> <span class='ocrx_word' id='word_1_204' title='bbox 2829 1412 2950 1462; x_wconf 88' lang='lat' dir='ltr'><strong>erat</strong></span> <span class='ocrx_word' id='word_1_205' title='bbox 2979 1409 3268 1480; x_wconf 88' lang='lat' dir='ltr'><strong>quispiam</strong></span> <span class='ocrx_word' id='word_1_206' title='bbox 3296 1394 3396 1486; x_wconf 84' lang='lat' dir='ltr'><strong>qui</strong></span> <span class='ocrx_word' id='word_1_207' title='bbox 3429 1394 3581 1474; x_wconf 83' lang='lat' dir='ltr'><strong>resi-</strong></span> 
     </span>
    </p>
   </div>
   <div class='ocr_carea' id='block_1_30' title="bbox 1939 1481 3578 1574">
    <p class='ocr_par' dir='ltr' id='par_1_30' title="bbox 1939 1481 3578 1574">
     <span class='ocr_line' id='line_1_30' title="bbox 1939 1481 3578 1574; baseline 0.018 -42"><span class='ocrx_word' id='word_1_208' title='bbox 1939 1481 2128 1534; x_wconf 89' lang='lat' dir='ltr'><strong>steret.</strong></span> <span class='ocrx_word' id='word_1_209' title='bbox 2153 1481 2378 1540; x_wconf 90' lang='lat' dir='ltr'><strong>Clausis</strong></span> <span class='ocrx_word' id='word_1_210' title='bbox 2405 1490 2622 1543; x_wconf 88' lang='lat' dir='ltr'><strong>tantum</strong></span> <span class='ocrx_word' id='word_1_211' title='bbox 2649 1490 3043 1565; x_wconf 89' lang='lat' dir='ltr'><strong>obseratisque</strong></span> <span class='ocrx_word' id='word_1_212' title='bbox 3075 1481 3330 1574; x_wconf 68' lang='lat' dir='ltr'><strong>foribus,</strong></span> <span class='ocrx_word' id='word_1_213' title='bbox 3354 1505 3453 1574; x_wconf 89' lang='lat' dir='ltr'><strong>qui</strong></span> <span class='ocrx_word' id='word_1_214' title='bbox 3482 1521 3578 1562; x_wconf 93' lang='lat' dir='ltr'><strong>re-</strong></span> 
     </span>
    </p>
   </div>
   <div class='ocr_carea' id='block_1_31' title="bbox 1939 1572 3579 1666">
    <p class='ocr_par' dir='ltr' id='par_1_31' title="bbox 1939 1572 3579 1666">
     <span class='ocr_line' id='line_1_31' title="bbox 1939 1572 3579 1666; baseline 0.019 -46"><span class='ocrx_word' id='word_1_215' title='bbox 1939 1577 2264 1626; x_wconf 88' lang='lat' dir='ltr'><strong>manserant</strong></span> <span class='ocrx_word' id='word_1_216' title='bbox 2285 1572 2435 1629; x_wconf 89' lang='lat' dir='ltr'><strong>infra</strong></span> <span class='ocrx_word' id='word_1_217' title='bbox 2463 1591 2656 1634; x_wconf 91' lang='lat' dir='ltr'><strong>muros</strong></span> <span class='ocrx_word' id='word_1_218' title='bbox 2680 1594 2739 1635; x_wconf 93' lang='lat' dir='ltr'><strong>se</strong></span> <span class='ocrx_word' id='word_1_219' title='bbox 2770 1587 3119 1642; x_wconf 88' lang='lat' dir='ltr'><strong>tutaverunt.</strong></span> <span class='ocrx_word' id='word_1_220' title='bbox 3140 1572 3579 1666; x_wconf 43' lang='lat' dir='ltr'><strong>Reverso—igitur</strong></span> 
     </span>
    </p>
   </div>
   <div class='ocr_carea' id='block_1_32' title="bbox 1936 1655 3580 1754">
    <p class='ocr_par' dir='ltr' id='par_1_32' title="bbox 1936 1655 3580 1754">
     <span class='ocr_line' id='line_1_32' title="bbox 1936 1655 3580 1754; baseline 0.019 -46"><span class='ocrx_word' id='word_1_221' title='bbox 1936 1655 2267 1716; x_wconf 90' lang='lat' dir='ltr'><strong>Grimoaldo</strong></span> <span class='ocrx_word' id='word_1_222' title='bbox 2287 1663 2355 1718; x_wconf 92' lang='lat' dir='ltr'><strong>ad</strong></span> <span class='ocrx_word' id='word_1_223' title='bbox 2383 1669 2568 1721; x_wconf 90' lang='lat' dir='ltr'><strong>castra</strong></span> <span class='ocrx_word' id='word_1_224' title='bbox 2597 1681 2726 1724; x_wconf 91' lang='lat' dir='ltr'><strong>cum</strong></span> <span class='ocrx_word' id='word_1_225' title='bbox 2758 1685 2863 1727; x_wconf 92' lang='lat' dir='ltr'><strong>suo</strong></span> <span class='ocrx_word' id='word_1_226' title='bbox 2887 1675 3143 1732; x_wconf 85' lang='lat' dir='ltr'><strong>exercitu</strong></span> <span class='ocrx_word' id='word_1_227' title='bbox 3174 1655 3478 1754; x_wconf 70' lang='lat' dir='ltr'><strong>incolume,</strong></span> <span class='ocrx_word' id='word_1_228' title='bbox 3502 1683 3580 1738; x_wconf 90' lang='lat' dir='ltr'><strong>al-</strong></span> 
     </span>
    </p>
   </div>
   <div class='ocr_carea' id='block_1_33' title="bbox 241 1728 3580 1837">
    <p class='ocr_par' dir='ltr' id='par_1_33' title="bbox 241 1728 3580 1837">
     <span class='ocr_line' id='line_1_33' title="bbox 241 1728 3580 1837; baseline 0.013 -41"><span class='ocrx_word' id='word_1_229' title='bbox 241 1739 292 1797; x_wconf 82' lang='lat'><strong>7.</strong></span> <span class='ocrx_word' id='word_1_230' title='bbox 326 1739 494 1817; x_wconf 88' lang='lat'>(807.)</span> <span class='ocrx_word' id='word_1_231' title='bbox 527 1747 596 1800; x_wconf 90' lang='lat' dir='ltr'><strong>Et</strong></span> <span class='ocrx_word' id='word_1_232' title='bbox 619 1746 722 1802; x_wconf 90' lang='lat' dir='ltr'><strong>hoc</strong></span> <span class='ocrx_word' id='word_1_233' title='bbox 756 1748 986 1817; x_wconf 91' lang='lat' dir='ltr'><strong>quidem</strong></span> <span class='ocrx_word' id='word_1_234' title='bbox 1013 1750 1089 1806; x_wconf 87' lang='lat' dir='ltr'><strong>ita</strong></span> <span class='ocrx_word' id='word_1_235' title='bbox 1115 1753 1184 1807; x_wconf 91' lang='lat' dir='ltr'><strong>de</strong></span> <span class='ocrx_word' id='word_1_236' title='bbox 1217 1754 1321 1808; x_wconf 89' lang='lat' dir='ltr'><strong>hac</strong></span> <span class='ocrx_word' id='word_1_237' title='bbox 1357 1754 1482 1810; x_wconf 91' lang='lat' dir='ltr'><strong>luce</strong></span> <span class='ocrx_word' id='word_1_238' title='bbox 1507 1755 1820 1827; x_wconf 87' lang='lat' dir='ltr'><strong>subtracto,</strong></span> <span class='ocrx_word' id='word_1_239' title='bbox 1852 1728 1902 1788; x_wconf 81' lang='grc' dir='ltr'>Β</span> <span class='ocrx_word' id='word_1_240' title='bbox 1935 1746 2056 1837; x_wconf 49' lang='lat' dir='ltr'><strong>fera</strong></span> <span class='ocrx_word' id='word_1_241' title='bbox 2079 1745 2174 1837; x_wconf 53' lang='lat' dir='ltr'><strong>die</strong></span> <span class='ocrx_word' id='word_1_242' title='bbox 2201 1763 2301 1816; x_wconf 73' lang='grc' dir='ltr'><strong>Ι)ΐο</strong></span> <span class='ocrx_word' id='word_1_243' title='bbox 2324 1748 2526 1822; x_wconf 63' lang='grc' dir='ltr'><strong>Τέλείὲίο</strong></span> <span class='ocrx_word' id='word_1_244' title='bbox 2548 1763 2776 1826; x_wconf 66' lang='lat' dir='ltr'><strong>sumpto</strong></span> <span class='ocrx_word' id='word_1_245' title='bbox 2795 1764 2852 1814; x_wconf 78' lang='grc' dir='ltr'><strong>θῐ</strong></span> <span class='ocrx_word' id='word_1_246' title='bbox 2874 1774 2974 1829; x_wconf 64' lang='lat' dir='ltr'><strong>PFO</strong></span> <span class='ocrx_word' id='word_1_247' title='bbox 2997 1761 3356 1837; x_wconf 63' lang='lat' dir='ltr'><strong>interemptis</strong></span> <span class='ocrx_word' id='word_1_248' title='bbox 3384 1728 3580 1826; x_wconf 45' lang='lat' dir='ltr'><strong>afﬁni-</strong></span> 
     </span>
    </p>
   </div>
   <div class='ocr_carea' id='block_1_34' title="bbox 183 1831 1825 1914">
    <p class='ocr_par' dir='ltr' id='par_1_34' title="bbox 183 1831 1825 1914">
     <span class='ocr_line' id='line_1_34' title="bbox 183 1831 1825 1914; baseline 0.009 -27"><span class='ocrx_word' id='word_1_249' title='bbox 183 1831 464 1887; x_wconf 87' lang='lat' dir='ltr'><strong>Grimoalt</strong></span> <span class='ocrx_word' id='word_1_250' title='bbox 488 1833 634 1888; x_wconf 87' lang='lat' dir='ltr'><strong>alter</strong></span> <span class='ocrx_word' id='word_1_251' title='bbox 662 1837 917 1905; x_wconf 88' lang='lat' dir='ltr'><strong>suscepit</strong></span> <span class='ocrx_word' id='word_1_252' title='bbox 941 1839 1074 1906; x_wconf 88' lang='lat' dir='ltr'><strong>jura</strong></span> <span class='ocrx_word' id='word_1_253' title='bbox 1101 1840 1398 1898; x_wconf 89' lang='lat' dir='ltr'><strong>Beneventi</strong></span> <span class='ocrx_word' id='word_1_254' title='bbox 1432 1845 1662 1914; x_wconf 90' lang='lat' dir='ltr'><strong>tuenda,</strong></span> <span class='ocrx_word' id='word_1_255' title='bbox 1692 1845 1825 1900; x_wconf 88' lang='lat' dir='ltr'><strong>the-</strong></span> 
     </span>
    </p>
   </div>
   <div class='ocr_carea' id='block_1_35' title="bbox 181 1921 1824 2004">
    <p class='ocr_par' dir='ltr' id='par_1_35' title="bbox 181 1921 1824 2004">
     <span class='ocr_line' id='line_1_35' title="bbox 181 1921 1824 2004; baseline 0.01 -31"><span class='ocrx_word' id='word_1_256' title='bbox 181 1921 507 1976; x_wconf 62' lang='lat' dir='ltr'><strong>saurariuslv</strong></span> <span class='ocrx_word' id='word_1_257' title='bbox 538 1923 806 1980; x_wconf 90' lang='lat' dir='ltr'><strong>videlicet</strong></span> <span class='ocrx_word' id='word_1_258' title='bbox 833 1925 978 1981; x_wconf 68' lang='lat' dir='ltr'><strong>divae</strong></span> <span class='ocrx_word' id='word_1_259' title='bbox 1007 1930 1292 1984; x_wconf 64' lang='lat' dir='ltr'><strong>memoriae</strong></span> <span class='ocrx_word' id='word_1_260' title='bbox 1311 1931 1630 1988; x_wconf 91' lang='lat' dir='ltr'><strong>Grimoaldi</strong></span> <span class='ocrx_word' id='word_1_261' title='bbox 1659 1934 1824 2004; x_wconf 85' lang='lat' dir='ltr'><strong>prio—</strong></span> 
     </span>
    </p>
   </div>
   <div class='ocr_carea' id='block_1_36' title="bbox 182 2008 1820 2092">
    <p class='ocr_par' dir='ltr' id='par_1_36' title="bbox 182 2008 1820 2092">
     <span class='ocr_line' id='line_1_36' title="bbox 182 2008 1820 2092; baseline 0.009 -30"><span class='ocrx_word' id='word_1_262' title='bbox 182 2008 274 2076; x_wconf 89' lang='lat' dir='ltr'><strong>ris,</strong></span> <span class='ocrx_word' id='word_1_263' title='bbox 298 2009 396 2064; x_wconf 91' lang='lat' dir='ltr'><strong>vir</strong></span> <span class='ocrx_word' id='word_1_264' title='bbox 410 2024 639 2080; x_wconf 90' lang='lat' dir='ltr'><strong>quoque</strong></span> <span class='ocrx_word' id='word_1_265' title='bbox 663 2017 752 2068; x_wconf 88' lang='lat' dir='ltr'><strong>sat</strong></span> <span class='ocrx_word' id='word_1_266' title='bbox 773 2014 934 2070; x_wconf 89' lang='lat' dir='ltr'><strong>mitis</strong></span> <span class='ocrx_word' id='word_1_267' title='bbox 948 2020 1003 2070; x_wconf 92' lang='lat' dir='ltr'><strong>et</strong></span> <span class='ocrx_word' id='word_1_268' title='bbox 1019 2016 1158 2072; x_wconf 87' lang='lat' dir='ltr'><strong>adeo</strong></span> <span class='ocrx_word' id='word_1_269' title='bbox 1181 2019 1393 2092; x_wconf 86' lang='lat' dir='ltr'><strong>suavis,</strong></span> <span class='ocrx_word' id='word_1_270' title='bbox 1419 2026 1483 2076; x_wconf 92' lang='lat' dir='ltr'><strong>ut</strong></span> <span class='ocrx_word' id='word_1_271' title='bbox 1501 2035 1612 2077; x_wconf 92' lang='lat' dir='ltr'><strong>non</strong></span> <span class='ocrx_word' id='word_1_272' title='bbox 1635 2022 1820 2078; x_wconf 92' lang='lat' dir='ltr'><strong>solum</strong></span> 
     </span>
    </p>
   </div>
   <div class='ocr_carea' id='block_1_37' title="bbox 179 2098 1822 2182">
    <p class='ocr_par' dir='ltr' id='par_1_37' title="bbox 179 2098 1822 2182">
     <span class='ocr_line' id='line_1_37' title="bbox 179 2098 1822 2182; baseline 0.009 -29"><span class='ocrx_word' id='word_1_273' title='bbox 179 2112 294 2153; x_wconf 88' lang='lat' dir='ltr'><strong>cum</strong></span> <span class='ocrx_word' id='word_1_274' title='bbox 323 2098 533 2170; x_wconf 90' lang='lat' dir='ltr'><strong>Gallis,</strong></span> <span class='ocrx_word' id='word_1_275' title='bbox 562 2114 755 2157; x_wconf 81' lang='lat' dir='ltr'><strong>verum</strong></span> <span class='ocrx_word' id='word_1_276' title='bbox 781 2104 950 2158; x_wconf 90' lang='lat' dir='ltr'><strong>etiam</strong></span> <span class='ocrx_word' id='word_1_277' title='bbox 979 2119 1108 2161; x_wconf 92' lang='lat' dir='ltr'><strong>cum</strong></span> <span class='ocrx_word' id='word_1_278' title='bbox 1137 2107 1424 2163; x_wconf 75' lang='lat' dir='ltr'><strong>universis</strong></span> <span class='ocrx_word' id='word_1_279' title='bbox 1448 2110 1822 2182; x_wconf 89' lang='lat' dir='ltr'><strong>circumqua—</strong></span> 
     </span>
    </p>
   </div>
   <div class='ocr_carea' id='block_1_38' title="bbox 181 2186 1822 2268">
    <p class='ocr_par' dir='ltr' id='par_1_38' title="bbox 181 2186 1822 2268">
     <span class='ocr_line' id='line_1_38' title="bbox 181 2186 1822 2268; baseline 0.009 -29"><span class='ocrx_word' id='word_1_280' title='bbox 181 2199 278 2254; x_wconf 85' lang='lat' dir='ltr'><strong>que</strong></span> <span class='ocrx_word' id='word_1_281' title='bbox 298 2186 573 2256; x_wconf 83' lang='lat' dir='ltr'><strong>gentibus</strong></span> <span class='ocrx_word' id='word_1_282' title='bbox 597 2188 932 2246; x_wconf 87' lang='lat' dir='ltr'><strong>constitutis</strong></span> <span class='ocrx_word' id='word_1_283' title='bbox 957 2192 1114 2260; x_wconf 90' lang='lat' dir='ltr'><strong>pacis</strong></span> <span class='ocrx_word' id='word_1_284' title='bbox 1137 2193 1338 2249; x_wconf 87' lang='lat' dir='ltr'><strong>inierit</strong></span> <span class='ocrx_word' id='word_1_285' title='bbox 1362 2194 1567 2268; x_wconf 66' lang='lat' dir='ltr'><strong>faedus,</strong></span> <span class='ocrx_word' id='word_1_286' title='bbox 1595 2203 1650 2253; x_wconf 91' lang='lat' dir='ltr'><strong>et</strong></span> <span class='ocrx_word' id='word_1_287' title='bbox 1671 2200 1822 2254; x_wconf 86' lang='lat' dir='ltr'><strong>Nea-</strong></span> 
     </span>
    </p>
   </div>
   <div class='ocr_carea' id='block_1_39' title="bbox 178 2273 1819 2356">
    <p class='ocr_par' dir='ltr' id='par_1_39' title="bbox 178 2273 1819 2356">
     <span class='ocr_line' id='line_1_39' title="bbox 178 2273 1819 2356; baseline 0.01 -29"><span class='ocrx_word' id='word_1_288' title='bbox 178 2273 374 2342; x_wconf 88' lang='lat' dir='ltr'><strong>politis</strong></span> <span class='ocrx_word' id='word_1_289' title='bbox 421 2289 596 2344; x_wconf 89' lang='lat' dir='ltr'><strong>supra</strong></span> <span class='ocrx_word' id='word_1_290' title='bbox 646 2279 974 2335; x_wconf 87' lang='lat' dir='ltr'><strong>memoratis</strong></span> <span class='ocrx_word' id='word_1_291' title='bbox 1017 2282 1258 2352; x_wconf 84' lang='lat' dir='ltr'><strong>gratiam</strong></span> <span class='ocrx_word' id='word_1_292' title='bbox 1299 2298 1605 2356; x_wconf 89' lang='lat' dir='ltr'><strong>pacemque</strong></span> <span class='ocrx_word' id='word_1_293' title='bbox 1634 2288 1819 2344; x_wconf 89' lang='lat' dir='ltr'><strong>dona-</strong></span> 
     </span>
    </p>
   </div>
   <div class='ocr_carea' id='block_1_40' title="bbox 177 2360 1819 2446">
    <p class='ocr_par' dir='ltr' id='par_1_40' title="bbox 177 2360 1819 2446">
     <span class='ocr_line' id='line_1_40' title="bbox 177 2360 1819 2446; baseline 0.012 -31"><span class='ocrx_word' id='word_1_294' title='bbox 177 2361 248 2416; x_wconf 86' lang='lat' dir='ltr'><strong>vit</strong></span> <span class='ocrx_word' id='word_1_295' title='bbox 269 2360 435 2433; x_wconf 89' lang='lat'><strong>(808).</strong></span> <span class='ocrx_word' id='word_1_296' title='bbox 461 2364 556 2419; x_wconf 93' lang='lat' dir='ltr'><strong>Set</strong></span> <span class='ocrx_word' id='word_1_297' title='bbox 580 2365 716 2435; x_wconf 91' lang='lat' dir='ltr'><strong>quia</strong></span> <span class='ocrx_word' id='word_1_298' title='bbox 740 2368 1016 2438; x_wconf 86' lang='lat' dir='ltr'><strong>antiquus</strong></span> <span class='ocrx_word' id='word_1_299' title='bbox 1042 2370 1225 2427; x_wconf 87' lang='lat' dir='ltr'><strong>hostis</strong></span> <span class='ocrx_word' id='word_1_300' title='bbox 1250 2386 1470 2443; x_wconf 91' lang='lat' dir='ltr'><strong>semper</strong></span> <span class='ocrx_word' id='word_1_301' title='bbox 1491 2374 1708 2432; x_wconf 88' lang='lat' dir='ltr'><strong>invidet</strong></span> <span class='ocrx_word' id='word_1_302' title='bbox 1729 2391 1819 2446; x_wconf 87' lang='lat' dir='ltr'><strong>pa-</strong></span> 
     </span>
    </p>
   </div>
   <div class='ocr_carea' id='block_1_41' title="bbox 177 2452 1815 2527">
    <p class='ocr_par' dir='ltr' id='par_1_41' title="bbox 177 2452 1815 2527">
     <span class='ocr_line' id='line_1_41' title="bbox 177 2452 1815 2527; baseline 0.01 -23"><span class='ocrx_word' id='word_1_303' title='bbox 177 2452 315 2506; x_wconf 85' lang='lat' dir='ltr'><strong>catis</strong></span> <span class='ocrx_word' id='word_1_304' title='bbox 343 2457 401 2507; x_wconf 89' lang='lat' dir='ltr'><strong>et</strong></span> <span class='ocrx_word' id='word_1_305' title='bbox 427 2453 544 2523; x_wconf 90' lang='lat' dir='ltr'><strong>piis</strong></span> <span class='ocrx_word' id='word_1_306' title='bbox 577 2454 741 2522; x_wconf 88' lang='lat' dir='ltr'><strong>viris,</strong></span> <span class='ocrx_word' id='word_1_307' title='bbox 779 2459 950 2527; x_wconf 92' lang='lat' dir='ltr'><strong>atque</strong></span> <span class='ocrx_word' id='word_1_308' title='bbox 993 2457 1138 2514; x_wconf 91' lang='lat' dir='ltr'><strong>bella</strong></span> <span class='ocrx_word' id='word_1_309' title='bbox 1170 2465 1227 2515; x_wconf 91' lang='lat' dir='ltr'><strong>et</strong></span> <span class='ocrx_word' id='word_1_310' title='bbox 1262 2462 1568 2519; x_wconf 71' lang='lat' dir='ltr'><strong>discordiae</strong></span> <span class='ocrx_word' id='word_1_311' title='bbox 1597 2465 1815 2520; x_wconf 90' lang='lat' dir='ltr'><strong>semina</strong></span> 
     </span>
    </p>
   </div>
   <div class='ocr_carea' id='block_1_42' title="bbox 180 2539 1813 2624">
    <p class='ocr_par' dir='ltr' id='par_1_42' title="bbox 180 2539 1813 2624">
     <span class='ocr_line' id='line_1_42' title="bbox 180 2539 1813 2624; baseline 0.009 -31"><span class='ocrx_word' id='word_1_312' title='bbox 180 2539 229 2593; x_wconf 90' lang='lat' dir='ltr'><strong>in</strong></span> <span class='ocrx_word' id='word_1_313' title='bbox 265 2542 354 2596; x_wconf 89' lang='lat' dir='ltr'><strong>eis</strong></span> <span class='ocrx_word' id='word_1_314' title='bbox 385 2556 574 2598; x_wconf 91' lang='lat' dir='ltr'><strong>serere</strong></span> <span class='ocrx_word' id='word_1_315' title='bbox 617 2544 873 2617; x_wconf 89' lang='lat' dir='ltr'><strong>molitur,</strong></span> <span class='ocrx_word' id='word_1_316' title='bbox 906 2546 1239 2604; x_wconf 89' lang='lat' dir='ltr'><strong>Dauferium</strong></span> <span class='ocrx_word' id='word_1_317' title='bbox 1281 2553 1586 2624; x_wconf 87' lang='lat' dir='ltr'><strong>quendam,</strong></span> <span class='ocrx_word' id='word_1_318' title='bbox 1625 2553 1813 2610; x_wconf 90' lang='lat' dir='ltr'><strong>virum</strong></span> 
     </span>
    </p>
   </div>
   <div class='ocr_carea' id='block_1_43' title="bbox 175 2631 1817 2712">
    <p class='ocr_par' dir='ltr' id='par_1_43' title="bbox 175 2631 1817 2712">
     <span class='ocr_line' id='line_1_43' title="bbox 175 2631 1817 2712; baseline 0.009 -29"><span class='ocrx_word' id='word_1_319' title='bbox 175 2631 558 2701; x_wconf 88' lang='lat' dir='ltr'><strong>spectabilem,</strong></span> <span class='ocrx_word' id='word_1_320' title='bbox 593 2648 711 2688; x_wconf 67' lang='lat' dir='ltr'><strong>sua:</strong></span> <span class='ocrx_word' id='word_1_321' title='bbox 730 2635 874 2690; x_wconf 90' lang='lat' dir='ltr'><strong>artis</strong></span> <span class='ocrx_word' id='word_1_322' title='bbox 901 2637 1128 2693; x_wconf 92' lang='lat' dir='ltr'><strong>malicie</strong></span> <span class='ocrx_word' id='word_1_323' title='bbox 1167 2639 1394 2712; x_wconf 89' lang='lat' dir='ltr'><strong>ignivit,</strong></span> <span class='ocrx_word' id='word_1_324' title='bbox 1428 2646 1639 2697; x_wconf 89' lang='lat' dir='ltr'><strong>etcum</strong></span> <span class='ocrx_word' id='word_1_325' title='bbox 1683 2655 1817 2699; x_wconf 90' lang='lat' dir='ltr'><strong>non-</strong></span> 
     </span>
    </p>
   </div>
   <div class='ocr_carea' id='block_1_44' title="bbox 179 2718 1814 2787">
    <p class='ocr_par' dir='ltr' id='par_1_44' title="bbox 179 2718 1814 2787">
     <span class='ocr_line' id='line_1_44' title="bbox 179 2718 1814 2787; baseline 0.011 -17"><span class='ocrx_word' id='word_1_326' title='bbox 179 2718 352 2774; x_wconf 90' lang='lat' dir='ltr'><strong>nullis</strong></span> <span class='ocrx_word' id='word_1_327' title='bbox 367 2719 510 2775; x_wconf 90' lang='lat' dir='ltr'><strong>ﬁliis</strong></span> <span class='ocrx_word' id='word_1_328' title='bbox 524 2721 699 2776; x_wconf 89' lang='lat' dir='ltr'><strong>Belial</strong></span> <span class='ocrx_word' id='word_1_329' title='bbox 714 2722 957 2780; x_wconf 91' lang='lat' dir='ltr'><strong>horrend</strong></span> <span class='ocrx_word' id='word_1_330' title='bbox 971 2739 1060 2780; x_wconf 88' lang='lat' dir='ltr'><strong>um</strong></span> <span class='ocrx_word' id='word_1_331' title='bbox 1076 2725 1208 2782; x_wconf 90' lang='lat' dir='ltr'><strong>fecit</strong></span> <span class='ocrx_word' id='word_1_332' title='bbox 1222 2727 1371 2784; x_wconf 89' lang='lat' dir='ltr'><strong>inire</strong></span> <span class='ocrx_word' id='word_1_333' title='bbox 1382 2730 1690 2786; x_wconf 89' lang='lat' dir='ltr'><strong>consilium</strong></span> <span class='ocrx_word' id='word_1_334' title='bbox 1705 2731 1814 2787; x_wconf 85' lang='lat' dir='ltr'><strong>ad-</strong></span> 
     </span>
    </p>
   </div>
   <div class='ocr_carea' id='block_1_45' title="bbox 176 2807 1812 2888">
    <p class='ocr_par' dir='ltr' id='par_1_45' title="bbox 176 2807 1812 2888">
     <span class='ocr_line' id='line_1_45' title="bbox 176 2807 1812 2888; baseline 0.009 -29"><span class='ocrx_word' id='word_1_335' title='bbox 176 2818 366 2861; x_wconf 82' lang='lat' dir='ltr'><strong>versus</strong></span> <span class='ocrx_word' id='word_1_336' title='bbox 389 2807 705 2878; x_wconf 91' lang='lat' dir='ltr'><strong>principem</strong></span> <span class='ocrx_word' id='word_1_337' title='bbox 735 2807 936 2882; x_wconf 89' lang='lat' dir='ltr'><strong>fatum,</strong></span> <span class='ocrx_word' id='word_1_338' title='bbox 966 2811 1070 2867; x_wconf 92' lang='lat' dir='ltr'><strong>hoc</strong></span> <span class='ocrx_word' id='word_1_339' title='bbox 1104 2815 1266 2870; x_wconf 88' lang='lat' dir='ltr'><strong>modo</strong></span> <span class='ocrx_word' id='word_1_340' title='bbox 1290 2816 1570 2885; x_wconf 89' lang='lat' dir='ltr'><strong>depositis</strong></span> <span class='ocrx_word' id='word_1_341' title='bbox 1601 2817 1812 2888; x_wconf 88' lang='lat' dir='ltr'><strong>quippe</strong></span> 
     </span>
    </p>
   </div>
   <div class='ocr_carea' id='block_1_46' title="bbox 178 2893 1816 2974">
    <p class='ocr_par' dir='ltr' id='par_1_46' title="bbox 178 2893 1816 2974">
     <span class='ocr_line' id='line_1_46' title="bbox 178 2893 1816 2974; baseline 0.009 -27"><span class='ocrx_word' id='word_1_342' title='bbox 178 2893 230 2948; x_wconf 91' lang='lat' dir='ltr'><strong>in</strong></span> <span class='ocrx_word' id='word_1_343' title='bbox 247 2894 726 2965; x_wconf 89' lang='lat' dir='ltr'><strong>itinereinsidiis,</strong></span> <span class='ocrx_word' id='word_1_344' title='bbox 745 2899 954 2955; x_wconf 88' lang='lat' dir='ltr'><strong>utdum</strong></span> <span class='ocrx_word' id='word_1_345' title='bbox 987 2915 1086 2970; x_wconf 88' lang='lat' dir='ltr'><strong>per</strong></span> <span class='ocrx_word' id='word_1_346' title='bbox 1107 2908 1330 2971; x_wconf 89' lang='lat' dir='ltr'><strong>pontem</strong></span> <span class='ocrx_word' id='word_1_347' title='bbox 1356 2905 1816 2974; x_wconf 90' lang='lat' dir='ltr'><strong>proﬁcisceretur</strong></span> 
     </span>
    </p>
   </div>
   <div class='ocr_carea' id='block_1_47' title="bbox 175 2984 1812 3058">
    <p class='ocr_par' dir='ltr' id='par_1_47' title="bbox 175 2984 1812 3058">
     <span class='ocr_line' id='line_1_47' title="bbox 175 2984 1812 3058; baseline 0.007 -20"><span class='ocrx_word' id='word_1_348' title='bbox 175 2985 499 3041; x_wconf 68' lang='lat' dir='ltr'><strong>l’eterrima:</strong></span> <span class='ocrx_word' id='word_1_349' title='bbox 544 2984 852 3043; x_wconf 80' lang='lat' dir='ltr'><strong>urbisbad</strong></span> <span class='ocrx_word' id='word_1_350' title='bbox 902 2990 1228 3058; x_wconf 75' lang='lat' dir='ltr'><strong>praedictam</strong></span> <span class='ocrx_word' id='word_1_351' title='bbox 1280 2992 1476 3048; x_wconf 92' lang='lat' dir='ltr'><strong>urbem</strong></span> <span class='ocrx_word' id='word_1_352' title='bbox 1517 2993 1812 3048; x_wconf 90' lang='lat' dir='ltr'><strong>Salernum</strong></span> 
     </span>
    </p>
   </div>
   <div class='ocr_carea' id='block_1_48' title="bbox 1934 1831 3575 1916">
    <p class='ocr_par' dir='ltr' id='par_1_48' title="bbox 1934 1831 3575 1916">
     <span class='ocr_line' id='line_1_48' title="bbox 1934 1831 3575 1916; baseline 0.018 -30"><span class='ocrx_word' id='word_1_353' title='bbox 1934 1831 2063 1903; x_wconf 93' lang='lat' dir='ltr'><strong>bus,</strong></span> <span class='ocrx_word' id='word_1_354' title='bbox 2090 1835 2206 1903; x_wconf 89' lang='lat' dir='ltr'><strong>jam</strong></span> <span class='ocrx_word' id='word_1_355' title='bbox 2243 1837 2436 1895; x_wconf 87' lang='lat' dir='ltr'><strong>dictus</strong></span> <span class='ocrx_word' id='word_1_356' title='bbox 2465 1841 2698 1915; x_wconf 86' lang='lat' dir='ltr'><strong>perfuga</strong></span> <span class='ocrx_word' id='word_1_357' title='bbox 2727 1846 2844 1902; x_wconf 85' lang='lat' dir='ltr'><strong>dux</strong></span> <span class='ocrx_word' id='word_1_358' title='bbox 2869 1849 3030 1904; x_wconf 89' lang='lat' dir='ltr'><strong>dedit</strong></span> <span class='ocrx_word' id='word_1_359' title='bbox 3056 1851 3114 1906; x_wconf 90' lang='lat' dir='ltr'><strong>in</strong></span> <span class='ocrx_word' id='word_1_360' title='bbox 3140 1831 3402 1911; x_wconf 72' lang='lat' dir='ltr'><strong>exenium</strong></span> <span class='ocrx_word' id='word_1_361' title='bbox 3448 1863 3575 1916; x_wconf 92' lang='lat' dir='ltr'><strong>octo</strong></span> 
     </span>
    </p>
   </div>
   <div class='ocr_carea' id='block_1_49' title="bbox 1935 1920 3571 2008">
    <p class='ocr_par' dir='ltr' id='par_1_49' title="bbox 1935 1920 3571 2008">
     <span class='ocr_line' id='line_1_49' title="bbox 1935 1920 3571 2008; baseline 0.017 -34"><span class='ocrx_word' id='word_1_362' title='bbox 1935 1920 2097 1976; x_wconf 89' lang='lat' dir='ltr'><strong>milia</strong></span> <span class='ocrx_word' id='word_1_363' title='bbox 2143 1937 2348 1982; x_wconf 90' lang='lat' dir='ltr'><strong>aureos</strong></span> <span class='ocrx_word' id='word_1_364' title='bbox 2395 1932 2729 1998; x_wconf 89' lang='lat' dir='ltr'><strong>supradicto</strong></span> <span class='ocrx_word' id='word_1_365' title='bbox 2778 1937 3050 2008; x_wconf 77' lang='lat' dir='ltr'><strong>principi,</strong></span> <span class='ocrx_word' id='word_1_366' title='bbox 3102 1946 3158 1996; x_wconf 94' lang='lat' dir='ltr'><strong>et</strong></span> <span class='ocrx_word' id='word_1_367' title='bbox 3201 1951 3571 2002; x_wconf 91' lang='lat' dir='ltr'><strong>memoratum</strong></span> 
     </span>
    </p>
   </div>
   <div class='ocr_carea' id='block_1_50' title="bbox 1931 2009 3574 2097">
    <p class='ocr_par' dir='ltr' id='par_1_50' title="bbox 1931 2009 3574 2097">
     <span class='ocr_line' id='line_1_50' title="bbox 1931 2009 3574 2097; baseline 0.016 -34"><span class='ocrx_word' id='word_1_368' title='bbox 1931 2009 2263 2068; x_wconf 90' lang='lat' dir='ltr'><strong>Dauferium</strong></span> <span class='ocrx_word' id='word_1_369' title='bbox 2289 2015 2356 2070; x_wconf 90' lang='lat' dir='ltr'><strong>ad</strong></span> <span class='ocrx_word' id='word_1_370' title='bbox 2386 2017 2690 2086; x_wconf 87' lang='lat' dir='ltr'><strong>pristinam</strong></span> <span class='ocrx_word' id='word_1_371' title='bbox 2718 2023 2950 2080; x_wconf 85' lang='lat' dir='ltr'><strong>reduxit</strong></span> <span class='ocrx_word' id='word_1_372' title='bbox 2973 2029 3232 2097; x_wconf 83' lang='lat' dir='ltr'><strong>gratiam.</strong></span> <span class='ocrx_word' id='word_1_373' title='bbox 3258 2032 3461 2088; x_wconf 92' lang='lat' dir='ltr'><strong>Statim</strong></span> <span class='ocrx_word' id='word_1_374' title='bbox 3482 2034 3574 2090; x_wconf 89' lang='lat' dir='ltr'><strong>de-</strong></span> 
     </span>
    </p>
   </div>
   <div class='ocr_carea' id='block_1_51' title="bbox 1932 2099 3575 2185">
    <p class='ocr_par' dir='ltr' id='par_1_51' title="bbox 1932 2099 3575 2185">
     <span class='ocr_line' id='line_1_51' title="bbox 1932 2099 3575 2185; baseline 0.016 -32"><span class='ocrx_word' id='word_1_375' title='bbox 1932 2099 2107 2170; x_wconf 88' lang='lat' dir='ltr'><strong>nique</strong></span> <span class='ocrx_word' id='word_1_376' title='bbox 2132 2101 2203 2157; x_wconf 92' lang='lat' dir='ltr'><strong>ob</strong></span> <span class='ocrx_word' id='word_1_377' title='bbox 2229 2104 2455 2160; x_wconf 87' lang='lat' dir='ltr'><strong>solitam</strong></span> <span class='ocrx_word' id='word_1_378' title='bbox 2487 2107 2939 2170; x_wconf 89' lang='lat' dir='ltr'><strong>misericordiam</strong></span> <span class='ocrx_word' id='word_1_379' title='bbox 2964 2117 3234 2185; x_wconf 70' lang='lat' dir='ltr'><strong>praedicto</strong></span> <span class='ocrx_word' id='word_1_380' title='bbox 3254 2120 3377 2177; x_wconf 91' lang='lat' dir='ltr'><strong>viro</strong></span> <span class='ocrx_word' id='word_1_381' title='bbox 3401 2122 3575 2178; x_wconf 90' lang='lat' dir='ltr'><strong>dona-</strong></span> 
     </span>
    </p>
   </div>
   <div class='ocr_carea' id='block_1_52' title="bbox 1933 2187 3597 2278">
    <p class='ocr_par' dir='ltr' id='par_1_52' title="bbox 1933 2187 3597 2278">
     <span class='ocr_line' id='line_1_52' title="bbox 1933 2187 3597 2278; baseline 0.016 -37"><span class='ocrx_word' id='word_1_382' title='bbox 1933 2187 2144 2244; x_wconf 89' lang='lat' dir='ltr'><strong>tionem</strong></span> <span class='ocrx_word' id='word_1_383' title='bbox 2173 2192 2242 2247; x_wconf 91' lang='lat' dir='ltr'><strong>de</strong></span> <span class='ocrx_word' id='word_1_384' title='bbox 2260 2193 2428 2250; x_wconf 87' lang='lat' dir='ltr'><strong>rebus</strong></span> <span class='ocrx_word' id='word_1_385' title='bbox 2448 2197 2572 2252; x_wconf 91' lang='lat' dir='ltr'><strong>suis</strong></span> <span class='ocrx_word' id='word_1_386' title='bbox 2589 2206 2867 2270; x_wconf 59' lang='lat' dir='ltr'><strong>pracepto</strong></span> <span class='ocrx_word' id='word_1_387' title='bbox 2890 2202 3154 2277; x_wconf 89' lang='lat' dir='ltr'><strong>ﬁrmavit,</strong></span> <span class='ocrx_word' id='word_1_388' title='bbox 3176 2209 3415 2278; x_wconf 87' lang='lat' dir='ltr'><strong>gratiam</strong></span> <span class='ocrx_word' id='word_1_389' title='bbox 3439 2225 3570 2268; x_wconf 90' lang='lat' dir='ltr'><strong>vero</strong></span> <span class='ocrx_word' id='word_1_390' title='bbox 3591 2240 3597 2246; x_wconf 86' lang='lat'><strong><em>-</em></strong></span> 
     </span>
    </p>
   </div>
   <div class='ocr_carea' id='block_1_53' title="bbox 1929 2273 3568 2366">
    <p class='ocr_par' dir='ltr' id='par_1_53' title="bbox 1929 2273 3568 2366">
     <span class='ocr_line' id='line_1_53' title="bbox 1929 2273 3568 2366; baseline 0.016 -37"><span class='ocrx_word' id='word_1_391' title='bbox 1929 2273 2498 2354; x_wconf 84' lang='lat' dir='ltr'><strong>familiaritatemque</strong></span> <span class='ocrx_word' id='word_1_392' title='bbox 2547 2287 2788 2354; x_wconf 91' lang='lat' dir='ltr'><strong>primam</strong></span> <span class='ocrx_word' id='word_1_393' title='bbox 2834 2305 2945 2346; x_wconf 93' lang='lat' dir='ltr'><strong>non</strong></span> <span class='ocrx_word' id='word_1_394' title='bbox 2988 2273 3302 2366; x_wconf 69' lang='lat' dir='ltr'><strong>denegavit.</strong></span> <span class='ocrx_word' id='word_1_395' title='bbox 3350 2300 3568 2356; x_wconf 91' lang='lat' dir='ltr'><strong>Interea</strong></span> 
     </span>
    </p>
   </div>
   <div class='ocr_carea' id='block_1_54' title="bbox 1927 2363 3571 2452">
    <p class='ocr_par' dir='ltr' id='par_1_54' title="bbox 1927 2363 3571 2452">
     <span class='ocr_line' id='line_1_54' title="bbox 1927 2363 3571 2452; baseline 0.016 -35"><span class='ocrx_word' id='word_1_396' title='bbox 1927 2363 2210 2422; x_wconf 79' lang='lat' dir='ltr'><strong>Badechis</strong></span> <span class='ocrx_word' id='word_1_397' title='bbox 2229 2382 2416 2426; x_wconf 91' lang='lat' dir='ltr'><strong>comes</strong></span> <span class='ocrx_word' id='word_1_398' title='bbox 2444 2373 2749 2446; x_wconf 87' lang='lat' dir='ltr'><strong>Consinus,</strong></span> <span class='ocrx_word' id='word_1_399' title='bbox 2782 2377 2913 2435; x_wconf 89' lang='lat' dir='ltr'><strong>Sico</strong></span> <span class='ocrx_word' id='word_1_400' title='bbox 2946 2363 3330 2452; x_wconf 80' lang='lat' dir='ltr'><strong>Agerentinus</strong></span> <span class='ocrx_word' id='word_1_401' title='bbox 3357 2369 3571 2443; x_wconf 74' lang='lat' dir='ltr'><strong>castel—</strong></span> 
     </span>
    </p>
   </div>
   <div class='ocr_carea' id='block_1_55' title="bbox 1925 2451 3572 2544">
    <p class='ocr_par' dir='ltr' id='par_1_55' title="bbox 1925 2451 3572 2544">
     <span class='ocr_line' id='line_1_55' title="bbox 1925 2451 3572 2544; baseline 0.016 -38"><span class='ocrx_word' id='word_1_402' title='bbox 1925 2451 2086 2523; x_wconf 90' lang='lat' dir='ltr'><strong>deus,</strong></span> <span class='ocrx_word' id='word_1_403' title='bbox 2119 2469 2284 2524; x_wconf 86' lang='lat' dir='ltr'><strong>quem</strong></span> <span class='ocrx_word' id='word_1_404' title='bbox 2309 2459 2592 2516; x_wconf 90' lang='lat' dir='ltr'><strong>Grimoalt</strong></span> <span class='ocrx_word' id='word_1_405' title='bbox 2627 2463 2846 2520; x_wconf 87' lang='lat' dir='ltr'><strong>dudum</strong></span> <span class='ocrx_word' id='word_1_406' title='bbox 2874 2451 3212 2536; x_wconf 88' lang='lat' dir='ltr'><strong>proselitum</strong></span> <span class='ocrx_word' id='word_1_407' title='bbox 3238 2471 3263 2510; x_wconf 76' lang='lat' dir='ltr'><strong>d</strong></span> <span class='ocrx_word' id='word_1_408' title='bbox 3283 2481 3572 2544; x_wconf 90' lang='lat' dir='ltr'><strong>receperat</strong></span> 
     </span>
    </p>
   </div>
   <div class='ocr_carea' id='block_1_56' title="bbox 1929 2539 3568 2634">
    <p class='ocr_par' dir='ltr' id='par_1_56' title="bbox 1929 2539 3568 2634">
     <span class='ocr_line' id='line_1_56' title="bbox 1929 2539 3568 2634; baseline 0.016 -40"><span class='ocrx_word' id='word_1_409' title='bbox 1929 2539 2245 2599; x_wconf 88' lang='lat' dir='ltr'><strong>honoribus</strong></span> <span class='ocrx_word' id='word_1_410' title='bbox 2263 2545 2532 2614; x_wconf 91' lang='lat' dir='ltr'><strong>plurimis</strong></span> <span class='ocrx_word' id='word_1_411' title='bbox 2557 2550 2834 2623; x_wconf 90' lang='lat' dir='ltr'><strong>deferens,</strong></span> <span class='ocrx_word' id='word_1_412' title='bbox 2851 2555 3101 2614; x_wconf 91' lang='lat' dir='ltr'><strong>subdolo</strong></span> <span class='ocrx_word' id='word_1_413' title='bbox 3130 2539 3489 2634; x_wconf 79' lang='lat' dir='ltr'><strong>insurgentes</strong></span> <span class='ocrx_word' id='word_1_414' title='bbox 3507 2565 3568 2619; x_wconf 89' lang='lat' dir='ltr'><strong>in</strong></span> 
     </span>
    </p>
   </div>
   <div class='ocr_carea' id='block_1_57' title="bbox 1925 2635 3568 2722">
    <p class='ocr_par' dir='ltr' id='par_1_57' title="bbox 1925 2635 3568 2722">
     <span class='ocr_line' id='line_1_57' title="bbox 1925 2635 3568 2722; baseline 0.016 -40"><span class='ocrx_word' id='word_1_415' title='bbox 1925 2641 2074 2700; x_wconf 91' lang='lat' dir='ltr'><strong>eum,</strong></span> <span class='ocrx_word' id='word_1_416' title='bbox 2107 2645 2232 2687; x_wconf 93' lang='lat' dir='ltr'><strong>cum</strong></span> <span class='ocrx_word' id='word_1_417' title='bbox 2262 2635 2379 2704; x_wconf 88' lang='lat' dir='ltr'><strong>jam</strong></span> <span class='ocrx_word' id='word_1_418' title='bbox 2409 2644 2726 2696; x_wconf 79' lang='lat' dir='ltr'><strong>extremum</strong></span> <span class='ocrx_word' id='word_1_419' title='bbox 2757 2642 3030 2712; x_wconf 88' lang='lat' dir='ltr'><strong>spiritum</strong></span> <span class='ocrx_word' id='word_1_420' title='bbox 3073 2648 3343 2722; x_wconf 90' lang='lat' dir='ltr'><strong>traheret,</strong></span> <span class='ocrx_word' id='word_1_421' title='bbox 3376 2650 3568 2722; x_wconf 88' lang='lat' dir='ltr'><strong>gladio</strong></span> 
     </span>
    </p>
   </div>
   <div class='ocr_carea' id='block_1_58' title="bbox 1925 2724 2630 2800">
    <p class='ocr_par' dir='ltr' id='par_1_58' title="bbox 1925 2724 2630 2800">
     <span class='ocr_line' id='line_1_58' title="bbox 1925 2724 2630 2800; baseline 0.016 -29"><span class='ocrx_word' id='word_1_422' title='bbox 1925 2730 2052 2772; x_wconf 94' lang='lat' dir='ltr'><strong>eum</strong></span> <span class='ocrx_word' id='word_1_423' title='bbox 2086 2730 2444 2788; x_wconf 89' lang='lat' dir='ltr'><strong>peremerunt</strong></span> <span class='ocrx_word' id='word_1_424' title='bbox 2473 2724 2630 2800; x_wconf 77' lang='grc'>(817).</span> 
     </span>
    </p>
   </div>
   <div class='ocr_carea' id='block_1_59' title="bbox 1997 2806 3568 2893">
    <p class='ocr_par' dir='ltr' id='par_1_59' title="bbox 1997 2806 3568 2893">
     <span class='ocr_line' id='line_1_59' title="bbox 1997 2806 3568 2893; baseline 0.016 -31"><span class='ocrx_word' id='word_1_425' title='bbox 1997 2806 2049 2862; x_wconf 92' lang='lat'><strong>9.</strong></span> <span class='ocrx_word' id='word_1_426' title='bbox 2080 2809 2378 2868; x_wconf 87' lang='lat' dir='ltr'><strong>Interfecto</strong></span> <span class='ocrx_word' id='word_1_427' title='bbox 2405 2815 2586 2885; x_wconf 89' lang='lat' dir='ltr'><strong>igitur</strong></span> <span class='ocrx_word' id='word_1_428' title='bbox 2609 2830 2674 2872; x_wconf 91' lang='lat' dir='ltr'><strong>eo</strong></span> <span class='ocrx_word' id='word_1_429' title='bbox 2697 2817 3046 2893; x_wconf 89' lang='lat' dir='ltr'><strong>innocenter,</strong></span> <span class='ocrx_word' id='word_1_430' title='bbox 3071 2825 3377 2893; x_wconf 70' lang='lat' dir='ltr'><strong>praedictus</strong></span> <span class='ocrx_word' id='word_1_431' title='bbox 3396 2828 3568 2887; x_wconf 87' lang='lat' dir='ltr'><strong>Rade-</strong></span> 
     </span>
    </p>
   </div>
   <div class='ocr_carea' id='block_1_60' title="bbox 1924 2895 3567 2990">
    <p class='ocr_par' dir='ltr' id='par_1_60' title="bbox 1924 2895 3567 2990">
     <span class='ocr_line' id='line_1_60' title="bbox 1924 2895 3567 2990; baseline 0.017 -42"><span class='ocrx_word' id='word_1_432' title='bbox 1924 2895 2342 2990; x_wconf 79' lang='lat' dir='ltr'><strong>chisSiconem</strong></span> <span class='ocrx_word' id='word_1_433' title='bbox 2363 2901 2486 2959; x_wconf 90' lang='lat' dir='ltr'><strong>loco</strong></span> <span class='ocrx_word' id='word_1_434' title='bbox 2514 2905 2676 2962; x_wconf 91' lang='lat' dir='ltr'><strong>illius</strong></span> <span class='ocrx_word' id='word_1_435' title='bbox 2706 2909 3022 2980; x_wconf 88' lang='lat' dir='ltr'><strong>principem</strong></span> <span class='ocrx_word' id='word_1_436' title='bbox 3050 2913 3400 2986; x_wconf 88' lang='lat' dir='ltr'><strong>subrogavit.</strong></span> <span class='ocrx_word' id='word_1_437' title='bbox 3441 2921 3567 2990; x_wconf 87' lang='lat' dir='ltr'><strong>Ipse</strong></span> 
     </span>
    </p>
   </div>
   <div class='ocr_carea' id='block_1_61' title="bbox 1924 2988 3568 3065">
    <p class='ocr_par' dir='ltr' id='par_1_61' title="bbox 1924 2988 3568 3065">
     <span class='ocr_line' id='line_1_61' title="bbox 1924 2988 3568 3065; baseline 0.018 -30"><span class='ocrx_word' id='word_1_438' title='bbox 1924 2996 2056 3038; x_wconf 90' lang='lat' dir='ltr'><strong>vero</strong></span> <span class='ocrx_word' id='word_1_439' title='bbox 2084 2997 2193 3040; x_wconf 92' lang='lat' dir='ltr'><strong>non</strong></span> <span class='ocrx_word' id='word_1_440' title='bbox 2227 2988 2468 3045; x_wconf 90' lang='lat' dir='ltr'><strong>multum</strong></span> <span class='ocrx_word' id='word_1_441' title='bbox 2503 2997 2630 3060; x_wconf 87' lang='lat' dir='ltr'><strong>post</strong></span> <span class='ocrx_word' id='word_1_442' title='bbox 2655 2997 2878 3065; x_wconf 88' lang='lat' dir='ltr'><strong>tempus</strong></span> <span class='ocrx_word' id='word_1_443' title='bbox 2901 3005 3108 3056; x_wconf 90' lang='lat' dir='ltr'><strong>cuncta</strong></span> <span class='ocrx_word' id='word_1_444' title='bbox 3134 3003 3387 3060; x_wconf 87' lang='lat' dir='ltr'><strong>viriliter</strong></span> <span class='ocrx_word' id='word_1_445' title='bbox 3408 2988 3568 3063; x_wconf 82' lang='lat' dir='ltr'><strong>mun-</strong></span> 
     </span>
    </p>
   </div>
   <div class='ocr_carea' id='block_1_62' title="bbox 177 3069 3569 3154">
    <p class='ocr_par' dir='ltr' id='par_1_62' title="bbox 177 3069 3569 3154">
     <span class='ocr_line' id='line_1_62' title="bbox 177 3069 3569 3154; baseline 0.007 -27"><span class='ocrx_word' id='word_1_446' title='bbox 177 3087 503 3144; x_wconf 89' lang='lat' dir='ltr'><strong>properans,</strong></span> <span class='ocrx_word' id='word_1_447' title='bbox 534 3074 820 3144; x_wconf 88' lang='lat' dir='ltr'><strong>impulsus</strong></span> <span class='ocrx_word' id='word_1_448' title='bbox 849 3091 880 3132; x_wconf 90' lang='lat' dir='ltr'><strong>a</strong></span> <span class='ocrx_word' id='word_1_449' title='bbox 908 3077 1162 3134; x_wconf 89' lang='lat' dir='ltr'><strong>menbris</strong></span> <span class='ocrx_word' id='word_1_450' title='bbox 1197 3081 1417 3136; x_wconf 71' lang='lat' dir='ltr'><strong>Satana:</strong></span> <span class='ocrx_word' id='word_1_451' title='bbox 1443 3081 1811 3151; x_wconf 70' lang='lat' dir='ltr'><strong>profundum,</strong></span> <span class='ocrx_word' id='word_1_452' title='bbox 1849 3082 1898 3144; x_wconf 72' lang='grc' dir='ltr'><strong>ί]</strong></span> <span class='ocrx_word' id='word_1_453' title='bbox 1924 3069 2069 3126; x_wconf 89' lang='lat' dir='ltr'><strong>dana</strong></span> <span class='ocrx_word' id='word_1_454' title='bbox 2114 3078 2266 3129; x_wconf 90' lang='lat' dir='ltr'><strong>metu</strong></span> <span class='ocrx_word' id='word_1_455' title='bbox 2313 3077 2580 3146; x_wconf 74' lang='lat' dir='ltr'><strong>gehenna:</strong></span> <span class='ocrx_word' id='word_1_456' title='bbox 2621 3080 2912 3154; x_wconf 88' lang='lat' dir='ltr'><strong>abdicans,</strong></span> <span class='ocrx_word' id='word_1_457' title='bbox 2952 3087 3019 3140; x_wconf 90' lang='lat' dir='ltr'><strong>ad</strong></span> <span class='ocrx_word' id='word_1_458' title='bbox 3054 3086 3202 3143; x_wconf 88' lang='lat' dir='ltr'><strong>beati</strong></span> <span class='ocrx_word' id='word_1_459' title='bbox 3237 3104 3295 3146; x_wconf 91' lang='lat' dir='ltr'><strong>se</strong></span> <span class='ocrx_word' id='word_1_460' title='bbox 3319 3095 3569 3151; x_wconf 89' lang='lat' dir='ltr'><strong>contulit</strong></span> 
     </span>
    </p>
   </div>
   <div class='ocr_carea' id='block_1_63' title="bbox 177 3161 1816 3239">
    <p class='ocr_par' dir='ltr' id='par_1_63' title="bbox 177 3161 1816 3239">
     <span class='ocr_line' id='line_1_63' title="bbox 177 3161 1816 3239; baseline 0.004 -21"><span class='ocrx_word' id='word_1_461' title='bbox 177 3163 444 3219; x_wconf 85' lang='lat' dir='ltr'><strong>ﬂuctibus</strong></span> <span class='ocrx_word' id='word_1_462' title='bbox 473 3161 500 3205; x_wconf 83' lang='grc'>6</span> <span class='ocrx_word' id='word_1_463' title='bbox 542 3165 784 3220; x_wconf 87' lang='lat' dir='ltr'><strong>marinis</strong></span> <span class='ocrx_word' id='word_1_464' title='bbox 824 3165 1274 3239; x_wconf 90' lang='lat' dir='ltr'><strong>immergeretur,</strong></span> <span class='ocrx_word' id='word_1_465' title='bbox 1325 3177 1475 3226; x_wconf 91' lang='lat' dir='ltr'><strong>esset</strong></span> <span class='ocrx_word' id='word_1_466' title='bbox 1510 3171 1698 3228; x_wconf 89' lang='lat' dir='ltr'><strong>beluis</strong></span> <span class='ocrx_word' id='word_1_467' title='bbox 1755 3171 1816 3225; x_wconf 90' lang='lat' dir='ltr'><strong>in</strong></span> 
     </span>
    </p>
   </div>
   <div class='ocr_carea' id='block_1_64' title="bbox 175 3255 1817 3333">
    <p class='ocr_par' dir='ltr' id='par_1_64' title="bbox 175 3255 1817 3333">
     <span class='ocr_line' id='line_1_64' title="bbox 175 3255 1817 3333; baseline 0.006 -25"><span class='ocrx_word' id='word_1_468' title='bbox 175 3260 413 3322; x_wconf 87' lang='lat' dir='ltr'><strong>pastum.</strong></span> <span class='ocrx_word' id='word_1_469' title='bbox 471 3255 566 3310; x_wconf 88' lang='lat' dir='ltr'><strong>Set</strong></span> <span class='ocrx_word' id='word_1_470' title='bbox 618 3255 898 3311; x_wconf 89' lang='lat' dir='ltr'><strong>revelante</strong></span> <span class='ocrx_word' id='word_1_471' title='bbox 951 3257 1065 3311; x_wconf 88' lang='lat' dir='ltr'><strong>sibi</strong></span> <span class='ocrx_word' id='word_1_472' title='bbox 1115 3259 1469 3316; x_wconf 90' lang='lat' dir='ltr'><strong>occultorum</strong></span> <span class='ocrx_word' id='word_1_473' title='bbox 1523 3263 1817 3333; x_wconf 90' lang='lat' dir='ltr'><strong>c0gnitore</strong></span> 
     </span>
    </p>
   </div>
   <div class='ocr_carea' id='block_1_65' title="bbox 172 3343 1817 3416">
    <p class='ocr_par' dir='ltr' id='par_1_65' title="bbox 172 3343 1817 3416">
     <span class='ocr_line' id='line_1_65' title="bbox 172 3343 1817 3416; baseline 0.006 -19"><span class='ocrx_word' id='word_1_474' title='bbox 172 3343 299 3412; x_wconf 91' lang='lat' dir='ltr'><strong>Deo,</strong></span> <span class='ocrx_word' id='word_1_475' title='bbox 343 3344 472 3399; x_wconf 86' lang='lat' dir='ltr'><strong>suis</strong></span> <span class='ocrx_word' id='word_1_476' title='bbox 518 3343 588 3398; x_wconf 90' lang='lat' dir='ltr'><strong>ad</strong></span> <span class='ocrx_word' id='word_1_477' title='bbox 629 3358 688 3399; x_wconf 90' lang='lat' dir='ltr'><strong>se</strong></span> <span class='ocrx_word' id='word_1_478' title='bbox 725 3345 1042 3416; x_wconf 90' lang='lat' dir='ltr'><strong>accersitis,</strong></span> <span class='ocrx_word' id='word_1_479' title='bbox 1084 3347 1201 3415; x_wconf 91' lang='lat' dir='ltr'><strong>jam</strong></span> <span class='ocrx_word' id='word_1_480' title='bbox 1242 3348 1460 3403; x_wconf 87' lang='lat' dir='ltr'><strong>dictum</strong></span> <span class='ocrx_word' id='word_1_481' title='bbox 1508 3351 1817 3407; x_wconf 88' lang='lat' dir='ltr'><strong>incolumis</strong></span> 
     </span>
    </p>
   </div>
   <div class='ocr_carea' id='block_1_66' title="bbox 177 3433 1817 3507">
    <p class='ocr_par' dir='ltr' id='par_1_66' title="bbox 177 3433 1817 3507">
     <span class='ocr_line' id='line_1_66' title="bbox 177 3433 1817 3507; baseline 0.005 -20"><span class='ocrx_word' id='word_1_482' title='bbox 177 3433 511 3501; x_wconf 85' lang='lat' dir='ltr'><strong>pertransiit</strong></span> <span class='ocrx_word' id='word_1_483' title='bbox 529 3437 752 3503; x_wconf 89' lang='lat' dir='ltr'><strong>pontem</strong></span> <span class='ocrx_word' id='word_1_484' title='bbox 776 3451 791 3498; x_wconf 72' lang='grc' dir='ltr'>ς</span> <span class='ocrx_word' id='word_1_485' title='bbox 815 3447 910 3490; x_wconf 94' lang='lat' dir='ltr'><strong>eos</strong></span> <span class='ocrx_word' id='word_1_486' title='bbox 930 3439 1140 3507; x_wconf 90' lang='lat' dir='ltr'><strong>autem,</strong></span> <span class='ocrx_word' id='word_1_487' title='bbox 1157 3437 1259 3507; x_wconf 90' lang='lat' dir='ltr'><strong>qui</strong></span> <span class='ocrx_word' id='word_1_488' title='bbox 1283 3452 1400 3494; x_wconf 67' lang='lat' dir='ltr'><strong>suae</strong></span> <span class='ocrx_word' id='word_1_489' title='bbox 1412 3437 1620 3495; x_wconf 89' lang='lat' dir='ltr'><strong>salutis</strong></span> <span class='ocrx_word' id='word_1_490' title='bbox 1634 3440 1817 3497; x_wconf 91' lang='lat' dir='ltr'><strong>hostis</strong></span> 
     </span>
    </p>
   </div>
   <div class='ocr_carea' id='block_1_67' title="bbox 174 3518 1816 3598">
    <p class='ocr_par' dir='ltr' id='par_1_67' title="bbox 174 3518 1816 3598">
     <span class='ocr_line' id='line_1_67' title="bbox 174 3518 1816 3598; baseline 0.005 -23"><span class='ocrx_word' id='word_1_491' title='bbox 174 3518 416 3591; x_wconf 86' lang='lat' dir='ltr'><strong>fuerant,</strong></span> <span class='ocrx_word' id='word_1_492' title='bbox 431 3522 586 3591; x_wconf 90' lang='lat' dir='ltr'><strong>cepit</strong></span> <span class='ocrx_word' id='word_1_493' title='bbox 599 3527 654 3577; x_wconf 90' lang='lat' dir='ltr'><strong>et</strong></span> <span class='ocrx_word' id='word_1_494' title='bbox 680 3523 931 3579; x_wconf 86' lang='lat' dir='ltr'><strong>vinculis</strong></span> <span class='ocrx_word' id='word_1_495' title='bbox 953 3525 1168 3594; x_wconf 85' lang='lat' dir='ltr'><strong>injecit.</strong></span> <span class='ocrx_word' id='word_1_496' title='bbox 1185 3523 1665 3598; x_wconf 73' lang='lat' dir='ltr'><strong>(816.)Dauferius</strong></span> <span class='ocrx_word' id='word_1_497' title='bbox 1685 3542 1816 3584; x_wconf 91' lang='lat' dir='ltr'><strong>vero</strong></span> 
     </span>
    </p>
   </div>
   <div class='ocr_carea' id='block_1_68' title="bbox 175 3611 1818 3688">
    <p class='ocr_par' dir='ltr' id='par_1_68' title="bbox 175 3611 1818 3688">
     <span class='ocr_line' id='line_1_68' title="bbox 175 3611 1818 3688; baseline 0.004 -22"><span class='ocrx_word' id='word_1_498' title='bbox 175 3611 304 3679; x_wconf 86' lang='lat' dir='ltr'><strong>quia</strong></span> <span class='ocrx_word' id='word_1_499' title='bbox 335 3618 480 3667; x_wconf 91' lang='lat' dir='ltr'><strong>tunc</strong></span> <span class='ocrx_word' id='word_1_500' title='bbox 521 3625 633 3667; x_wconf 91' lang='lat' dir='ltr'><strong>non</strong></span> <span class='ocrx_word' id='word_1_501' title='bbox 662 3611 862 3667; x_wconf 90' lang='lat' dir='ltr'><strong>aderat</strong></span> <span class='ocrx_word' id='word_1_502' title='bbox 892 3612 1036 3680; x_wconf 85' lang='lat' dir='ltr'><strong>illic,</strong></span> <span class='ocrx_word' id='word_1_503' title='bbox 1068 3614 1172 3670; x_wconf 92' lang='lat' dir='ltr'><strong>hoc</strong></span> <span class='ocrx_word' id='word_1_504' title='bbox 1197 3615 1413 3686; x_wconf 90' lang='lat' dir='ltr'><strong>agnito,</strong></span> <span class='ocrx_word' id='word_1_505' title='bbox 1447 3615 1635 3688; x_wconf 89' lang='lat' dir='ltr'><strong>fugam</strong></span> <span class='ocrx_word' id='word_1_506' title='bbox 1659 3619 1818 3674; x_wconf 87' lang='lat' dir='ltr'><strong>arri—</strong></span> 
     </span>
    </p>
   </div>
   <div class='ocr_carea' id='block_1_69' title="bbox 175 3699 1164 3771">
    <p class='ocr_par' dir='ltr' id='par_1_69' title="bbox 175 3699 1164 3771">
     <span class='ocr_line' id='line_1_69' title="bbox 175 3699 1164 3771; baseline 0.003 -19"><span class='ocrx_word' id='word_1_507' title='bbox 175 3699 297 3764; x_wconf 88' lang='lat' dir='ltr'><strong>puit</strong></span> <span class='ocrx_word' id='word_1_508' title='bbox 319 3705 380 3753; x_wconf 91' lang='lat' dir='ltr'><strong>et</strong></span> <span class='ocrx_word' id='word_1_509' title='bbox 398 3699 719 3768; x_wconf 89' lang='lat' dir='ltr'><strong>Neapolitis</strong></span> <span class='ocrx_word' id='word_1_510' title='bbox 740 3705 1042 3771; x_wconf 89' lang='lat' dir='ltr'><strong>susceptus</strong></span> <span class='ocrx_word' id='word_1_511' title='bbox 1062 3707 1164 3757; x_wconf 90' lang='lat' dir='ltr'><strong>est.</strong></span> 
     </span>
    </p>
   </div>
   <div class='ocr_carea' id='block_1_70' title="bbox 235 3784 1816 3866">
    <p class='ocr_par' dir='ltr' id='par_1_70' title="bbox 235 3784 1816 3866">
     <span class='ocr_line' id='line_1_70' title="bbox 235 3784 1816 3866; baseline 0.007 -26"><span class='ocrx_word' id='word_1_512' title='bbox 235 3784 287 3840; x_wconf 93' lang='lat'>8.</span> <span class='ocrx_word' id='word_1_513' title='bbox 313 3787 440 3855; x_wconf 91' lang='lat' dir='ltr'><strong>Quo</strong></span> <span class='ocrx_word' id='word_1_514' title='bbox 478 3793 788 3856; x_wconf 90' lang='lat' dir='ltr'><strong>comperto,</strong></span> <span class='ocrx_word' id='word_1_515' title='bbox 811 3790 1093 3845; x_wconf 92' lang='lat' dir='ltr'><strong>Grimoalt</strong></span> <span class='ocrx_word' id='word_1_516' title='bbox 1125 3804 1234 3846; x_wconf 91' lang='lat' dir='ltr'><strong>non</strong></span> <span class='ocrx_word' id='word_1_517' title='bbox 1276 3793 1525 3864; x_wconf 90' lang='lat' dir='ltr'><strong>segniter</strong></span> <span class='ocrx_word' id='word_1_518' title='bbox 1549 3795 1685 3866; x_wconf 89' lang='lat' dir='ltr'><strong>egit,</strong></span> <span class='ocrx_word' id='word_1_519' title='bbox 1732 3799 1816 3851; x_wconf 90' lang='lat' dir='ltr'><strong>set</strong></span> 
     </span>
    </p>
   </div>
   <div class='ocr_carea' id='block_1_71' title="bbox 173 3873 1818 3952">
    <p class='ocr_par' dir='ltr' id='par_1_71' title="bbox 173 3873 1818 3952">
     <span class='ocr_line' id='line_1_71' title="bbox 173 3873 1818 3952; baseline 0.005 -23"><span class='ocrx_word' id='word_1_520' title='bbox 173 3873 472 3931; x_wconf 81' lang='lat' dir='ltr'><strong>confestim</strong></span> <span class='ocrx_word' id='word_1_521' title='bbox 493 3875 602 3930; x_wconf 89' lang='lat' dir='ltr'><strong>iter</strong></span> <span class='ocrx_word' id='word_1_522' title='bbox 616 3876 1236 3948; x_wconf 77' lang='lat' dir='ltr'><strong>Neapolim&#39;agreditur,</strong></span> <span class='ocrx_word' id='word_1_523' title='bbox 1251 3882 1676 3952; x_wconf 86' lang='lat' dir='ltr'><strong>exercitumque</strong></span> <span class='ocrx_word' id='word_1_524' title='bbox 1690 3887 1818 3952; x_wconf 91' lang='lat' dir='ltr'><strong>post</strong></span> 
     </span>
    </p>
   </div>
   <div class='ocr_carea' id='block_1_72' title="bbox 174 3964 1818 4043">
    <p class='ocr_par' dir='ltr' id='par_1_72' title="bbox 174 3964 1818 4043">
     <span class='ocr_line' id='line_1_72' title="bbox 174 3964 1818 4043; baseline 0.006 -25"><span class='ocrx_word' id='word_1_525' title='bbox 174 3977 228 4018; x_wconf 90' lang='lat' dir='ltr'><strong>se</strong></span> <span class='ocrx_word' id='word_1_526' title='bbox 258 3964 579 4020; x_wconf 90' lang='lat' dir='ltr'><strong>accelerare</strong></span> <span class='ocrx_word' id='word_1_527' title='bbox 595 3964 777 4033; x_wconf 90' lang='lat' dir='ltr'><strong>jubet.</strong></span> <span class='ocrx_word' id='word_1_528' title='bbox 808 3966 878 4020; x_wconf 85' lang='lat' dir='ltr'><strong>At</strong></span> <span class='ocrx_word' id='word_1_529' title='bbox 902 3965 998 4021; x_wconf 91' lang='lat' dir='ltr'><strong>ubi</strong></span> <span class='ocrx_word' id='word_1_530' title='bbox 1025 3968 1190 4036; x_wconf 79' lang='lat' dir='ltr'><strong>juxta</strong></span> <span class='ocrx_word' id='word_1_531' title='bbox 1222 3977 1584 4026; x_wconf 89' lang='lat' dir='ltr'><strong>memoratam</strong></span> <span class='ocrx_word' id='word_1_532' title='bbox 1609 3986 1818 4043; x_wconf 90' lang='lat' dir='ltr'><strong>perap—</strong></span> 
     </span>
    </p>
   </div>
   <div class='ocr_carea' id='block_1_73' title="bbox 175 4053 1819 4128">
    <p class='ocr_par' dir='ltr' id='par_1_73' title="bbox 175 4053 1819 4128">
     <span class='ocr_line' id='line_1_73' title="bbox 175 4053 1819 4128; baseline 0.006 -21"><span class='ocrx_word' id='word_1_533' title='bbox 175 4053 381 4120; x_wconf 89' lang='lat' dir='ltr'><strong>plicuit</strong></span> <span class='ocrx_word' id='word_1_534' title='bbox 411 4056 466 4093; x_wconf 73' lang='grc' dir='ltr'><strong>ὀ</strong></span> <span class='ocrx_word' id='word_1_535' title='bbox 500 4053 696 4108; x_wconf 91' lang='lat' dir='ltr'><strong>urbem</strong></span> <span class='ocrx_word' id='word_1_536' title='bbox 715 4054 739 4096; x_wconf 91' lang='lat'><strong>7</strong></span> <span class='ocrx_word' id='word_1_537' title='bbox 770 4055 1127 4125; x_wconf 90' lang='lat' dir='ltr'><strong>,juventutis</strong></span> <span class='ocrx_word' id='word_1_538' title='bbox 1149 4058 1660 4128; x_wconf 87' lang='lat' dir='ltr'><strong>populusejusdem</strong></span> <span class='ocrx_word' id='word_1_539' title='bbox 1681 4061 1819 4116; x_wconf 90' lang='lat' dir='ltr'><strong>civi-</strong></span> 
     </span>
    </p>
   </div>
   <div class='ocr_carea' id='block_1_74' title="bbox 174 4141 1816 4213">
    <p class='ocr_par' dir='ltr' id='par_1_74' title="bbox 174 4141 1816 4213">
     <span class='ocr_line' id='line_1_74' title="bbox 174 4141 1816 4213; baseline 0.005 -18"><span class='ocrx_word' id='word_1_540' title='bbox 174 4141 307 4196; x_wconf 87' lang='lat' dir='ltr'><strong>tatis</strong></span> <span class='ocrx_word' id='word_1_541' title='bbox 362 4142 544 4196; x_wconf 90' lang='lat' dir='ltr'><strong>armis</strong></span> <span class='ocrx_word' id='word_1_542' title='bbox 597 4147 841 4213; x_wconf 91' lang='lat' dir='ltr'><strong>evectus,</strong></span> <span class='ocrx_word' id='word_1_543' title='bbox 897 4143 1100 4200; x_wconf 90' lang='lat' dir='ltr'><strong>obvius</strong></span> <span class='ocrx_word' id='word_1_544' title='bbox 1150 4145 1238 4200; x_wconf 91' lang='lat' dir='ltr'><strong>illi</strong></span> <span class='ocrx_word' id='word_1_545' title='bbox 1279 4148 1550 4204; x_wconf 90' lang='lat' dir='ltr'><strong>audacter</strong></span> <span class='ocrx_word' id='word_1_546' title='bbox 1591 4149 1816 4205; x_wconf 91' lang='lat' dir='ltr'><strong>eminus</strong></span> 
     </span>
    </p>
   </div>
   <div class='ocr_carea' id='block_1_75' title="bbox 170 4229 1814 4308">
    <p class='ocr_par' dir='ltr' id='par_1_75' title="bbox 170 4229 1814 4308">
     <span class='ocr_line' id='line_1_75' title="bbox 170 4229 1814 4308; baseline 0.008 -25"><span class='ocrx_word' id='word_1_547' title='bbox 170 4229 348 4284; x_wconf 77' lang='lat' dir='ltr'><strong>exivit</strong></span> <span class='ocrx_word' id='word_1_548' title='bbox 375 4230 434 4285; x_wconf 90' lang='lat' dir='ltr'><strong>in</strong></span> <span class='ocrx_word' id='word_1_549' title='bbox 467 4231 764 4300; x_wconf 79' lang='lat' dir='ltr'><strong>praelium;</strong></span> <span class='ocrx_word' id='word_1_550' title='bbox 794 4232 942 4302; x_wconf 91' lang='lat' dir='ltr'><strong>quod</strong></span> <span class='ocrx_word' id='word_1_551' title='bbox 987 4233 1085 4288; x_wconf 89' lang='lat' dir='ltr'><strong>ille</strong></span> <span class='ocrx_word' id='word_1_552' title='bbox 1124 4239 1188 4288; x_wconf 89' lang='lat' dir='ltr'><strong>ut</strong></span> <span class='ocrx_word' id='word_1_553' title='bbox 1220 4235 1522 4308; x_wconf 87' lang='lat' dir='ltr'><strong>intellexit,</strong></span> <span class='ocrx_word' id='word_1_554' title='bbox 1550 4239 1814 4308; x_wconf 87' lang='lat' dir='ltr'><strong>protinus</strong></span> 
     </span>
    </p>
   </div>
   <div class='ocr_carea' id='block_1_76' title="bbox 172 4316 1810 4399">
    <p class='ocr_par' dir='ltr' id='par_1_76' title="bbox 172 4316 1810 4399">
     <span class='ocr_line' id='line_1_76' title="bbox 172 4316 1810 4399; baseline 0.007 -28"><span class='ocrx_word' id='word_1_555' title='bbox 172 4316 380 4373; x_wconf 87' lang='lat' dir='ltr'><strong>itinera</strong></span> <span class='ocrx_word' id='word_1_556' title='bbox 412 4331 604 4374; x_wconf 89' lang='lat' dir='ltr'><strong>eorum</strong></span> <span class='ocrx_word' id='word_1_557' title='bbox 636 4320 950 4375; x_wconf 89' lang='lat' dir='ltr'><strong>revertendi</strong></span> <span class='ocrx_word' id='word_1_558' title='bbox 981 4321 1144 4390; x_wconf 89' lang='lat' dir='ltr'><strong>prius</strong></span> <span class='ocrx_word' id='word_1_559' title='bbox 1173 4322 1400 4379; x_wconf 91' lang='lat' dir='ltr'><strong>irretire</strong></span> <span class='ocrx_word' id='word_1_560' title='bbox 1431 4325 1666 4383; x_wconf 91' lang='lat' dir='ltr'><strong>molitus</strong></span> <span class='ocrx_word' id='word_1_561' title='bbox 1704 4332 1810 4399; x_wconf 84' lang='lat' dir='ltr'><strong>est,</strong></span> 
     </span>
    </p>
   </div>
   <div class='ocr_carea' id='block_1_77' title="bbox 1927 3161 3562 3253">
    <p class='ocr_par' dir='ltr' id='par_1_77' title="bbox 1927 3161 3562 3253">
     <span class='ocr_line' id='line_1_77' title="bbox 1927 3161 3562 3253; baseline 0.016 -40"><span class='ocrx_word' id='word_1_562' title='bbox 1927 3161 2214 3217; x_wconf 90' lang='lat' dir='ltr'><strong>Benedicti</strong></span> <span class='ocrx_word' id='word_1_563' title='bbox 2233 3163 2526 3237; x_wconf 77' lang='lat' dir='ltr'><strong>suffragia,</strong></span> <span class='ocrx_word' id='word_1_564' title='bbox 2553 3171 2860 3241; x_wconf 90' lang='lat' dir='ltr'><strong>catenaque</strong></span> <span class='ocrx_word' id='word_1_565' title='bbox 2888 3175 3104 3230; x_wconf 91' lang='lat' dir='ltr'><strong>cervice</strong></span> <span class='ocrx_word' id='word_1_566' title='bbox 3135 3183 3300 3234; x_wconf 91' lang='lat' dir='ltr'><strong>tenus</strong></span> <span class='ocrx_word' id='word_1_567' title='bbox 3317 3180 3562 3253; x_wconf 89' lang='lat' dir='ltr'><strong>vinctus,</strong></span> 
     </span>
    </p>
   </div>
   <div class='ocr_carea' id='block_1_78' title="bbox 1926 3249 3564 3334">
    <p class='ocr_par' dir='ltr' id='par_1_78' title="bbox 1926 3249 3564 3334">
     <span class='ocr_line' id='line_1_78' title="bbox 1926 3249 3564 3334; baseline 0.016 -33"><span class='ocrx_word' id='word_1_568' title='bbox 1926 3249 2050 3317; x_wconf 90' lang='lat' dir='ltr'><strong>ejus</strong></span> <span class='ocrx_word' id='word_1_569' title='bbox 2079 3250 2401 3307; x_wconf 72' lang='lat' dir='ltr'><strong>cmnobium</strong></span> <span class='ocrx_word' id='word_1_570' title='bbox 2429 3253 2658 3311; x_wconf 86' lang='lat' dir='ltr'><strong>Christo</strong></span> <span class='ocrx_word' id='word_1_571' title='bbox 2689 3258 3048 3317; x_wconf 89' lang='lat' dir='ltr'><strong>militaturus</strong></span> <span class='ocrx_word' id='word_1_572' title='bbox 3093 3265 3260 3334; x_wconf 90' lang='lat' dir='ltr'><strong>adiit,</strong></span> <span class='ocrx_word' id='word_1_573' title='bbox 3308 3282 3368 3323; x_wconf 93' lang='lat' dir='ltr'><strong>se</strong></span> <span class='ocrx_word' id='word_1_574' title='bbox 3407 3249 3564 3326; x_wconf 87' lang='lat' dir='ltr'><strong>reum</strong></span> 
     </span>
    </p>
   </div>
   <div class='ocr_carea' id='block_1_79' title="bbox 1927 3339 3566 3423">
    <p class='ocr_par' dir='ltr' id='par_1_79' title="bbox 1927 3339 3566 3423">
     <span class='ocr_line' id='line_1_79' title="bbox 1927 3339 3566 3423; baseline 0.014 -33"><span class='ocrx_word' id='word_1_575' title='bbox 1927 3350 2156 3407; x_wconf 93' lang='lat' dir='ltr'><strong>quoque</strong></span> <span class='ocrx_word' id='word_1_576' title='bbox 2184 3339 2486 3397; x_wconf 89' lang='lat' dir='ltr'><strong>clamitans</strong></span> <span class='ocrx_word' id='word_1_577' title='bbox 2507 3347 2563 3398; x_wconf 94' lang='lat' dir='ltr'><strong>et</strong></span> <span class='ocrx_word' id='word_1_578' title='bbox 2585 3343 2848 3416; x_wconf 89' lang='lat' dir='ltr'><strong>impium,</strong></span> <span class='ocrx_word' id='word_1_579' title='bbox 2881 3363 2940 3403; x_wconf 86' lang='lat' dir='ltr'><strong>se</strong></span> <span class='ocrx_word' id='word_1_580' title='bbox 2968 3350 3111 3406; x_wconf 89' lang='lat' dir='ltr'><strong>male</strong></span> <span class='ocrx_word' id='word_1_581' title='bbox 3139 3355 3324 3423; x_wconf 89' lang='lat' dir='ltr'><strong>egisse</strong></span> <span class='ocrx_word' id='word_1_582' title='bbox 3352 3369 3417 3410; x_wconf 90' lang='lat' dir='ltr'><strong>ac</strong></span> <span class='ocrx_word' id='word_1_583' title='bbox 3440 3371 3566 3413; x_wconf 86' lang='lat' dir='ltr'><strong>cru-</strong></span> 
     </span>
    </p>
   </div>
   <div class='ocr_carea' id='block_1_80' title="bbox 1925 3424 3570 3502">
    <p class='ocr_par' dir='ltr' id='par_1_80' title="bbox 1925 3424 3570 3502">
     <span class='ocr_line' id='line_1_80' title="bbox 1925 3424 3570 3502; baseline 0.015 -24"><span class='ocrx_word' id='word_1_584' title='bbox 1925 3424 2134 3481; x_wconf 89' lang='lat' dir='ltr'><strong>deliter</strong></span> <span class='ocrx_word' id='word_1_585' title='bbox 2163 3426 2500 3500; x_wconf 80' lang='lat' dir='ltr'><strong>vociferans,</strong></span> <span class='ocrx_word' id='word_1_586' title='bbox 2541 3431 2740 3502; x_wconf 90' lang='lat' dir='ltr'><strong>sicque</strong></span> <span class='ocrx_word' id='word_1_587' title='bbox 2765 3435 3128 3493; x_wconf 81' lang='lat' dir='ltr'><strong>monachium</strong></span> <span class='ocrx_word' id='word_1_588' title='bbox 3170 3455 3354 3498; x_wconf 90' lang='lat' dir='ltr'><strong>scema</strong></span> <span class='ocrx_word' id='word_1_589' title='bbox 3389 3443 3437 3488; x_wconf 77' lang='grc' dir='ltr'><strong>ιο</strong></span> <span class='ocrx_word' id='word_1_590' title='bbox 3461 3460 3570 3502; x_wconf 88' lang='lat' dir='ltr'><strong>su-</strong></span> 
     </span>
    </p>
   </div>
   <div class='ocr_carea' id='block_1_81' title="bbox 1929 3515 3572 3602">
    <p class='ocr_par' dir='ltr' id='par_1_81' title="bbox 1929 3515 3572 3602">
     <span class='ocr_line' id='line_1_81' title="bbox 1929 3515 3572 3602; baseline 0.015 -35"><span class='ocrx_word' id='word_1_591' title='bbox 1929 3527 2106 3582; x_wconf 87' lang='lat' dir='ltr'><strong>mens,</strong></span> <span class='ocrx_word' id='word_1_592' title='bbox 2137 3515 2196 3570; x_wconf 90' lang='lat' dir='ltr'><strong>in</strong></span> <span class='ocrx_word' id='word_1_593' title='bbox 2225 3521 2380 3572; x_wconf 90' lang='lat' dir='ltr'><strong>tanta</strong></span> <span class='ocrx_word' id='word_1_594' title='bbox 2407 3532 2465 3573; x_wconf 92' lang='lat' dir='ltr'><strong>se</strong></span> <span class='ocrx_word' id='word_1_595' title='bbox 2487 3519 2854 3577; x_wconf 90' lang='lat' dir='ltr'><strong>districtione</strong></span> <span class='ocrx_word' id='word_1_596' title='bbox 2878 3527 3137 3594; x_wconf 88' lang='lat' dir='ltr'><strong>corporis</strong></span> <span class='ocrx_word' id='word_1_597' title='bbox 3159 3529 3456 3602; x_wconf 90' lang='lat' dir='ltr'><strong>animique</strong></span> <span class='ocrx_word' id='word_1_598' title='bbox 3480 3548 3572 3591; x_wconf 91' lang='lat' dir='ltr'><strong>co-</strong></span> 
     </span>
    </p>
   </div>
   <div class='ocr_carea' id='block_1_82' title="bbox 1929 3603 3566 3680">
    <p class='ocr_par' dir='ltr' id='par_1_82' title="bbox 1929 3603 3566 3680">
     <span class='ocr_line' id='line_1_82' title="bbox 1929 3603 3566 3680; baseline 0.014 -24"><span class='ocrx_word' id='word_1_599' title='bbox 1929 3616 2046 3658; x_wconf 91' lang='lat' dir='ltr'><strong>ram</strong></span> <span class='ocrx_word' id='word_1_600' title='bbox 2077 3603 2264 3659; x_wconf 88' lang='lat' dir='ltr'><strong>oculis</strong></span> <span class='ocrx_word' id='word_1_601' title='bbox 2313 3605 2557 3663; x_wconf 90' lang='lat' dir='ltr'><strong>internis</strong></span> <span class='ocrx_word' id='word_1_602' title='bbox 2594 3607 2833 3666; x_wconf 89' lang='lat' dir='ltr'><strong>arbitris</strong></span> <span class='ocrx_word' id='word_1_603' title='bbox 2881 3611 2940 3665; x_wconf 92' lang='lat' dir='ltr'><strong>in</strong></span> <span class='ocrx_word' id='word_1_604' title='bbox 2979 3614 3172 3670; x_wconf 90' lang='lat' dir='ltr'><strong>eodem</strong></span> <span class='ocrx_word' id='word_1_605' title='bbox 3223 3623 3566 3680; x_wconf 88' lang='lat' dir='ltr'><strong>monasterio</strong></span> 
     </span>
    </p>
   </div>
   <div class='ocr_carea' id='block_1_83' title="bbox 1926 3691 3570 3766">
    <p class='ocr_par' dir='ltr' id='par_1_83' title="bbox 1926 3691 3570 3766">
     <span class='ocr_line' id='line_1_83' title="bbox 1926 3691 3570 3766; baseline 0.013 -21"><span class='ocrx_word' id='word_1_606' title='bbox 1926 3691 2214 3763; x_wconf 90' lang='lat' dir='ltr'><strong>coartivit,</strong></span> <span class='ocrx_word' id='word_1_607' title='bbox 2245 3698 2307 3748; x_wconf 91' lang='lat' dir='ltr'><strong>ut</strong></span> <span class='ocrx_word' id='word_1_608' title='bbox 2329 3694 2476 3749; x_wconf 91' lang='lat' dir='ltr'><strong>nulli</strong></span> <span class='ocrx_word' id='word_1_609' title='bbox 2509 3697 2842 3766; x_wconf 91' lang='lat' dir='ltr'><strong>scrupulum</strong></span> <span class='ocrx_word' id='word_1_610' title='bbox 2871 3699 3025 3755; x_wconf 89' lang='lat' dir='ltr'><strong>adsit</strong></span> <span class='ocrx_word' id='word_1_611' title='bbox 3054 3704 3307 3760; x_wconf 91' lang='lat' dir='ltr'><strong>omnium</strong></span> <span class='ocrx_word' id='word_1_612' title='bbox 3341 3705 3570 3766; x_wconf 89' lang='lat' dir='ltr'><strong>facino-</strong></span> 
     </span>
    </p>
   </div>
   <div class='ocr_carea' id='block_1_84' title="bbox 1929 3784 3568 3854">
    <p class='ocr_par' dir='ltr' id='par_1_84' title="bbox 1929 3784 3568 3854">
     <span class='ocr_line' id='line_1_84' title="bbox 1929 3784 3568 3854; baseline 0.013 -21"><span class='ocrx_word' id='word_1_613' title='bbox 1929 3794 2053 3834; x_wconf 91' lang='lat' dir='ltr'><strong>rum</strong></span> <span class='ocrx_word' id='word_1_614' title='bbox 2073 3795 2306 3836; x_wconf 86' lang='lat' dir='ltr'><strong>suorum</strong></span> <span class='ocrx_word' id='word_1_615' title='bbox 2332 3784 2554 3840; x_wconf 90' lang='lat' dir='ltr'><strong>veniam</strong></span> <span class='ocrx_word' id='word_1_616' title='bbox 2568 3785 2812 3854; x_wconf 90' lang='lat' dir='ltr'><strong>adipisci</strong></span> <span class='ocrx_word' id='word_1_617' title='bbox 2837 3789 3132 3845; x_wconf 89' lang='lat' dir='ltr'><strong>meruisse.</strong></span> <span class='ocrx_word' id='word_1_618' title='bbox 3155 3792 3449 3852; x_wconf 91' lang='lat' dir='ltr'><strong>Circuibat</strong></span> <span class='ocrx_word' id='word_1_619' title='bbox 3471 3798 3568 3854; x_wconf 90' lang='lat' dir='ltr'><strong>ille</strong></span> 
     </span>
    </p>
   </div>
   <div class='ocr_carea' id='block_1_85' title="bbox 1928 3869 3569 3952">
    <p class='ocr_par' dir='ltr' id='par_1_85' title="bbox 1928 3869 3569 3952">
     <span class='ocr_line' id='line_1_85' title="bbox 1928 3869 3569 3952; baseline 0.012 -31"><span class='ocrx_word' id='word_1_620' title='bbox 1928 3881 2072 3937; x_wconf 75' lang='lat' dir='ltr'><strong>saepe</strong></span> <span class='ocrx_word' id='word_1_621' title='bbox 2091 3869 2358 3925; x_wconf 89' lang='lat' dir='ltr'><strong>diabolus</strong></span> <span class='ocrx_word' id='word_1_622' title='bbox 2383 3872 2577 3942; x_wconf 90' lang='lat' dir='ltr'><strong>girans</strong></span> <span class='ocrx_word' id='word_1_623' title='bbox 2603 3879 2759 3944; x_wconf 87' lang='lat' dir='ltr'><strong>septa</strong></span> <span class='ocrx_word' id='word_1_624' title='bbox 2792 3876 2940 3931; x_wconf 89' lang='lat' dir='ltr'><strong>sacri</strong></span> <span class='ocrx_word' id='word_1_625' title='bbox 2974 3881 3325 3952; x_wconf 89' lang='lat' dir='ltr'><strong>monasterii,</strong></span> <span class='ocrx_word' id='word_1_626' title='bbox 3357 3889 3414 3939; x_wconf 92' lang='lat' dir='ltr'><strong>et</strong></span> <span class='ocrx_word' id='word_1_627' title='bbox 3436 3899 3569 3942; x_wconf 91' lang='lat' dir='ltr'><strong>voce</strong></span> 
     </span>
    </p>
   </div>
   <div class='ocr_carea' id='block_1_86' title="bbox 1928 3958 3565 4041">
    <p class='ocr_par' dir='ltr' id='par_1_86' title="bbox 1928 3958 3565 4041">
     <span class='ocr_line' id='line_1_86' title="bbox 1928 3958 3565 4041; baseline 0.012 -32"><span class='ocrx_word' id='word_1_628' title='bbox 1928 3958 2228 4026; x_wconf 89' lang='lat' dir='ltr'><strong>perspicua</strong></span> <span class='ocrx_word' id='word_1_629' title='bbox 2244 3962 2299 4013; x_wconf 88' lang='lat' dir='ltr'><strong>et</strong></span> <span class='ocrx_word' id='word_1_630' title='bbox 2317 3959 2517 4016; x_wconf 91' lang='lat' dir='ltr'><strong>multis</strong></span> <span class='ocrx_word' id='word_1_631' title='bbox 2531 3962 3245 4024; x_wconf 89' lang='lat' dir='ltr'><strong>audientibusclamitabat</strong></span> <span class='ocrx_word' id='word_1_632' title='bbox 3262 3969 3565 4041; x_wconf 91' lang='lat' dir='ltr'><strong>inquiens:</strong></span> 
     </span>
    </p>
   </div>
   <div class='ocr_carea' id='block_1_87' title="bbox 1989 4063 3524 4140">
    <p class='ocr_par' dir='ltr' id='par_1_87' title="bbox 1989 4063 3524 4140">
     <span class='ocr_line' id='line_1_87' title="bbox 1989 4063 3524 4140; baseline 0.011 -31"><span class='ocrx_word' id='word_1_633' title='bbox 1989 4063 2122 4121; x_wconf 89' lang='lat' dir='ltr'><strong>Heu,</strong></span> <span class='ocrx_word' id='word_1_634' title='bbox 2150 4063 2447 4124; x_wconf 85' lang='lat' dir='ltr'><strong>Benedicte,</strong></span> <span class='ocrx_word' id='word_1_635' title='bbox 2473 4065 2600 4114; x_wconf 89' lang='lat' dir='ltr'><strong>mihi</strong></span> <span class='ocrx_word' id='word_1_636' title='bbox 2629 4068 2640 4114; x_wconf 92' lang='lat' dir='ltr'><strong>l</strong></span> <span class='ocrx_word' id='word_1_637' title='bbox 2663 4067 2770 4116; x_wconf 91' lang='lat' dir='ltr'><strong>Cur</strong></span> <span class='ocrx_word' id='word_1_638' title='bbox 2797 4082 2880 4118; x_wconf 90' lang='lat' dir='ltr'><strong>me</strong></span> <span class='ocrx_word' id='word_1_639' title='bbox 2903 4071 3129 4133; x_wconf 89' lang='lat' dir='ltr'><strong>undique</strong></span> <span class='ocrx_word' id='word_1_640' title='bbox 3149 4075 3326 4122; x_wconf 84' lang='lat' dir='ltr'><strong>rodis?</strong></span> <span class='ocrx_word' id='word_1_641' title='bbox 3346 4075 3524 4140; x_wconf 90' lang='lat' dir='ltr'><strong>Inique</strong></span> 
     </span>
    </p>
   </div>
   <div class='ocr_carea' id='block_1_88' title="bbox 1987 4142 3440 4207">
    <p class='ocr_par' dir='ltr' id='par_1_88' title="bbox 1987 4142 3440 4207">
     <span class='ocr_line' id='line_1_88' title="bbox 1987 4142 3440 4207; baseline 0.011 -18"><span class='ocrx_word' id='word_1_642' title='bbox 1987 4142 2076 4191; x_wconf 89' lang='lat' dir='ltr'><strong>Me</strong></span> <span class='ocrx_word' id='word_1_643' title='bbox 2110 4144 2253 4204; x_wconf 85' lang='lat' dir='ltr'><strong>prius</strong></span> <span class='ocrx_word' id='word_1_644' title='bbox 2283 4142 2403 4192; x_wconf 88' lang='lat' dir='ltr'><strong>hinc</strong></span> <span class='ocrx_word' id='word_1_645' title='bbox 2449 4145 2618 4207; x_wconf 82' lang='lat' dir='ltr'><strong>pulso,</strong></span> <span class='ocrx_word' id='word_1_646' title='bbox 2647 4160 2785 4196; x_wconf 88' lang='lat' dir='ltr'><strong>nunc</strong></span> <span class='ocrx_word' id='word_1_647' title='bbox 2824 4161 2942 4197; x_wconf 80' lang='lat' dir='ltr'><strong>mea</strong></span> <span class='ocrx_word' id='word_1_648' title='bbox 2973 4152 3207 4202; x_wconf 80' lang='lat' dir='ltr'><strong>membra</strong></span> <span class='ocrx_word' id='word_1_649' title='bbox 3239 4153 3440 4204; x_wconf 83' lang='lat' dir='ltr'><strong>lucrasl</strong></span> 
     </span>
    </p>
   </div>
   <div class='ocr_carea' id='block_1_89' title="bbox 1998 4238 3570 4322">
    <p class='ocr_par' dir='ltr' id='par_1_89' title="bbox 1998 4238 3570 4322">
     <span class='ocr_line' id='line_1_89' title="bbox 1998 4238 3570 4322; baseline 0.011 -27"><span class='ocrx_word' id='word_1_650' title='bbox 1998 4238 2080 4296; x_wconf 76' lang='lat'><strong>40.</strong></span> <span class='ocrx_word' id='word_1_651' title='bbox 2113 4238 2279 4313; x_wconf 74' lang='grc'>(818.)</span> <span class='ocrx_word' id='word_1_652' title='bbox 2306 4242 2577 4312; x_wconf 91' lang='lat' dir='ltr'><strong>Suscepto</strong></span> <span class='ocrx_word' id='word_1_653' title='bbox 2618 4243 2811 4314; x_wconf 89' lang='lat' dir='ltr'><strong>itaque</strong></span> <span class='ocrx_word' id='word_1_654' title='bbox 2834 4245 2963 4302; x_wconf 89' lang='lat' dir='ltr'><strong>Sico</strong></span> <span class='ocrx_word' id='word_1_655' title='bbox 3006 4249 3355 4322; x_wconf 91' lang='lat' dir='ltr'><strong>principatu,</strong></span> <span class='ocrx_word' id='word_1_656' title='bbox 3384 4251 3570 4312; x_wconf 66' lang='lat' dir='ltr'><strong>foedus</strong></span> 
     </span>
    </p>
   </div>
   <div class='ocr_carea' id='block_1_90' title="bbox 1924 4331 3571 4400">
    <p class='ocr_par' dir='ltr' id='par_1_90' title="bbox 1924 4331 3571 4400">
     <span class='ocr_line' id='line_1_90' title="bbox 1924 4331 3571 4400; baseline 0.007 -14"><span class='ocrx_word' id='word_1_657' title='bbox 1924 4345 2053 4386; x_wconf 91' lang='lat' dir='ltr'><strong>cum</strong></span> <span class='ocrx_word' id='word_1_658' title='bbox 2098 4331 2331 4386; x_wconf 89' lang='lat' dir='ltr'><strong>Francis</strong></span> <span class='ocrx_word' id='word_1_659' title='bbox 2375 4331 2683 4400; x_wconf 89' lang='lat' dir='ltr'><strong>innovavit,</strong></span> <span class='ocrx_word' id='word_1_660' title='bbox 2730 4334 3148 4392; x_wconf 86' lang='lat' dir='ltr'><strong>Beneventanos</strong></span> <span class='ocrx_word' id='word_1_661' title='bbox 3176 4338 3404 4395; x_wconf 90' lang='lat' dir='ltr'><strong>bestiali</strong></span> <span class='ocrx_word' id='word_1_662' title='bbox 3430 4342 3571 4398; x_wconf 76' lang='lat' dir='ltr'><strong>effe-</strong></span> 
     </span>
    </p>
   </div>
   <div class='ocr_carea' id='block_1_91' title="bbox 168 4395 3567 4501">
    <p class='ocr_par' dir='ltr' id='par_1_91' title="bbox 168 4395 3567 4501">
     <span class='ocr_line' id='line_1_91' title="bbox 168 4395 3567 4501; baseline 0.007 -42"><span class='ocrx_word' id='word_1_663' title='bbox 168 4412 221 4459; x_wconf 90' lang='lat' dir='ltr'><strong>et</strong></span> <span class='ocrx_word' id='word_1_664' title='bbox 247 4405 328 4460; x_wconf 88' lang='lat' dir='ltr'><strong>ita</strong></span> <span class='ocrx_word' id='word_1_665' title='bbox 346 4407 578 4462; x_wconf 90' lang='lat' dir='ltr'><strong>demum</strong></span> <span class='ocrx_word' id='word_1_666' title='bbox 602 4407 660 4462; x_wconf 92' lang='lat' dir='ltr'><strong>in</strong></span> <span class='ocrx_word' id='word_1_667' title='bbox 683 4420 781 4464; x_wconf 88' lang='lat' dir='ltr'><strong>eos</strong></span> <span class='ocrx_word' id='word_1_668' title='bbox 805 4407 1100 4480; x_wconf 90' lang='lat' dir='ltr'><strong>insurgere</strong></span> <span class='ocrx_word' id='word_1_669' title='bbox 1124 4411 1327 4466; x_wconf 90' lang='lat' dir='ltr'><strong>voluit.</strong></span> <span class='ocrx_word' id='word_1_670' title='bbox 1370 4413 1601 4468; x_wconf 89' lang='lat' dir='ltr'><strong>Tantam</strong></span> <span class='ocrx_word' id='word_1_671' title='bbox 1640 4395 1815 4470; x_wconf 50' lang='lat' dir='ltr'><strong>deni?-</strong></span> <span class='ocrx_word' id='word_1_672' title='bbox 1838 4395 1893 4456; x_wconf 84' lang='lat' dir='ltr'>D</span> <span class='ocrx_word' id='word_1_673' title='bbox 1927 4419 2096 4474; x_wconf 88' lang='lat' dir='ltr'><strong>ritate</strong></span> <span class='ocrx_word' id='word_1_674' title='bbox 2127 4419 2510 4490; x_wconf 87' lang='lat' dir='ltr'><strong>persequitur,</strong></span> <span class='ocrx_word' id='word_1_675' title='bbox 2543 4395 2714 4492; x_wconf 89' lang='lat' dir='ltr'><strong>atque</strong></span> <span class='ocrx_word' id='word_1_676' title='bbox 2739 4436 2799 4477; x_wconf 89' lang='lat' dir='ltr'><strong>se</strong></span> <span class='ocrx_word' id='word_1_677' title='bbox 2819 4424 3127 4492; x_wconf 87' lang='lat' dir='ltr'><strong>superstite</strong></span> <span class='ocrx_word' id='word_1_678' title='bbox 3158 4425 3342 4482; x_wconf 90' lang='lat' dir='ltr'><strong>ﬁlium</strong></span> <span class='ocrx_word' id='word_1_679' title='bbox 3375 4443 3567 4501; x_wconf 91' lang='lat' dir='ltr'><strong>suum,</strong></span> 
     </span>
    </p>
   </div>
   <div class='ocr_carea' id='block_1_92' title="bbox 170 4494 1810 4577">
    <p class='ocr_par' dir='ltr' id='par_1_92' title="bbox 170 4494 1810 4577">
     <span class='ocr_line' id='line_1_92' title="bbox 170 4494 1810 4577; baseline 0.007 -29"><span class='ocrx_word' id='word_1_680' title='bbox 170 4508 275 4563; x_wconf 87' lang='lat' dir='ltr'><strong>que</strong></span> <span class='ocrx_word' id='word_1_681' title='bbox 292 4494 548 4550; x_wconf 89' lang='lat' dir='ltr'><strong>hostium</strong></span> <span class='ocrx_word' id='word_1_682' title='bbox 573 4499 818 4567; x_wconf 89' lang='lat' dir='ltr'><strong>stragem</strong></span> <span class='ocrx_word' id='word_1_683' title='bbox 837 4505 1018 4566; x_wconf 74' lang='lat' dir='ltr'><strong>empto</strong></span> <span class='ocrx_word' id='word_1_684' title='bbox 1039 4497 1188 4554; x_wconf 90' lang='lat' dir='ltr'><strong>bello</strong></span> <span class='ocrx_word' id='word_1_685' title='bbox 1207 4499 1349 4554; x_wconf 90' lang='lat' dir='ltr'><strong>mari</strong></span> <span class='ocrx_word' id='word_1_686' title='bbox 1373 4505 1636 4572; x_wconf 90' lang='lat' dir='ltr'><strong>terraque</strong></span> <span class='ocrx_word' id='word_1_687' title='bbox 1656 4501 1810 4577; x_wconf 89' lang='lat' dir='ltr'><strong>fecit,</strong></span> 
     </span>
    </p>
   </div>
   <div class='ocr_carea' id='block_1_93' title="bbox 168 4581 1816 4660">
    <p class='ocr_par' dir='ltr' id='par_1_93' title="bbox 168 4581 1816 4660">
     <span class='ocr_line' id='line_1_93' title="bbox 168 4581 1816 4660; baseline 0.008 -24"><span class='ocrx_word' id='word_1_688' title='bbox 168 4586 229 4637; x_wconf 91' lang='lat' dir='ltr'><strong>ut</strong></span> <span class='ocrx_word' id='word_1_689' title='bbox 261 4581 474 4638; x_wconf 90' lang='lat' dir='ltr'><strong>fretum</strong></span> <span class='ocrx_word' id='word_1_690' title='bbox 496 4584 763 4653; x_wconf 89' lang='lat' dir='ltr'><strong>adjacens</strong></span> <span class='ocrx_word' id='word_1_691' title='bbox 776 4585 871 4639; x_wconf 84' lang='lat' dir='ltr'><strong>vix</strong></span> <span class='ocrx_word' id='word_1_692' title='bbox 895 4599 993 4654; x_wconf 91' lang='lat' dir='ltr'><strong>per</strong></span> <span class='ocrx_word' id='word_1_693' title='bbox 1017 4591 1229 4656; x_wconf 89' lang='lat' dir='ltr'><strong>septem</strong></span> <span class='ocrx_word' id='word_1_694' title='bbox 1254 4591 1311 4642; x_wconf 90' lang='lat' dir='ltr'><strong>et</strong></span> <span class='ocrx_word' id='word_1_695' title='bbox 1335 4602 1400 4645; x_wconf 91' lang='lat' dir='ltr'><strong>eo</strong></span> <span class='ocrx_word' id='word_1_696' title='bbox 1419 4591 1672 4660; x_wconf 88' lang='lat' dir='ltr'><strong>amplius</strong></span> <span class='ocrx_word' id='word_1_697' title='bbox 1690 4593 1816 4649; x_wconf 91' lang='lat' dir='ltr'><strong>dies</strong></span> 
     </span>
    </p>
   </div>
   <div class='ocr_carea' id='block_1_94' title="bbox 166 4672 1815 4744">
    <p class='ocr_par' dir='ltr' id='par_1_94' title="bbox 166 4672 1815 4744">
     <span class='ocr_line' id='line_1_94' title="bbox 166 4672 1815 4744; baseline 0.008 -19"><span class='ocrx_word' id='word_1_698' title='bbox 166 4684 372 4726; x_wconf 89' lang='lat' dir='ltr'><strong>cruore</strong></span> <span class='ocrx_word' id='word_1_699' title='bbox 415 4672 736 4728; x_wconf 87' lang='lat' dir='ltr'><strong>occisorum</strong></span> <span class='ocrx_word' id='word_1_700' title='bbox 766 4679 1145 4744; x_wconf 87' lang='lat' dir='ltr'><strong>purgaretur;</strong></span> <span class='ocrx_word' id='word_1_701' title='bbox 1187 4675 1243 4732; x_wconf 93' lang='lat' dir='ltr'><strong>in</strong></span> <span class='ocrx_word' id='word_1_702' title='bbox 1275 4681 1423 4733; x_wconf 89' lang='lat' dir='ltr'><strong>terra</strong></span> <span class='ocrx_word' id='word_1_703' title='bbox 1448 4693 1578 4736; x_wconf 90' lang='lat' dir='ltr'><strong>vero</strong></span> <span class='ocrx_word' id='word_1_704' title='bbox 1605 4682 1815 4738; x_wconf 89' lang='lat' dir='ltr'><strong>tumuli</strong></span> 
     </span>
    </p>
   </div>
   <div class='ocr_carea' id='block_1_95' title="bbox 167 4760 1817 4844">
    <p class='ocr_par' dir='ltr' id='par_1_95' title="bbox 167 4760 1817 4844">
     <span class='ocr_line' id='line_1_95' title="bbox 167 4760 1817 4844; baseline 0.008 -31"><span class='ocrx_word' id='word_1_705' title='bbox 167 4772 321 4815; x_wconf 88' lang='lat' dir='ltr'><strong>nunc</strong></span> <span class='ocrx_word' id='word_1_706' title='bbox 342 4775 524 4830; x_wconf 89' lang='lat' dir='ltr'><strong>usque</strong></span> <span class='ocrx_word' id='word_1_707' title='bbox 538 4760 973 4818; x_wconf 88' lang='lat' dir='ltr'><strong>interfectorum</strong></span> <span class='ocrx_word' id='word_1_708' title='bbox 995 4764 1438 4834; x_wconf 90' lang='lat' dir='ltr'><strong>conspiciuntur</strong></span> <span class='ocrx_word' id='word_1_709' title='bbox 1457 4768 1817 4844; x_wconf 85' lang='lat' dir='ltr'><strong>cadaverum,</strong></span> 
     </span>
    </p>
   </div>
   <div class='ocr_carea' id='block_1_96' title="bbox 165 4847 1819 4927">
    <p class='ocr_par' dir='ltr' id='par_1_96' title="bbox 165 4847 1819 4927">
     <span class='ocr_line' id='line_1_96' title="bbox 165 4847 1819 4927; baseline 0.008 -25"><span class='ocrx_word' id='word_1_710' title='bbox 165 4851 218 4902; x_wconf 90' lang='lat' dir='ltr'><strong>et</strong></span> <span class='ocrx_word' id='word_1_711' title='bbox 238 4853 306 4903; x_wconf 89' lang='lat' dir='ltr'><strong>ut</strong></span> <span class='ocrx_word' id='word_1_712' title='bbox 336 4847 408 4903; x_wconf 92' lang='lat' dir='ltr'><strong>ab</strong></span> <span class='ocrx_word' id='word_1_713' title='bbox 440 4850 650 4906; x_wconf 91' lang='lat' dir='ltr'><strong>eisdem</strong></span> <span class='ocrx_word' id='word_1_714' title='bbox 687 4850 899 4908; x_wconf 91' lang='lat' dir='ltr'><strong>incolis</strong></span> <span class='ocrx_word' id='word_1_715' title='bbox 932 4851 1313 4910; x_wconf 88' lang='lat' dir='ltr'><strong>referentibus</strong></span> <span class='ocrx_word' id='word_1_716' title='bbox 1338 4861 1663 4927; x_wconf 90' lang='lat' dir='ltr'><strong>compertus</strong></span> <span class='ocrx_word' id='word_1_717' title='bbox 1693 4874 1819 4915; x_wconf 89' lang='lat' dir='ltr'><strong>sum</strong></span> 
     </span>
    </p>
   </div>
   <div class='ocr_carea' id='block_1_97' title="bbox 1925 4507 3569 4587">
    <p class='ocr_par' dir='ltr' id='par_1_97' title="bbox 1925 4507 3569 4587">
     <span class='ocr_line' id='line_1_97' title="bbox 1925 4507 3569 4587; baseline 0.007 -26"><span class='ocrx_word' id='word_1_718' title='bbox 1925 4507 2116 4562; x_wconf 91' lang='lat' dir='ltr'><strong>Sicard</strong></span> <span class='ocrx_word' id='word_1_719' title='bbox 2128 4522 2222 4562; x_wconf 93' lang='lat' dir='ltr'><strong>um</strong></span> <span class='ocrx_word' id='word_1_720' title='bbox 2247 4509 2495 4578; x_wconf 89' lang='lat' dir='ltr'><strong>nomine,</strong></span> <span class='ocrx_word' id='word_1_721' title='bbox 2513 4509 2773 4566; x_wconf 90' lang='lat' dir='ltr'><strong>heredem</strong></span> <span class='ocrx_word' id='word_1_722' title='bbox 2799 4511 3128 4582; x_wconf 91' lang='lat' dir='ltr'><strong>principatu</strong></span> <span class='ocrx_word' id='word_1_723' title='bbox 3151 4514 3354 4587; x_wconf 79' lang='lat' dir='ltr'><strong>eﬁ&#39;ecit,</strong></span> <span class='ocrx_word' id='word_1_724' title='bbox 3379 4517 3569 4574; x_wconf 90' lang='lat' dir='ltr'><strong>virum</strong></span> 
     </span>
    </p>
   </div>
   <div class='ocr_carea' id='block_1_98' title="bbox 1929 4595 3574 4676">
    <p class='ocr_par' dir='ltr' id='par_1_98' title="bbox 1929 4595 3574 4676">
     <span class='ocr_line' id='line_1_98' title="bbox 1929 4595 3574 4676; baseline 0.007 -26"><span class='ocrx_word' id='word_1_725' title='bbox 1929 4595 2072 4650; x_wconf 92' lang='lat' dir='ltr'><strong>satis</strong></span> <span class='ocrx_word' id='word_1_726' title='bbox 2101 4595 2410 4667; x_wconf 89' lang='lat' dir='ltr'><strong>lubricum.</strong></span> <span class='ocrx_word' id='word_1_727' title='bbox 2440 4598 2764 4668; x_wconf 89' lang='lat' dir='ltr'><strong>inquietum</strong></span> <span class='ocrx_word' id='word_1_728' title='bbox 2793 4604 2845 4655; x_wconf 89' lang='lat' dir='ltr'><strong>et</strong></span> <span class='ocrx_word' id='word_1_729' title='bbox 2883 4601 3226 4670; x_wconf 89' lang='lat' dir='ltr'><strong>petulantem</strong></span> <span class='ocrx_word' id='word_1_730' title='bbox 3255 4602 3298 4647; x_wconf 79' lang='grc' dir='ltr'><strong>ιι</strong></span> <span class='ocrx_word' id='word_1_731' title='bbox 3330 4645 3344 4676; x_wconf 87' lang='grc'><em>,</em></span> <span class='ocrx_word' id='word_1_732' title='bbox 3369 4605 3574 4662; x_wconf 90' lang='lat' dir='ltr'><strong>animi-</strong></span> 
     </span>
    </p>
   </div>
   <div class='ocr_carea' id='block_1_99' title="bbox 1931 4683 3575 4762">
    <p class='ocr_par' dir='ltr' id='par_1_99' title="bbox 1931 4683 3575 4762">
     <span class='ocr_line' id='line_1_99' title="bbox 1931 4683 3575 4762; baseline 0.007 -22"><span class='ocrx_word' id='word_1_733' title='bbox 1931 4698 2041 4756; x_wconf 89' lang='lat' dir='ltr'><strong>que</strong></span> <span class='ocrx_word' id='word_1_734' title='bbox 2060 4683 2305 4740; x_wconf 89' lang='lat' dir='ltr'><strong>elatione</strong></span> <span class='ocrx_word' id='word_1_735' title='bbox 2326 4685 2633 4740; x_wconf 89' lang='lat' dir='ltr'><strong>tumidum.</strong></span> <span class='ocrx_word' id='word_1_736' title='bbox 2671 4685 2835 4759; x_wconf 69' lang='lat'>(824.)</span> <span class='ocrx_word' id='word_1_737' title='bbox 2876 4689 2981 4746; x_wconf 88' lang='lat' dir='ltr'><strong>Per</strong></span> <span class='ocrx_word' id='word_1_738' title='bbox 3008 4688 3154 4744; x_wconf 87' lang='lat' dir='ltr'><strong>idem</strong></span> <span class='ocrx_word' id='word_1_739' title='bbox 3187 4695 3410 4762; x_wconf 88' lang='lat' dir='ltr'><strong>tempus</strong></span> <span class='ocrx_word' id='word_1_740' title='bbox 3438 4696 3575 4752; x_wconf 89' lang='lat' dir='ltr'><strong>Nea-</strong></span> 
     </span>
    </p>
   </div>
   <div class='ocr_carea' id='block_1_100' title="bbox 1933 4773 3574 4851">
    <p class='ocr_par' dir='ltr' id='par_1_100' title="bbox 1933 4773 3574 4851">
     <span class='ocr_line' id='line_1_100' title="bbox 1933 4773 3574 4851; baseline 0.008 -23"><span class='ocrx_word' id='word_1_741' title='bbox 1933 4773 2151 4844; x_wconf 89' lang='lat' dir='ltr'><strong>politis,</strong></span> <span class='ocrx_word' id='word_1_742' title='bbox 2185 4787 2430 4844; x_wconf 90' lang='lat' dir='ltr'><strong>quorum</strong></span> <span class='ocrx_word' id='word_1_743' title='bbox 2461 4775 2731 4843; x_wconf 91' lang='lat' dir='ltr'><strong>superius</strong></span> <span class='ocrx_word' id='word_1_744' title='bbox 2770 4777 3111 4834; x_wconf 91' lang='lat' dir='ltr'><strong>mentionem</strong></span> <span class='ocrx_word' id='word_1_745' title='bbox 3139 4776 3268 4851; x_wconf 89' lang='lat' dir='ltr'><strong>feci,</strong></span> <span class='ocrx_word' id='word_1_746' title='bbox 3297 4780 3510 4840; x_wconf 92' lang='lat' dir='ltr'><strong>bellum</strong></span> <span class='ocrx_word' id='word_1_747' title='bbox 3540 4799 3574 4841; x_wconf 89' lang='lat' dir='ltr'><strong>a</strong></span> 
     </span>
    </p>
   </div>
   <div class='ocr_carea' id='block_1_101' title="bbox 1929 4861 3574 4934">
    <p class='ocr_par' dir='ltr' id='par_1_101' title="bbox 1929 4861 3574 4934">
     <span class='ocr_line' id='line_1_101' title="bbox 1929 4861 3574 4934; baseline 0.008 -17"><span class='ocrx_word' id='word_1_748' title='bbox 1929 4862 2133 4918; x_wconf 91' lang='lat' dir='ltr'><strong>Sicone</strong></span> <span class='ocrx_word' id='word_1_749' title='bbox 2161 4862 2209 4905; x_wconf 73' lang='grc'><strong>12</strong></span> <span class='ocrx_word' id='word_1_750' title='bbox 2237 4861 2645 4918; x_wconf 90' lang='lat' dir='ltr'><strong>creberrimum</strong></span> <span class='ocrx_word' id='word_1_751' title='bbox 2669 4868 2884 4919; x_wconf 90' lang='lat' dir='ltr'><strong>motum</strong></span> <span class='ocrx_word' id='word_1_752' title='bbox 2914 4870 3018 4934; x_wconf 89' lang='lat' dir='ltr'><strong>est,</strong></span> <span class='ocrx_word' id='word_1_753' title='bbox 3051 4871 3108 4922; x_wconf 91' lang='lat' dir='ltr'><strong>et</strong></span> <span class='ocrx_word' id='word_1_754' title='bbox 3126 4868 3360 4925; x_wconf 88' lang='lat' dir='ltr'><strong>civitate</strong></span> <span class='ocrx_word' id='word_1_755' title='bbox 3387 4872 3574 4933; x_wconf 89' lang='lat' dir='ltr'><strong>valide</strong></span> 
     </span>
    </p>
   </div>
   <div class='ocr_carea' id='block_1_102' title="bbox 1552 5037 2205 5094">
    <p class='ocr_par' dir='ltr' id='par_1_102' title="bbox 1552 5037 2205 5094">
     <span class='ocr_line' id='line_1_102' title="bbox 1552 5037 2205 5094; baseline -0.002 -1"><span class='ocrx_word' id='word_1_756' title='bbox 1552 5037 1782 5094; x_wconf 68' lang='lat' dir='ltr'><strong>VARUE</strong></span> <span class='ocrx_word' id='word_1_757' title='bbox 1820 5037 2205 5094; x_wconf 86' lang='lat' dir='ltr'><strong>LECTIONES.</strong></span> 
     </span>
    </p>
   </div>
   <div class='ocr_carea' id='block_1_103' title="bbox 233 5150 1753 5224">
    <p class='ocr_par' dir='ltr' id='par_1_103' title="bbox 233 5150 1753 5224">
     <span class='ocr_line' id='line_1_103' title="bbox 233 5150 1753 5224; baseline 0.005 -18"><span class='ocrx_word' id='word_1_758' title='bbox 233 5150 651 5210; x_wconf 67' lang='lat' dir='ltr'><strong>icomutiones</strong></span> <span class='ocrx_word' id='word_1_759' title='bbox 679 5171 724 5209; x_wconf 86' lang='lat' dir='ltr'><strong>c.</strong></span> <span class='ocrx_word' id='word_1_760' title='bbox 804 5153 940 5212; x_wconf 79' lang='lat' dir='ltr'><strong>2ita</strong></span> <span class='ocrx_word' id='word_1_761' title='bbox 993 5159 1314 5224; x_wconf 80' lang='lat' dir='ltr'><strong>emendavi;</strong></span> <span class='ocrx_word' id='word_1_762' title='bbox 1374 5159 1648 5217; x_wconf 90' lang='lat' dir='ltr'><strong>fultorum</strong></span> <span class='ocrx_word' id='word_1_763' title='bbox 1708 5180 1753 5214; x_wconf 69' lang='grc' dir='ltr'>(ι.</span> 
     </span>
    </p>
   </div>
   <div class='ocr_carea' id='block_1_104' title="bbox 167 5223 1586 5293">
    <p class='ocr_par' dir='ltr' id='par_1_104' title="bbox 167 5223 1586 5293">
     <span class='ocr_line' id='line_1_104' title="bbox 167 5223 1586 5293; baseline 0.005 -15"><span class='ocrx_word' id='word_1_764' title='bbox 167 5223 622 5293; x_wconf 67' lang='lat' dir='ltr'><strong>fperamplicuit</strong></span> <span class='ocrx_word' id='word_1_765' title='bbox 649 5243 695 5281; x_wconf 92' lang='lat' dir='ltr'><strong>c.</strong></span> <span class='ocrx_word' id='word_1_766' title='bbox 773 5224 798 5267; x_wconf 87' lang='lat'>7</span> <span class='ocrx_word' id='word_1_767' title='bbox 830 5244 889 5284; x_wconf 80' lang='grc' dir='ltr'><strong>ιι.</strong></span> <span class='ocrx_word' id='word_1_768' title='bbox 934 5231 1208 5287; x_wconf 91' lang='lat' dir='ltr'><strong>continuo</strong></span> <span class='ocrx_word' id='word_1_769' title='bbox 1236 5230 1412 5286; x_wconf 92' lang='lat' dir='ltr'><strong>multe</strong></span> <span class='ocrx_word' id='word_1_770' title='bbox 1445 5233 1482 5286; x_wconf 93' lang='lat' dir='ltr'><strong>i.</strong></span> <span class='ocrx_word' id='word_1_771' title='bbox 1534 5231 1586 5287; x_wconf 75' lang='grc'><strong>2.</strong></span> 
     </span>
    </p>
   </div>
   <div class='ocr_carea' id='block_1_105' title="bbox 169 5290 1051 5361">
    <p class='ocr_par' dir='ltr' id='par_1_105' title="bbox 169 5290 1051 5361">
     <span class='ocr_line' id='line_1_105' title="bbox 169 5290 1051 5361; baseline 0.012 -14"><span class='ocrx_word' id='word_1_772' title='bbox 169 5290 210 5334; x_wconf 64' lang='lat' dir='ltr'><strong>il</strong></span> <span class='ocrx_word' id='word_1_773' title='bbox 239 5290 536 5361; x_wconf 80' lang='lat' dir='ltr'><strong>petulante</strong></span> <span class='ocrx_word' id='word_1_774' title='bbox 559 5313 602 5351; x_wconf 82' lang='grc' dir='ltr'>ο.</span> <span class='ocrx_word' id='word_1_775' title='bbox 683 5299 734 5342; x_wconf 76' lang='grc'>12</span> <span class='ocrx_word' id='word_1_776' title='bbox 764 5301 984 5357; x_wconf 89' lang='lat' dir='ltr'><strong>sicione</strong></span> <span class='ocrx_word' id='word_1_777' title='bbox 1009 5319 1051 5356; x_wconf 91' lang='lat' dir='ltr'><strong>c.</strong></span> 
     </span>
    </p>
   </div>
   <div class='ocr_carea' id='block_1_106' title="bbox 1832 5160 3567 5248">
    <p class='ocr_par' dir='ltr' id='par_1_106' title="bbox 1832 5160 3567 5248">
     <span class='ocr_line' id='line_1_106' title="bbox 1832 5160 3567 5248; baseline 0.003 -32"><span class='ocrx_word' id='word_1_778' title='bbox 1832 5160 2170 5248; x_wconf 75' lang='lat' dir='ltr'><strong>3Agebatc.</strong></span> <span class='ocrx_word' id='word_1_779' title='bbox 2249 5161 2275 5206; x_wconf 76' lang='grc'>4</span> <span class='ocrx_word' id='word_1_780' title='bbox 2305 5160 2534 5247; x_wconf 77' lang='lat' dir='ltr'><strong>regis</strong></span> <span class='ocrx_word' id='word_1_781' title='bbox 2615 5160 2638 5206; x_wconf 83' lang='grc'>5</span> <span class='ocrx_word' id='word_1_782' title='bbox 2664 5163 2956 5248; x_wconf 64' lang='lat' dir='ltr'><strong>thesarius</strong></span> <span class='ocrx_word' id='word_1_783' title='bbox 3007 5182 3049 5248; x_wconf 53' lang='grc' dir='ltr'><strong>(τε</strong></span> <span class='ocrx_word' id='word_1_784' title='bbox 3129 5165 3469 5248; x_wconf 59' lang='lat' dir='ltr'><strong>Gfructihus</strong></span> <span class='ocrx_word' id='word_1_785' title='bbox 3523 5185 3567 5221; x_wconf 73' lang='grc' dir='ltr'>ο.</span> 
     </span>
    </p>
   </div>
   <div class='ocr_carea' id='block_1_107' title="bbox 1687 5232 3576 5307">
    <p class='ocr_par' dir='ltr' id='par_1_107' title="bbox 1687 5232 3576 5307">
     <span class='ocr_line' id='line_1_107' title="bbox 1687 5232 3576 5307; baseline 0.004 -22"><span class='ocrx_word' id='word_1_786' title='bbox 1687 5232 1713 5274; x_wconf 83' lang='lat'><strong>8</strong></span> <span class='ocrx_word' id='word_1_787' title='bbox 1741 5235 1780 5286; x_wconf 87' lang='lat' dir='ltr'><strong>i.</strong></span> <span class='ocrx_word' id='word_1_788' title='bbox 1819 5249 1860 5286; x_wconf 88' lang='lat' dir='ltr'><strong>e.</strong></span> <span class='ocrx_word' id='word_1_789' title='bbox 1899 5232 2252 5304; x_wconf 77' lang='lat' dir='ltr'><strong>proditores;</strong></span> <span class='ocrx_word' id='word_1_790' title='bbox 2306 5232 2584 5304; x_wconf 84' lang='lat' dir='ltr'><strong>ppitoric.</strong></span> <span class='ocrx_word' id='word_1_791' title='bbox 2664 5237 2689 5281; x_wconf 91' lang='lat'><strong>9</strong></span> <span class='ocrx_word' id='word_1_792' title='bbox 2719 5238 2757 5289; x_wconf 83' lang='lat' dir='ltr'><strong>i.</strong></span> <span class='ocrx_word' id='word_1_793' title='bbox 2783 5252 2827 5290; x_wconf 85' lang='lat' dir='ltr'><strong>e.</strong></span> <span class='ocrx_word' id='word_1_794' title='bbox 2886 5236 3177 5307; x_wconf 89' lang='lat' dir='ltr'><strong>inquiunt.</strong></span> <span class='ocrx_word' id='word_1_795' title='bbox 3261 5241 3310 5283; x_wconf 83' lang='grc' dir='ltr'>1ο</span> <span class='ocrx_word' id='word_1_796' title='bbox 3339 5254 3489 5296; x_wconf 86' lang='lat' dir='ltr'><strong>sema</strong></span> <span class='ocrx_word' id='word_1_797' title='bbox 3526 5257 3576 5294; x_wconf 92' lang='lat' dir='ltr'><strong>c.</strong></span> 
     </span>
    </p>
   </div>
   <div class='ocr_carea' id='block_1_108' title="bbox 1769 5374 1986 5430">
    <p class='ocr_par' dir='ltr' id='par_1_108' title="bbox 1769 5374 1986 5430">
     <span class='ocr_line' id='line_1_108' title="bbox 1769 5374 1986 5430; baseline -0.014 0"><span class='ocrx_word' id='word_1_798' title='bbox 1769 5374 1986 5430; x_wconf 63' lang='lat' dir='ltr'><strong>NOTZE.</strong></span> 
     </span>
    </p>
   </div>
   <div class='ocr_carea' id='block_1_109' title="bbox 234 5469 762 5534">
    <p class='ocr_par' dir='ltr' id='par_1_109' title="bbox 234 5469 762 5534">
     <span class='ocr_line' id='line_1_109' title="bbox 234 5469 762 5534; baseline 0.009 -7"><span class='ocrx_word' id='word_1_799' title='bbox 234 5500 258 5527; x_wconf 72' lang='grc' dir='ltr'><strong><em>ι</em></strong></span> <span class='ocrx_word' id='word_1_800' title='bbox 291 5469 354 5525; x_wconf 90' lang='lat' dir='ltr'><strong>Id</strong></span> <span class='ocrx_word' id='word_1_801' title='bbox 383 5478 467 5529; x_wconf 85' lang='lat' dir='ltr'><strong>est</strong></span> <span class='ocrx_word' id='word_1_802' title='bbox 494 5474 762 5534; x_wconf 87' lang='lat' dir='ltr'><strong>declives.</strong></span> 
     </span>
    </p>
   </div>
   <div class='ocr_carea' id='block_1_110' title="bbox 235 5541 1027 5618">
    <p class='ocr_par' dir='ltr' id='par_1_110' title="bbox 235 5541 1027 5618">
     <span class='ocr_line' id='line_1_110' title="bbox 235 5541 1027 5618; baseline 0.01 -23"><span class='ocrx_word' id='word_1_803' title='bbox 235 5554 268 5596; x_wconf 87' lang='lat' dir='ltr'><strong>b</strong></span> <span class='ocrx_word' id='word_1_804' title='bbox 299 5541 480 5602; x_wconf 80' lang='lat' dir='ltr'><strong>Vietri</strong></span> <span class='ocrx_word' id='word_1_805' title='bbox 510 5561 684 5618; x_wconf 89' lang='lat' dir='ltr'><strong>prope</strong></span> <span class='ocrx_word' id='word_1_806' title='bbox 712 5547 1027 5607; x_wconf 90' lang='lat' dir='ltr'><strong>Salernum.</strong></span> 
     </span>
    </p>
   </div>
   <div class='ocr_carea' id='block_1_111' title="bbox 1994 5480 2983 5555">
    <p class='ocr_par' dir='ltr' id='par_1_111' title="bbox 1994 5480 2983 5555">
     <span class='ocr_line' id='line_1_111' title="bbox 1994 5480 2983 5555; baseline -0.003 -15"><span class='ocrx_word' id='word_1_807' title='bbox 1994 5493 2018 5555; x_wconf 60' lang='grc' dir='ltr'>ς</span> <span class='ocrx_word' id='word_1_808' title='bbox 2048 5480 2109 5555; x_wconf 67' lang='lat' dir='ltr'><strong>id</strong></span> <span class='ocrx_word' id='word_1_809' title='bbox 2142 5485 2247 5552; x_wconf 91' lang='lat' dir='ltr'><strong>est,</strong></span> <span class='ocrx_word' id='word_1_810' title='bbox 2274 5482 2651 5541; x_wconf 82' lang='lat' dir='ltr'><strong>circumcirca</strong></span> <span class='ocrx_word' id='word_1_811' title='bbox 2679 5485 2983 5555; x_wconf 87' lang='lat' dir='ltr'><strong>applicuit.</strong></span> 
     </span>
    </p>
   </div>
   <div class='ocr_carea' id='block_1_112' title="bbox 1993 5552 2534 5611">
    <p class='ocr_par' dir='ltr' id='par_1_112' title="bbox 1993 5552 2534 5611">
     <span class='ocr_line' id='line_1_112' title="bbox 1993 5552 2534 5611; baseline 0.002 -4"><span class='ocrx_word' id='word_1_812' title='bbox 1993 5554 2017 5591; x_wconf 76' lang='grc' dir='ltr'>ἀ</span> <span class='ocrx_word' id='word_1_813' title='bbox 2045 5552 2105 5608; x_wconf 91' lang='lat' dir='ltr'><strong>Id</strong></span> <span class='ocrx_word' id='word_1_814' title='bbox 2133 5559 2219 5609; x_wconf 89' lang='lat' dir='ltr'><strong>est</strong></span> <span class='ocrx_word' id='word_1_815' title='bbox 2246 5555 2534 5611; x_wconf 88' lang='lat' dir='ltr'><strong>advenam.</strong></span> 
     </span>
    </p>
   </div>
  </div>
