4058 6154
425 293 525 355 754

1473 268 1954 328 ERCHEMBERTI
1989 261 2269 324 CASSINE
2279 264 2428 319 NSIS
2464 257 2774 318 MONACHI

3723 251 3833 311 752

427 423 656 480 obsessa
697 413 901 470 tellure
937 410 1221 478 pontoque
1249 415 1314 457 ac
1338 397 1562 454 fortiter
1577 393 1789 463 jaculis
1826 396 1882 446 et
1909 404 2074 446 scor—
2098 387 2156 446 A
2184 394 2371 444 autem
2405 387 2553 443 idem
2592 386 2682 440 vir
2713 385 2773 440 in
2805 380 3113 480 mundanis
3156 378 3329 480 rebus
3359 377 3838 480 pr‘udensLet‘ni-

427 477 701 581 pionibus
739 477 1080 570 oppugnata,
1117 503 1253 561 pene
1305 491 1466 581 capta
1495 486 1682 581 esset,‘
1709 481 1759 535 si
1788 477 2076 581 defuisset

430 567 743 668 ingenium.
778 567 929 642 Nam
954 586 1119 653 juxta
1143 593 1242 636 ora
1273 577 1449 632 maris
1474 587 1636 628 muro
1667 569 1687 611 1
1717 567 2000 668 arietibus
2023 569 2079 620 et

426 655 712 742 machinis
733 676 998 733 funditus
1020 672 1183 735 eliso,
1204 671 1317 738 jam
1338 679 1465 721 cum
1483 660 1809 718 catervatim
1831 655 2078 727 populus

430 771 652 844 ingredi
706 767 900 824 urbem
933 763 1230 828 niteretur,
1272 757 1388 812 dux
1424 755 1539 823 jam
1586 751 1755 844 dicta:
1801 743 2075 843 civitatis,

428 838 560 919 data
590 871 719 913 mox
761 852 959 910 obside
1011 846 1286 920 genitrice
1333 855 1436 898 sua
1485 854 1550 895 ac
1574 838 1798 895 duobus
1829 838 2080 905 propriis

430 949 650 1018 liberis,
702 951 1037 1014 magnopere
1065 949 1193 991 eum
1224 932 1432 989 callida
1458 934 1580 984 arte
1615 927 1952 1018 exﬁagitans
1983 934 2081 990 per

431 1013 674 1096 nuncios
709 1031 870 1088 misit
895 1029 921 1071 2
951 1028 1066 1082 ita:
1101 1027 1218 1078 Tua.
1261 1025 1337 1075 est
1358 1021 1485 1073 urbs
1511 1033 1629 1072 cum
1655 1013 1922 1068 universis
1961 1023 2081 1078 quaD

428 1129 584 1195 infra
635 1138 688 1177 se
725 1121 959 1181 retinet;
993 1114 1210 1182 placeat
1247 1123 1369 1176 ergo
1404 1106 1604 1176 pietati
1652 1108 1894 1195 tuam-ne
1939 1099 2082 1195 inter

422 1186 671 1287 praedam
705 1209 896 1270 detur;
936 1203 1178 1257 crastina
1206 1201 1386 1251 autem
1424 1195 1512 1248 die
1536 1208 1654 1248 cum
1676 1191 1878 1287 ntrofwo
1906 1186 2083 1285 uicto-

428 1274 525 1358 ria:
552 1297 933 1370 gloriosissime
956 1290 1258 1358 ingredere,
1306 1297 1655 1370 possessurus
1676 1279 1700 1370 i3
1725 1293 1821 1333 nos
1865 1274 2085 1329 omnia-

432 1407 535 1461 que
557 1368 795 1443 nostra!
835 1382 934 1436 His
959 1392 1092 1450 ergo
1123 1368 1784 1461 suggestionibusﬁdem
1815 1374 2086 1461 accomo—

431 1452 593 1548 dans,
634 1476 785 1531 diem
838 1467 1121 1526 sustinuit
1156 1467 1478 1519 venturum.
1530 1452 2083 1548 Subsequenti‘vero

435 1538 598 1623 nocte
619 1564 937 1629 interrupta
965 1555 1102 1612 urbs
1120 1565 1283 1608 muro
1301 1548 1632 1605 ﬁrmissimo
1649 1545 1896 1601 solidata
1923 1538 1947 1581 4
1978 1545 2082 1608 est,

434 1661 492 1712 et
518 1649 856 1722 crepusculo
883 1659 995 1717 quo
1020 1657 1079 1700 se
1109 1652 1385 1710 suamque
1417 1637 1638 1692 tradere
1683 1633 1982 1703 pollicitus
2003 1634 2090 1685 est

2187 478 2365 533 mium
2390 480 2674 544 versutus,
2702 478 2757 529 et
2787 474 2933 528 ultra
2969 485 3136 542 quam
3163 469 3316 525 credi
3347 471 3531 538 potest
3554 467 3835 534 callidus;

2191 567 2328 621 adeo
2359 564 2510 619 enim
2532 562 2908 618 circumvenit
2936 558 3246 630 praestigiis
3263 557 3388 612 suis
3408 555 3715 611 fallacibus
3735 571 3841 610 su--

2193 653 2512 724 pradictum
2541 652 2567 694 9
2597 652 2803 721 virum,
2859 655 2922 704 ut
2964 649 3067 704 illo
3106 647 3336 702 absente
3373 651 3429 700 et
3465 644 3844 699 dissentiente

2193 742 2274 796 nil
2314 754 2563 810 unquam
2598 740 2646 784 10
2674 752 2932 794 exercere
2969 737 3055 792 vel
3086 737 3548 802 admomentum
3583 733 3627 775 ίι
3663 734 3845 788 aude—

2193 837 2276 887 ret
2300 827 2383 899 12;
2411 828 2606 897 sicque
2631 826 2700 881 ab
2733 839 2800 882 eo
2828 826 3099 894 deceptus
3143 828 3202 878 et-
3225 822 3595 892 inlaqueatus
3632 825 3738 887 est,
3785 827 3846 876 ut

2191 932 2518 994 germanum
2546 931 2734 983 suum,
2763 912 3114 970 Siconolfum
3156 911 3404 975 nomine,
3433 911 3617 981 gratis
3642 924 3848 980 perpe-

2191 1017 2290 1066 tuo
2337 1009 2670 1077 dampnaret
2723 1004 2901 1060 exilio
2951 1000 3110 1073 (834),
3162 1005 3512 1069 cunctosque
3560 1000 3850 1054 Beneven—

2190 1105 2333 1154 tana:
2366 1097 2551 1169 gentis
2581 1107 2839 1164 proceres
2869 1096 2970 1148 aut
2998 1090 3280 1147 custodiis
3303 1092 3405 1144 aut
3432 1088 3603 1144 morti
3633 1087 3851 1142 indide-

2193 1188 2302 1255 rit;
2351 1187 2417 1240 ad
2468 1185 2572 1240 hoc
2620 1183 2895 1238 nimirum
2930 1181 3185 1248 tendens,
3233 1183 3297 1234 ut
3337 1178 3473 1234 dum
3506 1177 3751 1232 relictus
3788 1189 3850 1230 ac

2191 1276 2505 1332 destitutus
2534 1273 2745 1329 solacio
2774 1277 2922 1328 esset
2950 1270 3311 1339 optimatum,
3339 1269 3484 1323 citra
3511 1280 3675 1322 suam
3710 1279 3850 1322 suo—

2194 1378 2435 1434 rumque
2448 1361 3093 1434 sanguiniseﬁ‘usionem
3108 1356 3383 1414 facillime
3399 1356 3851 1441 interimeretur:

2192 1452 2564 1522 Quamobrem
2617 1457 2672 1506 et
2723 1451 3000 1506 Maionem
3053 1455 3355 1520 cognatum
3405 1459 3574 1500 suum
3627 1445 3854 1500 tonderl

2191 1543 2369 1613 jussit
2402 1547 2458 1596 et
2490 1540 2897 1596 monasterium
2943 1538 3184 1596 retrudi.
3227 1535 3492 1592 Alfanum
3521 1545 3549 1572 ³
3579 1537 3853 1606 denique,

2201 1645 2313 1700 quo
2353 1643 2514 1686 nemo
2545 1628 2771 1685 ﬁdelior
2799 1641 2865 1682 eo
2907 1633 3155 1696 tempore
3181 1625 3313 1696 fuit,
3345 1626 3532 1682 virum
3567 1626 3858 1681 illustrem

436 1714 746 1809 civitatem,
789 1714 945 1791 arma
986 1731 1194 1788 bellica
1241 1725 1586 1795 suscipiens,
1625 1727 1822 1778 contra
1853 1733 1982 1775 eum
2032 1731 2091 1772 se
2118 1724 2170 1783 B
2201 1725 2258 1775 et
2281 1718 2662 1776 fortissimum
2697 1716 2916 1785 robore,
2950 1715 3152 1786 laqueo
3182 1715 3452 1784 suspendi
3482 1714 3638 1769 fecit.
3662 1715 3862 1768 Tunc-

435 1808 849 1897 erexitingenti
871 1819 1197 1878 certamine.
1221 1811 1493 1884 Oppressi
1522 1810 1706 1881 igitur
1725 1808 1933 1864 durius
1949 1821 1980 1862 a
2008 1820 2094 1876 ge-

438 1920 626 1975 nitore
658 1921 714 1972 et
740 1915 859 1970 ﬁlio
907 1925 1006 1982 per
1062 1905 1308 1964 sedecim
1361 1901 1666 1957 continuos
1707 1912 1886 1954 annos
1939 1897 2092 1952 cives

440 2005 686 2077 praefata
721 2001 904 2069 urbis,
937 2010 1063 2054 cum
1089 1998 1205 2065 jam
1235 1991 1303 2047 ad
1337 1989 1750 2077 extremitatem
1787 1986 2090 2077 maximam

439 2074 805 2165 pervenisset,
838 2088 907 2142 ad
942 2086 1285 2140 Francorum
1317 2093 1376 2135 se
1396 2076 1688 2134 contulere
1736 2074 2087 2165 praesidium.

437 2162 538 2236 itis
567 2179 815 2248 denique
851 2173 1057 2230 diebus
1084 2174 1318 2240 praeerat
1349 2167 1472 2222 illis
1517 2177 1691 2220 caesar
1733 2162 2092 2234 LodOguicus

437 2269 808 2341 cognomento
848 2262 1066 2331 Almus,
1102 2259 1260 2314 ﬁlius
1298 2255 1455 2310 Karli
1483 2251 1803 2341 superioris
1832 2250 2086 2341 augusti,

441 2337 541 2428 qui
574 2352 910 2427 Lutharium
949 2353 1143 2404 natum
1175 2357 1341 2401 suum
1386 2346 1703 2397 consortem
1748 2339 1884 2394 dum
1928 2337 2086 2408 regni

437 2444 668 2511 asciret,
695 2441 765 2496 ab
803 2453 868 2495 eo
913 2451 1025 2494 una
1054 2448 1182 2490 cum
1219 2431 1375 2487 socia
1413 2442 1514 2484 sua
1541 2433 1743 2496 captus
1789 2439 1856 2481 ac
1876 2431 2091 2488 ,custo—

442 2535 554 2592 diae
603 2531 626 2573 5
659 2529 1014 2596 mancipatus
1064 2527 1168 2590 est,
1225 2523 1309 2574 set
1360 2517 1430 2572 ab
1479 2513 1856 2584 optimatibus
1914 2511 2092 2568 6suis

440 2625 690 2691 ereptus,
722 2617 789 2672 ad
819 2614 1121 2684 pristinam
1148 2608 1495 2664 sublimatus
1523 2609 1608 2658 est
1640 2602 1879 2691 gloriam
1904 2620 1918 2668 ;
1953 2600 2095 2691 qui—

444 2688 556 2765 bus
575 2702 950 2769 anitentibus,
974 2697 1200 2755 obsidio
1236 2694 1307 2749 ab
1351 2692 1474 2748 illis
1519 2689 1862 2760 aliquandiu
1894 2688 2096 2744 suble—

449 2803 574 2856 vata
594 2801 680 2853 est
708 2791 867 2866 (834).

522 2883 608 2941 44.
629 2884 794 2939 Circa
832 2881 951 2935 hac
988 2882 1240 2945 tempora
1272 2884 1408 2943 gens
1431 2868 1815 2939 Agarenorum
1842 2881 1873 2922 a
1914 2867 2098 2937 Baby—

447 2972 606 3030 lonia
647 2974 704 3025 et
729 2965 921 3022 Africa
947 2965 1016 3020 ad
1039 2964 1224 3017 instar
1249 2956 1532 3014 examinis
1560 2968 1726 3023 apum
1760 2967 1928 3009 manu
1967 2967 2096 3008 cum

2203 1823 2313 1880 que
2349 1807 2559 1863 factum
2607 1811 2692 1862 est
2733 1807 2936 1877 ingens
2967 1804 3282 1874 perjurium
3323 1804 3380 1857 in
3427 1804 3770 1872 Benevento,
3797 1815 3861 1856 ex

2204 1912 2315 1969 quo
2339 1897 2626 1953 conicitur
2649 1896 2790 1951 iram
2820 1894 2918 1950 Dei
2958 1895 3206 1964 primum
3228 1891 3364 1966 {fore
3397 1898 3760 1962 provocatam
3795 1891 3861 1946 ad

2203 1986 2540 2056 perdendam
2575 1990 2804 2040 terram.

2275 2071 2357 2128 43.
2391 2073 2548 2127 Talia
2586 2085 2652 2127 eo
2679 2074 2976 2140 tractante,
3007 2069 3200 2126 divina
3224 2075 3412 2126 actum
3439 2073 3524 2125 est
3552 2067 3868 2138 dispensa-

2203 2163 2377 2231 tione,
2413 2168 2477 2216 ut
2500 2162 2637 2217 dum
2669 2161 2848 2216 alium
2878 2161 3210 2215 innocenter
3238 2165 3542 2214 conaretur
3561 2159 3868 2229 extingue-

2201 2265 2280 2318 re,
2339 2250 2769 2319 praevenientem
2826 2250 3056 2303 interim
3112 2249 3398 2319 [angorem
3455 2248 3576 2317 ipse
3629 2247 3869 2303 caelitus

2201 2339 2412 2408 spiritu
2465 2338 2677 2407 pariter
2718 2342 2774 2392 et
2802 2351 2970 2392 carne
3007 2337 3302 2406 perculsus
3344 2337 3654 2391 interierit.
3696 2334 3870 2391 Prins

2199 2427 2351 2482 enim
2372 2441 2538 2497 quam
2554 2426 2757 2496 obiret,
2783 2430 2846 2480 ut
2866 2426 3134 2480 cumulus
3149 2439 3266 2480 suae
3286 2425 3661 2494 perditionisj
3675 2426 3870 2482 ustius

2202 2523 2526 2586 augeretur,
2580 2529 2680 2584 pro
2714 2528 2904 2569 amore
2949 2514 3202 2583 pecuniae
3245 2513 3610 2583 spectabilem
3650 2517 3713 2567 et
3760 2515 3871 2569 Deo

2205 2605 2444 2675 dignum
2467 2605 2651 2658 virum
2675 2603 3385 2674 sanctitateconspicuum,
3411 2604 3560 2658 Deus
3582 2602 3759 2657 dedit
3782 2616 3872 2657 nos

2207 2693 2378 2763 mine,
2403 2691 2722 2747 beatissimi
2751 2691 3036 2747 Benedicti
3060 2691 3338 2747 vicarium
3363 2691 3388 2731 b
3417 2733 3430 2762 ,
3455 2704 3482 2744 a
3504 2691 3794 2760 pastorali
3816 2689 3856 2732 εδ

2207 2781 2551 2836 monasterio
2587 2781 2992 2836 monachorum
3023 2780 3267 2836 seculari
3297 2779 3345 2822 14
3376 2779 3556 2851 magis
3610 2779 3874 2848 potentia

2208 2883 2376 2939 quam
2416 2882 2666 2940 congrua
2693 2869 2913 2925 ratione
2945 2869 3213 2938 deposuit
3240 2883 3305 2923 ac
3330 2867 3607 2924 custodiae
3639 2867 3876 2923 manci-

2211 2959 2398 3029 pavit;
2430 2959 2710 3028 cujusque
2733 2972 2884 3014 nunc
2915 2972 3096 3028 usque
3128 2958 3370 3026 cineres,
3403 2958 3451 3003 15
3482 2970 3594 3026 quo
3628 2957 3876 3013 recubat

448 3059 640 3115 valida
683 3053 998 3126 egrediens,
1043 3047 1300 3104 Siciliam
1347 3041 1669 3114 preperavit
1698 3039 1856 3112 (832),
1907 3043 2098 3097 omnia
2127 3037 2174 3097 C
2212 3046 2499 3115 humatus,
2531 3046 2839 3102 nonnullos
2855 3044 3009 3101 febre
3032 3044 3876 3116 detentosvariisquelangori-

451 3148 902 3214 circumquaque
915 3140 1246 3204 devastans;
1272 3133 1495 3188 tandem
1515 3129 1800 3184 civitatem
1817 3129 2099 3200 insignem

449 3237 791 3290 Panormum
832 3228 1061 3283 nomine
1097 3227 1339 3292 captam,
1383 3232 1535 3274 nunc
1570 3231 1748 3286 usque
1779 3231 2102 3272 commora-

453 3326 568 3392 tur,
618 3318 1010 3390 plurimasque
1056 3315 1114 3368 in
1154 3311 1346 3367 eadem
1389 3305 1578 3362 insula
1611 3305 1779 3360 urbes
1807 3312 1864 3361 et
1892 3307 2101 3375 oppida

451 3409 741 3477 dirruens,
787 3406 902 3474 jam
950 3415 1089 3472 pene
1137 3404 1253 3455 tota
1300 3397 1527 3455 illarum
1585 3397 1839 3465 gentium
1887 3394 2098 3450 ditioni

453 3497 742 3554 substrata
770 3489 1160 3564 congemiscit.
1191 3486 1357 3558 (840.)
1386 3491 1537 3543 inter
1566 3488 1685 3542 haec
1711 3486 1955 3541 moritur
1988 3485 2101 3537 Lo—

452 3585 750 3657 doguicus,
784 3580 884 3650 qui
918 3577 1202 3634 secundus
1239 3576 1298 3630 in
1327 3576 1515 3631 Gallia
1544 3573 1830 3645 augustali
1865 3575 2100 3657 praeerat

455 3656 716 3741 imperio,
741 3666 1050 3722 Lutharius
1075 3662 1442 3730 supradictus
1474 3661 1637 3716 illius
1668 3664 1827 3731 regni
1853 3661 2029 3714 haeres
2053 3656 2079 3698 7

449 3758 682 3815 eﬁ'ectus
708 3757 814 3822 est,
850 3755 1020 3820 atque
1057 3749 1128 3804 ab
1183 3749 1287 3803 hoc
1327 3749 1669 3803 Francorum
1716 3748 1968 3803 divisum
2013 3752 2100 3802 est

451 3857 710 3916 regnum,
744 3839 1013 3909 quoniam
1042 3835 1354 3891 Lutharius
1379 3835 1698 3905 Aquensem
1730 3840 1784 3890 et
1812 3835 2093 3905 Italicum,

447 3927 808 4000 Lodoguicus
845 3930 1029 3980 autem
1080 3922 1422 3993 Bajoarium,
1467 3922 1674 3978 Karlus
1698 3937 1850 3994 vero,
1879 3938 1946 3980 ex
1980 3925 2095 3980 alia

447 4020 610 4074 ortus
640 4013 937 4088 genitrice,
978 4011 1360 4082 Aquitaneum
1394 4010 1621 4082 regebat
1660 4012 1982 4082 imperium.

519 4101 601 4158 42.
631 4098 797 4172 (833.)
822 4099 925 4156 Sed
973 4104 1037 4154 ut
1062 4103 1212 4154 retro
1241 4105 1451 4154 vertam
1483 4113 1816 4170 sermonem,
1871 4108 2092 4159 mortuo

443 4190 668 4258 Sicone,
706 4187 977 4242 Sicardus
1009 4185 1397 4241 monarchiam
1443 4187 1628 4242 solum
1667 4189 1940 4259 optinuit,
1989 4191 2088 4260 qui

439 4279 557 4348 jam
587 4291 715 4332 cum
739 4280 896 4345 patre
916 4274 1127 4344 saepius
1149 4279 1454 4330 memorato
1479 4288 1574 4342 per
1602 4275 1826 4343 aliquot
1845 4275 2091 4334 feliciter

2210 3135 2318 3191 bus
2337 3148 2636 3204 oppressos
2659 3149 2726 3190 ex
2745 3134 2851 3190 ﬁde
2872 3141 3165 3204 poscentes
3185 3134 3526 3190 creberrime
3545 3146 3762 3189 curare
3786 3147 3878 3188 no-

2211 3228 2468 3279 scuntur.
2525 3223 2671 3292 Quid
2703 3224 2854 3278 enim
2899 3224 3087 3278 dicam
3113 3224 3182 3278 de
3212 3223 3387 3292 hujus
3414 3222 3523 3276 viri
3557 3222 3872 3291 nequitiis,

2213 3312 2439 3382 quando
2462 3312 2691 3381 quidem
2721 3312 3018 3366 distractis
3047 3311 3414 3366 ecclesiarum
3449 3311 3878 3366 rmnobiorum-

2213 3413 2322 3470 que
2349 3399 2601 3469 praediis,
2626 3400 2921 3455 nobilibus
2941 3413 3004 3454 ac
3024 3401 3370 3456 mediocrum
3388 3399 3557 3455 rebus
3581 3398 3875 3454 violenter

2209 3487 2436 3548 ablatis,
2459 3488 2769 3544 secundum
2792 3487 3260 3558 subputacionem
3277 3488 3498 3544 dierum
3521 3487 3660 3542 anni
3679 3488 3875 3542 embo-

2210 3574 2366 3629 lismi
2417 3575 2708 3630 ccurtisd
2759 3575 3230 3645 opulentissimas
3291 3576 3639 3648 aggregavit.
3699 3574 3870 3646 (839.)

2207 3663 2321 3717 Hoc
2352 3676 2578 3732 quoque
2609 3663 2818 3719 misero
2859 3665 2938 3719 ita
2991 3664 3252 3734 obeunte,
3289 3664 3457 3733 paulo
3513 3670 3705 3733 posta
3761 3666 3870 3720 ﬁlii

2208 3748 2292 3804 vel
2322 3749 2607 3806 Adelferio
2640 3752 2684 3794 I6
2715 3753 2962 3820 nomine,
2989 3753 3261 3808 Sicardus
3291 3753 3662 3822 supradictus
3695 3753 3872 3822 prin-

2206 3846 2338 3907 ceps
2377 3839 2568 3910 gladio
2617 3841 2958 3909 perimitur:
3013 3842 3301 3911 Deojuste
3331 3841 3707 3912 retribuente,
3767 3845 3865 3914 qui

2208 3927 2541 3997 plerumque
2561 3930 2750 3984 reddit
2773 3929 3137 4000 iniquitatem
3161 3931 3340 3999 patris
3367 3931 3425 3986 in
3455 3931 3608 3986 ﬁlios
3629 3945 3864 3988 carnem

2204 4016 2560 4072 solummodo
2586 4015 2797 4073 feriens
2827 4019 3164 4089 ulciscitur;
3195 4025 3260 4074 ut
3284 4019 3420 4089 quia
3449 4020 3599 4088 Sico,
3636 4022 3872 4091 genitor

2204 4117 2364 4170 suus,
2385 4104 2800 4176 Grimoaldum,
2829 4107 3107 4162 seniorem
3132 4121 3321 4177 suum,
3357 4107 3612 4163 indebite
3646 4109 3868 4164 occide-

2204 4196 2308 4262 ret,
2331 4192 2642 4249 ulciscente
2661 4196 2792 4266 Deo,
2822 4195 2978 4250 ﬁlius
3001 4195 3212 4251 illiusa
3239 4196 3490 4252 subditis
3519 4197 3867 4252 interﬁcere-

2204 4287 2314 4336 tur.
2349 4283 2415 4335 Et
2453 4282 2564 4337 isto
2591 4282 2695 4336 hoc
2729 4284 2894 4338 modo
2923 4284 3244 4355 decedente,
3281 4298 3581 4354 percussor
3613 4299 3731 4341 non
3758 4285 3862 4340 diu

444 4366 817 4435 imperaverat
841 4361 1356 4432 annos;coepitque
1383 4361 1654 4430 populum
1687 4361 1798 4416 sibi
1831 4367 2090 4422 commis-
2117 4374 2169 4433 D
2202 4368 2426 4424 laetatus
2446 4375 2546 4426 est.
2582 4373 2720 4425 Nam
2750 4386 2920 4441 parvo
2944 4378 3069 4441 post
3099 4378 3348 4442 tempore
3377 4388 3408 4428 a
3429 4374 3634 4429 Sicone
3659 4375 3859 4442 notho,

441 4467 569 4510 sum
604 4467 672 4510 ex
704 4452 932 4508 levitate
959 4451 1139 4505 animi
1171 4449 1403 4506 beluina
1429 4448 1736 4503 voracitate
1770 4450 1992 4523 insequi
2020 4469 2086 4511 ac

436 4540 748 4596 crudeliter
776 4539 1010 4595 laniare.
1041 4541 1192 4592 Inter
1224 4537 1358 4605 haec,
1393 4540 1456 4590 ut
1492 4536 1738 4593 Asverus
1775 4539 1972 4612 Aman,
2005 4544 2086 4599 ita

434 4627 544 4683 iste
573 4628 827 4696 praetulit
846 4625 1068 4682 caeteris
1093 4622 1390 4678 Rofridum
1407 4623 1708 4696 quendam,
1731 4627 1913 4684 ﬁlium
1939 4632 2086 4688 Dau-

433 4714 567 4770 ferii
597 4719 967 4785 cognomento
1001 4711 1312 4783 Prophetas,
1348 4712 1514 4780 cujus
1551 4714 1784 4770 consilii
1820 4717 1926 4773 sub
1951 4733 2085 4775 ver—

431 4802 595 4858 sione
650 4801 832 4858 multa
886 4800 1162 4871 sacrilega
1205 4812 1270 4856 ac
1314 4799 1555 4857 blasima
1584 4800 1611 4844 8
1639 4805 1915 4872 patrabat.
1951 4809 2084 4866 Fuit

2197 4466 2567 4528 cognomento
2591 4459 2753 4530 Albo,
2788 4461 3094 4529 pradictus
3120 4462 3408 4517 homicida
3428 4463 3727 4519 extinctus
3751 4469 3856 4530 est,

2195 4546 2417 4601 scilicet
2442 4551 2505 4602 ut
2524 4547 2687 4614 juxta
2732 4549 2963 4604 verbum
3006 4549 3258 4621 Domini,
3293 4552 3390 4620 qui
3419 4551 3613 4622 gladio
3645 4567 3858 4622 corpus

2194 4634 2438 4705 proximi
2457 4635 2951 4708 transverberavit,
2966 4639 3123 4707 justo
3135 4640 3297 4695 valde
3304 4640 3530 4709 judicio
3552 4640 3850 4707 talionem,

2195 4724 2299 4780 hoc
2324 4729 2410 4780 est
2445 4724 2694 4780 similem
2732 4726 3006 4783 ultionem
3041 4729 3090 4773 17
3120 4770 3134 4796 ,
3161 4729 3221 4783 in
3253 4743 3312 4785 se
3359 4729 3483 4799 ipso
3512 4730 3846 4800 expertulit.

2265 4810 2348 4867 44.
2389 4812 2699 4869 Decedente
2732 4813 2925 4885 itaque
2965 4816 3206 4873 Sikardo
3239 4816 3311 4872 ab
3346 4817 3448 4873 hac
3479 4817 3608 4872 luce
3639 4832 3854 4889 corpo—

1813 4984 2042 5041 VARI/E
2081 4984 2471 5043 LECTIONES.

500 5079 518 5123 1
553 5090 745 5133 muros
783 5092 826 5132 c.
917 5075 941 5120 ²
971 5079 1049 5134 sit
1099 5094 1144 5133 ο.
1240 5075 1267 5118 3
1295 5091 1626 5138 nossesuros
1685 5077 1734 5135 4.
1822 5075 1848 5124 4
1878 5083 2061 5138 solida
2081 5101 2124 5138 ο.

426 5152 453 5195 8
482 5148 722 5206 blasmia
772 5145 794 5201 4
857 5145 1071 5204 blasma
1122 5148 1174 5214 2,

428 5226 478 5271 18
506 5219 814 5290 apostorali
842 5235 886 5288 ο,

1240 5075 1267 5118 3
1295 5091 1626 5147 possesuros
1685 5077 1734 5135 4.

1279 5148 1304 5188 9
1334 5152 1696 5220 supr-aditum
1754 5169 1796 5206 c.

1904 5152 1950 5194 1ο
1979 5154 2213 5209 inuuam
2286 5154 2336 5209 2.

967 5169 1071 5204 sma
1122 5169 1174 5214 2,
1281 5169 1696 5220 vsupraultum
1754 5169 1796 5206 c.
1904 5169 2213 5224 1Uinquam
2286 5169 2336 5209 'z.
2448 5169 2490 5199 ιι
2540 5169 2949 5218 monimentum
3021 5169 3068 5216 4.
3170 5169 3219 5204 12
3247 5169 3366 5218 alie]

967 5221 1014 5264 14
1043 5219 1321 5275 secularis
1353 5219 1395 5274 4.
1483 5219 1530 5262 15
1553 5235 1695 5290 quos
1726 5238 1770 5275 ο.
1853 5227 1901 5271 16
1933 5224 2206 5281 adelferio
2247 5227 2478 5285 nomine
2514 5231 2742 5286 nomine
2772 5248 2815 5285 ε.
2900 5232 3292 5289 Wulcicionem
3324 5252 3366 5288 ε.

2219 5083 2568 5142 δθουδῐοείἰθ
2620 5105 2663 5142 c.
2760 5088 2883 5145 6ab
2938 5090 3237 5147 timatibus
3293 5108 3338 5145 ο.
3441 5091 3468 5134 7
3501 5091 3736 5149 heredes
3786 5089 3838 5146 4.

3170 5162 3219 5204 1‘2
3247 5162 3448 5219 afferre
3493 5165 3732 5220 auderet
3784 5163 3837 5219 2.

2760 5088 2883 5145 6ab
2938 5090 3237 5147 timatibus
3293 5108 3338 5145 ο.

2448 5157 2490 5199 ¹¹
2540 5159 2949 5218 monimentum
3021 5159 3068 5216 4.

2030 5345 2249 5402 NOTAE.

493 5450 514 5477 ι
542 5431 834 5494 Abbateni.

494 5506 523 5551 ιι
552 5511 611 5567 Id
643 5515 730 5566 est
753 5509 1010 5567 abbatem
1036 5508 1249 5566 Montis
1271 5509 1486 5567 Casini.

2239 5457 2263 5529 ς
2291 5445 2454 5529 {iuni
2481 5451 2913 5529 embolismalis,
2954 5454 3061 5514 380
3088 5458 3214 5514 dies
3240 5461 3587 5517 excedentis.

2238 5517 2261 5556 ἀ
2291 5520 2349 5575 Id
2376 5527 2463 5578 est
2491 5529 2700 5581 curtes.
