4060 6150
189 316 288 374 753

1395 322 1713 380 HISTORIA
1742 321 2374 380 LANGOBARDORUM.

3480 321 3589 381 754

187 456 290 508 rea,
336 442 676 515 Badelgisus
707 444 1065 514 principatus
1095 446 1344 516 regimen
1376 447 1648 517 suscepit,
1684 446 1816 501 the-
1850 447 1907 507 A
1929 447 2066 502 aliis
2094 447 2152 502 in
2181 447 2412 515 malum,
2443 445 2720 502 subtilius
2745 447 3190 517 contemplantes
3210 449 3586 506 munitionem

185 531 474 586 saurarius
505 533 517 574 ι
553 532 768 602 praefati
801 534 934 602 viri,
965 534 1022 588 in
1055 535 1220 603 cujus
1241 535 1516 591 electione
1545 535 1732 590 omnis
1763 540 1826 588 ut

186 619 253 673 ita
285 620 470 674 dicam
506 621 802 676 Beneventi
846 622 1137 690 provincia
1177 624 1485 692 consensit,
1518 625 1608 678 vir
1638 628 1823 678 autem

182 705 418 764 blandus
447 722 512 763 ac
543 708 711 764 bonis
743 709 1000 764 moribus
1033 710 1267 779 pollens.
1316 709 1480 781 (840.)
1510 712 1580 767 At
1613 710 1708 766 ubi
1740 710 1828 764 is-

179 804 295 857 dem
314 799 619 869 primatum
647 797 980 866 promeruit,
1001 797 1343 868 Siconolfus,
1370 813 1534 868 quem
1559 799 1827 867 superius

180 889 392 945 exulem
426 885 700 955 przemisi,
731 898 762 938 a
793 885 1054 939 custodia
1085 885 1333 939 carceris
1375 886 1602 956 elapsus
1634 885 1828 956 fugere

180 975 478 1032 latibulum
510 973 700 1041 erepit,
730 975 785 1027 et
812 971 882 1026 ab
913 972 1072 1041 Urso,
1106 973 1311 1027 comite
1358 973 1605 1028 Consino
1631 986 1832 1044 cogna-

180 1072 339 1135 toque
385 1076 509 1129 suo,
555 1059 896 1129 aliquandiu
944 1060 1116 1114 latuit
1140 1061 1479 1116 occultatus.
1501 1061 1622 1130 Quo
1648 1062 1818 1116 etiam

179 1158 420 1220 tempore
473 1147 639 1203 liberi
683 1145 940 1201 Dauferii
991 1146 1146 1202 Balbi
1181 1146 1498 1202 2videlicet
1539 1148 1816 1217 Romoalt,

174 1238 401 1294 Arichis
442 1245 498 1292 et
525 1235 827 1306 Grimoalt,
870 1249 970 1291 nec
1002 1249 1112 1291 non
1164 1241 1220 1291 et
1255 1234 1606 1304 Guaiferius,
1640 1235 1822 1290 Bene-

176 1327 315 1382 venti
359 1325 565 1380 maania
597 1323 1003 1393 relinquentes,
1036 1323 1330 1378 Salernum
1360 1323 1632 1394 invasere,
1669 1324 1822 1378 Sico-

176 1414 508 1484 nulfumque
535 1413 677 1483 {quo
717 1412 986 1468 latebram
1021 1411 1241 1468 fovebat
1286 1417 1590 1481 repertum,
1638 1413 1818 1467 senio-

178 1517 280 1557 rem
325 1501 442 1556 sibi
486 1499 835 1556 unanimiter
871 1499 1333 1570 constituerunt;
1368 1498 1628 1569 factaque
1680 1504 1816 1554 tunc

174 1591 301 1646 talis
327 1589 635 1656 dissensio,
667 1587 856 1656 qualis
887 1600 1177 1657 nunquam
1207 1586 1320 1642 fuit
1351 1588 1408 1642 in
1442 1589 1814 1642 Beneventum

173 1693 233 1733 ex
266 1691 330 1731 eo
370 1691 485 1745 quo
518 1675 867 1746 Langobardi
903 1675 960 1728 in
991 1689 1055 1729 ea
1088 1675 1331 1745 ingressi
1365 1681 1517 1730 sunt.
1556 1675 1699 1730 Ante
1724 1677 1815 1730 ad-

1928 536 2059 603 loci,
2087 537 2420 606 intempesta
2448 535 2633 590 noctis
2649 535 3014 590 Christicolis
3037 536 3464 606 quiescentibus
3487 552 3585 606 per

1924 623 2118 679 abdita
2149 625 2270 680 loca
2312 629 2606 694 penetrant
2638 624 2856 693 urbem,
2887 625 3271 694 populumque
3303 626 3585 681 insontem

1931 712 2133 780 partim
2167 712 2778 783 gladiistrucidarunt,
2805 711 3012 781 partim
3036 712 3356 780 captivitati
3383 711 3408 756 8
3441 712 3589 768 indi-

1927 800 2153 854 derunt.
2197 800 2598 869 Supradictum
2639 812 2770 854 vero
2808 799 3152 868 proditorem
3180 799 3366 870 gentis
3394 805 3450 856 et
3480 813 3587 869 pa-

1931 889 2076 958 triae,
2123 889 2301 943 variis
2333 888 2645 957 multisque
2690 887 2998 956 suppliciis
3038 887 3434 957 debachantes,
3481 902 3589 956 po-

1931 982 2161 1046 stremo,
2219 982 2282 1031 ut
2315 991 2440 1031 vere
2478 976 2715 1047 dignum
2763 974 2893 1044 fuit,
2953 976 3192 1030 marinis
3237 975 3587 1044 sugillarunt

1934 1064 2280 1135 gurgitibus.
2332 1062 2454 1131 Quo
2492 1069 2778 1132 comperto
2816 1063 3101 1133 Radelgis,
3136 1063 3271 1132 quia
3309 1077 3405 1119 eos
3450 1063 3590 1120 urbe

1934 1152 2262 1208 nullatenus
2290 1151 2528 1207 evellere
2559 1151 2777 1222 quibat,
2810 1151 2982 1220 ccepit
3004 1156 3189 1205 tamen
3216 1151 3379 1220 quasi
3411 1145 3607 1207 fami?

1932 1242 2104 1296 liares
2132 1241 2346 1296 amicos
2383 1240 2638 1295 excolere
2664 1243 2720 1294 et
2759 1240 2828 1294 ad
2862 1253 3028 1294 suum
3068 1238 3418 1308 adjutorium
3451 1252 3590 1294 sen-

1931 1329 2038 1384 sim
2091 1341 2429 1397 provocare;
2483 1341 2547 1382 ac
2597 1327 2845 1396 primum
2898 1331 3147 1394 castrum
3185 1325 3563 1382 Cananense9

1931 1429 2041 1470 una
2068 1428 2196 1470 cum
2224 1415 2364 1470 Urso
2384 1414 2502 1469 filio
2530 1413 2769 1469 suoillis
2789 1413 3098 1468 destinavit
3118 1414 3581 1484 oppugnandum.

1925 1501 2234 1558 Confestim
2265 1502 2446 1572 igitur
2468 1501 2770 1556 intimatur
2800 1501 2905 1556 hoc
2933 1499 3256 1569 Siconolfo;
3293 1501 3587 1570 perstatim

1929 1605 2083 1646 mora
2135 1590 2381 1659 seposita
2433 1603 2529 1644 eos
2584 1588 2975 1644 debellaturus
3029 1589 3370 1658 properavit,
3417 1596 3588 1658 atque

1928 1693 2099 1748 super
2136 1692 2232 1734 eos
2275 1678 2546 1733 audacter
2577 1677 2825 1744 irruens,
2857 1683 3091 1732 cunctos
3121 1677 3221 1746 qui
3255 1675 3449 1747 fugere
3481 1689 3589 1732 ne—

174 1771 393 1820 ventum
448 1765 639 1833 itaque
686 1764 952 1818 Siconolli
1015 1764 1073 1818 in
1127 1764 1423 1818 Salernum
1468 1763 1678 1818 missus
1730 1768 1815 1818 est
1848 1738 1898 1798 B
1927 1768 2227 1838 quiverant
2263 1767 2442 1822 armis
2480 1767 2701 1834 stravit,
2752 1770 3021 1835 tantoque
3058 1765 3313 1820 victoria:
3363 1765 3584 1834 positus

174 1852 570 1907 Adelmariusa
594 1851 923 1920 supradicto
949 1851 1251 1922 Radelgiso
1278 1851 1555 1920 principe,
1585 1855 1646 1905 ut
1665 1850 1814 1905 filios

172 1939 419 1995 Dauferii
452 1939 520 1994 ad
553 1953 711 1994 suam
764 1939 1090 1993 fidelitatem
1129 1942 1508 2007 converteret;
1534 1938 1634 2008 qui
1674 1937 1814 1992 illuc

174 2027 381 2097 abiens,
418 2031 547 2082 astu
594 2026 791 2082 doloso
845 2027 1160 2096 principem
1209 2025 1463 2081 deseruit
1505 2031 1560 2080 et
1604 2039 1663 2080 se
1689 2024 1813 2079 illis

173 2116 405 2172 sociavit
426 2113 451 2155 3
481 2157 494 2184 ,
527 2128 735 2184 eosque
763 2115 968 2186 ignivit
993 2114 1267 2170 deterius.

1924 1862 2008 1911 est
2041 1855 2311 1925 trophreo,
2354 1860 2416 1909 ut
2455 1868 2522 1908 ex
2556 1853 2964 1908 innumerabili
3002 1853 3048 1895 ιο
3075 1853 3198 1907 acie
3237 1866 3584 1923 paganorum

1923 1945 2018 1999 vix
2052 1943 2216 2013 pauci
2244 1943 2422 2011 elapsi
2454 1946 2662 2009 essent,
2707 1940 2808 2010 qui
2838 1939 2976 1996 urbe
3005 1940 3255 1994 residuis
3299 1955 3492 1997 casum
3520 1941 3564 1984 ίι

1925 2031 2287 2102 pereuntium
2334 2030 2702 2100 explicarent.
2748 2031 2862 2083 Rex
2893 2041 3024 2083 vero
3053 2041 3268 2097 eorum,
3296 2027 3451 2084 Calfo
3474 2043 3586 2084 no-

1926 2121 2096 2190 mine,
2145 2119 2305 2175 solus
2342 2133 2471 2174 cum
2510 2119 2781 2173 dedecore
2812 2115 3058 2188 fugiens,
3091 2129 3236 2186 equo
3269 2118 3327 2172 in
3377 2118 3584 2174 itinere

238 2204 316 2262 45.
353 2205 560 2261 Eodem
584 2197 812 2276 quoque
841 2210 1092 2275 tempore
1133 2203 1441 2259 Landolfus
1465 2204 1580 2272 jam
1609 2202 1813 2272 Capua:
1920 2221 2035 2288 jam
2067 2206 2213 2263 fesso
2242 2207 2532 2277 ammisso,
2568 2205 2789 2261 tandem
2812 2203 2973 2259 valde
2994 2203 3180 2260 lassus
3209 2204 3421 2276 plantis
3445 2219 3586 2278 pro—

172 2299 398 2364 pmerat
415 2293 761 2364 gastaldeus,
795 2293 884 2348 vir
900 2294 1110 2364 quippe
1134 2293 1201 2348 ad
1223 2292 1369 2346 bella
1389 2290 1816 2361 promtissimus

169 2382 491 2438 debellator.
536 2382 638 2436 llic
688 2390 874 2438 autem
931 2384 1208 2436 vetustam
1252 2391 1518 2434 exercens
1567 2377 1817 2432 inimici-

172 2471 295 2526 tiam
325 2484 460 2526 cum
493 2470 834 2540 quibusdam
863 2469 931 2525 de
961 2481 1161 2539 genere
1188 2464 1815 2535 Seductorum,'animo

172 2564 220 2614 et
246 2565 411 2631 gente
440 2559 775 2614 crudelibus
807 2557 1039 2627 viperis,
1075 2556 1319 2612 interfici
1354 2555 1488 2610 fecit
1513 2569 1578 2609 ex
1614 2552 1817 2622 primis

170 2661 353 2702 eorum
373 2654 585 2716 septem
600 2647 773 2714 viros,
810 2645 908 2700 uni
935 2658 1245 2714 eorumque
1268 2643 1533 2698 manibus
1557 2641 1809 2702 abscidi;

172 2737 369 2806 reliqui
398 2736 727 2806 pnesidium
762 2733 907 2806 fuga:
932 2740 1237 2803 sumentes,
1272 2733 1581 2786 Benevento
1607 2731 1817 2785 adeunt

169 2823 549 2896 Radelgisum,
591 2824 831 2878 adﬁnem
870 2836 1056 2878 suum.
1094 2820 1408 2877 Landulfus
1437 2826 1624 2874 autem
1665 2817 1817 2872 Sico-

173 2913 336 2982 polim
372 2914 686 2984 ingressus,
719 2926 750 2966 a
783 2911 1069 2982 Badelgisi
1102 2909 1495 2964 dominatione
1526 2921 1584 2962 se
1605 2907 1817 2962 subdu'

170 3014 290 3055 cens
313 2999 609 3056 Siconolfo
642 3001 895 3055 sociatus
938 3003 1042 3068 est,
1070 3011 1133 3052 ac
1167 2997 1416 3067 primum
1447 3010 1575 3051 cum
1608 2997 1818 3063 Neapo-

1929 2295 2076 2366 priis
2103 2295 2297 2351 urbem
2326 2296 2712 2366 introgressus
2732 2297 2834 2347 est.

2001 2380 2085 2438 Π.
2114 2387 2330 2439 Interea
2359 2382 2684 2438 Siconolfus
2713 2381 3088 2439 Beneventum
3117 2381 3335 2438 crebris
3367 2382 3585 2452 prazliis

1930 2473 2175 2542 graviter
2221 2471 2522 2542 afﬂigebat,
2567 2476 2739 2541 atque
2782 2476 2846 2527 ut
2887 2471 3004 2526 dici
3051 2470 3196 2525 solet
3240 2471 3387 2524 mala
3423 2471 3589 2525 arbor

1926 2561 2082 2613 modo
2115 2561 2293 2613 malus
2341 2559 2644 2627 inﬁgendus
2693 2564 2771 2611 est
2807 2574 3028 2619 cuneus,
3069 2564 3264 2613 contra
3298 2557 3586 2628 Agarenos

1927 2648 2215 2719 Radelgisi
2231 2647 2456 2703 Libicos
2473 2646 3123 2716 llismaelitasHispanos
3137 2646 3365 2716 accivit,
3385 2646 3592 2716 hisque

1933 2737 2174 2792 invicem
2204 2735 2476 2790 intestino
2500 2738 2556 2790 et
2575 2738 2764 2789 extero
2779 2733 3192 2789 altercantibus
3213 2733 3379 2800 bello,
3417 2734 3594 2790 ultra-

1931 2825 2149 2880 marina
2186 2825 2307 2880 loca
2346 2824 2589 2893 captivis
2615 2827 2821 2878 nostrae
2867 2822 3054 2893 gentis
3099 2822 3311 2877 diversi
3341 2822 3389 2865 1‘1
3417 2836 3590 2877 sexus

1927 2920 1982 2969 et
2011 2913 2195 2968 :etatis
2225 2911 2630 2967 fulciebantur.
2675 2905 2840 2981 (843.)
2860 2911 3110 2978 Quadam
3139 2923 3270 2964 vero
3307 2909 3402 2964 die
3443 2923 3590 2966 con-

1927 3014 2126 3056 venere
2158 3006 2412 3069 utraaque
2431 2999 2585 3053 acies
2625 2999 2683 3053 in
2707 2997 2980 3052 Furculas
3006 2997 3294 3052 Caudinas
3325 2997 3372 3041 13
3404 3039 3418 3068 ,
3442 3012 3592 3054 com-

170 3088 282 3143 litis
313 3089 473 3158 pacis
509 3087 811 3156 conjunxit
839 3086 1068 3144 foedera.
1104 3087 1304 3141 Fretus
1332 3085 1523 3154 itaque
1551 3081 1820 3138 Siconol-
1846 3077 1896 3140 Ο
1931 3091 2282 3159 missumque
2307 3093 2392 3144 est
2413 3087 2548 3142 belli
2576 3092 2877 3155 certamen,
2911 3099 2976 3140 ac
3006 3087 3191 3155 primo
3226 3086 3442 3155 impetu
3471 3089 3589 3143 Ra.

168 3175 252 3231 fus
283 3177 457 3246 hujus
477 3190 544 3231 ac
563 3175 870 3231 liberorum
895 3177 1018 3244 ejus
1033 3174 1275 3241 auxilio,
1306 3178 1478 3228 totam
1497 3170 1816 3226 Calabriam

168 3278 264 3320 suo
280 3265 547 3320 subdidit
567 3263 867 3319 famulatui
898 3263 1312 3332 maximamque
1328 3268 1540 3330 partem
1557 3258 1814 3327 Apuliae;

165 3355 289 3410 dein
319 3355 596 3409 adversus
621 3355 990 3407 Beneventum
1018 3351 1236 3421 praeliis
1264 3351 1558 3418 insurgere
1585 3346 1814 3416 nititur,

170 3443 557 3511 plurimasque
589 3440 758 3495 urbes
774 3445 830 3495 et
853 3440 1124 3494 nonnulla
1150 3438 1359 3507 oppida
1388 3436 1459 3490 ab
1487 3436 1613 3505 ejus
1641 3434 1820 3488 domi-

172 3532 257 3586 nio
283 3529 552 3586 auferens
582 3542 800 3598 suoque
817 3528 936 3597 juri
970 3521 995 3568 4
1021 3527 1266 3595 subjecit
1295 3545 1310 3595 ;
1342 3532 1399 3580 et
1425 3524 1559 3594 quia
1590 3525 1712 3577 erat
1730 3520 1820 3576 vir

168 3617 661 3686 bellicosissimus,
694 3616 1014 3685 partimque
1047 3618 1217 3683 metu,
1251 3627 1389 3683 pene
1414 3614 1681 3667 cunctum
1711 3621 1819 3677 po—

169 3706 356 3775 pulum
391 3720 520 3762 eum
570 3704 828 3760 ambiens
856 3703 1216 3772 sequebatur.
1253 3701 1417 3756 Prius
1463 3699 1615 3754 enim
1646 3709 1815 3766 quam

167 3793 487 3850 Siconolfus
515 3793 810 3848 Salernum
838 3791 1139 3860 obtineret,
1173 3803 1205 3845 a
1249 3788 1519 3858 pradicto
1547 3786 1820 3841 Adelma—

168 3882 247 3938 rio
271 3883 294 3923 δ
323 3881 670 3953 Badelgisus
689 3880 964 3935 invitatus
985 3884 1081 3934 eta
1108 3878 1231 3933 suis
1256 3874 1601 3932 stratoribus
1622 3872 1820 3928 fraude

170 3985 388 4041 suasus,
432 3971 725 4025 Salernum
779 3967 941 4038 quasi
988 3971 1262 4036 capturus
1311 3962 1653 4019 adventavit.
1697 3961 1820 4028 Quo

169 4060 294 4115 dum
329 4061 702 4130 pervenisset,
751 4055 1137 4113 castrametari
1173 4054 1370 4125 grandi
1415 4066 1544 4107 cum
1582 4049 1821 4105 audacia

173 4149 408 4218 placuit,
463 4154 549 4203 set
587 4147 778 4202 subito
808 4146 971 4201 velud
1017 4143 1194 4200 turbae
1232 4143 1465 4198 civitate
1512 4139 1690 4194 isdem
1734 4136 1824 4190 vir

171 4251 290 4292 cum
315 4237 456 4293 fatis
488 4235 744 4291 Dauferii
778 4235 919 4289 ﬁliis
946 4247 1228 4304 egressus,
1261 4245 1358 4286 eos
1389 4227 1647 4284 inaudita
1677 4224 1826 4279 caede

171 4332 579 4395 mactaverunt,
613 4324 871 4394 bonaque
899 4337 1092 4378 eorum
1127 4326 1330 4376 cuncta
1360 4317 1701 4386 diripientes
1729 4313 1831 4368 di—

1928 3177 2134 3246 delgisi
2190 3190 2320 3245 pars
2369 3174 2578 3229 victrix
2625 3173 2897 3241 existens,
2951 3171 3218 3228 Siconolﬁ
3271 3174 3584 3230 exercitum

1931 3271 2110 3320 totum
2137 3264 2197 3318 in
2225 3262 2415 3334 fugam
2446 3261 2635 3316 vertit.
2673 3258 2997 3315 Siconolfus
3032 3264 3219 3315 autem
3253 3260 3312 3314 in
3349 3260 3472 3317 loco
3497 3265 3585 3316 tu-

1930 3352 2155 3408 tissimo
2193 3356 2330 3406 tunc
2377 3350 2746 3414 constitutus,
2793 3361 2922 3402 cum
2965 3347 3162 3416 paucis
3187 3361 3421 3403 suorum
3455 3361 3584 3404 mox

1927 3453 2099 3508 super
2144 3440 2561 3493 Beneventanos
2613 3435 3033 3503 triumphantes
3091 3446 3156 3487 ac
3203 3448 3338 3488 suos
3362 3429 3410 3476 l4
3439 3435 3589 3489 inse-

1927 3533 2164 3602 quentes
2193 3525 2352 3582 virili
2383 3525 2560 3604 irruit
2583 3524 2793 3582 animo.
2822 3526 2877 3576 et
2907 3535 3016 3576 non
3044 3520 3439 3576 minimacaede
3463 3535 3589 3592 pro-

1930 3616 2164 3682 stravit;
2191 3619 2521 3684 patrataque
2549 3611 2810 3678 victoria,
2837 3609 3116 3678 plurimos
3145 3621 3340 3663 eorum
3372 3603 3587 3681 gladiis

1928 3703 2192 3772 extinxit,
2238 3700 2546 3757 nonnullos
2592 3697 2764 3768 cepit,
2813 3697 3065 3765 reliquos
3113 3707 3240 3750 vero
3293 3695 3353 3750 in
3399 3695 3591 3767 fugam

1929 3793 2225 3864 compulit.
2281 3792 2481 3845 Fretus
2534 3789 2727 3857 itaque
2782 3783 3267 3854 frequentissimis
3301 3783 3589 3856 victoriis,

1931 3897 2125 3940 omnes
2158 3879 2326 3936 urbes
2355 3882 2411 3933 et
2438 3875 2671 3932 castella
2695 3888 2726 3929 a
2773 3872 3062 3943 Radelgisi
3091 3871 3426 3926 abstrahens
3456 3873 3588 3940 jure

1930 3974 2161 4040 excepto
2188 3969 2244 4022 Si
2256 3971 2446 4036 ponto,
2474 3965 2846 4018 Beneventum
2869 3959 3248 4014 circumdedit
3267 3973 3593 4030 oppugnan-

1932 4061 2105 4128 dum;
2158 4068 2401 4124 cumque
2450 4053 2582 4108 telis
2618 4055 2675 4106 et
2710 4051 2802 4105 lue
2846 4048 3014 4104 famis
3061 4061 3170 4103 non
3229 4048 3595 4103 mediocriter

1939 4149 2306 4214 coarteretur,
2346 4141 2672 4197 mandatum
2707 4139 2866 4193 illico
2903 4143 2988 4193 est
3015 4136 3266 4192 Guidoni
3296 4141 3360 4190 ut
3389 4149 3598 4204 prope-

1938 4241 2089 4292 raret
2121 4233 2335 4290 urbem.
2381 4232 2514 4285 Erat
2541 4232 2728 4283 autem
2774 4226 2921 4281 idem
2950 4225 3138 4280 Guido
3167 4223 3287 4278 dux
3325 4223 3604 4292 Spoliten.

1943 4324 2115 4392 sium,
2155 4317 2422 4375 Siconolﬂ
2454 4318 2748 4386 cognatus,
2790 4325 2888 4380 pro
2930 4310 3246 4379 cupiditate
3277 4316 3463 4363 tamen
3495 4321 3602 4376 pe-

173 4416 268 4480 ιλιὶ
321 4421 494 4481 sunt;
546 4383 604 4468 et
636 4383 974 4483 Radelgisus
1016 4411 1110 4466 vix
1141 4424 1268 4465 cum
1308 4407 1508 4478 paucis
1548 4403 1834 4475 inglorius
1865 4383 1917 4444 D
1945 4383 2269 4476 cumarum,
2301 4405 2513 4474 quibus
2530 4383 2789 4456 'maxime
2817 4397 3158 4452 Francorum
3191 4394 3483 4483 subicitur
3497 4407 3606 4483 ge—

171 4498 399 4577 fugiens
450 4503 652 4572 evasit,
706 4516 805 4557 nec
851 4502 1000 4557 ultra
1052 4513 1229 4556 ausus
1267 4504 1353 4555 est
1393 4498 1612 4554 Salerni
1661 4504 1838 4555 metas

176 4594 470 4664 gressibus
497 4593 799 4664 attingere.

240 4681 307 4737 46
362 4679 534 4753 (848.)
577 4680 705 4735 iliis
757 4693 982 4750 quoque
1029 4678 1234 4734 diebus
1288 4677 1478 4734 Pando
1523 4677 1756 4748 quidam
1788 4674 1814 4716 6

173 4772 359 4826 Barim
419 4770 668 4842 regebat,
711 4769 810 4840 qui
860 4769 1044 4839 jussis
1073 4774 1469 4837 optemperans
1524 4766 1836 4837 Radelgisi,

170 4859 584 4915 Saracenorum
614 4858 924 4928 phalangas
958 4857 1016 4912 in
1052 4855 1405 4926 adjutorium
1440 4855 1654 4910 accitas
1673 4856 1837 4924 juxta

175 4962 405 5004 murum
435 4947 600 5003 urbis
621 4951 676 5001 et
700 4959 856 5001 oram
887 4945 910 4986 7
943 4945 1117 5000 maris
1148 4943 1356 5000 locavit
1383 4943 1836 4999 commorandas.

173 5037 261 5093 Ilii
316 5042 536 5101 autem,
571 5041 635 5092 ut
681 5040 817 5090 sunt
868 5039 1069 5090 natura
1107 5032 1304 5088 callidi
1349 5037 1406 5088 et
1442 5032 1840 5102 prudentiores

1949 4514 2075 4570 nus,
2107 4494 2419 4568 postposito
2436 4491 2666 4547 vinculo
2693 4485 2968 4558 parentali
2991 4485 3049 4538 in
3069 4481 3420 4570 adjutorium
3447 4479 3608 4570 illico

1951 4567 2236 4659 profectus
2273 4587 2358 4638 est
2382 4577 2692 4650 Radelgisi,
2726 4581 2895 4645 atque
2929 4586 3024 4642 per
3049 4569 3290 4659 nuncios
3321 4567 3607 4659 suggessit

1948 4655 2235 4734 Siconolfo
2277 4668 2572 4726 obsidente
2619 4664 2834 4731 urbem,
2870 4666 2933 4717 ut
2975 4658 3302 4716 obsessione
3325 4655 3372 4699 l5
3406 4655 3605 4711 relicta

1947 4767 2015 4821 ad
2048 4760 2279 4834 propria
2311 4759 2600 4823 remearet,
2629 4751 2884 4807 adiciens
2908 4751 3056 4804 inter
3085 4751 3288 4802 caetera
3317 4763 3328 4799 :
3365 4746 3608 4798 Permit-

1949 4861 1997 4909 te
2019 4833 2066 4896 16
2092 4866 2176 4906 me
2202 4848 2349 4917 loqui
2378 4859 2496 4898 cum
2515 4841 2821 4907 Radelgiso.
2850 4839 2983 4906 quia
3013 4841 3119 4890 tuas
3140 4835 3314 4902 magis
3333 4834 3488 4901 parti
3514 4833 3618 4898 fa.

1948 4943 2095 4997 vebo.
2152 4933 2406 4992 Recessit
2453 4931 2636 5001 igitur
2677 4923 3002 4982 Siconolfus
3032 4937 3065 4978 a
3095 4923 3218 4978 loco
3250 4921 3390 4989 illo;
3423 4918 3614 4975 Guido

1954 5028 2184 5086 interim
2217 5019 2519 5094 applicuit,
2551 5021 2606 5072 et
2634 5019 2861 5083 accepta
2890 5026 2922 5068 a
2951 5009 3254 5082 Radelgiso
3296 5020 3468 5064 unam
3499 5006 3605 5063 sel-

1562 5163 1792 5221 VARIIE
1833 5155 2231 5217 LECTIONES.

238 5289 688 5346 ithesausarius
718 5304 764 5342 c.
875 5287 902 5329 2
954 5285 1182 5341 batuic.
1299 5283 1558 5353 principe
1584 5297 1628 5334 ο.

1745 5278 1771 5320 3
1830 5273 2165 5332 illisociavit
2204 5287 2248 5325 c.

2360 5265 2564 5336 tjuris
2588 5280 2631 5317 c.
2748 5256 3120 5315 5aldemario
3174 5272 3218 5336 ς.
3276 5252 3349 5308 cf.

239 5322 255 5346 ι
284 5322 578 5346 ιιισδαυδαι
597 5322 688 5344 Iun
718 5322 764 5342 υ.
877 5322 902 5329 ~
955 5322 1114 5341 ναιυιι
1138 5322 1182 5338 υ.
1301 5322 1353 5353 γι
1372 5322 1558 5351 ιιιυιγν
1584 5322 1628 5334 υ.
1832 5322 2164 5332 ..ηυντ-...η
2209 5322 2247 5325 --
2409 5322 2430 5336 ,
2545 5339 2554 5348 ο
3443 5322 3453 5333 .

173 5363 196 5405 6
220 5362 456 5430 quidem
505 5377 645 5414 corr.
681 5359 914 5429 quidam
962 5375 1006 5411 ο.
1085 5357 1111 5398 7
1140 5369 1239 5411 ora
1261 5371 1304 5421 ο,
1383 5358 1406 5397 δ
1435 5357 1606 5430 captu
1649 5351 1855 5430 caeteris
1886 5348 2131 5430 arrisisnc.
2157 5413 2170 5430 ‘
2209 5343 2234 5384 9
2265 5343 2324 5395 in
2352 5347 2819 5430 linit‘rgfri‘engrititr‘t't‘t
2841 5324 3610 5430 ἱεῖηηχνιῇεέ

178 5390 196 5405 τι
220 5390 456 5430 ιιιιιυσιιι
505 5390 645 5414 υυιι.
681 5390 914 5429 qutuam
962 5390 1006 5411 ιι.
1093 5390 1104 5398 ·
1140 5390 1304 5421 υιιιυ,
1383 5390 1405 5397 ν
1435 5390 1606 5421 υιιμιιι
1649 5390 1854 5404 υινυυινι
1886 5390 2055 5401 ν-ι-υ-επ
2090 5390 2131 5397 ν·
2269 5390 2321 5395 --ν
2499 5390 2524 5404 υ
2646 5405 2657 5416 ,
3131 5400 3134 5403 .
3456 5392 3466 5402 .
3513 5390 3523 5400 .

178 5436 250 5488 est
273 5432 486 5486 civitas
502 5431 636 5498 fuit,
666 5435 750 5485 set
777 5443 927 5486 nunc
957 5435 1042 5484 est
1065 5428 1375 5492 destructa,
1402 5437 1574 5498 prope
1592 5421 1852 5498 barolum
1876 5422 1937 5498 et
1957 5416 2127 5473 hodie
2157 5410 2555 5498 locusdicltur
2577 5403 2825 5498 prrornad"
2837 5414 3018 5498 ﬁanne
3072 5390 3527 5498 ίξυηιξὶιὲξξξξιῆδλξι

181 5507 221 5548 εί
253 5503 453 5556 urbem
482 5518 527 5557 r.
570 5515 710 5557 casu
739 5517 785 5556 ο.
901 5500 950 5544 12
968 5498 1215 5556 diversis
1244 5512 1290 5552 ο.

190 5569 244 5623 15'
263 5574 547 5642 permicte
577 5589 624 5626 c.

1406 5489 1454 5539 i3
1484 5489 1730 5549 ferculas
1774 5489 2021 5548 caudina
2063 5503 2108 5541 ο.

3072 5465 3120 5510 1⁵
3143 5462 3500 5521 obssessione
3553 5471 3582 5511 c
3597 5495 3611 5510 .

2235 5483 2285 5527 14
2307 5495 2411 5537 suo
2440 5495 2484 5534 c.
2578 5474 2883 5533 ’extincxit
2911 5488 2955 5525 ο.
