4058 6154
240 253 344 312 757

1440 261 1753 318 HISTORIA
1793 263 2420 322 LANGOBARDORUM.

3523 260 3638 324 758

243 381 407 450 Quod
429 380 549 451 ille,
581 381 639 436 in
657 382 837 437 extasi
858 383 1066 438 mentis
1082 383 1235 452 licet,
1256 385 1605 455 praedixerit,
1639 400 1740 442 nos
1761 401 1898 457 quo-
1927 382 1985 440 A
2008 387 2282 458 inierunt,
2305 394 2369 445 ut
2383 391 2604 446 deserta
2621 391 2853 462 angusti
2873 391 3084 446 montis
3101 389 3544 457 cohabitatione,
3563 389 3633 446 ad

247 484 358 540 que
376 469 634 538 propriis
652 470 852 526 intuiti
872 485 1074 526 sumus
1093 473 1412 543 optutibus,
1432 475 1531 544 qui
1557 475 1893 530 innumera-

241 558 388 614 biles
420 560 681 615 insontes
713 559 972 615 homines
994 561 1158 616 illius
1188 560 1336 617 facto
1356 563 1756 631 conspeximus
1787 577 1888 632 pro

237 648 368 717 igne
396 655 417 683 ³
439 647 655 717 gladiis
684 648 992 704 corruisse.
1031 649 1184 719 Ignis
1217 649 1408 719 itaque
1442 650 1540 705 ille
1567 651 1752 719 ipsum
1788 651 1889 706 hu-

236 736 386 790 mani
422 735 440 777 1
478 737 703 806 generis
751 737 1110 808 sanguinem,
1145 739 1242 806 qui
1288 745 1479 807 postea
1508 753 1572 794 eo
1620 745 1887 808 operante

233 821 566 880 fundendus
580 829 720 894 erat,
741 824 849 880 sub
875 825 1115 894 quadam
1143 826 1429 896 ymaginis
1445 827 1633 894 specie
1652 833 1888 895 porten—

232 911 402 967 debat
435 930 451 981 ;
485 913 636 982 quod
670 926 738 967 ne
767 913 864 967 cui
899 913 1240 968 incredibile
1272 914 1376 969 hoc
1400 921 1500 970 aut
1537 914 1887 985 ymaginarie

233 999 378 1055 forte
409 1001 716 1056 conﬁctum
763 1000 1044 1072 videatur,
1078 1006 1160 1057 tot
1187 1002 1329 1056 mihi
1385 1008 1555 1058 testes
1585 1008 1719 1058 sunt
1749 1008 1888 1072 quot

232 1103 374 1158 pene
393 1090 656 1145 homines
672 1095 971 1144 versantur
1001 1091 1061 1144 in
1091 1090 1246 1146 urbe.
1270 1092 1457 1160 Hujus
1474 1092 1625 1146 enim
1642 1092 1794 1147 actio
1813 1092 1846 1146 ﬁ
1863 1120 1888 1132 -

233 1179 442 1248 nisque
471 1178 666 1233 exitus
699 1179 758 1232 in
790 1178 1160 1248 subsequenti
1186 1179 1596 1248 propalabitur.

298 1263 390 1320 22.
426 1267 639 1321 Horum
670 1266 919 1336 denique
963 1267 1186 1337 genitor
1215 1281 1342 1322 cum
1370 1269 1484 1336 jam
1517 1267 1632 1323 diei
1668 1268 1884 1324 ultimae

230 1355 739 1424 appropinquaret,
775 1360 840 1409 ut
865 1369 896 1409 a
937 1354 1314 1410 referentibus
1339 1356 1556 1424 audivi,
1582 1357 1797 1411 vocatis
1820 1357 1884 1411 li-

229 1443 384 1498 beris
410 1443 539 1498 suis
571 1443 756 1498 hocin
780 1442 1030 1498 edictum
1057 1443 1180 1498 illis
1206 1444 1467 1508 tradidit,
1499 1457 1568 1498 ne
1598 1459 1872 1514 unquam,

230 1538 511 1601 quantum
559 1531 628 1585 ad
687 1545 746 1586 se
796 1530 1161 1600 pertineret2
1191 1532 1446 1586 sinerent
1503 1533 1877 1588 Beneventum

228 1635 355 1675 cum
389 1620 628 1675 Salerno
687 1620 932 1690 pacisci:
969 1623 1100 1688 quia
1151 1636 1258 1673 non
1305 1622 1426 1682 erit,
1469 1620 1696 1700 inquid,
1729 1622 1878 1674 vobis

221 1712 584 1777 profuturum
603 1707 628 1750 3
659 1749 672 1762 .
707 1710 886 1777 Cujus
916 1711 1197 1765 monitum
1226 1709 1332 1764 ﬁlii
1357 1709 1676 1777 audientes,
1711 1724 1879 1779 opere

230 1799 447 1866 pariter
476 1803 795 1867 patrarunt,
815 1803 986 1868 atque
1013 1799 1140 1853 suis
1168 1798 1475 1854 heredibus
1494 1798 1553 1852 in
1572 1799 1670 1866 jus
1692 1812 1881 1867 perpe-

229 1892 390 1941 tuum
411 1887 569 1941 sicut
591 1900 624 1942 a
651 1892 808 1955 patre
825 1892 1192 1955 susceperant
1213 1885 1588 1956 reliquerunt.
1613 1888 1879 1956 Magnum

233 1988 438 2030 sanum
467 1970 492 2017 4
523 1975 934 2031 hereditarium
962 1975 986 2016 5
1016 1989 1132 2030 suae
1163 1975 1524 2045 reliquerunt
1554 1974 1763 2042 soholi,
1788 1974 1881 2029 ad-

233 2078 432 2120 versus
454 2065 716 2120 divinum
741 2065 1041 2120 dumtaxat
1072 2069 1411 2134 praeceptum
1445 2069 1702 2134 gerentes
1726 2064 1876 2133 quod

233 2153 310 2207 ait
326 2154 495 2208 Jesus
509 2152 824 2221 discipulis
839 2153 989 2208 suis:
1016 2155 1205 2207 Pacem
1220 2168 1392 2206 meum
1412 2153 1480 2205 do
1499 2152 1668 2214 vobis,
1686 2167 1878 2221 pacem

230 2244 482 2311 relinquo
492 2243 643 2295 vobis
660 2241 848 2309 (Joan.
863 2241 1012 2312 xiv).
1030 2241 1269 2310 Accepto
1287 2242 1481 2311 itaque
1502 2241 1632 2309 jure
1645 2254 1879 2311 regnan-

230 2331 307 2399 di,
385 2328 926 2385 modofiSiconolfo
995 2329 1363 2395 obsecuntur,
1461 2329 1878 2398 parvipendunt

233 2419 496 2488 imperiis
525 2420 673 2489 ejus,
703 2423 789 2473 set
812 2432 923 2488 prae
953 2417 1222 2474 omnibus
1244 2416 1628 2473 Landonolfus
1657 2421 1877 2472 contra-

231 2508 356 2562 rius
387 2507 478 2562 illi
504 2520 724 2575 semper
755 2512 811 2561 et
841 2507 1100 2577 ingratus
1130 2506 1343 2575 extitit,
1369 2506 1509 2561 adeo
1534 2511 1594 2560 ut
1619 2505 1792 2560 etiam
1819 2505 1878 2558 ﬁ-

232 2595 309 2650 lio
327 2596 499 2652 illius
522 2600 708 2650 natam
743 2608 902 2650 suam
927 2595 1263 2650 necessitate
1278 2595 1488 2649 ductus
1503 2599 1738 2648 arraret.
1763 2594 1874 2648 Hoc

227 2691 418 2740 autem
473 2689 726 2753 tempore
775 2683 1071 2752 Paulinus,
1104 2685 1216 2738 Deo
1245 2683 1460 2752 dignus
1487 2689 1544 2737 et
1567 2696 1735 2736 carus
1765 2682 1872 2751 vir,

227 2775 432 2842 Capuae
463 2773 696 2842 praesul,
730 2774 800 2828 ab
857 2773 961 2827 hac
1017 2785 1220 2827 carnea
1250 2771 1545 2827 subtratus
1583 2776 1669 2825 est
1719 2769 1874 2840 faece,

227 2868 400 2932 atque
432 2862 702 2918 Landone
732 2862 1063 2932 supradicto
1090 2861 1216 2916 viro
1259 2860 1510 2914 viriliter
1533 2860 1873 2928 decertante,

228 2949 590 3021 Landolfum,
612 2949 838 3006 fratrem
872 2964 1061 3019 suum,
1083 2949 1414 3019 episcopum
1433 2948 1760 3016 ordinavit;
1794 2953 1878 3002 set

2005 475 2170 544 plana
2197 483 2253 531 et
2285 478 2553 544 jirzeclara
2594 479 2934 547 campestria
2963 479 3370 533 descenderent
3391 477 3461 533 ad
3494 491 3643 532 com-

2003 564 2380 620 manendum:
2431 567 2553 620 Non
2581 581 2788 628 sumus,
2836 565 3128 635 inquiunt,
3183 581 3503 633 caprearum
3539 565 3644 618 ho-

1998 652 2124 712 m'le,
2152 657 2213 706 ut
2240 656 2301 707 in
2330 669 2587 708 saxorum
2617 657 2860 708 cavernis
2891 660 3158 715 tueamur,
3209 654 3284 706 ad
3311 653 3644 720 humiliaque

1998 739 2230 808 denique
2273 743 2675 797 descendo-mus.
2709 748 2771 796 ut
2802 744 2940 796 altos
2988 758 3084 795 nos
3123 747 3172 795 et
3195 741 3484 794 inhumiles
3527 741 3644 792 cir-

1997 831 2467 898 cumspicientibus
2490 833 2828 901 praebeamus
2851 833 2871 884 !
2915 830 3137 899 Quibus
3163 835 3298 884 tunc
3335 829 3638 883 adsensum

1997 917 2186 972 Lando
2232 919 2468 975 minime
2520 921 2786 991 praebuit,
2821 920 2960 990 quia
2988 918 3239 975 delirum
3269 931 3336 972 ac
3365 915 3636 972 frivolum

1997 1009 2136 1074 erat,
2171 1006 2322 1062 inter
2351 1013 2437 1062 tot
2467 1009 2743 1077 procellas
2769 1007 2967 1063 urbem
3009 1005 3459 1062 munitissimam
3487 1004 3642 1061 dese-

1998 1098 2185 1149 rentes
2216 1099 2280 1150 ut
2300 1095 2475 1152 suillo
2500 1111 2660 1152 coeno
2691 1097 2961 1152 locarent.

2064 1179 2153 1236 25.
2182 1183 2308 1239 Hiis
2358 1184 2600 1239 invicem
2633 1185 2714 1240 ita
2751 1183 3182 1253 altercantibus,
3228 1181 3345 1238 duo
3375 1180 3636 1252 praedicti

1994 1270 2105 1324 viri
2137 1279 2430 1341 coeperunt
2463 1273 2784 1329 haediﬁcare
2817 1286 3045 1328 murum
3075 1284 3248 1340 supra
3280 1275 3504 1340 pontem
3535 1267 3636 1338 qui

1993 1359 2161 1429 vulgo
2176 1361 2493 1416 Casilinum
2509 1362 2730 1417 dicitur
2743 1372 2766 1401 ο
2798 1379 2813 1428 ;
2829 1375 3072 1431 quorum
3091 1373 3258 1429 opera
3273 1366 3335 1415 ut
3349 1356 3644 1427 perspexit

1993 1448 2203 1519 Lando,
2248 1449 2538 1504 inchoavit
2562 1463 2626 1505 ac
2668 1449 2910 1504 miriﬁce
2942 1447 3176 1518 perfecit
3208 1445 3635 1502 haediﬁcandam

1992 1537 2209 1592 urbem.
2236 1537 2304 1592 Ut
2323 1543 2512 1594 autem
2535 1539 2756 1594 munita
2774 1543 2858 1594 est
2874 1544 2930 1592 et
2947 1537 3196 1591 habitari
3219 1540 3419 1604 empta,
3443 1546 3637 1602 super-

1991 1626 2145 1679 venit
2191 1627 2380 1681 Guido
2423 1628 2539 1695 jam
2591 1628 2747 1682 dicto
2795 1640 2924 1680 cum
2975 1625 3260 1680 universis
3310 1622 3532 1683 Tuscis,
3581 1625 3639 1675 et

1990 1713 2216 1769 obsedit
2260 1729 2381 1770 eam
2435 1716 2568 1770 hinc
2611 1721 2667 1770 et
2711 1715 2842 1770 inde
2885 1714 3245 1786 graviterque
3285 1708 3638 1781 angustiavit

1991 1799 2152 1872 (8’58),
2194 1804 2330 1872 quia
2362 1803 2628 1858 nolebant
2659 1804 2846 1859 subici
2879 1803 3179 1858 Ademario
3205 1803 3322 1870 jam
3363 1798 3478 1854 fato
3508 1797 3633 1852 viro

1991 1889 2062 1944 ob
2095 1891 2513 1959 improbitatem
2561 1891 2811 1951 Landolﬁ
2867 1891 3133 1958 praesulis
3175 1895 3231 1943 et
3275 1885 3626 1953 Landonolﬁ,

1992 1979 2262 2046 quoniam
2290 1979 2456 2033 illum
2489 1994 2601 2046 prae
2630 1979 2853 2033 cazteris
2877 1977 3078 2033 effectu
3110 1975 3330 2031 favebat
3359 1974 3628 2040 fraterno,

1989 2066 2124 2121 aliis
2168 2067 2332 2136 quasi
2373 2068 2584 2121 exteris
2613 2067 2841 2136 spretis.
2888 2068 3032 2121 Dum
3064 2065 3216 2120 enim
3255 2062 3442 2118 valide
3471 2063 3629 2116 intus

1989 2154 2375 2225 afﬂigerentur
2402 2155 2690 2210 cotidiana
2723 2168 2928 2224 pugna,
2961 2159 3018 2208 et
3043 2152 3185 2208 foris
3214 2155 3335 2206 sata
3363 2150 3630 2205 deleren—

1989 2250 2103 2310 tur,
2130 2243 2352 2298 tandem
2376 2243 2575 2299 robore
2595 2250 2649 2298 et
2671 2244 2943 2299 violentia
2964 2241 3172 2297 devicti
3195 2239 3342 2295 colla
3363 2236 3632 2294 subdide-

1989 2336 2124 2385 runt
2163 2330 2488 2399 famulatui,
2533 2336 2764 2400 excepto
2805 2328 3188 2386 Landonolqu
3214 2346 3228 2396 ι
3259 2324 3625 2396 quamobrem

1985 2418 2206 2484 Suram,
2234 2426 2437 2474 cuncta
2468 2419 2676 2488 oppida
2701 2418 2994 2474 conﬁniaa
3016 2413 3362 2472 Landonolfo
3391 2412 3627 2467 domino

1987 2507 2275 2569 subtracta
2303 2514 2357 2562 et
2387 2507 2640 2563 Guidoni
2672 2513 2806 2562 sunt
2838 2505 3066 2573 tradita,
3101 2503 3254 2559 sicut
3279 2501 3625 2571 promissum

1987 2593 2188 2649 fuerat.
2223 2595 2345 2663 Quo
2373 2595 2519 2650 facto
2542 2596 2602 2650 in
2629 2600 2842 2650 tantam
2863 2593 3042 2648 animi
3076 2590 3376 2648 tristitiam
3405 2586 3628 2644 corruit

1989 2685 2331 2753 praedicatus
2360 2685 2466 2754 vir,
2495 2690 2559 2739 ut
2587 2685 2644 2738 in
2674 2683 2932 2753 proximo
2957 2681 3229 2750 spiritum
3250 2677 3622 2734 exhalaverit.

2057 2772 2143 2829 26.
2181 2775 2282 2828 Per
2313 2774 2462 2828 idem
2493 2778 2716 2842 tempus
2746 2777 2987 2827 veterem
3020 2768 3388 2824 inimicitiam
3424 2766 3627 2821 vindi—

1988 2876 2116 2917 care
2158 2862 2352 2917 volens
2394 2862 2750 2922 Ademarius,
2795 2861 2977 2916 tilium
3002 2856 3052 2900 10
3078 2856 3284 2912 Marini
3323 2853 3620 2921 Malﬁtani,

1987 2955 2289 3019 cognatum
2325 2949 2592 3003 videlicet
2629 2948 2932 3017 Pandonis,
2971 2947 3103 3002 dolo
3145 2943 3314 3014 cepit,
3346 2946 3402 2998 et
3429 2941 3627 3011 Sergio

229 3039 608 3110 incongruam
636 3039 1094 3094 vicissitudinem
1134 3037 1274 3092 filiis
1293 3038 1418 3106 ejus
1442 3041 1568 3106 post
1599 3036 1779 3105 patris
1799 3037 1880 3090 in-
1909 3046 1959 3109 α
1994 3037 2266 3107 magistro
2311 3037 2584 3105 militum,
2617 3049 2745 3090 cum
2779 3050 2892 3105 quo
2923 3034 3109 3090 foedus
3140 3034 3368 3101 inierat,
3400 3029 3624 3086 exulem

229 3127 368 3181 tulit
389 3127 636 3197 obitum,
662 3142 805 3198 quos
833 3127 1000 3183 velud
1027 3127 1377 3182 durissimos
1396 3127 1603 3204 hostes
1634 3125 1793 3180 vario
1812 3139 1879 3180 ac

230 3222 505 3285 perpetuo
538 3216 801 3272 multavit
825 3216 1022 3272 exilio.

423 3303 606 3376 (854.)
646 3305 870 3360 Mortuo
906 3305 1097 3375 itaque
1138 3303 1446 3368 Siconolfo,
1474 3308 1539 3358 ut
1568 3303 1880 3372 unusquis—

228 3409 335 3464 que
364 3395 518 3463 quod
553 3393 664 3448 sibi
701 3393 892 3449 habile
945 3394 1233 3449 videretur
1259 3398 1469 3464 ageret,
1527 3391 1711 3446 tilium
1755 3391 1880 3460 ejus

227 3482 416 3537 adhuc
461 3495 610 3537 anno
665 3479 997 3537 carentem7
1030 3481 1152 3536 loco
1214 3482 1339 3549 ejus
1394 3479 1870 3550 subrogarunt8.

225 3571 379 3625 Tunc
408 3576 707 3639 coeperunt
737 3570 993 3640 praedicti
1033 3568 1236 3624 fratres
1265 3569 1526 3624 concives
1555 3581 1710 3637 suos,
1738 3579 1876 3636 par—

227 3657 326 3711 tim
350 3657 599 3726 ambitu,
636 3659 841 3727 partim
863 3663 1014 3714 metu
1032 3657 1258 3728 agitati,
1283 3655 1468 3712 ferina
1487 3656 1751 3726 persequi
1775 3656 1874 3711 in—

229 3746 418 3816 gluvie
467 3752 524 3801 et
579 3748 862 3803 custodiis
907 3748 1264 3816 mancipare;
1325 3745 1690 3816 quamobrem
1743 3749 1799 3800 et
1841 3758 1873 3798 a

227 3836 508 3892 Pandulfo
533 3837 958 3907 consanguineo
998 3851 1102 3891 suo
1143 3835 1471 3891 Suessulam
1499 3834 1732 3904 ingenio
1763 3847 1876 3888 au-

228 3923 493 3986 ferentes,
529 3939 645 3980 suae
677 3924 984 3980 ambitioni
1013 3928 1309 3993 uexerunt,
1356 3924 1545 3991 ipsum
1581 3927 1636 3977 et
1662 3921 1878 3977 liberos

227 4013 391 4071 illius
435 4019 692 4068 extorres
746 4011 1022 4082 fecerunt,
1071 4013 1141 4067 de
1184 4011 1398 4082 quibus
1440 4011 1650 4065 dehinc
1697 4023 1875 4064 unum

229 4103 423 4173 gladio
455 4101 481 4144 9
515 4144 530 4172 ,
559 4102 738 4156 alium
772 4102 902 4172 igne
945 4101 1341 4170 perdiderunt,
1376 4101 1636 4169 duosque
1669 4112 1878 4166 super-

226 4191 392 4246 stites
409 4191 542 4262 jugi
581 4191 972 4260 continuoque
1001 4191 1385 4258 dampnarunt
1413 4188 1608 4242 exilio.
1643 4188 1880 4242 Suessu-

229 4277 335 4334 lam
360 4284 557 4334 autem
591 4284 782 4348 postea
805 4292 837 4333 a
867 4277 1146 4333 Landulfo
1177 4276 1464 4332 Landonis
1481 4275 1601 4330 ﬁlio
1629 4280 1870 4344 captam,

1991 3126 2268 3192 tradidit;
2295 3139 2405 3194 qua
2433 3138 2532 3193 pro
2560 3137 2732 3178 causa
2756 3123 2827 3177 ab
2857 3124 3048 3178 eodem
3077 3121 3272 3191 Sergio
3297 3119 3469 3173 etiam
3501 3119 3626 3170 Ma—

1991 3214 2155 3268 rinus
2185 3212 2383 3267 fraude
2412 3219 2612 3280 captus
2639 3217 2741 3266 est.
2779 3211 2922 3266 Hinc
2950 3209 3160 3264 etenim
3189 3212 3463 3262 aeternum
3489 3205 3625 3272 jur—

1990 3303 2147 3373 gium
2203 3303 2352 3356 inter
2396 3301 2759 3356 Ademarium
2801 3306 2857 3354 et
2898 3299 3214 3352 Pandonem
3263 3301 3452 3350 ortum
3492 3294 3621 3359 est;

1993 3390 2141 3445 unde
2175 3389 2385 3445 factum
2415 3393 2520 3457 est,
2554 3394 2616 3442 ut
2645 3387 2828 3441 inscio
2868 3386 3128 3440 Landone
3158 3380 3472 3437 Landulfus
3491 3379 3620 3447 epi-

1988 3493 2195 3546 scopus
2233 3482 2287 3531 et
2326 3477 2514 3530 Pando
2552 3475 2842 3530 suaserint
2879 3470 3174 3528 Guaiferio
3215 3469 3334 3523 ﬁlio
3363 3466 3618 3522 Dauferii

1987 3566 2168 3634 Balbi,
2220 3564 2474 3620 fecerunt
2517 3562 2937 3633 apprehendere
2982 3556 3346 3614 Ademarium
3396 3553 3625 3623 princi—

1987 3667 2130 3723 pem,
2168 3659 2222 3708 et
2267 3651 2624 3708 Guaiferium
2665 3655 2864 3720 sponte
2896 3647 2939 3690 11
2971 3646 3085 3702 sibi
3122 3645 3399 3701 seniorem
3432 3641 3626 3712 elege-

1987 3747 2139 3810 runt,
2169 3742 2429 3810 jurantes
2458 3740 2510 3794 ei
2547 3739 2702 3810 gravi
2745 3741 3115 3794 sacramento.
3152 3730 3432 3803 (864.)Set
3461 3729 3626 3784 ocius

1984 3829 2052 3883 ad
2081 3833 2349 3884 consueta
2379 3828 2520 3883 vitia
2547 3827 2880 3895 detinentes,
2911 3829 2968 3881 et
2995 3824 3128 3880 huic
3154 3821 3348 3878 statim
3370 3823 3498 3889 post
3519 3831 3626 3872 ex-

1986 3930 2207 3971 cessum
2239 3917 2544 3986 Landonis,
2577 3915 2760 3972 soceri
2795 3914 2979 3980 illius,
3015 3910 3262 3967 mentiti.

2184 4008 2406 4062 Mortuo
2448 4005 2697 4075 denique
2728 4001 3078 4059 Landonolfo
3117 3998 3280 4072 (859),
3318 4012 3430 4054 non
3468 3997 3625 4052 mul—

1988 4103 2108 4152 tum
2141 4101 2267 4165 post
2296 4093 2483 4150 Lando
2517 4092 2564 4134 1‘2
2591 4092 2718 4146 dira
2753 4091 2989 4161 paralisi
3030 4089 3374 4159 parcutitur,
3413 4088 3622 4142 lectum

1989 4200 2088 4255 per
2106 4198 2318 4239 annum
2348 4183 2631 4252 integrum
2657 4179 2843 4236 fessus
2861 4179 3246 4234 detinebatur.
3271 4179 3384 4232 iloc
3404 4176 3621 4246 agnito,

1983 4275 2217 4346 Sergius
2229 4272 2497 4344 magister
2510 4269 2759 4324 militum
2775 4266 3065 4336 praesidiis
3078 4263 3624 4333 illectusAdemarii,

226 4369 523 4422 annitente
553 4367 666 4422 sibi
706 4368 900 4439 Sergio
944 4368 1216 4438 magistro
1248 4365 1520 4436 militum,
1555 4365 1692 4434 quia
1717 4378 1876 4420 socer
1907 4359 1960 4420 D
1990 4369 2052 4420 ut
2079 4363 2270 4431 priora
2301 4361 2589 4431 replicem,
2615 4357 2873 4426 dirrupit
2897 4357 3283 4425 juramentum
3315 4353 3465 4422 quod
3493 4365 3625 4406 cum

228 4465 349 4512 erat
371 4457 564 4526 illius,
590 4470 742 4512 nunc
771 4470 954 4525 usque
985 4456 1194 4510 retinet
1217 4453 1244 4494 ιι
1274 4468 1414 4509 eam.

298 4544 608 4616 24.(856.)
651 4547 762 4599 Hac
808 4550 1155 4613 tempestate,
1206 4557 1341 4598 casu
1397 4556 1468 4597 an
1504 4542 1728 4612 judicio
1767 4557 1876 4598 su—

236 4650 412 4706 perno
451 4640 644 4690 actum
675 4635 772 4703 sit,
823 4638 940 4688 tota
992 4633 1129 4688 urbs
1158 4632 1441 4701 Sicopolis
1469 4633 1598 4703 igne
1626 4637 1874 4687 cremata

213 4732 334 4796 est,
372 4727 454 4779 ita
491 4728 554 4779 ut
587 4736 654 4777 ne
693 4736 807 4778 una
853 4723 1059 4777 domus
1108 4725 1420 4776 remaneret
1451 4721 1644 4774 inusta
1675 4725 1878 4789 praeter

230 4813 580 4884 episcopalis
610 4811 759 4866 aula.
792 4812 914 4879 Qua
969 4815 1186 4879 reperta
1217 4809 1532 4877 occasione,
1562 4808 1878 4865 Landulfus

234 4901 443 4974 praesul
502 4906 559 4955 et
604 4897 1011 4966 Landonolfus,
1067 4912 1370 4968 germanus
1439 4898 1584 4968 ejus,
1633 4898 1879 4953 consilia

1983 4451 2248 4506 Landone
2292 4454 2518 4518 pactum
2566 4446 2770 4513 fuerat,
2811 4452 2866 4500 et
2908 4445 3180 4499 adversus
3229 4441 3414 4497 ﬁlium
3460 4439 3626 4495 illius

1983 4526 2198 4596 bellum
2245 4537 2534 4593 excitavit.
2581 4539 2718 4591 Nam
2758 4541 2953 4590 octavo
2991 4533 3148 4588 Ydus
3184 4531 3361 4586 Maias
3390 4527 3443 4599 (8
3470 4528 3625 4600 Maia)

1987 4642 2100 4699 quo
2129 4627 2280 4682 beati
2312 4625 2610 4680 Michaelis
2639 4622 2967 4694 archangeli
3000 4619 3341 4689 sollempnia
3370 4632 3474 4674 nos
3499 4617 3625 4674 sol-

1987 4716 2292 4786 lempniter
2333 4713 2706 4783 celebramus,
2751 4727 2863 4782 quo
2901 4712 3070 4766 etiam
3102 4710 3197 4764 die
3240 4708 3448 4778 priscis
3476 4713 3627 4763 tem--

1990 4807 2228 4880 poribus
2251 4819 2283 4860 a
2309 4807 2829 4860 Beneventanorum
2872 4802 3098 4872 populis
3139 4800 3463 4870 Neapolites
3497 4799 3626 4854 for-

1989 4898 2126 4953 titer
2154 4909 2330 4950 cresos
2359 4893 2637 4963 legimus,
2667 4891 2772 4946 hac
2795 4904 2928 4961 ergo
2952 4890 3067 4957 die,
3101 4888 3323 4944 nullum
3356 4889 3623 4944 honorem

1605 5039 1836 5094 VARLE
1884 5039 2272 5094 LECTIONES.

302 5142 321 5182 ι
358 5140 673 5195 humanum
709 5155 754 5191 c.

235 5216 260 5258 6
288 5211 450 5267 nullo
494 5209 660 5265 modo
699 5210 783 5263 ed.

233 5282 439 5337 donem
464 5298 509 5335 c.

847 5135 874 5178 2
902 5137 1249 5207 pertinerent
1278 5153 1320 5190 c.
1414 5134 1440 5176 3
1470 5135 1767 5260 grofurum
1799 5151 1843 5188 c.

879 5209 904 5251 7
932 5213 1158 5260 carente
1194 5224 1237 5260 c.
1334 5205 1360 5249 8
1398 5221 1466 5260 su
1511 5211 1776 5260 roearent
1809 5221 1835 5260 c

879 5205 1158 5264 7‘carente
1194 5224 1237 5261 c.
1334 5205 1360 5249 8
1398 5205 1776 5277 subrogarent
1809 5221 1854 5260 c.

1936 5127 1962 5176 4
1990 5135 2300 5190 consilium
2332 5132 2360 5185 σέ
2445 5133 2469 5175 5
2502 5133 2570 5185 M.
2603 5143 2740 5184 sane
2781 5126 3194 5184 hereditarium
3227 5125 3415 5182 scelus
3453 5139 3499 5178 s.
3528 5124 3612 5177 ed.

1952 5205 1978 5248 9
2017 5206 2271 5260 gladium
2314 5200 2360 5257 Il.
2463 5200 2511 5243 10
2552 5201 2710 5257 ﬁlius
2748 5216 2794 5253 ο.
2892 5198 2938 5243 ιι
2975 5204 3230 5260 spontem
3269 5213 3311 5250 c.
3413 5195 3461 5238 12
3495 5195 3612 5248 lan-

2017 5218 2271 5276 giamum
2314 5218 2360 5257 ιι.

2463 5200 2511 5243 10
2552 5201 2710 5257 ﬁlius
2748 5216 2794 5253 ο.
2892 5198 2938 5243 ιι
2975 5204 3230 5268 spontem
3269 5213 3311 5250 c.
3413 5195 3461 5238 12
3495 5195 3628 5248 lan—

1823 5345 2044 5403 NOTZE.

306 5461 338 5491 τι
370 5450 451 5504 CF
488 5463 714 5504 versum
757 5448 1044 5504 ultimum.

310 5519 339 5560 ι)
372 5519 680 5577 Landolfus
718 5534 832 5592 quo
869 5533 1020 5576 anno
1055 5517 1286 5589 obierit,
1329 5517 1648 5588 ignoratur.

2068 5456 2092 5485 ο
2131 5443 2364 5499 Scilicet
2395 5442 2642 5513 Capuam
2683 5444 2978 5496 recentem.
