4058 6154
428 293 537 352 759

1482 285 1958 343 ERCHEMBERTI
1994 283 2421 342 CASSINENSIS
2459 285 2765 341 MONACHI

3710 276 3825 336 760

434 420 577 476 dans
605 419 738 486 Deo,
777 415 939 471 misit
967 415 1114 469 duos
1153 412 1363 468 liberos
1406 424 1542 466 suos
1576 408 1912 479 Gregorium
1946 405 2151 463 ma—A
2182 405 2350 474 cipis,
2396 421 2522 461 eum
2563 407 2838 461 adversus
2872 407 2988 474 jam
3029 405 3247 460 dictum
3292 401 3614 472 principem
3655 414 3825 455 suum

435 507 677 578 gistrum
720 504 970 558 militum
1010 507 1066 557 et
1097 503 1424 568 Caesarium,
1470 512 1568 553 nec
1596 511 1704 551 non
1736 502 1791 549 et
1817 493 2071 549 Landul-

435 593 550 649 fum
585 605 851 662 generum
875 603 1041 646 suum
1076 588 1507 653 Suessulanum,
1537 599 1664 640 cum
1688 583 1900 653 quibus
1920 584 2072 635 Nea—

434 681 675 752 politum
705 684 760 734 et
789 677 1207 732 Malfitanorum
1247 675 1558 746 exercitum
1601 678 1710 725 tam
1757 671 2067 739 pedestrem

433 781 603 840 quam
628 772 683 822 et
707 766 964 836 equitum
999 778 1138 834 pene
1163 765 1230 818 ad
1265 768 1473 831 septem
1506 759 1665 814 milia
1702 758 1856 812 viros
1888 757 2065 824 misit,

433 857 577 911 dans
606 855 656 909 ei
691 855 745 908 in
782 861 1120 922 praeceptum
1150 858 1212 907 ut
1235 853 1479 920 Capuam
1507 846 1815 904 obsideret.
1850 846 2071 913 Quibus

435 944 704 999 audacter
750 941 1005 997 occurrit
1047 953 1151 995 ceu
1196 939 1281 995 leo
1327 938 1580 993 fervidus
1624 936 1812 991 Lando
1850 934 2068 1004 junior,

436 1031 798 1100 repperitque
829 1043 926 1084 eos
957 1029 1353 1083 transvadatos
1389 1032 1612 1095 pontem
1647 1021 2070 1080 Theodemundi

435 1133 570 1176 suos
589 1119 800 1174 acriter
818 1121 1206 1187 expugnantes
1224 1134 1239 1184 ;
1260 1115 1396 1170 totis
1412 1114 1556 1168 viris
1578 1127 1748 1181 super
1762 1125 1858 1166 eos
1876 1110 2070 1179 irruit,

435 1212 607 1277 atque
647 1218 890 1261 cuneum
944 1217 1138 1258 eorum
1185 1203 1452 1257 scindens
1500 1201 1711 1271 gladiis
1754 1197 2070 1268 ventilavit,

435 1299 778 1363 captumque
822 1291 1129 1346 Caesarium
1179 1296 1235 1344 et
1285 1288 1458 1343 ferme
1505 1287 1862 1358 octingentos
1904 1285 2070 1355 alios,

357 1373 367 1382 ’
436 1381 690 1450 reliquos
709 1381 767 1436 in
784 1378 973 1450 fugam
994 1379 1164 1433 vertit
1183 1396 1196 1447 ;
1217 1377 1416 1447 sicque
1433 1377 1796 1445 triumphans
1815 1388 2075 1430 reversus

435 1473 537 1524 est.
568 1469 756 1524 Pando
791 1473 1000 1534 autem,
1049 1465 1213 1520 illius
1252 1464 1591 1532 avunculus,
1632 1462 1920 1517 Ademarii
1952 1475 2073 1516 me—

434 1561 601 1611 tuens
636 1557 957 1622 adventum,
991 1553 1058 1606 ad
1107 1556 1534 1606 monumentum
1567 1550 1850 1619 quondam
1884 1550 2076 1602 Trasa-

435 1644 544 1697 rici
574 1643 804 1697 interim
839 1640 1172 1696 observabat
1213 1639 1499 1694 excubias.
1546 1639 1676 1692 Post
1715 1636 1832 1690 haec
1862 1636 2070 1704 l’ando,

2184 493 2326 547 nisit
2348 511 2362 561 ;
2387 498 2470 547 set
2499 495 2655 561 justo
2683 493 2780 548 Dei
2804 493 3049 561 judicio,
3073 506 3103 546 a
3134 505 3246 560 quo
3277 490 3470 545 omnis
3499 492 3748 556 potestas
3773 494 3832 542 et

2181 581 2470 635 ordinatio
2486 581 2771 648 consistit,
2796 582 2916 650 ipse
2937 581 3155 650 primus
3170 578 3441 634 occubuit
3461 595 3475 647 ς
3492 575 3763 632 nonnulli
3778 575 3804 615 8

2181 680 2248 721 ex
2277 669 2364 722 eis
2395 669 2568 736 capti,
2602 668 2812 738 reliqui
2844 674 3032 724 autem
3062 666 3245 737 fugati
3281 670 3435 721 sunt.

2250 753 2336 810 29.
2381 753 2544 826 (862.)
2585 759 2734 811 inter
2780 757 2896 811 hazc
2938 757 3199 826 Saugdan
3224 753 3250 795 9
3280 797 3294 822 ,
3326 753 3726 822 nequissimus
3764 765 3831 806 ac

2181 844 2658 900 sceleratissimus
2707 859 2803 899 rex
2867 845 3329 911 Hismahelitum,
3383 848 3560 897 totam
3619 848 3832 896 terram

2187 931 2622 986 Beneventanam
2665 932 2794 1002 igne
2822 932 3030 1002 gladiis
3059 938 3116 987 et
3139 931 3475 1000 captivitate
3514 928 3836 983 crudeliter

2182 1019 2527 1090 devastabat,
2568 1020 2646 1075 ita
2689 1025 2751 1074 ut
2786 1034 2896 1075 non
2942 1025 3254 1076 remaneret
3296 1020 3352 1072 in
3390 1032 3453 1073 ea
3499 1017 3721 1072 halitus
3764 1017 3830 1070 ιο.

2183 1104 2555 1172 Quamobrem
2594 1112 2651 1160 et
2686 1106 2978 1162 Gallorum
3030 1107 3318 1161 exercitus
3354 1105 3620 1160 crebrius
3657 1104 3839 1158 adve-

2186 1191 2350 1246 niens
2374 1191 2631 1248 “eorum
2656 1193 2990 1249 efferitatem
3013 1194 3469 1262 opprimendam,
3494 1198 3582 1248 set
3600 1191 3688 1246 nil
3714 1207 3835 1262 pro-

2186 1279 2404 1350 ficiens,
2431 1279 2521 1336 via
2553 1294 2663 1351 qua
2687 1290 2913 1336 venerat
2937 1281 3256 1350 repedabat.
3292 1281 3449 1336 Unde
3481 1279 3700 1335 factum
3728 1287 3836 1346 est,

2187 1373 2250 1420 ut
2285 1368 2614 1439 Adelgisum
2660 1370 2956 1424 Beneventi
3009 1370 3346 1439 principem,
3389 1373 3647 1423 coactata
3693 1381 3841 1436 pen-

2185 1455 2345 1510 sione
2373 1461 2427 1510 et
2457 1456 2780 1526 obsidibus,
2825 1471 3012 1526 pacem
3050 1471 3115 1513 eo
3143 1457 3191 1500 1'1
3222 1457 3491 1512 firmaret.
3527 1456 3653 1525 Quo
3688 1463 3842 1511 tem—

2185 1556 2320 1611 pore
2344 1544 2504 1598 Maiel
2515 1550 2681 1613 potus
2708 1546 2756 1588 ιδ
2779 1546 3074 1600 Telesinus
3099 1552 3154 1600 et
3177 1545 3597 1614 Guandelepert
3625 1545 3844 1600 Bovia—

2187 1632 2380 1686 nensis
2417 1631 2461 1674 1¹ί
2496 1633 2767 1686 castaldei
2817 1634 2994 1688 multa
3037 1648 3166 1688 cum
3221 1648 3381 1702 prece
3428 1633 3844 1688 conduxerunt

433 1735 626 1799 erepto
673 1730 893 1784 Marino
941 1728 1210 1798 vinculis,
1255 1727 1562 1781 Caesarium
1607 1739 1736 1779 cum
1789 1723 2074 1778 universis
2107 1715 2158 1774 Β
2189 1720 2544 1774 Lambertum
2588 1722 2788 1776 ducem
2824 1723 3259 1792 Spolitensium,
3291 1728 3346 1776 et
3377 1722 3708 1777 Garardum
3737 1736 3845 1777 co—

432 1817 683 1873 libertati
715 1817 733 1861 1
767 1817 1040 1872 restituit.

503 1905 591 1961 28.
644 1904 808 1976 (860.)
867 1905 991 1959 iliis
1032 1917 1276 1973 quoque
1333 1902 1538 1957 diebus
1603 1902 1793 1956 Laudo
1859 1901 2069 1969 senior,

433 1999 720 2050 crescente
744 1993 973 2048 interim
1003 1992 1252 2061 langore,
1273 1991 1342 2044 ad
1361 1995 1608 2044 extrema
1635 1989 1944 2058 perductus
1963 1994 2068 2056 est,

433 2082 763 2150 vocatisque
799 2079 1026 2135 duobus
1061 2078 1338 2133 fratribus
1379 2078 1522 2146 suis,
1557 2078 1745 2132 Pando
1775 2076 1999 2132 scilicet
2019 2081 2073 2131 et

434 2166 707 2225 Landolfo
731 2167 992 2222 antistite
1009 2165 1033 2206 τὶ
1065 2208 1080 2236 ,
1101 2167 1418 2222 Landonem
1443 2165 1625 2220 tilium
1651 2179 1815 2220 suum
1835 2164 1921 2218 eis
1938 2179 2071 2231 sup-

435 2255 575 2326 plici
616 2269 778 2324 prece
822 2254 1217 2310 commendare
1256 2253 1502 2323 studuit,
1555 2259 1726 2322 atque
1773 2253 1831 2307 in
1873 2267 2076 2308 manus

432 2356 628 2400 eorum
652 2343 894 2398 tradidit
910 2341 1139 2396 dicens:
1166 2343 1314 2395 Teste
1335 2343 1439 2394 Deo
1459 2347 1752 2409 sanctaque
1768 2342 1884 2408 ejus
1905 2341 2076 2394 eccle-

431 2434 537 2496 sia,
573 2433 721 2485 vobis
747 2446 866 2485 eum
901 2430 1226 2492 commendo,
1255 2434 1316 2482 ut
1349 2430 1527 2482 eodem
1553 2432 1610 2482 in
1633 2431 1848 2496 judicio
1884 2432 2075 2496 futuro

424 2520 772 2588 judicemini,
805 2535 910 2586 quo
943 2533 1000 2571 eo
1032 2520 1090 2570 in
1119 2520 1378 2585 praesenti
1407 2518 1566 2570 abusi
1593 2520 1852 2583 fueritis!
1878 2519 2077 2588 sicque

438 2608 748 2662 humanum
793 2606 1008 2661 faciens
1050 2605 1214 2661 obiit.
1248 2606 1370 2674 Quo
1414 2605 1677 2675 migrato,
1713 2619 1823 2660 non
1854 2608 1958 2662 diu
2002 2608 2071 2663 ad

431 2696 819 2765 juramentum
861 2693 1113 2761 perstitit
1143 2692 1457 2748 fraternum
1489 2711 1504 2762 ;
1540 2706 1667 2748 nam
1701 2693 1938 2749 subdole
1970 2710 2073 2764 pro

435 2783 752 2852 cupiditate
793 2781 1144 2836 castaldatus
1169 2785 1224 2835 et
1260 2781 1578 2835 Landonem
1615 2787 1672 2836 et
1701 2788 1918 2837 ceteros
1951 2782 2076 2838 fra—

427 2875 546 2925 tres
585 2871 723 2925 urbe
767 2869 1117 2938 repulerunt,
1145 2875 1256 2924 eta
1294 2868 1590 2924 Guaiferio
1636 2869 1872 2924 alienati
1917 2875 2071 2936 sunt,

429 2958 527 3014 cui
550 2962 897 3013 sacramenta
925 2957 1173 3012 recentia
1199 2956 1490 3026 dederant,
1517 2959 1912 3029 praecipueque
1941 2962 2076 3015 Lan-

2187 1809 2378 1863 mitem
2430 1809 2495 1877 ιδ,
2541 1816 2596 1864 et
2649 1811 2942 1866 obviantes
3002 1812 3183 1866 eidem
3246 1811 3529 1882 Saugdan,
3581 1825 3722 1866 cum
3775 1811 3847 1866 de

2182 1895 2384 1964 Capuae
2435 1899 2875 1968 depopulatione
2924 1905 3319 1969 reverteretur,
3378 1899 3436 1954 in
3491 1899 3741 1954 Arvium
3797 1898 3846 1944 ιδ

2186 1985 2390 2040 tellure
2415 1986 2709 2042 iri-uerunt
2731 2002 2902 2057 super
2918 2002 3066 2043 eum.
3088 1990 3182 2043 Set
3198 2001 3481 2059 exurgens
3494 1988 3611 2056 jam
3638 1987 3847 2042 dictus

2182 2074 2290 2133 vir.
2335 2079 2390 2129 et
2421 2090 2594 2144 super
2636 2077 3054 2131 Beneventanos
3099 2082 3155 2130 et
3210 2079 3455 2131 Francos
3499 2074 3744 2130 fortiter
3786 2088 3848 2131 se

2186 2162 2404 2232 injecit,
2431 2176 2496 2217 ac
2523 2164 2809 2233 dirruptis
2847 2164 3066 2231 cuneis,
3107 2163 3387 2232 plurimos
3417 2177 3616 2218 eorum
3647 2163 3849 2218 inter-

2183 2252 2343 2320 emit,
2364 2253 2670 2308 nonnullos
2685 2253 2835 2322 cepit
2849 2259 2904 2308 et
2919 2252 3232 2308 crudeliter
3251 2253 3526 2321 extinxit;
3540 2253 3773 2308 Garard
3785 2267 3849 2308 us

2185 2353 2317 2394 vero
2364 2355 2568 2406 comes,
2618 2342 2976 2411 Maielpotus,
3021 2348 3076 2396 et
3123 2341 3604 2410 Guandelpertus,
3663 2356 3850 2410 supra

2186 2428 2328 2483 dicti
2360 2429 2492 2498 viri,
2525 2431 2716 2485 eadem
2747 2430 2805 2484 in
2831 2431 2954 2485 acie
2990 2438 3127 2485 tunc
3161 2430 3495 2486 occubuere.
3529 2428 3657 2496 Qua
3687 2431 3764 2486 de
3793 2443 3850 2485 re

2185 2517 2482 2571 audaciam
2509 2531 2576 2571 ex
2606 2518 2706 2572 illo
2737 2519 2830 2573 die
2858 2519 3134 2587 potiorem
3163 2531 3412 2586 sumens,
3447 2518 3846 2572 Beneventum

2184 2606 2421 2674 ejusque
2445 2606 2691 2660 confinia
2718 2605 2982 2663 funditus
3001 2607 3228 2675 delevit,
3257 2607 3335 2660 ita
3362 2612 3423 2661 ut
3446 2605 3647 2660 nullus
3682 2605 3851 2662 locus

2187 2699 2389 2761 printer
2427 2692 2596 2748 urbes
2648 2695 2963 2764 praecipuas
3005 2697 3130 2765 ejus
3168 2695 3435 2750 eﬂ’eritati
3466 2693 3513 2737 17
3546 2697 3848 2750 evaderet.

2184 2780 2406 2848 Quibus
2453 2780 2658 2837 diebus
2709 2782 2757 2824 18
2799 2789 2854 2838 et
2910 2789 3160 2839 castrum
3211 2782 3583 2838 Benefranum
3635 2782 3696 2826 19
3753 2798 3855 2838 ce-

2189 2869 2275 2937 pit
2319 2877 2376 2924 et
2423 2871 2743 2926 coenobium
2807 2872 2991 2926 sancti
3054 2871 3340 2926 Vincentii
3410 2872 3682 2927 martiris
3745 2873 3856 2927 de—

2189 2957 2479 3027 praidavit,
2503 2963 2559 3013 et
2589 2973 2690 3029 pro
2718 2960 3020 3015 haedificiis
3052 2974 3162 3016 non
3184 2960 3502 3015 combustis
3525 2966 3644 3015 tres
3681 2961 3850 3015 milia

431 3044 626 3101 dolfus
670 3058 767 3115 per
794 3044 1084 3116 evangelia
1131 3045 1550 3115 missarumque
1594 3046 1928 3116 sollempnia
1971 3062 2072 3104 nec
2102 3037 2150 3100 C
2184 3058 2388 3101 aureos
2426 3047 2663 3116 accepit.
2694 3049 2806 3103 Hoc
2847 3048 3013 3120 facto,
3058 3054 3115 3104 et
3142 3062 3175 3103 a
3205 3048 3420 3104 vicario
3462 3048 3616 3103 beati
3653 3049 3851 3104 Bene-

432 3147 545 3189 non
571 3139 625 3188 et
649 3147 747 3203 per
772 3146 971 3188 manus
1000 3138 1251 3188 sacratas
1275 3147 1410 3188 suas
1439 3133 1537 3188 ille
1569 3148 1678 3189 non
1710 3135 1880 3190 semel
1901 3137 2074 3205 jura—

433 3226 607 3277 verat.
640 3223 752 3277 Hoc
779 3221 945 3290 facto,
980 3222 1166 3276 Laudo
1185 3221 1425 3277 Caiaziae
1457 3223 1751 3292 ingressus
1774 3229 1880 3294 est,
1907 3231 2072 3295 capto

437 3311 497 3366 in
525 3323 588 3365 ea
616 3309 876 3378 Aioaldo,
915 3309 1012 3378 qui
1044 3322 1077 3364 a
1109 3309 1400 3378 praadictis
1439 3309 1583 3365 viris
1612 3325 1732 3366 eam
1772 3312 1840 3366 ad
1873 3318 2074 3370 custo—

433 3399 704 3456 diendum
754 3396 940 3453 fuerat
997 3397 1274 3454 directus.
1336 3399 1543 3454 Eodem
1594 3401 1773 3471 igitur
1823 3407 2074 3472 tempore

432 3486 743 3543 Landolfus
783 3486 808 3528 3
841 3529 854 3554 ,
903 3486 1079 3541 frater
1135 3488 1442 3556 Landonis,
1505 3487 1702 3544 Casam
1755 3490 1925 3544 irtam
1964 3499 1986 3526 ι
2021 3490 2048 3533 4

431 3577 614 3645 cepit;
648 3579 733 3630 set
757 3575 1164 3643 superveniens
1191 3576 1397 3646 Pando,
1426 3576 1578 3644 cepit
1607 3590 1734 3630 eum
1761 3590 1890 3632 cum
1923 3592 2074 3648 qua-

429 3665 696 3733 draginta
767 3661 1137 3730 primoribus,
1207 3661 1420 3730 quibus
1487 3662 1750 3734 redditis,
1819 3670 2070 3722 castrum

426 3751 666 3805 Caiaziae
697 3749 927 3816 recepit,
961 3754 1016 3803 et
1046 3749 1289 3817 receptis
1333 3749 1474 3804 filiis
1509 3751 1794 3807 Landonis
1821 3765 1854 3806 a
1884 3754 2072 3808 Guai-

427 3838 574 3894 ferio
620 3844 676 3892 et
723 3835 992 3890 Landolfo
1043 3834 1217 3889 fratre
1259 3850 1454 3891 eorum
1509 3839 1566 3892 in
1617 3839 1944 3896 Suessulam
1992 3841 2063 3897 ἲ).

427 3926 651 3995 Quibus
696 3923 1092 3979 exterminatis
1129 3934 1156 3962 ο
1200 3922 1225 3965 ⁵
1270 3965 1283 3994 ,
1324 3924 1559 3982 minime
1608 3928 1828 3996 quievit
1869 3944 2066 3986 eorum

430 4012 640 4080 rabies,
666 4016 755 4066 set
779 4017 1072 4080 coeperunt
1101 4025 1197 4066 eos
1229 4015 1489 4084 persequi
1516 4016 1735 4086 jugiter
1763 4019 1934 4074 etiam
1965 4026 2072 4075 ter-

429 4099 618 4154 minos
641 4099 965 4153 Suessulam
992 4106 1399 4171 expugnantes.
1429 4104 1540 4158 l-Ios
1569 4105 1855 4175 siquidem
1881 4108 2071 4164 Guai-

429 4185 612 4242 ferius
646 4186 911 4256 princeps
941 4201 1051 4244 non
1081 4191 1330 4260 segniter
1359 4190 1383 4232 6
1411 4192 1477 4247 ad
1482 4193 1734 4263 juvabat,
1763 4200 1818 4249 et
1850 4197 2070 4253 multo-

433 4273 582 4330 tiens
612 4275 798 4330 locum
829 4274 1061 4330 cedebat
1088 4278 1192 4345 eis,
1227 4279 1426 4334 nolens
1455 4279 1668 4337 frustra
1690 4282 1715 4324 7
1743 4283 2070 4340 Christico—

2184 3135 2326 3190 dicti
2374 3137 2611 3191 totidem
2661 3151 2924 3193 nummos
2963 3138 3185 3208 accepit
3212 3138 3254 3191 ἀ.

2255 3222 2341 3279 30.
2394 3223 2557 3296 (862.)
2606 3227 2830 3280 Mortuo
2876 3227 3125 3296 denique
3179 3227 3460 3295 Pandone,
3515 3226 3850 3282 Landolfus

2184 3313 2487 3382 episcopus
2517 3313 2676 3368 solus
2713 3320 3002 3382 superstes
3039 3317 3330 3371 remansit.
3359 3316 3469 3384 Qui
3502 3316 3852 3372 Pandonol-

2185 3399 2326 3470 fum,
2350 3407 2604 3470 nepotem
2632 3416 2822 3472 suum,
2846 3403 2968 3458 vice
2991 3405 3171 3473 patris
3192 3405 3288 3459 sui
3321 3404 3613 3460 Pandonis
3643 3405 3851 3459 comi-

2185 3494 2294 3543 tem
2325 3490 2381 3543 in
2410 3491 2654 3558 Capuam
2685 3491 3006 3561 constituit,
3043 3493 3143 3562 qui
3171 3493 3505 3548 vulneratus
3529 3505 3600 3546 ex
3632 3493 3848 3561 pra-lio

2185 3590 2299 3646 quo
2353 3577 2578 3648 genitor
2629 3579 2976 3635 occubuerat
3023 3582 3358 3636 semivimus
3404 3586 3689 3635 evaserat.
3744 3582 3849 3636 liic

2181 3669 2370 3719 autem
2408 3666 2466 3719 in
2498 3665 2894 3723 familiaritate
2937 3682 3039 3724 sua
3079 3669 3320 3724 habebat
3353 3667 3704 3724 Dauferium
3740 3684 3850 3725 co-

2182 3759 2414 3823 gnatum
2443 3753 2492 3796 2r
2517 3755 2762 3810 Maionis
2794 3775 2808 3825 ;
2836 3758 3004 3825 cujus
3044 3758 3327 3814 versutias
3370 3764 3630 3812 metuens
3687 3760 3846 3813 Lau—

2179 3840 2378 3896 dulfus
2396 3843 2623 3914 praesul,
2647 3845 2869 3899 monuit
2888 3845 3323 3916 l’andonulfum,
3348 3852 3428 3913 ut,
3446 3845 3582 3901 dato
3598 3845 3655 3900 ei
3680 3847 3780 3915 adj
3793 3861 3850 3902 u-

2180 3930 2350 3995 torio,
2383 3931 2523 3986 alibi
2559 3945 2684 3987 eum
2716 3933 2784 3986 ad
2817 3934 3288 3988 commanendum
3328 3934 3649 3990 destinaret
3679 3953 3696 4004 ς
3735 3935 3840 4006 qui

2181 4020 2380 4076 nolens
2411 4021 2573 4076 illius
2597 4021 2844 4076 consilio
2869 4022 3252 4091 acquiescere,
3287 4023 3431 4078 clam
3464 4025 3693 4094 egressi
3725 4032 3846 4079 tres

2181 4109 2431 4177 germani
2464 4122 2532 4163 ex
2563 4108 2701 4163 urbe
2737 4109 2981 4177 Potensi,
3019 4124 3147 4165 cum
3185 4111 3378 4166 eodem
3422 4110 3705 4168 Dauferio
3737 4127 3845 4166 ca-

2181 4198 2345 4253 stella
2379 4198 2652 4252 invasere.
2687 4198 2825 4251 Nam
2868 4199 3256 4255 Pandonolfus
3285 4200 3644 4272 Suessulam,
3681 4203 3846 4256 Lan-

2179 4285 2378 4341 dulfus
2402 4291 2591 4340 autem
2623 4285 2820 4340 Casam
2859 4288 3051 4356 Irtam,
3091 4288 3486 4344 Landonulfus
3508 4288 3767 4344 Caiazia:
3787 4287 3838 4332 ‘21

427 4362 545 4419 lum
572 4362 810 4420 fundere
829 4379 1108 4421 cruorem.
1135 4367 1229 4422 Set
1249 4368 1556 4424 Landolfus
1586 4373 1793 4439 praesul
1822 4388 1932 4430 non
1961 4375 2065 4432 hoc
2093 4387 2147 4447 1)
2181 4375 2251 4429 ab
2289 4374 2452 4430 illius
2492 4374 2744 4445 genitore
2783 4381 3034 4430 castrum
3073 4376 3188 4444 jam
3227 4377 3446 4432 dudum
3485 4387 3839 4449 quassatum

423 4449 727 4521 religionis
753 4452 935 4522 gratia
961 4458 1046 4506 set
1071 4452 1458 4508 imbecillitati
1489 4455 1787 4527 deputans,
1815 4460 1868 4514 vi
1894 4476 2059 4517 suum

427 4552 757 4611 germanum
788 4544 985 4594 contra
1013 4539 1305 4595 Christum
1347 4542 1575 4598 Domini
1611 4560 1861 4618 pugnare
1889 4565 2063 4624 coge—

425 4627 539 4682 bat.
564 4629 762 4683 Fretus
777 4641 910 4698 ergo
937 4627 1185 4682 filiorum
1206 4629 1403 4701 trium,
1427 4632 1688 4704 Maionis,
1707 4640 2058 4697 etMaienolﬂ

428 4727 530 4771 nec
559 4728 672 4770 non
697 4719 754 4770 et
779 4715 1065 4786 Radelgisi
1091 4715 1196 4770 filii
1227 4716 1481 4790 Adelgisi
1514 4722 1885 4784 Beneventani
1909 4730 2064 4799 prin-

2187 4464 2564 4533 intraverunt,
2597 4466 2654 4516 et
2685 4469 2979 4530 coeperunt
3015 4464 3338 4532 depraedare
3381 4466 3572 4520 omnia
3608 4467 3670 4522 in
3705 4471 3842 4524 cir—

2171 4553 2354 4609 cuitu.
2399 4551 2554 4619 Quos
2596 4549 2915 4605 Landulfus
2957 4551 3190 4621 ingenio
3233 4553 3477 4623 decepit,
3524 4555 3839 4628 simulque

2170 4639 2529 4698 Guaiferium
2552 4642 2607 4693 et
2630 4637 2962 4710 Adelgisum
2995 4640 3285 4710 principes
3314 4642 3549 4711 delusit,
3578 4657 3686 4700 nec
3717 4659 3835 4702 non

2169 4735 2224 4787 et
2250 4728 2536 4787 Landonis
2565 4727 2716 4783 ﬁlios
2741 4733 2972 4798 nepotes
3001 4743 3157 4799 suos,
3191 4743 3338 4800 quos
3361 4732 3477 4800 jam
3510 4734 3708 4803 pridie
3741 4749 3840 4791 ex-

1789 4853 2020 4910 VARLE
2059 4858 2346 4914 LECTION
2351 4858 2446 4913 ES.

495 4926 514 4970 ί
565 4927 851 4984 libertatis
896 4926 945 4982 4.

424 4998 451 5040 7
490 4997 671 5054 fustra
715 5016 758 5052 c.

426 5068 502 5124 ob
555 5083 604 5125 e.
645 5067 698 5124 5.
804 5069 853 5112 12

426 5154 552 5194 rum
593 5138 646 5195 5.

1048 4929 1075 4971 ἲ
1101 4931 1312 4988 antiste
1337 4951 1380 4989 c.

861 4999 887 5041 8
927 5002 1223 5058 nonnullis
1259 5021 1302 5058 c.

897 5087 946 5140 p.
995 5086 1122 5127 cum
1171 5087 1237 5130 eo
1282 5074 1319 5129 f.
1370 5075 1422 5132 5.

749 5139 796 5182 16
839 5139 1068 5197 Barium
1111 5144 1168 5196 B.
1273 5148 1320 5191 17
1349 5147 1630 5204 feritatem
1660 5139 1712 5205 5Q

1485 4935 1511 4978 3
1556 4939 1927 4998 landonulfus
1955 4961 1998 4998 ο.

421 5279 478 5323 20
518 5296 550 5336 c
587 5295 751 5338 suum
793 5279 874 5336 ΜΣ
914 5300 960 5338 c.
1062 5283 1112 5328 21
1153 5286 1394 5344 scaiazie
1440 5287 1488 5344 4.

2105 4940 2130 4988 4
2181 4960 2366 5000 casam
2420 4947 2588 5001 irtam
2627 4962 2671 5000 c.

1409 5005 1434 5049 9
1474 5009 1753 5080 Saugolan
1800 5030 1844 5065 c.
1895 5015 1992 5067 sed
2031 5018 2101 5082 cf.
2150 5033 2193 5068 c.
2372 5018 2647 5087 Saogdam

1412 5119 1448 5151 ._
1532 5079 1578 5122 l3
1618 5083 1995 5151 Magelpertus
2042 5084 2094 5140 5.
2206 5086 2250 5128 Η
2294 5087 2586 5142 boviansis
2633 5104 2678 5142 c.

2777 4945 2802 4989 5
2848 4962 2914 5026 ex
2954 4949 3216 5026 tminatis
3247 4970 3334 5026 ξε.-
3366 5025 3373 5026 ί
3407 4952 3433 4994 6
3480 4954 3735 5026 signiter
3779 4977 3832 5013 ε.

2851 5020 2901 5062 10
2937 5021 3114 5077 alitus
3152 5041 3196 5076 c.
3245 5023 3480 5080 habitus
3687 5029 3734 5073 11
3771 5045 3834 5086 a.

2206 5086 2250 5128 Η
2294 5086 2586 5142 boviansis
2633 5104 2678 5142 c.
2787 5089 2832 5132 ιδ
2875 5092 3200 5148 Geraudum
3259 5097 3524 5151 comitem
3590 5099 3832 5155 Marso-

1531 5155 1712 5234 temnii.
1749 5157 1866 5234 “)8
1907 5155 1960 5208 d.
2009 5157 2304 5234 Telesiam,
2345 5158 2604 5234 Aliphas,
2637 5161 2965 5234 Sepinium.
3013 5164 3324 5234 Bovianum
3366 5173 3422 5222 et
3465 5169 3827 5234 lliserniam.

424 5215 674 5294 castrum
723 5225 950 5294 quoque
1001 5213 1373 5294 Beﬂnafranum
1423 5221 1574 5294 cepit
1625 5219 2005 5294 funditusque
2055 5213 2304 5282 delevit.’
2344 5213 3191 5291 Monasteriumwveroﬁetet-ii.

3303 5236 3351 5280 19
3405 5236 3719 5297 bnfrauum
3775 5260 3824 5297 ο.

2003 5367 2222 5424 ΝΟΤΕ.

490 5450 522 5482 ι
547 5439 794 5496 Caserta.

495 5507 526 5550 ι)
565 5510 791 5565 Castello
828 5513 888 5565 di
916 5513 1144 5568 Sessola.

2239 5468 2267 5529 (ξ
2307 5459 2367 5529 Id
2401 5463 2486 5514 est
2522 5461 2737 5529 ejectis.

2238 5525 2265 5566 ά
2301 5527 2382 5583 Cf.
2413 5525 2620 5586 Chron.
2660 5533 2846 5588 Casin.
2887 5549 2936 5591 c.
2969 5533 3056 5590 30.
