4058 6154
216 281 318 342 764

1438 279 1756 338 HISTORIA
1796 276 2426 336 LANGOBARDORUM.

3532 278 3639 338 762

220 415 400 466 torres
432 406 449 452 ί
484 406 696 464 fecerat
736 420 768 462 a
800 406 922 463 solo
962 405 1214 477 proprio,
1256 405 1388 462 dolo
1430 405 1703 472 evocavit,
1746 402 1869 458 fra-
1892 400 1952 461 A
1980 403 2210 460 nimodo
2248 403 2509 477 abesset;
2541 410 2601 462 ut
2642 404 2821 463 fateor
2843 406 2889 463 si
2924 406 3059 478 quis
3096 406 3263 462 corde
3305 419 3414 463 non
3458 406 3641 477 perci-

220 504 485 568 trumque
532 508 768 551 suorum
800 494 1049 550 confinia
1101 494 1426 563 deprmdare
1457 491 1704 563 fecitque
1730 505 1871 546 suc-

219 586 404 643 cendi.
453 586 717 655 Dumque
765 583 980 638 cotidie
1028 582 1233 651 Capuae
1282 581 1449 638 ruina
1497 584 1864 650 exercsceret,

220 675 481 730 hortatus
510 676 596 727 est
616 671 765 727 idem
797 670 887 726 vir
914 670 1065 726 ﬁlios
1093 670 1376 725 Pandonis
1406 684 1534 726 cum
1565 669 1704 725 ﬁliis
1737 671 1871 723 Lau-

218 763 434 818 donis2
461 804 475 831 ,
510 774 653 815 nexo
701 758 911 815 findere
947 758 1181 829 utrique
1224 757 1418 813 urbem
1463 757 1768 813 introirent
1798 756 1866 811 ad

122 838 131 851 ’
218 848 710 907 commanendum.
739 846 811 901 At
841 845 929 901 illi
958 846 983 887 3
1010 859 1077 901 ex
1107 845 1334 901 diverso
1374 845 1434 900 in
1464 859 1640 901 unum
1669 858 1871 900 coeun-

219 947 317 1007 tes,
337 941 693 994 sacramento
706 934 893 1004 juncti
909 938 1063 1003 sunt,
1082 934 1465 1004 adieruntque
1480 933 1675 989 urbem
1692 951 1709 999 ;
1725 946 1871 1003 quos

218 1028 412 1083 statim
439 1019 466 1068 4
495 1022 805 1095 ρι’ίειίἱοῐιιδ
851 1022 941 1077 vir
962 1027 1083 1077 arte
1108 1036 1210 1077 sua
1242 1020 1444 1077 fefellit
1482 1028 1537 1079 ct
1579 1022 1870 1091 perjurare

218 1116 370 1187 fecit,
426 1115 661 1184 illisque
698 1111 929 1181 divisis,
963 1110 1239 1167 mentitus
1276 1115 1382 1166 est.
1422 1110 1542 1180 Qua
1570 1125 1672 1182 pro
1697 1124 1871 1167 causa

218 1206 390 1262 etiam
415 1198 808 1258 Pandonulfus
832 1200 899 1255 ad
935 1198 1287 1270 imperialem
1318 1198 1721 1255 celsitudinem
1753 1199 1874 1254 mi-

219 1294 332 1359 sit;
366 1290 633 1362 epistolis
662 1302 728 1345 ac
748 1287 1116 1359 jussionibus
1140 1287 1371 1358 ablatis,
1408 1287 1465 1342 in
1496 1287 1636 1343 urbe
1668 1302 1871 1344 memo-

220 1387 338 1438 rata
370 1393 484 1436 non
515 1382 600 1435 est
626 1378 939 1449 ingressus,
983 1390 1283 1448 quousque
1311 1376 1572 1431 venirent
1596 1375 1873 1448 Lodogui-

220 1484 321 1526 cus
349 1468 657 1539 piissimus
686 1472 987 1539 angustus,
1020 1478 1053 1520 a
1081 1464 1281 1520 multis
1305 1477 1405 1534 per
1432 1464 1590 1520 varia
1616 1470 1871 1535 tempora

226 1558 543 1613 invitatus.-

284 1641 374 1700 dt.
431 1644 563 1699 Fuit
582 1647 771 1699 autem
807 1642 955 1699 idem
994 1640 1322 1711 Landolfus,
1357 1644 1422 1696 ut
1448 1640 1747 1711 pollicitus
1790 1640 1873 1695 in-

1985 491 2091 561 pit,
2126 492 2315 548 oculis
2339 493 2545 549 videat.
2768 538 2783 551 .

2048 577 2138 643 32,
2171 578 2334 652 (866.)
2364 582 2643 638 Invitatus
2675 582 2867 652 itaque
2902 581 3304 652 Londoguicus
3343 595 3536 649 caesar,
3573 587 3639 638 ut

1978 669 2221 737 pradixi
2259 672 2335 741 ιο,
2368 670 2425 726 in
2453 684 2752 727 commune
2794 684 2826 726 a
2873 670 3301 740 Beneventanis,
3344 669 3632 740 Capuanis

1978 758 2317 830 cunctisque
2346 760 2766 816 cummarcanis
2794 760 2862 815 ad
2912 759 3215 815 tuitionem
3262 759 3497 828 perdita:
3530 769 3636 828 pa-

1980 845 2105 900 triae
2124 861 2248 903 -—a
2277 847 2564 904 Graiferio
2593 847 2825 903 minime
2848 848 2972 915 hoc,
3000 847 3136 918 quia
3163 861 3263 918 pro
3290 847 3553 903 Ademari
3585 844 3632 888 ιι

1978 935 2239 1005 captione
2269 936 2639 993 execrabatur
2665 967 2739 977 —
2764 936 3059 992 Beneventi
3113 936 3252 991 ﬂues
3289 950 3386 1007 per
3426 936 3625 993 Suram

1981 1022 2326 1094 ingreditur,
2358 1030 2530 1095 atque
2583 1024 2744 1094 prius
2790 1024 3134 1079 monasterio
3166 1023 3454 1079 Benedicti
3484 1023 3631 1079 beati

1979 1112 2280 1181 applicuit.
2309 1112 2432 1181 Quo
2456 1114 2524 1169 ad
2547 1126 2677 1168 eum
2706 1113 2876 1185 legati
2906 1113 2977 1168 de
3014 1112 3262 1169 diversis
3283 1112 3527 1169 urbibus
3553 1128 3639 1169 ve-

1979 1204 2188 1255 nerunt
2218 1218 2230 1254 :
2270 1201 2419 1256 inter
2444 1216 2588 1272 quos
2616 1198 2937 1257 Dandulfus
2961 1201 3078 1269 jam
3101 1201 3293 1256 dictus
3318 1205 3373 1256 et
3402 1206 3632 1272 nepotes

1980 1288 2071 1343 sui
2118 1302 2186 1343 ex
2210 1289 2436 1345 diverso
2467 1295 2762 1346 venerunt.
2806 1289 3099 1359 Susceptis
3139 1288 3319 1361 igitur
3344 1290 3635 1361 augustis-

1984 1374 2087 1429 hoc
2113 1379 2199 1430 est
2230 1376 2320 1430 vir
2340 1380 2394 1432 et
2426 1377 2655 1445 conjux.
2692 1390 2723 1431 a
2758 1375 3051 1431 Berthario
3094 1375 3405 1431 venerabili
3430 1376 3632 1433 abbate

1979 1461 2417 1529 ofﬁciocissime,
2452 1463 2769 1519 Landulfus
2798 1465 2867 1519 ad
2916 1464 3146 1520 solitam
3190 1477 3425 1536 vergens
3455 1462 3632 1520 falla—
3704 1456 3713 1465 ”

1981 1551 2150 1607 ciam.
2202 1553 2501 1623 Capuanos
2549 1567 2694 1623 quos
2728 1553 2925 1608 czesari
2970 1557 3405 1623 praesentaverat
3441 1553 3635 1625 fugere

1980 1641 2295 1710 compulit:
2326 1642 2447 1711 ipse
2479 1641 2638 1697 solus
2655 1656 2783 1697 cum
2812 1656 2876 1697 eo
2896 1642 3192 1710 remansit,
3222 1642 3387 1712 quasi
3411 1641 3639 1698 satisfa-

229 1748 410 1790 seram
456 1731 576 1802 (cap
612 1728 720 1803 24),
750 1744 817 1785 ex
861 1734 1065 1786 natura
1111 1730 1380 1800 prudens,
1417 1734 1502 1784 set
1528 1742 1595 1783 ex
1625 1743 1874 1785 consue—
1902 1720 1955 1780 B
1981 1730 2159 1800 ciens,
2184 1745 2244 1785 se
2266 1730 2346 1785 nil
2374 1730 2662 1800 culpabile
2686 1745 2854 1800 penes
2875 1744 3004 1785 eum
3027 1731 3290 1802 gessisse.
3313 1731 3629 1787 Praedictus

227 1822 428 1879 tudine
452 1820 722 1891 callidus,
746 1818 1009 1875 lubricus
1030 1818 1275 1874 nimium
1301 1823 1356 1873 et
1388 1818 1668 1887 petulans,
1701 1818 1876 1873 ambi-

225 1911 431 1967 tiosior
451 1909 606 1965 omni
628 1908 877 1977 homine,
902 1907 1088 1963 elatus
1109 1920 1282 1976 supra
1301 1919 1469 1976 quam
1488 1906 1642 1961 credi
1668 1911 1870 1978 potest,

224 1998 630 2055 monachorum
651 2009 877 2067 quoque
896 1992 1135 2051 infestor
1158 2000 1213 2050 et
1247 1995 1530 2064 praedator
1559 1997 1580 2039 5
1615 2036 1629 2066 ,
1660 1996 1730 2051 de
1751 1994 1878 2066 qui-

223 2086 326 2142 bus
358 2087 422 2141 in
453 2084 710 2141 tribunal
742 2083 1002 2139 tumidus
1028 2082 1231 2138 sedens
1261 2082 1471 2138 solitus
1522 2088 1642 2139 erat
1682 2083 1875 2139 dicere

223 2172 769 2230 circumstantibus:
823 2172 1075 2237 Quotiens
1122 2172 1441 2225 monachum
1498 2174 1621 2225 visu
1689 2184 1870 2234 cerno,

225 2279 430 2333 semper
470 2262 606 2316 mihi
645 2264 843 2329 futura
873 2260 987 2314 dies
1034 2261 1283 2329 auspicia
1330 2260 1513 2314 tristia
1538 2259 1564 2303 6
1616 2260 1876 2313 submini-

226 2356 382 2411 strat.
405 2351 566 2421 justo
586 2349 750 2405 valde
783 2348 1008 2419 judicio
1027 2348 1150 2418 Dei,
1181 2352 1246 2403 ut
1273 2347 1344 2402 ab
1366 2347 1484 2403 hiis
1516 2347 1874 2404 incommoda

227 2439 535 2508 tolleraret,
557 2450 700 2507 quos
715 2436 881 2492 velud
906 2434 1348 2491 nefandissimos
1372 2435 1562 2491 hostes
1577 2435 1876 2491 execrabat

228 2536 277 2583 et
305 2524 775 2597 persequebatur,
802 2538 835 2580 a
860 2523 1075 2594 quibus
1100 2523 1273 2579 etiam
1298 2524 1356 2578 in
1388 2521 1585 2587 futuro
1612 2530 1875 2593 torquen-

225 2617 327 2672 dus
355 2620 499 2671 erat.
527 2612 819 2682 Principis
848 2612 940 2668 sui
975 2626 1201 2683 quoque
1239 2612 1466 2668 derisor
1500 2618 1557 2668 et
1580 2614 1870 2683 perjurus,

226 2708 605 2774 nepotumque
634 2715 869 2757 suorum
916 2714 1166 2771 perosor,
1220 2701 1432 2771 quippe
1464 2701 1563 2773 qui
1588 2701 1871 2758 neminem

224 2792 646 2862 dilexitpraater
662 2803 779 2845 sum
796 2789 989 2845 carnis
1015 2788 1320 2858 incentiva,
1344 2804 1533 2859 pacem
1555 2803 1867 2862 nunquam,

226 2895 318 2937 nec
350 2882 412 2936 in
437 2880 536 2936 die
563 2879 758 2935 obitus
787 2878 901 2948 sui,
931 2878 1289 2947 amplexatus
1317 2882 1422 2934 est.
1451 2878 1544 2934 Sic
1578 2878 1676 2933 ubi
1706 2877 1875 2934 foede-

227 2975 339 3026 rata
364 2969 569 3039 sensit,
598 2973 755 3024 totus
779 2980 838 3024 se
864 2972 1094 3023 strenue
1121 2966 1387 3036 iniciens,
1416 2963 1766 3023 zizaniorum
1792 2980 1875 3023 se-

1985 1818 2178 1888 itaque
2199 1823 2480 1889 augustas
2512 1817 2851 1874 Landulfum
2887 1817 2935 1861 t2
2961 1825 3096 1875 tunc
3140 1834 3243 1889 pro
3271 1820 3491 1875 nichilo
3516 1820 3636 1876 du—

1981 1919 2134 1976 cens,
2184 1906 2431 1976 Capuam
2464 1907 2629 1975 adiit,
2664 1906 3064 1978 obsessamque
3107 1907 3296 1964 tribus
3326 1907 3463 1963 hinc
3502 1908 3636 1964 inde

1983 1994 2277 2050 mensibus
2309 1994 2355 2037 ί)
2385 1994 2648 2051 funditus
2681 1994 2726 2037 ιι
2751 1996 2981 2066 delevit,
3001 2000 3056 2051 et
3075 2010 3203 2051 cum
3222 1995 3449 2051 civibus
3469 1996 3636 2053 illius

1985 2084 2384 2154 quodcumque
2398 2084 2671 2153 placitum
2684 2084 2819 2140 dare
2837 2084 3031 2155 nollet,
3050 2083 3341 2139 Lamberto
3356 2085 3554 2140 comiti
3571 2085 3638 2141 il-

1984 2170 2101 2227 lius
2118 2185 2177 2227 se
2189 2171 2577 2243 tradiderunt;
2595 2176 2929 2241 putantesse
2944 2170 3125 2227 facere
3142 2173 3377 2244 rectius,
3392 2172 3635 2243 pessime

1984 2266 2346 2316 corruerunt.
2370 2260 2527 2317 Unde
2556 2266 2745 2330 postea
2768 2275 2869 2331 pro
2892 2260 3112 2317 nichilo
3132 2261 3317 2332 ducti,
3333 2261 3488 2317 omni
3516 2259 3633 2317 fere

1986 2362 2176 2404 mense
2199 2349 2447 2405 diversis
2470 2349 2771 2419 judicibus
2811 2349 3097 2405 dabantur
3130 2350 3185 2405 in
3217 2350 3483 2421 praedam.
3518 2351 3632 2407 Hoc

1984 2437 2303 2507 quoqueita
2321 2443 2547 2508 peracto
2579 2440 2626 2483 15
2652 2480 2665 2509 ,
2699 2436 3304 2495 Guaiferioomnisine
3326 2438 3634 2508 sponsione

1986 2525 2149 2595 prius
2176 2525 2495 2598 Salernum,
2540 2532 2595 2583 et
2623 2527 2709 2582 sic
2733 2527 2961 2584 demum
3000 2526 3071 2583 ab
3116 2526 3422 2584 Adelchiso
3453 2528 3635 2582 Bene-

1983 2620 2212 2670 ventum
2254 2621 2526 2685 exceptus
2573 2620 2676 2671 est.

2052 2701 2141 2758 33.
2158 2700 2603 2775 (867.)Sequenti
2618 2710 2805 2761 autem
2823 2718 2972 2761 anno
2988 2705 3186 2762 multis
3199 2704 3381 2763 fultus
3396 2705 3640 2764 auxilia-

1982 2791 2208 2847 toribus
2223 2791 2403 2847 Barim
2430 2793 2699 2863 perrexit,
2722 2793 2892 2865 alque
2904 2809 3033 2850 cum
3056 2796 3368 2865 saepedicto
3390 2796 3636 2869 Saugda-

1981 2893 2051 2934 ne
2085 2878 2132 2922 16
2159 2880 2485 2951 augustalis
2514 2882 2801 2938 exercitus
2832 2897 3074 2954 pugnam
3107 2885 3415 2954 commisit,
3447 2898 3478 2941 a
3513 2886 3638 2957 qui-

1981 2968 2089 3023 bus
2110 2973 2166 3023 et
2192 2973 2497 3039 superatus
2517 2968 2790 3041 aufugiit,
2809 2971 3079 3027 ammissa
3100 2986 3210 3028 non
3238 2974 3457 3029 modica
3478 2980 3636 3044 parte

228 3059 375 3115 mina
399 3058 580 3128 sevit;
612 3057 763 3127 quod
790 3056 840 3111 si
866 3055 962 3112 cui
985 3054 1329 3111 incredibile
1348 3055 1595 3126 videtur,
1620 3055 1873 3111 animad-
1902 3050 1949 3110 (ἆ
1981 3056 2342 3113 bellatorum.
2371 3057 2588 3113 Dehinc
2612 3059 2803 3114 omnia
2816 3073 3012 3115 eorum
3039 3060 3491 3133 circumquaque
3512 3070 3635 3118 sata

227 3152 418 3217 vertat,
454 3150 597 3217 quot
626 3145 851 3201 vicibus
880 3142 1243 3200 Guaiferium
1275 3142 1500 3208 fefellit,
1533 3145 1628 3200 cui
1658 3159 1756 3215 per
1785 3150 1872 3201 ter

222 3235 754 3305 juravitipsumque
775 3232 895 3303 ipse
913 3231 1026 3287 sibi
1044 3232 1362 3302 principem
1387 3232 1664 3287 instituit.
1691 3233 1871 3290 Multo

226 3324 371 3379 enim
412 3322 695 3379 libentius
725 3321 992 3392 cupiebat
1017 3320 1296 3391 captivari
1318 3321 1541 3376 animas
1572 3322 1870 3378 hominum

228 3412 636 3483 innocentium,
670 3423 840 3481 quam
861 3410 946 3466 vel
976 3422 1165 3480 parem
1191 3423 1321 3466 eum
1350 3409 1575 3481 habere,
1604 3423 1714 3466 non
1738 3411 1870 3467 dico

228 3501 525 3571 seniorem,
572 3503 772 3556 contra
812 3502 1154 3569 praeceptum
1201 3497 1462 3568 Apostoli
1503 3512 1722 3570 gerens,
1767 3500 1868 3569 qui

227 3589 344 3645 ait:
401 3590 644 3652 Subditi,
681 3588 907 3660 inquid,
951 3592 1112 3643 estote
1159 3590 1308 3643 omni
1349 3588 1576 3660 dicioni,
1616 3590 1726 3643 sive
1756 3591 1873 3655 regi

225 3683 485 3749 tanquam
501 3678 858 3748 praecellenti,
882 3678 993 3731 sive
1028 3677 1256 3731 ducibus
1281 3681 1542 3746 tanquam
1571 3678 1639 3731 ab
1665 3693 1722 3731 eo
1751 3680 1877 3732 mis-

225 3770 292 3821 sis
319 3767 375 3837 (I
401 3768 542 3821 Petr.
592 3780 630 3821 ιι
635 3766 700 3836 );
734 3770 790 3821 et
816 3765 997 3821 alibi:
1041 3767 1162 3821 Non
1186 3781 1304 3835 pra:
1332 3770 1411 3820 est
1439 3770 1682 3835 potestas
1708 3767 1817 3821 nisi
1839 3783 1875 3821 a

225 3858 344 3921 Deo,
374 3858 559 3924 itaque
595 3855 693 3923 qui
714 3856 920 3908 resistit
942 3856 1221 3923 potestati.
1258 3855 1353 3907 Dei
1383 3854 1721 3907 ordinationi
1744 3856 1879 3909 resi-

223 3948 312 3997 stit
337 3943 509 4011 (Rom.
547 3942 697 4012 xm}.
733 3941 835 3997 liis
862 3940 888 3983 7
919 3942 1122 4014 igitur,
1150 3941 1462 4011 postposita
1483 3942 1873 3998 ecclesiastica

224 4031 422 4103 dogma
458 4032 675 4101 juaque
704 4030 1075 4100 episcopalia,
1118 4030 1417 4085 semiviros
1448 4041 1477 4071 α
1515 4030 1873 4088 solummodo

226 4119 425 4175 dilexit
440 4132 655 4188 eosque
668 4119 893 4174 cunctis
916 4118 1170 4188 praetulit.
1188 4118 1874 4188 implevitnichilominus

228 4207 527 4277 propheeia
583 4206 772 4275 Ysayze
828 4208 1081 4262 dicentis
1138 4207 1281 4276 (cap.
1346 4208 1483 4276 In):
1537 4207 1873 4275 E/ﬁeminati

228 4296 649 4349 dominabuntur
672 4297 767 4349 eis.
802 4296 985 4364 Hujus
1014 4295 1166 4349 enim
1199 4308 1301 4365 ego
1334 4292 1478 4349 facta
1508 4294 1618 4349 viri
1656 4295 1877 4351 minua-

1979 3144 2340 3216 comburens,
2374 3145 2666 3201 Materiam
2688 3147 2856 3218 adiit,
2891 3161 3057 3218 quam
3086 3155 3143 3204 et
3166 3149 3291 3204 sine
3324 3164 3480 3205 mora
3505 3150 3636 3222 igne

1979 3235 2261 3304 cepitque.
2289 3236 2446 3290 Tunc
2466 3235 2623 3289 venit
2659 3235 2986 3306 Venusiam,
3006 3242 3553 3309 castrametatusque
3574 3240 3632 3295 in

1979 3335 2044 3378 ea
2073 3323 2361 3393 cmpitque
2382 3335 2670 3393 renovare,
2694 3329 2750 3377 et
2770 3323 2958 3378 Barim
2986 3323 3123 3379 hinc
3144 3329 3200 3379 et
3228 3323 3360 3381 inde
3386 3326 3636 3396 graviter

1979 3410 2632 3482 expugnansdemolitus
2652 3416 2770 3480 est;
2800 3411 3103 3482 positoque
3131 3412 3401 3481 prtesidio
3424 3426 3635 3485 pugna-

1980 3504 2169 3555 torum
2193 3498 2255 3553 in
2282 3498 2554 3563 Canusia,
2580 3498 2841 3554 vicissim
2872 3512 2970 3555 eos
2998 3499 3274 3555 cornibus
3298 3501 3631 3556 ventilabat.

1979 3587 2104 3657 Quo
2121 3592 2345 3643 terrere
2365 3587 2613 3658 perculsi
2640 3585 2687 3630 l7
2718 3627 2733 3652 ,
2768 3586 2935 3643 multi
2962 3587 3030 3643 ad
3064 3587 3421 3659 augustalem
3439 3588 3639 3647 confu-

1982 3676 2206 3748 gientes
2226 3674 2606 3746 clementiam,
2628 3676 2755 3732 dari
2782 3675 2896 3731 sibi
2925 3675 3188 3747 petebant
3216 3676 3483 3747 dextras;
3510 3679 3609 3750 qui
3630 3707 3642 3719 -

1982 3762 2093 3819 bus
2112 3769 2249 3821 tunc
2268 3763 2496 3819 solitam
2519 3764 2974 3820 misericordiam
2998 3778 3109 3820 non
3145 3762 3193 3808 18
3221 3765 3480 3838 denegat.
3502 3767 3638 3824 Post

1983 3852 2102 3908 haec
2134 3852 2277 3908 itum
2308 3856 2394 3908 est
2422 3852 2656 3909 Oercam
2682 3851 2710 3894 δ
2740 3852 2956 3922 urbem,
3003 3853 3202 3924 sicque
3230 3853 3429 3909 itidem
3456 3868 3637 3911 rever-

1983 3954 2083 3996 sus
2123 3944 2210 3996 est
2262 3941 2657 4011 Beneventum,
2690 3944 2862 4012 atque
2895 3941 3189 3998 annitente
3232 3941 3346 3997 sibi
3397 3942 3636 4001 dextera

1983 4042 2248 4099 superna,
2272 4042 2401 4084 cum
2428 4030 2545 4098 jam
2574 4029 2643 4084 ad
2676 4030 3091 4085 extremitatem
3116 4031 3420 4087 maximam
3451 4016 3640 4102 perve-

1983 4116 2203 4173 nissent
2223 4116 2505 4187 Sareceni,
2550 4117 2727 4173 misso
2756 4118 3012 4174 exercitu
3038 4119 3227 4175 Barim
3270 4120 3443 4190 cepit,
3471 4124 3637 4191 capto

1984 4204 2593 4278 ineaSangdameﬁero
2608 4220 2875 4277 regecum
2889 4206 3048 4262 alliis
3061 4207 3361 4264 nonnullis
3374 4208 3638 4265 satelliti-

1982 4292 2092 4349 bus
2112 4294 2256 4350 suis.
2272 4294 2488 4349 Deinde
2503 4290 2619 4365 (874
2646 4294 3140 4367 Febr.)Tarentum
3158 4294 3422 4352 obsidere
3432 4296 3627 4366 jussit.

228 4385 326 4439 tim
359 4385 647 4455 explicare
677 4384 747 4461 si.
785 4384 1036 4454 voluero,
1094 4383 1329 4439 facilius
1368 4389 1431 4439 ut
1474 4397 1602 4438 reor
1648 4388 1874 4454 tempus
1904 4394 1958 4455 ι)
2052 4379 2139 4437 34.
2174 4382 2398 4453 Quibus
2430 4383 2510 4438 ita
2555 4383 2796 4454 patratis
2829 4383 2876 4427 19
2906 4424 2922 4455 ,
2954 4388 3020 4440 ut
3049 4385 3320 4454 superius
3351 4386 3634 4455 promissa

229 4472 553 4529 absumitur
580 4472 608 4513 8
638 4514 651 4540 ,
682 4485 850 4542 quam
885 4470 1041 4527 fandi
1061 4485 1246 4527 sermo
1272 4471 1645 4526 terminetur:
1683 4477 1871 4527 tamen

226 4561 275 4615 si
298 4562 430 4631 quis
476 4560 819 4617 medullitus
847 4575 1010 4617 nosse
1036 4560 1344 4631 desiderat,
1378 4573 1577 4615 versus
1604 4574 1637 4614 a
1664 4566 1869 4616 memet

228 4647 626 4705 constructos9
663 4649 938 4720 requirat.
978 4648 1122 4705 Ante
1164 4649 1315 4704 diem
1361 4662 1492 4703 vero
1540 4648 1730 4704 exitus
1777 4648 1869 4704 sui

224 4735 463 4805 Capuam
497 4740 676 4795 trium
714 4738 957 4795 fratrum
996 4752 1232 4794 suorum
1261 4738 1402 4793 filiis
1442 4738 1522 4793 ita
1550 4737 1775 4806 divisit,
1809 4743 1875 4794 ut

228 4827 379 4881 omni
406 4830 658 4898 tempore
684 4828 836 4883 inter
868 4841 966 4883 eos
996 4827 1225 4899 gladius
1255 4827 1393 4882 rixae
1418 4839 1711 4897 nunquam
1743 4841 1875 4883 om-

1985 4485 2239 4541 promam
2268 4470 2321 4512 2'1
2351 4512 2365 4543 ,
2394 4472 2595 4527 videns
2614 4471 2884 4528 diabolus
2905 4486 3040 4528 suos
3070 4472 3362 4528 eliminari
3383 4472 3637 4529 Christo-

1983 4573 2094 4630 que
2144 4559 2411 4615 universa
2465 4561 2775 4617 restaurari
2806 4558 2854 4603 2|
2890 4603 2905 4633 ,
2940 4560 3228 4632 principia
3275 4561 3533 4618 recolens
3576 4567 3635 4619 et

1982 4648 2225 4718 dampna
2250 4646 2458 4703 inferni
2490 4649 2710 4720 dolens,
2733 4664 2839 4706 suo
2863 4650 3137 4705 instincto
3160 4657 3455 4721 coeperunt
3479 4649 3632 4706 Galli

1983 4737 2232 4809 graviter
2260 4738 2678 4793 Beneventanos
2709 4739 2973 4810 persequi
3006 4752 3071 4795 ac
3101 4739 3418 4795 crudeliter
3460 4752 3637 4795 vexa-

1984 4840 2062 4883 re.
2097 4826 2218 4895 Qua
2247 4826 2318 4881 de
2347 4838 2407 4880 re
2434 4829 2490 4880 et
2514 4824 2821 4897 Adelgisus
2850 4828 3117 4898 princeps
3145 4828 3421 4885 adversus
3444 4829 3636 4885 Lodo-

1556 5038 1563 5043 1
1606 4968 1833 5024 νΑιιιιΕ
1889 4966 2277 5024 LECTIONES.

298 5078 636 5139 iextorrens
707 5082 902 5138 c‘ZIta
972 5084 1032 5152 B,
1102 5083 1389 5139 Pandonis
1449 5101 1493 5137 c.
1548 5082 1700 5139 3i|le
1760 5100 1804 5138 c.
1856 5082 1881 5127 4
1916 5097 2030 5155 quo
2082 5098 2106 5138 s

300 5150 352 5206 is
413 5170 455 5207 c.
498 5154 525 5197 8
571 5155 931 5210 assunzniiur
994 5171 1036 5209 c.
1072 5155 1098 5198 9
1145 5160 1513 5211 constructus
1586 5171 1631 5209 c.
1666 5154 1713 5197 ι)
1759 5156 2011 5212 nredixit
2083 5151 2106 5209 4

1759 5169 2011 5224 preuixu
2083 5169 2131 5209 ιι.

226 5149 352 5206 Hiis
413 5170 455 5207 c.
498 5154 525 5197 8
571 5155 931 5210 assunzniiur
994 5149 1036 5209 c.
1072 5155 1098 5198 9
1145 5160 1513 5211 constructus
1586 5171 1631 5209 c.
1666 5154 1713 5197 ι)

1916 5097 2030 5155 quo
2082 5082 2281 5155 statim
2322 5099 2381 5155 Ac.
2419 5082 2442 5126 5

2471 5083 2677 5153 predor
2731 5080 2779 5139 4.
2814 5086 2839 5127 ὁ
2871 5084 3122 5142 tristicia
3173 5102 3219 5142 ο.
3285 5086 3381 5147 71.
3438 5105 3485 5144 e.
3555 5091 3626 5145 Is.

2178 5154 2222 5197 ιι
2257 5151 2558 5211 Ademario
2634 5151 2684 5209 4.
2739 5155 2787 5199 12
2835 5156 3150 5214 Landulfus
3206 5160 3337 5213 0.13
3367 5159 3515 5214 deest
3571 5162 3631 5214 in

225 5238 267 5273 c.
302 5223 396 5302 sed
422 5226 837 5302 restituendam
872 5241 939 5279 ea:
986 5222 1142 5302 4._([.
1188 5240 1236 5281 c.
1288 5224 1399 5298 36.)
1445 5231 1494 5280 et
1530 5222 1800 5302 5._(40g.)
1830 5226 2062 5302 léAfundi
2104 5242 2163 5302 _c,
2225 5223 2483 5302 Μίαν-5.
2540 5232 2703 5302 ραοιρ
2757 5242 2802 5280 c.
2859 5226 2908 5270 16
2939 5228 3238 5302 Saudagne
3294 5246 3338 5283 c.
3411 5230 3459 5273 17
3485 5243 3632 5302 pro-

227 5292 372 5348 culsi
443 5296 569 5350 c.18
597 5297 743 5351 deest
816 5298 875 5351 in
947 5292 1163 5368 codice;

1240 5294 1652 5368 non'negavit'
1858 5296 1908 5341 19
1933 5299 2020 5352 Ita
2101 5294 2154 5352 5.

2234 5296 2451 5367 paratis
2523 5294 2569 5353 ὁ.
2648 5294 2699 5342 2‘0
2730 5311 2966 5369 pronam
3041 5317 3087 5355 ο.
3134 5294 3509 5358 '21restauri'
3574 5316 3632 5355 e.

1818 5421 2040 5478 NOTzE.

298 5541 331 5571 ι
354 5532 407 5587 id
431 5539 515 5589 est
551 5533 868 5590 eunuchos.

2059 5534 2089 5577 ι)
2117 5535 2273 5607 Uria,
2298 5535 2459 5593 Orea.
3406 5512 3429 5581 ἑ
