4058 6154
395 199 505 259 ’763
1471 200 1953 260 ERCHEMBERTI
1987 199 2417 258 CASSINENSIS
2451 200 2762 258 MONACHI
3712 203 3825 264 764

399 335 631 407 guicum
649 340 955 408 augustum
985 339 1230 406 erectus,
1263 347 1394 390 cum
1419 333 1545 390 suis
1569 332 1869 389 Beneventi
1902 329 2056 388 infra
2077 333 2134 392 A
2162 331 2498 405 constituit;
2533 347 2645 404 qua
2674 333 2952 390 electione
2975 332 3206 390 illectus
3239 335 3286 380 15
3319 375 3336 405 ,
3367 335 3829 407 archiepiscopa-

402 423 612 480 mcenia
647 423 940 494 degentem
965 435 1032 478 ac
1075 435 1274 479 secure
1313 422 1698 492 quiescentem
1736 424 1865 477 astu
1897 419 1915 463 ί
1945 420 2058 476 do—
2163 425 2283 476 tum
2327 421 2508 478 totius
2549 420 2846 477 Beneventi
2888 422 3044 478 omni
3090 422 3386 494 aviditate,
3432 428 3490 480 et
3540 429 3606 480 ut
3633 425 3827 496 Capua

401 513 524 569 loso
554 510 580 554 ‘~’
606 511 1036 569 sanctissimum
1071 511 1284 583 virum,
1317 510 1654 567 salvatorem
1697 508 1925 564 scilicet
1963 510 2057 563 Be-

403 607 728 659 neventanm
754 601 1084 671 provinciae,
1101 600 1256 671 cepit
1287 604 1344 656 et
1367 598 1653 655 custodiis
1671 597 2052 667 mancipavit;

400 691 666 762 bonaque
686 691 812 760 ejus
830 689 1120 760 diripiens
1144 688 1366 745 ditatus
1386 692 1493 754 est,
1524 692 1874 757 cunctosque
1903 685 2058 742 viros

399 777 736 835 exercitales
781 777 1056 848 spoliavit
1081 782 1140 832 et
1167 775 1366 848 fugere
1404 774 1706 846 compulit,
1732 780 1789 830 et
1815 774 1886 830 de
1909 788 2060 832 exu-

398 867 512 923 viis
532 867 556 910 3
585 880 783 924 eorum
807 871 1112 922 onustatns
1126 869 1241 936 est;
1257 864 1643 936 impletusque
1660 867 1748 920 est
1763 865 2062 920 sermoDo-

401 955 546 1012 mini
572 968 640 1012 ex
672 954 972 1026 prophetia
998 959 1264 1024 sumptus
1290 951 1317 998 4
1343 955 1586 1016 Percute,
1622 952 1849 1024 inquid,
1872 957 2057 1023 pasto-

395 1059 530 1107 rem,
553 1047 603 1098 et
618 1044 999 1114 dispergentur
1017 1057 1136 1096 oves
1155 1044 1335 1110 gregis
1346 1041 1528 1110 (Zach.
1551 1053 1632 1096 xu
1650 1036 2068 1113 :)C0nsistente'

403 1133 601 1204 itaque
626 1136 872 1204 augusto
905 1130 963 1185 in
985 1129 1270 1199 custodia,
1303 1129 1576 1186 excitavit
1601 1131 1754 1186 Deus
1782 1129 2057 1199 spiritum

404 1221 828 1291 Hismaelitum,
855 1232 1065 1290 eosque
1089 1217 1373 1278 ab.Africa
1395 1218 1628 1290 regione
1655 1218 1922 1289 protinus
1942 1231 2062 1273 eve

402 1309 510 1379 xit,
540 1315 604 1365 ut
629 1307 1047 1364 ulciscerentur
1066 1306 1299 1378 augusti
1321 1306 1716 1377 obprobrium,
1741 1305 1919 1364 sscuti
1947 1305 2056 1360 ﬁlii

398 1397 502 1453 Dei
553 1397 877 1468 passionem
925 1395 1311 1466 Vespasianus
1355 1401 1412 1451 et
1439 1395 1605 1451 Titus
1637 1394 1744 1451 ulti
1778 1398 1932 1450 sunt.
1965 1394 2061 1449 Set

400 1484 659 1543 defensio
684 1485 913 1542 Domini
938 1483 1118 1540 dilata
1143 1483 1168 1526 5
1195 1489 1284 1540 est
1300 1483 1372 1539 in
1403 1497 1584 1540 annos
1614 1480 1704 1552 42,
1737 1485 1904 1553 juxta
1935 1495 2060 1552 pro-

407 1573 658 1645 phetiam
681 1573 896 1644 Eliszei,
922 1573 1022 1644 qui
1049 1569 1118 1629 42
1142 1577 1369 1644 puero's,
1399 1586 1434 1628 a
1462 1571 1678 1642 quibus
1703 1571 1918 1627 illusus
1947 1575 2052 1640 est,

2167 511 2498 582 metropolis
2521 511 2697 581 ﬁeret,
2722 511 3027 582 quaesivit;
3056 519 3162 582 set,
3181 524 3294 567 non
3308 511 3552 568 Domino
3578 513 3824 583 sinente,

2162 601 2232 656 ad
2267 599 2582 670 profectum
2628 599 2866 656 minime
2906 599 3182 670 pervenit.
3223 601 3588 672 Lodoguicus
3634 607 3830 658 autem

2164 689 2359 746 volens
2388 689 2762 745 Beneventum
2781 689 3099 760 acquirere,
3132 693 3220 746 set
3247 689 3484 744 minime
3513 689 3724 762 valuit,
3758 691 3829 747 ad

2168 779 2400 852 pr0pria
2433 778 2686 850 recessit,
2723 779 3022 850 conjugem
3055 784 3361 848 natamque
3386 791 3548 834 suam
3574 778 3831 849 Capuam

2177 867 2550 939 relinquens;
2591 880 2704 938 qua
2731 867 3029 924 occasione
3055 871 3295 937 reperta,
3328 866 3477 922 idem
3509 866 3832 926 Landulfus

2167 955 2529 1013 Guaiferium
2561 955 2900 1026 principem,
2924 955 3018 1011 cui
3047 955 3592 1034 noviterjuraverat,
3622 969 3834 1027 appre-

2169 1045 2342 1102 hendi
2374 1043 2511 1100 fecit
2539 1050 2592 1100 et
2616 1044 2675 1100 in
2704 1045 2968 1101 custodia
2997 1044 3228 1100 detrudi
3259 1042 3308 1087 16
3331 1085 3344 1098 .
3377 1041 3546 1117 (874.)
3574 1045 3673 1101 Set
3693 1046 3834 1116 quia

2171 1147 2281 1190 non
2305 1147 2370 1189 ea
2399 1133 2644 1206 contigit
2676 1131 2799 1188 illis
2829 1147 2956 1204 quae
2991 1132 3287 1203 putabant,
3320 1132 3608 1188 dimissus
3635 1140 3746 1201 est,
3777 1139 3834 1188 et

2168 1222 2322 1280 ﬁlios
2368 1222 2672 1290 Landonis,
2731 1222 3047 1278 Landonem
3110 1222 3336 1278 scilicet
3385 1229 3442 1278 et
3485 1221 3836 1278 Landonul—

2168 1310 2288 1368 fum
2324 1311 2371 1354 17
2403 1353 2419 1382 ,
2450 1320 2721 1383 cognatos
2756 1324 2913 1381 suos,
2943 1325 3045 1381 pro
3070 1324 3130 1365 se
3163 1309 3394 1366 obsides
3429 1310 3630 1380 dedit;
3684 1323 3836 1380 quos

2177 1414 2368 1457 secum
2418 1413 2674 1456 remeans
2701 1405 2944 1471 augusta
2999 1398 3229 1468 detulit,
3277 1399 3601 1454 Ravennam
3651 1398 3835 1453 exilio

2182 1489 2436 1561 reliquit.
2473 1489 2664 1544 Proles
2682 1494 2871 1545 autem
2896 1488 3084 1558 ipsius
3106 1495 3364 1559 augustae
3381 1487 3589 1557 Capua:
3613 1499 3838 1542 reman-

2179 1578 2278 1649 sit,
2307 1577 2522 1648 illaque
2543 1577 2804 1647 abeunte,
2831 1591 2942 1632 non
2970 1576 3214 1632 multum
3237 1580 3364 1645 post
3385 1575 3612 1648 genitor
3639 1574 3835 1645 illius,

399 1663 628 1720 duobus
657 1663 814 1720 ursis
837 1662 998 1718 dedit
1036 1663 1096 1717 in
1123 1661 1624 1732 commestionem;
1661 1660 1837 1730 huius
1867 1664 2057 1716 autem
2089 1663 2143 1723 B
2168 1666 2315 1722 divae
2350 1666 2635 1722 memoriae
2665 1665 3046 1737 Lodoguicus,
3079 1664 3233 1720 diem
3263 1663 3474 1720 clausit
3507 1671 3836 1719 extremum

400 1757 788 1824 contemptum
838 1765 939 1808 nec
976 1751 1036 1807 in
1066 1748 1135 1807 40
1175 1750 1412 1808 distulit
1437 1749 1601 1818 dies;
1641 1763 1712 1805 ex
1745 1762 1860 1820 quo
1887 1747 2060 1804 datur

403 1841 678 1914 intelligi,
701 1841 894 1913 qualis
909 1846 1231 1912 quantusve
1245 1839 1337 1896 vir
1355 1839 1464 1895 iste
1485 1837 1680 1910 fuerit,
1697 1838 1799 1910 qui
1814 1842 1930 1894 tam
1942 1836 2060 1894 cito

402 1929 674 1987 defensus
701 1934 807 1986 est.

472 2017 560 2076 35.
629 2019 945 2077 Absolutus
981 2015 1008 2060 ὃ
1037 2022 1248 2088 autem,
1292 2017 1538 2074 Domino
1575 2015 1840 2088 jubente,
1885 2029 2062 2072 caesar

405 2110 606 2166 insons
619 2152 633 2181 ,
646 2110 842 2166 statim
860 2109 1126 2166 Saraceni
1147 2107 1445 2164 Salernum
1465 2104 1873 2177 applicuerunt
1893 2103 2058 2176 quasi

403 2197 474 2256 30
505 2199 702 2270 milia;
735 2212 905 2271 quam
963 2197 1213 2271 graviter
1251 2195 1600 2268 obsidentes,
1647 2193 1783 2252 hinc
1825 2198 1884 2250 et
1931 2193 2064 2249 inde

403 2293 610 2346 cuncta
637 2287 960 2345 forinsecus
985 2287 1010 2331 7
1039 2286 1312 2357 stirpitus
1339 2283 1367 2328 8
1395 2284 1730 2341 deleverunt
1751 2285 1778 2329 9
1809 2325 1824 2355 ,
1852 2282 2064 2338 occisis

406 2376 468 2432 in
485 2390 549 2433 ea
577 2376 1104 2434 innumerabilibus
1123 2373 1380 2439 colonis;
1407 2377 1466 2429 et
1481 2371 1815 2442 depopulati
1837 2374 1975 2427 sunt
1993 2383 2064 2426 ex

407 2470 566 2536 parte
588 2465 906 2536 Neapolim,
949 2465 1324 2520 Beneventum
1354 2465 1412 2516 et
1448 2461 1719 2530 Capuam.
1761 2459 1884 2528 Quo
1914 2465 2065 2514 tem-

405 2566 541 2624 pore
569 2552 738 2609 ambo
771 2552 1056 2608 Lamberti
1099 2551 1330 2622 comite,
1361 2548 1595 2622 augusti
1641 2546 1890 2604 furorem
1939 2559 2065 2602 me-

406 2645 651 2702 tuentes.
709 2642 1089 2698 Beneventum
1133 2642 1512 2710 recesserunt,
1562 2641 1620 2694 et
1668 2635 1740 2693 ab
1791 2635 2062 2708 Adelgiso

409 2729 722 2788 honoriﬁce
741 2731 994 2802 suscepti
1028 2733 1199 2799 sunt;
1225 2741 1472 2800 quorum
1488 2725 1710 2784 auxilio
1737 2723 1943 2795 fretus,
1970 2741 2064 2782 su-

371 2823 378 2828 '
410 2833 506 2892 per
531 2820 941 2878 Saracenorum
964 2832 1184 2876 scaram
1205 2817 1256 2862 ίυ
1285 2815 1463 2874 irruit
1484 2820 1541 2872 et
1563 2815 1818 2872 viriliter
1836 2815 2058 2882 stravit,

407 2909 621 2966 occisis
635 2921 706 2966 ex
729 2908 816 2964 eis
835 2921 976 2980 pene
995 2905 1186 2964 tribus
1211 2904 1450 2961 milibus
1465 2903 1627 2959 viris.
1651 2901 1874 2973 Quibus
1889 2903 2061 2958 etiam

2169 1752 2330 1828 (875),
2365 1755 2564 1827 sicque
2594 1755 2676 1811 ﬁli
2697 1753 2982 1812 Guaiferii
3003 1760 3059 1810 et
3077 1752 3365 1809 Landonis
3384 1751 3640 1808 absoluti
3670 1757 3832 1808 sunt.

2169 1845 2280 1915 Qui
2309 1844 2449 1902 dum
2478 1846 2547 1902 ad
2593 1844 2891 1916 proprium
2939 1843 3124 1900 solum
3149 1841 3629 1912 repedassenti8,
3681 1840 3838 1896 ﬁlios

2170 1933 2458 1990 Pandonis
2490 1939 2651 1990 extra
2682 1933 2879 1990 urbem
2909 1945 3072 1989 suam
3110 1930 3308 1988 exules
3333 1929 3700 2000 invenerunt,
3733 1944 3839 1986 so—

2171 2022 2425 2094 ciatique
2450 2028 2588 2080 sunt
2604 2021 2750 2092 illis,
2769 2035 3012 2094 quorum
3041 2017 3408 2076 nexionem19
3429 2017 3754 2075 Landulqu
3772 2023 3839 2074 ut

2174 2111 2481 2179 intellexit,
2507 2111 2720 2177 doluit,
2743 2109 3105 2166 Guaiferium
3137 2107 3454 2180 principem
3481 2121 3614 2164 mox
3641 2121 3840 2164 evoca-

2175 2200 2258 2255 vit
2283 2200 2354 2255 ad
2381 2199 2652 2256 solatium
2674 2213 2879 2267 suum;
2913 2199 3012 2270 qui
3035 2198 3161 2254 sine
3186 2211 3342 2254 mora
3363 2196 3622 2266 veniens,
3647 2202 3839 2253 utros-

2175 2301 2284 2360 que
2313 2286 2517 2343 fratres
2543 2287 2810 2344 subdidit
2838 2286 2893 2342 fa
2919 2287 3143 2343 nulatui
3173 2285 3356 2344 illius.

2244 2373 2332 2432 37.
2384 2378 2499 2432 Cur
2529 2381 2719 2432 autem
2765 2376 2883 2446 jam
2935 2375 3094 2431 dicto
3145 2380 3390 2448 augusto
3427 2375 3835 2446 supradictum

2172 2465 2544 2537 opprobrium
2566 2465 2806 2522 Domino
2820 2465 3183 2536 permittente
3207 2465 3584 2520 Beneventani
3615 2461 3832 2519 inferre

2173 2554 2487 2626 quiverint,
2515 2554 2586 2610 de
2617 2553 2818 2610 multis
2845 2553 2962 2610 duo
2994 2551 3252 2610 inferam.
3283 2554 3538 2609 Primum
3567 2552 3710 2626 quia
3742 2564 3834 2606 ve-

2172 2643 2338 2698 niens
2363 2642 2610 2713 quodam
2649 2647 2902 2712 tempore
2944 2642 3198 2713 Romam,
3240 2645 3306 2697 ut
3344 2641 3493 2698 duos
3521 2641 3834 2711 episcopos

2169 2731 2612 2802 condempnatos
2647 2731 2717 2788 ad
2762 2731 3068 2802 pristinam
3118 2731 3416 2787 reduceret
3453 2731 3827 2804 dignitatem,

2169 2827 2226 2878 et
2275 2821 2413 2878 dum
2459 2820 2638 2876 nollet
2680 2819 2735 2876 ei
2773 2819 3100 2876 consentire
3128 2819 3472 2876 20Nicolaus
3521 2832 3688 2890 papa,
3743 2819 3836 2875 vir

2169 2911 2284 2966 Deo
2310 2909 2534 2981 plenus,
2569 2909 2885 2965 secundum
2924 2908 3221 2980 antiquam
3263 2922 3474 2964 morem
3515 2909 3747 2964 obviam
3774 2907 3832 2963 ei

405 2997 613 3055 diebus
629 2997 878 3068 Capuam
894 2997 1061 3067 juxta
1083 2993 1411 3052 Suessulam
1434 2991 1594 3048 mille
1617 3005 1685 3048 ex
1703 2991 1790 3048 eis
1822 3005 2065 3062 pereme-
2092 2986 2142 3050 C
2172 2996 2328 3053 venit
2377 2995 2747 3053 candidatum
2816 2995 3220 3058 sacerdotalem
3295 3008 3535 3067 agmen;
3579 3001 3638 3051 at
3709 2995 3832 3054 ille.

405 3091 560 3144 runt.
589 3083 732 3161 (87%)
753 3085 1008 3158 Cumque
1039 3084 1099 3140 in
1130 3084 1236 3140 hac
1265 3081 1566 3139 obsidione
1598 3093 1772 3152 prepe
1793 3079 2066 3136 termina-

408 3179 568 3232 retur
593 3189 800 3246 annus,
827 3173 1005 3230 misso
1029 3171 1286 3229 exercitu
1307 3171 1425 3241 jam
1449 3169 1644 3225 dictus
1659 3173 1946 3241 angustus
1967 3181 2066 3238 per

405 3263 793 3336 sugestionem
826 3261 1086 3318 Landulﬁ
1120 3259 1387 3331 praesulis
1424 3287 1494 3297 —
1521 3257 1628 3314 hoc
1657 3257 1810 3312 enim
1840 3257 2067 3313 solum-

407 3355 574 3411 modo
605 3351 972 3409 memorabile
996 3351 1209 3408 bonum
1235 3347 1416 3421 gessit
1439 3360 1473 3402 a
1493 3347 1589 3403 die
1613 3352 1778 3404 ortus
1803 3347 1895 3404 sui
1914 3377 1988 3387 —
2010 3353 2067 3404 et

405 3442 660 3516 perdidit
680 3441 726 3486 ιι
754 3455 823 3498 ex
842 3438 1154 3512 prophanis
1172 3438 1230 3493 in
1256 3436 1448 3507 Capua
1471 3435 1647 3492 ferme
1675 3449 1869 3492 novem
1899 3435 2063 3492 milia

283 3587 292 3596 .
405 3533 580 3590 viros.
617 3527 786 3604 (873.)
819 3531 950 3585 Post
986 3528 1104 3583 haec
1147 3539 1247 3596 per
1275 3523 1646 3593 semetipsum
1675 3523 1950 3595 dignatus
1978 3528 2066 3580 est

403 3620 674 3678 advenire
705 3619 754 3664 i2
780 3618 1028 3687 Capuam
1053 3615 1256 3686 ;cujus
1269 3613 1511 3668 advento
1531 3611 1782 3682 c0gnito,
1798 3609 2061 3667 Saraceni

405 3709 706 3766 Salernum
756 3705 1168 3775 relinquentes,
1200 3699 1519 3756 Calabriam
1562 3699 1794 3769 adeunt,
1826 3713 2064 3771 eamque

408 3799 560 3856 intra
607 3811 669 3854 se
709 3793 957 3852 divisam
1000 3789 1408 3861 repperientes,
1447 3785 1716 3843 funditus
1742 3788 2066 3858 depopula—

407 3890 564 3958 runt,
601 3885 680 3940 ita
710 3887 776 3938 ut
792 3883 1016 3938 deserta
1043 3879 1122 3935 sit
1145 3875 1326 3932 veluti
1354 3877 1415 3931 in
1445 3875 1689 3932 diluvio.
1721 3877 1890 3934 Prius
1909 3878 2062 3934 enim

406 3987 578 4046 quam
608 3971 802 4043 fugam
824 3968 1106 4040 arriperet
1146 3963 1387 4022 nefanda
1418 3975 1576 4036 gens,
1611 3965 1944 4036 hujusmodi
1974 3967 2065 4023 si-

409 4075 583 4134 gnum
599 4059 671 4117 de
694 4058 840 4116 cmlo
858 4060 1009 4115 Deus
1035 4054 1236 4112 multis
1253 4053 1531 4110 ostendit:
1567 4051 1812 4110 faculam
1841 4055 2063 4128 igneam

411 4150 819 4228 permaximam
849 4151 1092 4220 praepete
1122 4144 1172 4188 13
1197 4157 1376 4200 cursu
1409 4143 1470 4198 in
1495 4142 1686 4199 medio
1715 4144 1948 4201 navium
1969 4147 2067 4216 je-

410 4239 513 4312 cit,
543 4253 714 4312 quam
742 4251 874 4295 mox
919 4239 1114 4295 secuta
1149 4239 1238 4291 est
1291 4235 1616 4304 tempestas,
1651 4245 1777 4302 qua:
1825 4239 2066 4292 cunctas

2173 3091 2363 3158 spreto
2385 3085 2590 3141 timore
2604 3084 2729 3155 Dei,
2762 3083 3021 3140 fustibus
3047 3083 3264 3141 clerum
3287 3085 3426 3140 caedi
3449 3083 3606 3154 fecit,
3629 3098 3836 3141 cruces

2172 3189 2305 3231 vero
2334 3174 2642 3244 omniaque
2670 3179 2891 3229 sacrata
2930 3171 3255 3228 ministeria
3297 3173 3539 3242 pedibus
3567 3173 3832 3244 calciari,

2174 3264 2520 3334 Romamque
2563 3275 2705 3332 pene
2750 3261 2964 3317 miliari
3015 3262 3202 3334 spatio
3258 3261 3622 3332 depraedatus
3649 3261 3831 3333 2lest,

2174 3351 2571 3426 vicariumque
2618 3349 2771 3406 Petri
2797 3349 2948 3405 beati
2993 3350 3160 3420 quasi
3199 3349 3314 3404 vile
3355 3349 3711 3420 mancipium
3760 3351 3833 3406 ab

2173 3438 2360 3496 oﬁicio
2372 3439 2464 3496 sui
2482 3438 2817 3500 ministerii,
2841 3437 3249 3494 nisiDominus
3260 3438 3588 3510 restitisset,
3606 3439 3833 3508 privare

2173 3528 2378 3584 voluit.
2422 3527 2680 3584 Secundo
2727 3527 2867 3598 quia
2909 3531 3074 3597 capta
3102 3527 3233 3582 Bari
3277 3532 3333 3583 et
3373 3528 3665 3600 Saugdan,
3702 3541 3832 3584 om-

2174 3617 2336 3673 nium
2359 3616 2656 3672 hominum
2675 3615 3134 3688 flagitiosissimo
3147 3618 3199 3662 ‘22
3220 3658 3234 3688 ,
3265 3630 3376 3673 non
3383 3617 3552 3688 juxta
3571 3617 3835 3674 volunta-

2172 3711 2285 3762 tem
2312 3705 2542 3762 Domini
2566 3718 2695 3762 eum
2725 3705 3012 3777 protinus,
3048 3709 3112 3762 ut
3139 3706 3382 3779 dignum
3407 3710 3552 3777 erat,
3578 3706 3834 3763 crudeli-

2174 3799 2261 3850 ter
2300 3793 2544 3850 interﬁci
2576 3792 2813 3865 fecerit;
2845 3794 3065 3851 oblitus
3102 3795 3388 3864 videlicet,
3426 3795 3569 3866 quid
3601 3795 3830 3852 Samuel

2177 3896 2370 3940 coram
2395 3883 2564 3939 Saule
2593 3883 2666 3939 de
2709 3883 2893 3956 Agath
2926 3884 3312 3956 pinguissimo
3338 3897 3467 3956 rege
3494 3884 3832 3940 Amalechi-

2177 3977 2364 4028 tarum
2425 3971 2625 4043 egerit,
2677 3972 2961 4044 quomodo
3017 3986 3147 4029 eum
3208 3973 3270 4028 in
3323 3971 3510 4029 frusta
3569 3972 3825 4044 discerpi

2179 4059 2380 4117 fecerit
2408 4059 2460 4129 (Ι
2491 4062 2622 4129 Reg.
2662 4063 2798 4132 xv);
2849 4061 3346 4132 quemammodum
3374 4061 3548 4117 etiam
3592 4062 3828 4133 quidam

2180 4149 2455 4221 propheta
2473 4149 2729 4205 Samaria
2759 4151 2878 4222 regi
2903 4149 2976 4206 de
3005 4150 3250 4221 quodam
3282 4151 3557 4206 scelerato
3599 4151 3729 4208 viro
3749 4149 3832 4206 di-

2175 4240 2358 4296 xerit:
2407 4237 2548 4304 Quia
2589 4239 2870 4301 dimisisti,
2918 4239 3133 4310 inquit,
3174 4241 3355 4294 virum
3382 4245 3552 4294 morte
3575 4240 3829 4309 dignum,

412 4328 675 4386 liburnas
699 4326 991 4407 frustatim
1019 4322 1296 4394 dirrupit.
1319 4318 1658 4376 Guaiferius
1678 4333 1808 4377 vero
1835 4335 1936 4392 pro
1957 4336 2061 4379 sua
2095 4337 2148 4398 ι)
2174 4329 2279 4382 erit
2305 4329 2492 4382 anima
2515 4331 2614 4382 tua
2652 4343 2754 4396 pro
2790 4329 2979 4382 anima
3011 4327 3164 4382 illius
3193 4327 3302 4397 (III
3326 4329 3457 4396 Reg,
3489 4341 3563 4382 xx
3563 4330 3613 4399 ).

410 4419 742 4479 obsessione
759 4417 1010 4489 primum
1027 4415 1256 4470 Petrum
1272 4411 1577 4480 cognatum
1609 4422 1780 4466 suum
1808 4415 1865 4466 et
1888 4412 2067 4469 Guai-

410 4509 657 4566 marium
680 4507 868 4564 filium
887 4516 1059 4562 suum
1075 4501 1294 4572 legatos
1312 4496 1383 4552 ad
1406 4496 1524 4564 jam
1544 4494 1725 4554 fatum
1749 4505 2062 4572 augustum

409 4598 609 4668 misit;
639 4609 784 4670 quos
813 4595 914 4652 ille
953 4588 1202 4649 consilio
1229 4585 1489 4643 Landulﬁ
1518 4587 1762 4644 retinuit
1801 4593 1859 4646 et
1885 4591 2064 4650 exilio

409 4686 738 4744 destinavit.
782 4685 960 4754 Cujus
1003 4679 1183 4737 eciam
1233 4679 1427 4746 postea
1459 4675 1606 4732 duos
1648 4675 1801 4734 ﬁlios
1837 4679 2068 4739 obsides

411 4773 670 4845 suscepit
695 4779 753 4830 et
795 4766 1244 4844 Langobardiam
1275 4763 1455 4820 misit.

481 4861 568 4920 36.
602 4864 706 4919 Per
735 4861 885 4920 idem
915 4855 1270 4929 tempus’jam
1292 4852 1488 4910 dictus
1516 4868 1694 4912 caesar
1718 4858 2064 4918 Landulfum

411 4953 472 5010 in
497 4951 952 5010 familiaritatem
976 4947 1265 5006 ascisceus
1300 4961 1346 5007 ιι
1371 4982 1386 5013 ,
1423 4945 1658 5004 tertium
1682 4949 1743 5006 in
1759 4965 1940 5024 regno
1957 4969 2064 5012 suo

2247 4415 2339 4474 38.
2408 4415 2662 4472 Dimisso
2725 4415 2910 4488 igitur
2956 4415 3192 4488 Adelgis
3236 4417 3558 4488 Lodoguico
3600 4433 3828 4489 caesare,

2173 4507 2512 4563 thesaurum
2541 4519 2710 4561 omne
2741 4503 3005 4574 retinuit,
3037 4511 3094 4560 et
3139 4505 3404 4576 Saugdan
3427 4512 3485 4562 et
3511 4507 3828 4578 Annosum,

2177 4609 2278 4652 nec
2309 4608 2420 4652 non
2443 4599 2501 4650 et
2530 4592 2935 4650 Abadelbachi.
2975 4593 3304 4664 lteceptisz?’
3340 4595 3549 4651 etenim
3582 4597 3828 4658 viribus.

2174 4683 2440 4742 Saraceni
2477 4685 2536 4739 in
2578 4685 2904 4752 Tarentum,
2948 4695 3094 4754 quos
3128 4697 3268 4753 pene
3291 4688 3488 4754 captos
3519 4685 3832 4757 reliquerat

2175 4778 2459 4845 augustas
2496 4774 2550 4819 κι
2580 4813 2595 4842 ,
2643 4776 2920 4841 ceperunt
2958 4771 3359 4842 pedetemptim
3399 4773 3588 4829 Barim
3619 4780 3679 4831 et
3723 4776 3833 4831 Ca—

2185 4876 2357 4918 nense
2371 4860 2424 4904 95
2447 4859 2802 4918 territorium
2815 4859 3174 4930 depraedare;
3204 4861 3422 4932 quibus
3458 4868 3545 4918 ter
3572 4865 3830 4920 occurrit

2175 4951 2408 5024 Adelgis
2447 4951 2509 5008 in
2556 4949 2771 5006 ﬁnibus
2814 4949 3056 5020 Apuliae.
3109 4948 3334 5018 Quibus
3363 4951 3447 5007 nil
3496 4954 3828 5024 praevalens,

1785 5100 2017 5156 VARUE
2091 5098 2465 5157 LECTIONES

482 5223 666 5281 iactu
717 5222 771 5281 5.
827 5223 1048 5294 Zitaﬁ.
1090 5223 1143 5282 5.
1209 5245 1385 5283 :::::
1439 5223 1488 5280 4.
1549 5227 1684 5279 λεια
1741 5221 1797 5294 5,
1865 5238 1940 5294 ex,
1996 5243 2132 5282 ::::

413 5295 536 5352 solo
591 5312 636 5351 c.
697 5297 770 5364 cf.
833 5293 887 5352 5.
937 5295 1186 5352 7fori::

411 5371 500 5423 ret
533 5382 578 5421 ο.
626 5364 678 5412 13
703 5369 785 5422 ita
838 5364 891 5422 3.

2162 5245 2175 5282 :
2225 5243 2270 5280 c.
2313 5224 2338 5268 4
2369 5228 2579 5293 suptus
2631 5238 2698 5293 Ae.
2775 5221 3068 5278 5dilatata
3141 5239 3186 5277 ο.
3266 5223 3404 5278 6ita
3475 5227 3733 5291 correxi;
3783 5225 3830 5280 Α

1249 5313 1354 5354 cus
1418 5313 1463 5351 ο.
1516 5313 1544 5356 8
1579 5291 1862 5366 stirpatus
1921 5293 1969 5352 4.
2013 5295 2057 5366 ,9
2083 5291 2534 5366 delauerunt‘rc.
2599 5291 2649 5336 10
2668 5307 2883 5366 sacram
2950 5311 2996 5347 ο.
3053 5293 3100 5338 11
3135 5295 3376 5366 peremit
3428 5293 3592 5366 5,12
3617 5297 3826 5353 aduem

973 5367 1078 5437 pbe
1128 5385 1173 5422 ο.
1225 5369 1275 5414 ιι
1301 5369 1558 5424 ascicens
1611 5365 1660 5422 l.
1696 5363 1964 5423 ‘alcicens
2001 5365 2056 5422 2.
2113 5365 2503 5437 alliciensHA.
2571 5368 2630 5423 B.
2676 5365 2724 5408 ιδ
2755 5366 3012 5437 innettus
3051 5384 3096 5422 c.
3137 5363 3191 5408 '16
3219 5367 3442 5437 retrudi
3497 5363 3550 5422 4.
3595 5368 3646 5412 17
3679 5369 3827 5423 Lan-

401 5435 632 5510 dolfum
683 5435 760 5510 _3.
816 5433 1219 5510 “repedasset
1262 5455 1328 5510 Mc.
1389 5439 1438 5483 ιν
1468 5439 1736 5496 nescione
1791 5454 1837 5492 ο.
1899 5439 2200 5510 noxionem
2259 5438 2313 5495 3.
2395 5435 2822 5496 2“consentiret
2861 5433 2912 5506 4,
2960 5435 3012 5480 21
3040 5436 3362 5508 (ιερι-ωᾱδια
3435 5455 3480 5492 ο.
3541 5439 3823 5510 ﬁﬁagis-

413 5508 560 5564 simo
594 5524 642 5564 ο.
680 5506 736 5554 23
761 5510 842 5564 ita
876 5507 914 5566 ὅ
950 5506 1130 5580 reptis
1166 5526 1210 5565 c.
1255 5509 1308 5556 2i
1334 5517 1644 5582 augustum
1687 5525 1732 5564 c.
1778 5511 1831 5556 25
1861 5523 2130 5566 cumense
2167 5509 2220 5566 5.
