4058 6154
256 229 366 288 765

1478 222 1796 279 HISTORIA
1834 220 2468 277 LANGOBARDORUM.

3552 218 3673 279 ’766

259 358 519 414 invictus
555 360 612 412 et
643 353 1092 424 intriumphator
1121 349 1143 394 ί
1175 353 1470 410 abscessit.
1516 353 1638 422 Quo
1663 357 1915 420 tempore
1935 346 1995 408 A
2093 349 2178 408 40.
2215 348 2356 423 (879)
2380 352 2505 406 iliis
2531 365 2757 422 quoque
2785 352 2992 407 diebus
3022 349 3339 407 Landulfus
3365 353 3482 420 jam
3517 350 3672 407 fatus

261 445 402 518 (876)
444 445 756 515 Utmagnus
781 441 804 483 2
832 453 861 483 α
896 486 910 514 ,
943 444 1078 513 quia
1123 443 1385 515 Sangdan
1425 441 1553 496 exul
1594 440 1797 510 fuerat,
1835 439 1906 494 ab

259 535 455 593 Africa
486 548 616 589 cum
648 533 878 588 Annoso
908 533 1159 602 veniens,
1190 534 1492 586 Tarentum
1528 530 1782 595 intravit,
1816 544 1912 584 rex

261 624 498 680 effectus
537 627 640 693 est,
682 635 1080 692 egressusque,
1123 622 1497 676 Beneventum
1538 618 1786 690 graviter
1823 618 1914 672 de-

266 713 541 786 praedavit
574 717 629 767 et
657 711 912 767 Talesam
939 717 994 766 et
1023 711 1328 780 Alipham;
1354 714 1622 779 tantaque
1664 706 1908 762 victoria

263 804 505 872 adeptus
549 805 656 869 est,
704 806 768 856 ut
805 801 1158 871 Saugdanem
1202 799 1320 868 jam
1359 811 1506 866 saepe
1551 797 1771 852 dictum
1825 808 1914 864 po-

262 897 523 949 testatem
561 891 632 945 ab
678 889 948 960 Adelgiso
999 888 1355 959 recolligeret
1390 904 1404 956 ;
1444 899 1570 940 nam
1618 885 1912 940 Annosum

263 986 317 1036 et
344 977 706 1034 Abadelbach
745 984 876 1033 ante
912 976 1298 1046 apocrisarios
1325 975 1350 1015 3
1383 974 1632 1028 miserat.
1676 974 1788 1027 Hoc
1818 985 1916 1026 au-

263 1069 485 1124 dientes
513 1067 612 1136 qui
644 1067 832 1120 Barim
866 1065 1210 1136 residebant,
1250 1063 1612 1135 Gregorium,
1652 1061 1911 1130 bajulum

266 1155 563 1226 imperiale
611 1156 957 1224 Graacorum,
1005 1155 1104 1224 qui
1152 1159 1289 1209 tunc
1338 1153 1397 1208 in
1436 1147 1736 1208 Odronto4
1766 1148 1793 1190 ι)
1823 1151 1914 1205 de-

266 1245 448 1316 gebat,
480 1257 611 1299 cum
646 1243 846 1298 multis
874 1243 1225 1299 exercitibus
1263 1241 1608 1309 asciverunt,
1639 1245 1696 1294 et
1725 1238 1910 1292 Barim

267 1332 713 1388 introduxerunt
741 1330 812 1385 ob
843 1332 1249 1386 Saracenorum
1293 1334 1501 1386 metum
1531 1347 1545 1397 ;
1580 1327 1678 1398 qui
1717 1327 1910 1382 statim

265 1419 680 1489 apprehensum
727 1418 1079 1490 gastaldeum
1126 1417 1403 1487 illiusque
1455 1416 1734 1486 primores
1775 1415 1914 1468 Con-

264 1506 699 1577 stantinopolim
727 1507 906 1577 misit,
942 1511 1006 1563 ut
1029 1506 1245 1577 quibus
1269 1505 1710 1575 jurejurandum
1744 1503 1910 1558 ﬁdem

261 1597 510 1652 dederat.

2024 441 2230 512 priesul
2280 455 2584 510 percussus
2625 440 2886 507 interiit;
2923 453 3034 510 qua
3071 440 3166 496 die
3194 454 3311 494 suae
3349 441 3668 496 correctio—

2025 531 2115 585 nis
2131 530 2201 585 ab
2227 530 2496 585 omnibus
2525 528 2870 599 presbyteris
2895 529 3076 583 sancti
3109 527 3397 583 Benedicti
3423 529 3672 583 cavallos
3757 590 3759 592 _

2021 619 2368 690 expectabat,
2401 628 2461 674 ut
2485 621 2542 674 in
2571 618 2860 674 baratrum
2890 631 3001 672 non
3024 616 3237 686 absque
3259 617 3426 686 equis
3456 622 3668 671 rueret.

2021 710 2288 764 Videntes
2304 715 2490 764 autem
2513 714 2742 777 nepotes
2765 707 2927 762 illius
2947 705 3384 775 depositionem,
3409 705 3468 759 in
3493 717 3670 760 unum

2020 799 2214 854 collati
2254 798 2572 854 diviserant
2604 798 2753 852 inter
2781 811 2840 852 se
2869 793 2976 852 sub
3011 794 3388 864 jurejurando
3421 793 3670 863 Capuam

2021 901 2180 958 aequa
2210 886 2644 943 distributione.
2682 883 3074 941 Pandonulfus
3104 883 3302 939 urbem
3333 882 3670 937 Tianensem

2020 984 2075 1032 et
2108 978 2304 1031 Casam
2353 977 2540 1042 Irtam,
2585 975 2774 1030 Lando
2806 973 3052 1029 Berelais
3073 981 3095 1008 ο
3126 977 3182 1027 et
3209 972 3492 1041 Suessam,
3526 971 3672 1028 alter

2023 1067 2211 1122 Laudo
2239 1065 2503 1120 Calinum
2533 1071 2588 1120 et
2612 1064 2872 1129 Caiaziaa,
2904 1059 3204 1117 Atenolfus
3235 1061 3410 1130 cwpit
3441 1061 3673 1116 hazdiﬁ-

2021 1170 2150 1212 care
2173 1161 2423 1212 castrum
2453 1156 2511 1210 in
2536 1153 2724 1224 Calvo,
2759 1150 3101 1208 Landulfum
3133 1156 3323 1207 autem
3351 1150 3676 1206 adolescen-

2023 1246 2207 1301 tulum
2227 1245 2477 1300 Landoni
2499 1243 2680 1299 ﬁlium
2695 1242 2797 1298 alii
2813 1246 3183 1310 sacramento,
3202 1239 3466 1295 nonnulli
3486 1251 3676 1294 assen-

2022 1349 2089 1388 su
2106 1332 2512 1388 unanimiter?0
2527 1331 2846 1400 pontiﬁcem
2861 1329 3306 1384 constituerunt.
3321 1326 3674 1397 Setsegnitie

2024 1422 2239 1491 preprii
2273 1421 2572 1492 genitoris,
2608 1434 2716 1490 qua
2760 1418 3100 1474 naturaliter
3139 1423 3342 1486 torpet,
3381 1416 3667 1483 detentus,

2024 1524 2134 1566 non
2173 1517 2259 1565 est
2291 1525 2420 1566 mox
2449 1514 2725 1579 sacratus,
2776 1511 3193 1564 sacramentum
3239 1511 3428 1560 autem
3458 1503 3673 1560 frater-

2027 1615 2160 1656 num
2198 1614 2309 1655 non
2347 1599 2450 1654 diu
2493 1599 2689 1653 extitit
2731 1597 3020 1666 ill:esum;
3057 1610 3182 1652 nam
3209 1609 3242 1650 a
3274 1600 3478 1666 quarto
3517 1594 3673 1648 Ydus

331 1682 422 1739 39.
458 1686 674 1739 Interea
715 1684 826 1754 ipsi
865 1684 1046 1739 Grieci
1083 1681 1343 1739 crebrius
1385 1683 1597 1753 legatos
1631 1695 1758 1737 cum
1799 1695 1912 1735 sce—
1943 1668 1996 1728 Β
2027 1690 2216 1745 Martii
2247 1705 2427 1760 usque
2445 1685 2499 1742 7.
2536 1689 2686 1743 Ydus
2719 1687 2889 1742 Madii
2922 1687 3016 1741 vix
3045 1685 3392 1756 perduravit.
3426 1682 3676 1752 Cupidi—

259 1773 352 1828 dis
377 1773 403 1814 5
431 1773 764 1843 Benevento,
805 1772 1044 1828 Salerno
1061 1777 1118 1827 et
1139 1772 1329 1841 Capua
1362 1771 1710 1842 dirigebant,
1747 1776 1809 1826 ut
1839 1771 1909 1826 ab

265 1861 357 1916 his
399 1861 830 1917 auxiliarentur
879 1867 1073 1917 contra
1117 1861 1474 1928 Saracenos;
1513 1865 1598 1916 set
1649 1859 1706 1914 hi
1733 1859 1758 1901 6
1799 1873 1914 1916 uno

262 1949 457 2004 animo
495 1963 694 2005 eorum
733 1949 1073 2020 spernebant
1111 1949 1512 2020 ﬁagitationes.
1546 1950 1703 2004 Tunc
1736 1949 1918 2006 Saler-

264 2051 423 2108 num,
457 2038 772 2108 Neapolim,
805 2039 1060 2094 Gaietam
1089 2044 1146 2094 et
1177 2037 1437 2093 Amalﬁm
1481 2053 1671 2108 pacem
1711 2039 1917 2094 haben-

262 2131 344 2181 tes
379 2141 512 2182 cum
552 2127 868 2196 Saracenis,
914 2126 1214 2182 navalibus
1252 2127 1483 2182 Romam
1521 2127 1771 2199 graviter
1803 2141 1916 2182 an-

264 2214 599 2286 gustiabant
651 2215 1206 2285 depopulacionibus
1255 2214 1326 2269 7.
1381 2216 1475 2271 Set
1526 2230 1656 2271 cum
1712 2216 1914 2271 Carius

264 2302 427 2358 ﬁlius
469 2303 706 2359 Judittae
758 2310 1046 2374 sceptrum
1087 2303 1114 2346 8
1163 2305 1391 2377 insigne
1445 2305 1676 2360 Romam
1730 2318 1909 2361 susce-

266 2392 448 2461 pisset
481 2389 644 2464 (875),
687 2394 1044 2451 Lambertum
1083 2395 1284 2451 ducem
1323 2401 1379 2450 et
1414 2395 1755 2467 Guidonem,
1797 2409 1916 2466 ger-

185 2488 193 2494 ‘
263 2494 494 2536 manum
531 2482 616 2536 illi
646 2481 671 2524 9
699 2524 713 2549 ,
739 2483 1015 2538 Johannis
1053 2497 1224 2552 papae
1262 2485 1319 2538 in
1354 2483 1703 2553 adjutorium
1731 2484 1911 2554 dedit,

260 2583 390 2624 cum
449 2571 664 2640 quibus
691 2570 738 2613 ιο
771 2571 1022 2641 Capuam
1066 2577 1122 2626 et
1161 2571 1454 2641 Neapolim
1502 2571 1787 2642 profectus
1827 2579 1914 2628 est

261 2655 425 2728 (8’76).
456 2659 792 2715 Guaiferius
813 2660 871 2715 in
895 2660 1120 2715 cunctis
1139 2665 1534 2730 optemperans
1561 2660 1625 2731 ιι,
1648 2667 1704 2716 et
1729 2660 1914 2718 foedus

261 2745 525 2815 dirrupit
547 2751 603 2802 et
628 2747 839 2803 multos
859 2761 926 2802 ex
947 2748 1034 2803 eis
1052 2759 1078 2788 ο
1108 2747 1364 2817 peremit.
1393 2748 1626 2818 Sergius
1647 2762 1776 2804 vero
1805 2761 1916 2802 ma-

263 2834 445 2904 gister
475 2834 749 2907 militum,
781 2835 1028 2892 cousilio
1058 2836 1314 2907 Adelgisi
1346 2843 1402 2892 et
1431 2837 1710 2892 Lainberti
1742 2837 1914 2892 dece—

266 2927 418 2992 ptus,
451 2923 642 2979 noluit
674 2937 734 2980 se
757 2924 828 2979 ab
860 2924 983 2980 illis
1011 2924 1281 2995 alienare,
1316 2925 1416 2994 qui
1458 2926 1648 2980 statim
1686 2925 1917 2981 anathe-

264 2987 574 3067 inatizatus
611 3018 714 3084 est,
755 3018 812 3068 et
853 3027 983 3068 cum
1031 2987 1694 3083 Guaiferio-bellijerare
1740 3014 1914 3084 coepit
1943 2987 1992 3049 C

259 3095 418 3170 (8’77).
456 3099 616 3156 Unde
643 3101 888 3173 contigit
919 3105 983 3156 ut
1015 3102 1140 3171 ipso
1174 3106 1370 3158 octavo
1403 3101 1498 3158 die
1527 3102 1913 3157 anathematis

260 3184 399 3241 2212
421 3188 749 3258 Neapolites
779 3189 994 3245 milites
1024 3189 1407 3259 apprehensos
1431 3190 1703 3246 decollari
1740 3189 1909 3256 fecit;

260 3277 342 3332 sic
386 3277 545 3333 enim
577 3283 873 3334 monuerat
906 3291 1065 3348 papa.
1107 3277 1230 3346 Quo
1264 3279 1310 3320 l3
1341 3279 1511 3334 etiam
1555 3278 1914 3334 anathemate

261 3367 544 3422 multatus
583 3367 731 3423 idem
778 3368 1031 3439 Sergius,
1075 3381 1187 3423 non
1234 3368 1412 3423 multo
1458 3374 1643 3438 posta
1680 3373 1913 3438 proprio

261 3469 532 3525 germano
573 3462 775 3524 captus
817 3461 922 3528 est,
967 3461 1023 3511 et
1072 3457 1302 3512 Romam
1349 3457 1601 3512 mittitur
1632 3461 1648 3478 '
1681 3455 1915 3512 suﬁ‘osis

260 3544 465 3613 oculis,
495 3544 694 3614 ibique
716 3544 1123 3600 miserabiliter
1144 3546 1316 3600 vitam
1340 3545 1560 3615 ﬁnivit;
1583 3545 1704 3615 ipse
1723 3551 1912 3600 autem

261 3631 435 3688 frater
450 3633 579 3702 ejus
598 3633 656 3688 in
677 3633 797 3689 loco
815 3634 980 3690 illius
998 3649 1058 3689 se
1077 3634 1264 3704 ipsum
1291 3635 1604 3704 principem
1632 3633 1909 3689 instituit.

259 3721 498 3793 Adelgis
543 3735 676 3777 vero
723 3722 861 3778 dum
909 3728 1158 3778 castrum
1208 3723 1640 3778 Trebentensem
1672 3722 1719 3765 Μ
1747 3723 1915 3779 obsi—

257 3811 470 3867 densi'a
496 3817 721 3881 caperet
758 3809 920 3883 (878),
970 3813 1038 3868 ad
1084 3813 1370 3882 propriam
1416 3827 1670 3868 remeans
1713 3814 1911 3868 urbem

259 3899 622 3971 ageneribus
655 3901 700 3969 ἀ,
741 3901 1044 3970 nepotibus
1081 3906 1137 3956 et
1175 3900 1380 3956 amicis
1405 3900 1452 3943 ιθ
1475 3903 1765 3958 extinctus
1803 3907 1907 3973 est,

259 3995 311 4043 et
348 3989 408 4043 in
447 3988 578 4044 loco
605 3990 731 4058 ejus
767 3990 1050 4057 Gaideris,
1103 3989 1262 4044 ﬁlius
1305 3989 1603 4061 Radelgari
1634 3990 1702 4060 17,
1738 4005 1912 4061 nepos

260 4078 525 4147 extincti,
572 4079 876 4134 ordinatus
918 4084 1005 4134 est
1037 4096 1052 4147 ;
1089 4079 1418 4148 ejectusque
1455 4079 1504 4122 13
1533 4084 1618 4134 est
1659 4080 1818 4135 Cailo
1857 4085 1914 4135 et

259 4165 588 4238 Dauferius,
618 4167 808 4239 generi
841 4168 888 4211 19
917 4167 1100 4224 illius.
1136 4167 1237 4222 ilic
1267 4167 1440 4222 etiam
1471 4168 1795 4238 principare
1825 4184 1915 4226 vo-

261 4253 390 4318 luit,
435 4257 609 4325 cujus
647 4256 966 4326 cupiditate
1006 4270 1264 4312 socerum
1311 4271 1479 4312 suum
1518 4257 1771 4326 peremit.
1810 4258 1913 4314 Hic

2027 1784 2137 1834 tate
2175 1779 2383 1834 etenim
2424 1777 2656 1844 extorti,
2704 1776 2810 1831 ﬁlii
2857 1776 3142 1831 Pandonis
3179 1771 3592 1829 Landenulfum
3617 1776 3674 1826 et

2021 1866 2355 1924 Atenulfum
2415 1866 2618 1923 fratres
2659 1864 2681 1906 ι’
2721 1880 2878 1935 suos,
2928 1865 3079 1920 ﬁlios
3126 1863 3394 1920 videlicet
3445 1861 3675 1917 Lando-

2025 1957 2188 2028 nulﬁ,
2232 1957 2366 2012 dolo
2399 1962 2672 2026 ceperunt
2709 1961 2764 2011 et
2799 1955 3075 2010 custodiae
3115 1953 3470 2019 indiderunt,
3512 1955 3672 2020 rapto

2023 2047 2094 2101 ab
2118 2046 2204 2101 eis
2227 2045 2466 2101 Caiaziie
2503 2051 2712 2115 castro,
2755 2045 2905 2116 quod
2943 2044 3028 2099 eis
3075 2044 3428 2098 sacramento
3471 2042 3671 2109 sponte

2026 2135 2137 2204 ipsi
2172 2136 2230 2190 in
2262 2141 2414 2191 sorte
2444 2140 2756 2190 cessarunt.

2093 2221 2178 2278 41.
2214 2224 2326 2293 Set,
2360 2229 2424 2280 ut
2453 2229 2634 2294 coepta
2664 2223 2910 2279 breviter
2943 2234 3271 2293 persequar,
3305 2219 3414 2275 ﬁlii
3444 2217 3672 2274 Lando—

2023 2314 2162 2369 nulﬁ
2183 2314 2370 2383 juncti
2397 2327 2526 2370 cum
2553 2313 2696 2368 ﬁliis
2717 2312 3020 2381 Landonis,
3045 2312 3114 2366 ad
3137 2309 3422 2365 auxilium
3445 2303 3674 2363 Guaife-

2023 2403 2099 2458 rii
2120 2403 2404 2472 principis
2423 2417 2482 2457 se
2498 2403 2887 2469 contulerunt,
2905 2415 2938 2457 a
2955 2414 3068 2471 quo
3093 2399 3406 2470 aliquando
3425 2402 3482 2452 et
3497 2394 3667 2452 tutati

2022 2496 2175 2547 sunt.
2211 2491 2493 2547 Similiter
2516 2489 2911 2546 Pandonulfus
2935 2491 3002 2544 ad
3035 2489 3275 2543 eundem
3307 2485 3669 2542 Guaiferium

2024 2581 2239 2652 legatos
2262 2596 2391 2637 cum
2423 2580 2827 2652 chirographis
2854 2580 3034 2634 variis
3061 2578 3254 2646 misit;
3277 2581 3362 2631 set
3387 2575 3456 2630 ab
3477 2589 3542 2630 eo
3569 2573 3670 2627 mi-

2025 2671 2177 2726 nime
2227 2676 2486 2741 receptus
2521 2676 2626 2741 est,
2676 2669 2868 2724 favens
2904 2666 3257 2737 supradictis
3286 2665 3333 2708 21
3367 2662 3664 2719 fratribus.

2020 2760 2267 2814 Cernens
2296 2765 2484 2815 autem
2514 2759 2821 2829 praedictus
2846 2758 2936 2812 vir
2959 2756 3194 2813 omnino
3219 2768 3279 2810 se
3302 2752 3666 2821 destitutum,

2021 2849 2385 2905 Gaiderisum
2433 2849 2750 2919 principem
2794 2852 2850 2903 et
2891 2845 3252 2917 Gregorium,
3293 2847 3670 2914 augustorum

2022 2937 2302 3009 bajulum,
2354 2939 2453 3009 qui
2497 2944 2633 2993 tunc
2671 2951 2801 2992 cum
2838 2936 2995 2991 dicto
3031 2932 3328 2989 Guaiferio
3363 2931 3560 2987 Nolam
3600 2927 3668 2984 ad

2022 3027 2358 3097 colloquend
2370 3041 2460 3082 um
2497 3026 2554 3080 in
2580 3039 2755 3081 unum
2783 3027 3180 3092 convenerant,
3204 3021 3271 3077 ad
3295 3023 3670 3076 Beneventum

2024 3114 2421 3185 properabant,
2456 3113 2658 3184 legatis
2681 3112 2959 3168 invitabat
2988 3109 3060 3179 2?,
3085 3115 3148 3165 ut
3170 3110 3268 3181 qui
3301 3109 3392 3163 via
3420 3107 3670 3177 primum

2021 3204 2240 3258 veniret
2267 3216 2394 3258 eum
2426 3202 2494 3256 ad
2540 3201 2948 3271 adjuvandum,
2981 3206 3035 3256 et
3070 3206 3217 3256 esset
3249 3197 3338 3253 illi
3375 3194 3665 3251 subditus.

2021 3291 2244 3361 Quibus
2273 3305 2342 3346 ex
2370 3290 2597 3346 diverso
2633 3290 2759 3344 sine
2786 3303 2942 3344 mora
2975 3303 3074 3358 per
3100 3287 3380 3343 Caiaziam
3427 3285 3674 3352 Sicopo—

2024 3382 2240 3456 limque
2285 3378 2744 3446 adventantibus,
2782 3378 2853 3432 ab
2883 3390 3089 3433 occasu
3123 3378 3287 3445 juxta
3329 3373 3524 3430 urbem
3559 3371 3674 3425 Ca-

2025 3483 2268 3541 puanam
2309 3467 2645 3523 resederunt
2677 3464 3055 3535 ;Guaiferius
3093 3469 3287 3520 autem
3333 3465 3561 3518 econtra
3599 3456 3670 3512 ab

2022 3565 2154 3616 ortu
2165 3557 2307 3614 solis
2318 3557 2645 3626 adveniens,
2660 3555 2928 3625 Berelais,
2945 3554 3050 3610 hoc
3061 3558 3246 3609 estam
3256 3551 3668 3623 phitheatrum,

2026 3638 2408 3711 perapplicuit
2443 3636 2496 3680 ‘23
2533 3641 2551 3660 '
2594 3650 2724 3692 cum
2773 3635 2918 3706 suis,
2969 3639 3026 3690 et
3069 3632 3276 3689 vallata
3326 3636 3413 3687 est
3465 3628 3671 3685 civitas

2023 3729 2304 3784 hostibus.

2093 3815 2178 3871 42.
2215 3818 2365 3870 Inter
2399 3816 2513 3870 haec
2553 3812 2948 3869 Pandonulfus
2987 3811 3222 3868 rennuit
3253 3809 3422 3866 subdi
3453 3806 3672 3863 Gaide-

2022 3907 2159 3972 riso,
2199 3906 2352 3960 sicut
2394 3904 2753 3974 promiserat,
2801 3902 3081 3958 renitente
3125 3901 3368 3956 maxime
3407 3897 3670 3954 Landone

2023 3994 2144 4049 ﬁlio
2174 3992 2523 4060 Landonolﬁ,
2557 3996 2799 4062 cognato
2837 3991 3091 4059 ejusdem
3121 3988 3425 4056 Gaideris;
3459 4000 3572 4058 qua
3600 3987 3670 4042 de

2020 4097 2080 4138 re
2105 4089 2161 4138 et
2196 4082 2387 4137 dictus
2430 4080 2655 4150 bajolus
2688 4086 2744 4136 et
2784 4081 2933 4136 idem
2962 4079 3229 4135 Gaideris
3269 4077 3505 4133 alienati
3534 4081 3671 4131 sunt

2020 4173 2089 4228 ab
2119 4185 2218 4227 eo-
2238 4173 2364 4226 Mox
2389 4169 2492 4224 alii
2523 4183 2620 4238 per
2649 4169 2844 4224 urbem
2870 4170 3217 4238 Capuanam,
3250 4165 3516 4222 nonnulli
3547 4165 3670 4220 lin-

2023 4262 2132 4317 tris
2149 4259 2203 4303 ⁸24
2235 4259 2475 4314 ﬂuvium
2504 4257 2554 4299 25
2588 4258 2944 4313 transierunt
2987 4262 3202 4326 partem
3227 4255 3280 4298 26
3304 4256 3371 4312 ad
3406 4255 3666 4323 alteram,

262 4358 488 4415 quoque
517 4352 819 4415 susceptus
844 4351 931 4401 est
958 4345 1029 4400 ab
1058 4345 1392 4415 Athanasio,
1426 4346 1694 4416 episcopo
1719 4353 1775 4403 et
1803 4363 1911 4405 ma-
1937 4342 1994 4404 D
2023 4348 2319 4407 Guaiferio
2349 4346 2553 4402 sociati
2587 4352 2758 4416 sunt;
2791 4351 2848 4400 et
2877 4345 3199 4400 recollectis
3230 4342 3584 4399 Landonulfo
3613 4347 3670 4397 et

261 4434 441 4504 gistro
473 4433 749 4490 militum.

2023 4436 2284 4494 Atenolfo
2314 4435 2594 4492 fratribus
2618 4435 2838 4504 junctis
2861 4433 2932 4504 27,
2962 4432 3215 4489 volentes
3245 4430 3663 4488 Pandonulfum

270 4662 281 4676 ι
321 4593 350 4676 _l_
381 4593 772 4676 triumphator
795 4593 875 4676 ὃ.-
925 4593 950 4637 ‘2
978 4594 1253 4676 Atmanus
1273 4526 1912 4676 3._Athmann‘l(1‘;§.[

2027 4527 2447 4676 glgtiﬁibsarios
2471 4593 2520 4650 4.
2598 4593 2623 4638 4
2655 4595 2883 4676 Idronto
2899 4593 2951 4650 3.
2978 4594 3230 4676 Y_dronto
3251 4591 3302 4648 5.
3385 4593 3410 4636 5
3446 4592 3602 4676 sedis
3616 4608 3662 4646 ο.

259 4662 389 4746 ξὶῐτᾳ
430 4662 482 4720 4.
524 4662 584 4720 5ξ
630 4665 688 4746 in
713 4677 764 4720 p-
850 4667 1098 4746 {pacem
1146 4666 1434 4746 habentes,
1477 4681 1605 4722 cum
1651 4671 1939 4746 sar_acenis
1985 4662 2302 4746 navalibus.
2353 4680 2567 4746 romam
2604 4681 2748 4746 gla.
2785 4665 3162 4746 depopulacio
3196 4681 3266 4746 cz,
3297 4677 3522 4746 pacem“
3557 4664 3670 4746 ha:-

258 4735 455 4812 bentes
483 4750 614 4791 cum
644 4737 960 4812 Saracenis,
1006 4737 1306 4812 navalibus
1331 4734 1754 4812 _Romam__gravi
1779 4741 2199 4812 angustiabant
2232 4734 2715 4812 depopulacio'3.,
2743 4740 2840 4812 cui
2861 4734 2971 4812 Leo
3006 4734 3336 4812 Ostiensis}.
3376 4750 3424 4792 c.
3456 4734 3526 4791 40
3552 4737 3670 4802 suf-

256 4809 559 4889 fragatur“;
595 4808 874 4889 pacemnh.
913 4821 1044 4889 cum
1082 4808 1386 4889 Saracenis
1420 4806 2003 4889 navalibus,_.Roﬁ_iam
2041 4812 2232 4883 gravis
2273 4806 3099 4889 coangustabat.‘depOpulatio
3122 4806 3174 4863 5.

257 4877 486 4961 {illius
521 4877 574 4934 3.
760 4878 898 4961 ξομ.
947 4879 1500 4961 idem‘appstolicus
1541 4882 1831 4961 Neapolim
1872 4876 2285 4961 Salernumque
2329 4896 2388 4961 ρ.
2420 4876 2507 4961 est

647 4954 665 4971 '
699 4950 961 5005 mictitur
990 4967 1035 5003 c.
1119 4949 1165 4994 14
1188 4951 1511 5005 Trivensem
1565 4967 1609 5004 ο.
1642 4949 1743 5014 ξὶη
1773 4957 2018 5022 margine
2047 4949 2245 5008 codicis
2271 4949 2444 5005 nostri
2475 4951 2672 5016 legitur
2699 4969 2715 5003 :
2741 4951 2950 5022 civitas
2968 4955 3061 5022 est
3088 4955 3143 5022 et
3175 4956 3408 5022 vocatur
3437 4951 3668 5005 Triven-

1623 5023 1668 5065 ιτ»
1693 5020 1964 5080 οὺδίᾱϋό.
2057 5025 2104 5067 ιιῑ
2131 5024 2334 5079 amicis
2371 5023 2431 5076 in
2467 5022 2559 5076 via
2593 5034 2704 5076 non
2735 5021 2900 5090 longe
2930 5021 3000 5075 ab
3036 5020 3192 5090 urbe
3215 5020 3555 5077 interfectus
3580 5024 3667 5090 est

255 5091 810 5176 annopri‘ncipatuns.
847 5092 940 5146 sui
984 5094 1266 5176 mediante
1311 5093 1593 5176 vigesimo
1615 5096 1839 5176 quinto,
1870 5095 1999 5176 etii.

255 5160 304 5236 [ξ’]
329 5163 619 5217 unamiter
643 5180 732 5236 ο.-
767 5163 813 5236 2|
848 5164 1160 5232 supradict’
1187 5180 1232 5218 c.
1311 5160 1466 5218 υἱέα
1498 5163 1550 5234 3,
1580 5160 1794 5236 legatos
1827 5160 2149 5222 invitabant
2173 5183 2218 5220 ο.

260 4949 308 4990 1³
337 4950 487 5018 quod
520 4966 565 5003 c.

258 5024 377 5074 tum
405 5025 461 5073 et
485 5020 554 5074 de
582 5034 723 5075 novo
757 5021 924 5075 hodie
957 5026 1044 5075 est
1069 5022 1188 5076 ei...
1225 5023 1526 5077 co‘icatum.

253 5229 307 5272 26
345 5239 509 5303 parte
548 5251 592 5286 c.
687 5234 736 5277 27
775 5229 938 5289 iunct
977 5251 1022 5287 ο.

3269 4807 3295 4850 8
3328 4813 3582 4878 septrum
3612 4823 3659 4878 ρ.

2679 4880 2722 4922 ¹¹
2754 4874 2930 4949 ripae
2971 4893 3024 4934 ο.
3067 4878 3119 4934 3.
3211 4874 3258 4922 12
3294 4874 3465 4934 ΧΧν.
3511 4877 3562 4934 3.
3607 4876 3660 4933 5.

2093 5095 2136 5138 l7
2166 5094 2450 5164 radelgari
2483 5111 2494 5146 :
2536 5109 2547 5144 :
2582 5093 2703 5164 εδδ
2723 5087 3053 5164 electusque
3099 5109 3146 5164 c.
3174 5089 3226 5146 3.
3321 5091 3372 5164 1?
3396 5107 3566 5164 gener
3604 5087 3658 5142 3.

2296 5162 2366 5208 23'
2393 5162 2821 5234 peramplicuit.
2897 5162 2951 5206 24
2974 5163 3188 5220 luntris
3212 5180 3256 5217 ε.
3336 5162 3572 5218 2ὀῦιιγί²
3603 5175 3647 5213 c.

1845 5308 2066 5364 ΝΟΤᾹΞ.

324 5385 356 5415 ³
385 5375 468 5430 An
517 5375 769 5438 0thman,
817 5376 1016 5432 Osman
1043 5381 1072 5431 ?

331 5443 360 5485 δ
403 5445 645 5500 Otranto.

329 5526 354 5553 ε
397 5517 449 5571 id
479 5523 568 5573 est
602 5518 917 5574 Saracenis.

2087 5379 2113 5420 d
2153 5379 2210 5434 Id
2253 5384 2339 5434 est
2373 5379 2618 5450 generis.

2083 5459 2107 5521 εξ
2144 5451 2447 5521 Regionem
2477 5451 2681 5521 Capuze
2719 5451 2943 5506 veteris.

2088 5519 2110 5560 ί
2140 5519 2478 5576 Fratrueles.
