4058 6154
369 243 473 303 767

1399 251 1877 306 ERCHEMBERTI
1913 252 2342 312 CASSINENSIS
2381 255 2689 313 MONACHI

3678 263 3783 322 768

370 370 614 459 subdere
637 353 1080 441 Guaiferio;set
1107 387 1215 430 non
1244 375 1571 446 quiverunt,
1601 390 1667 432 eo
1690 377 1838 448 quod
1869 378 2018 433 nole-
2043 379 2096 437 A
2133 386 2316 437 tamen
2350 383 2482 438 illos
2511 383 2612 454 qui
2655 385 2978 441 residebant
3011 387 3070 442 in
3116 389 3315 445 termis
3341 391 3506 459 juxta
3550 403 3780 448 arenam

369 459 467 515 bat
507 458 808 515 fratrueles
847 475 982 516 suos
1023 463 1270 532 recipere
1317 464 1468 520 intra
1520 465 1714 521 urbem
1749 484 1763 533 ;
1799 466 2016 521 idcirco

368 546 662 621 Guaiferio
704 549 1094 619 respuebatur.
1138 552 1551 624 Cognoscentes
1592 558 1780 608 autem
1823 568 2018 623 supra-

369 635 510 690 dicti
543 637 652 691 viri
685 638 962 706 versutias
1009 640 1352 711 Pandonolﬁ,
1390 643 1597 696 reversi
1631 650 1765 698 sunt
1793 642 1860 696 ad
1897 657 2018 711 pro-

373 724 496 793 pria
521 742 534 793 ;
562 724 896 781 Guaiferius
934 731 1122 782 autem
1157 734 1292 784 tunc
1324 731 1597 785 remansit
1633 731 1821 800 Capua
1855 731 2012 786 urbe.

370 814 481 868 Hac
498 814 710 884 quippe
737 820 1067 884 tempestate
1091 831 1229 885 pene
1255 832 1448 874 omnes
1473 820 1727 890 Capuani
1760 820 2018 875 illustres

370 907 426 958 et
454 916 619 957 omne
645 904 852 974 vulgus
878 918 1006 960 cum
1042 906 1326 962 uxoribus
1355 913 1411 962 et
1441 907 1643 964 liberis
1673 909 1944 979 omnique
1972 911 1990 953 ί

369 1005 497 1046 cum
531 991 869 1060 supellectih
899 990 923 1032 ἳ
957 993 1096 1048 urbe
1120 995 1497 1067 egredientes,
1529 996 1632 1051 alii
1667 997 1808 1051 ﬁliis
1831 997 1854 1035 3
1884 999 2021 1051 Lan-

369 1079 558 1148 donis,
615 1081 877 1136 nonnulli
927 1087 1115 1137 autem
1174 1096 1240 1137 ex
1293 1084 1379 1138 eis
1429 1085 1570 1139 ﬁliis
1609 1096 1638 1125 a
1682 1083 2017 1140 Landonulﬁ

370 1167 750 1239 adhaeserunt,
799 1167 1056 1239 factaque
1087 1176 1172 1226 est
1203 1170 1354 1226 inter
1382 1185 1478 1228 eos
1509 1172 1697 1228 valida
1736 1178 2020 1228 concerta-

371 1255 454 1312 tio
483 1262 539 1311 et
564 1257 807 1325 pessima
844 1257 1142 1314 desolatio.
1178 1261 1317 1314 Nam
1359 1259 1696 1316 Guaiferius
1727 1259 2020 1317 hostiliter

367 1344 530 1412 juxta
562 1359 786 1401 murum
821 1346 985 1402 urbis
1020 1348 1295 1418 residens,
1339 1349 1636 1405 obsidebat
1665 1363 1786 1404 eam
1821 1368 1836 1418 ;
1866 1351 2018 1406 ultra

372 1431 608 1488 ﬂuvium
640 1447 770 1489 vero
799 1449 927 1490 cum
959 1436 1191 1491 Francis
1222 1437 1503 1493 Lamberti
1548 1437 1780 1493 comitis
1807 1439 2018 1495 Lando-

372 1531 494 1573 nem
535 1522 859 1578 constituit.

441 1604 527 1663 43.
557 1608 686 1666 Alio
713 1625 940 1682 quoque
968 1626 1117 1668 anno
1155 1611 1298 1685 (880)
1338 1615 1746 1683 superveniens
1777 1617 1895 1685 jam
1924 1615 2017 1672 fa-

2129 472 2426 540 pecuniata
2465 472 2733 542 deposuit
2772 480 2828 530 et
2863 475 3112 545 Capuam
3155 478 3421 533 remisit:
3457 479 3582 535 illis
3626 495 3775 550 vero,

2125 560 2392 616 videlicet
2424 561 2564 618 ﬁliis
2588 562 2613 603 6
2644 565 2951 634 Landonis,
2984 566 3041 620 in
3074 567 3457 636 amphiteatro
3483 569 3508 611 7
3539 570 3783 627 circum-

2126 650 2325 718 septis,
2360 662 2548 719 pacem
2580 651 2774 722 cessit,
2805 653 3096 722 accipiens
3127 655 3198 708 ab
3223 656 3310 710 eis
3341 656 3643 712 Liburiam
3670 660 3780 715 sub

2127 744 2497 793 sacramento.
2527 740 2646 808 Qua
2667 739 2840 795 etiam
2862 741 2985 796 vice
3010 749 3354 800 memoratus
3382 746 3782 803 Pandonulfus

2126 827 2316 882 denuo
2350 841 2524 896 super
2567 829 2829 884 Pilanum
2865 836 3114 886 castrum
3144 830 3172 873 b
3201 846 3331 888 cum
3373 834 3783 903 Neapolitibus

2131 914 2438 984 improvise
2471 916 2718 987 irruens,
2748 916 2947 974 fraude
2973 920 3146 991 cepit,
3181 921 3250 975 ab
3280 921 3368 977 eis
3395 923 3494 992 qui
3527 923 3782 979 interius

2129 1005 2500 1061 morabantur
2524 1006 2835 1077 traditum;
2861 1006 2957 1062 ubi
2980 1013 3037 1063 et
3061 1022 3162 1080 ego
3189 1016 3392 1080 captus
3411 1025 3538 1066 sum
3567 1017 3623 1066 et
3646 1026 3785 1068 om—

2129 1093 2302 1151 nibus
2331 1094 2498 1150 bonis
2518 1109 2550 1150 a
2577 1095 2827 1165 pueritia
2869 1096 3177 1167 acquisitis
3205 1097 3231 1140 8
3261 1104 3488 1155 exutus.
3521 1102 3646 1170 Ipse
3675 1114 3783 1170 pe-

2126 1182 2315 1238 dester
2341 1188 2472 1239 ante
2501 1197 2781 1254 equorum
2809 1184 2998 1254 capita
3031 1200 3212 1255 usque
3241 1187 3309 1242 ad
3339 1187 3535 1244 urbem
3562 1187 3781 1258 Capua-

2129 1285 2256 1326 nam
2305 1271 2435 1327 exul
2489 1277 2716 1328 evectus
2764 1286 2914 1342 sum,
2965 1273 3187 1329 decimo
3243 1275 3366 1330 Kal.
3415 1275 3776 1346 Septembris

2127 1371 2276 1413 anno
2311 1359 2540 1414 Domini
2579 1358 2706 1414 881.

2195 1427 2282 1484 45.
2314 1429 2706 1495 Pandonulfus
2732 1435 2919 1487 autem
2947 1430 3246 1488 confestim
3273 1434 3663 1490 exercitaliter
3685 1450 3783 1491 su-

2127 1533 2226 1588 per
2251 1519 2480 1575 Calvum
2514 1517 2800 1589 profectus
2826 1525 2931 1590 est,
2965 1521 3213 1590 stipatus
3242 1523 3468 1593 agmine
3498 1523 3783 1592 Neapoli-

2126 1615 2267 1678 tum,
2293 1608 2490 1678 ibique
2514 1608 2890 1664 munitionem
2912 1615 3180 1666 extruens
3203 1610 3488 1665 residebat
3507 1629 3520 1678 ;
3541 1612 3636 1666 sed
3665 1612 3776 1666 ﬁlii

371 1702 465 1753 ius
511 1698 843 1755 Guaiferius
891 1701 1154 1771 princeps
1196 1717 1322 1758 cum
1366 1704 1722 1760 Amelﬁtanis
1768 1711 2016 1775 tempore
2045 1699 2094 1757 B
2126 1698 2452 1754 Landonolﬁ
2486 1711 2614 1753 cum
2646 1697 2771 1753 suis
2796 1697 3048 1753 viriliter
3074 1699 3160 1754 eis
3190 1699 3540 1768 resistentes,
3575 1700 3778 1757 subito

371 1787 692 1857 messionis,
725 1794 781 1843 et
809 1789 1032 1846 obsedit
1063 1791 1276 1847 dictam
1305 1791 1330 1835 4
1364 1793 1559 1848 urbem
1595 1794 1850 1864 undique
1878 1813 1892 1863 ;
1923 1794 2016 1850 fa—

369 1879 570 1946 ctaque
613 1890 744 1945 pace
799 1878 949 1934 inter
995 1893 1054 1934 se
1108 1877 1312 1936 fratres
1355 1881 1462 1936 sub
1511 1888 1884 1953 sacramento,
1934 1884 2014 1938 ita

367 1962 663 2019 dumtaxat
695 1968 760 2018 ut
789 1971 989 2021 neuter
1027 1981 1220 2023 eorum
1264 1970 1524 2026 triticum
1567 1971 1637 2026 de
1665 1972 1822 2041 agris
1854 1972 2016 2040 prius

369 2051 727 2122 recolligeret
759 2054 818 2108 in
846 2054 1088 2112 urbibus
1119 2057 1264 2120 suis,
1293 2073 1462 2128 quam
1487 2059 1558 2114 ab
1583 2061 1895 2129 apostolica
1920 2074 2018 2116 au-

373 2140 603 2196 toritate
631 2143 932 2198 anathema
974 2145 1298 2202 mitteretur
1336 2163 1508 2218 super
1536 2163 1633 2204 eos
1660 2167 1675 2219 ;
1709 2154 1772 2205 ut
1804 2151 2018 2221 ingres-

367 2228 452 2284 sis
475 2228 686 2284 dictam
715 2230 774 2285 in
804 2231 1018 2303 urbem,
1050 2233 1246 2292 nullus
1270 2249 1465 2292 eorum
1487 2252 1659 2307 super
1677 2237 1826 2294 alios
1849 2239 2017 2294 aude-

370 2323 454 2373 ret
503 2317 816 2389 insurgere.
873 2319 1170 2379 Guaiferio
1219 2323 1401 2395 igitur
1446 2339 1668 2381 reverso
1707 2328 1776 2382 ad
1828 2327 2012 2383 solum

369 2407 686 2476 proprium,
708 2408 844 2464 ilico
862 2410 1188 2466 Pandonulf
1190 2427 1254 2467 us
1271 2419 1622 2470 sacramento
1638 2415 1874 2486 oblitus,
1897 2430 2015 2486 per-

362 2494 534 2562 jurus
557 2495 789 2551 effectus
817 2504 934 2567 est;
967 2512 1093 2554 nam
1126 2500 1357 2556 Romam
1391 2507 1455 2556 ut
1484 2504 1864 2572 spoponderat
1897 2506 2016 2560 mi—

368 2581 522 2636 nime
570 2583 774 2638 missos
821 2585 1152 2658 destinavit,
1197 2594 1252 2643 et
1299 2595 1498 2646 contra
1550 2591 1799 2652 animam
1852 2607 2011 2648 suam

367 2683 559 2743 agens,
592 2672 850 2728 triticum
879 2689 1042 2730 omne
1069 2678 1318 2746 recepit;
1353 2693 1516 2748 quem
1543 2682 1738 2736 statim
1763 2682 1908 2737 ultio
1929 2683 2016 2738 (Ιί-

367 2759 498 2815 vina
529 2760 832 2818 subsecuta
856 2768 977 2833 est;
1009 2779 1135 2819 nam
1160 2766 1391 2822 coalitus
1424 2768 1577 2838 ignis
1609 2769 1906 2827 immissus
1927 2778 2012 2826 est

365 2852 422 2902 et
451 2862 590 2917 pene
623 2849 863 2905 mediam
895 2851 917 2894 5
949 2849 1216 2909 funditus
1248 2857 1608 2926 consumpsit
1646 2864 2008 2915 memoratam

365 2934 676 2992 civitatem.

2125 1788 2258 1844 inde
2292 1789 2542 1858 recessit,
2576 1801 2609 1842 a
2641 1787 2780 1842 ﬁliis
2814 1788 3100 1843 Landonis
3128 1789 3470 1859 jampridem
3503 1789 3694 1845 ablata
3719 1788 3744 1831 9

2122 1881 2348 1947 Suessa,
2399 1881 2752 1932 sacramento
2807 1877 2894 1933 eis
2945 1877 3083 1932 olim
3144 1878 3369 1949 largita.
3425 1879 3528 1935 Sed
3587 1886 3649 1935 ut
3701 1882 3774 1936 ad

2127 1967 2316 2037 priora
2341 1980 2491 2022 nunc
2525 1965 2805 2021 calamum
2832 1971 3066 2036 vertam,
3108 1967 3498 2037 apprehensus
3531 1967 3783 2024 Atenol-

2125 2056 2218 2112 fus
2245 2070 2278 2110 a
2309 2054 2600 2126 suprafato
2639 2055 2782 2124 viro,
2818 2056 3007 2110 Lando
3039 2069 3345 2126 germanus
3373 2058 3499 2126 ejus
3531 2071 3639 2112 non
3675 2072 3777 2113 se-

2126 2146 2313 2217 gniter
2359 2145 2498 2217 egit,
2544 2157 2672 2201 nam
2717 2157 2847 2200 mox
2901 2145 3169 2200 Calvense
3219 2151 3493 2214 castrum,
3544 2152 3777 2216 propter

2125 2235 2274 2304 quod
2307 2239 2508 2304 captus
2532 2238 2618 2290 est
2646 2235 2791 2290 idem
2818 2233 3141 2305 Atenulfus,
3169 2249 3299 2290 cum
3326 2235 3450 2290 suis
3470 2235 3644 2304 cmpit
3668 2234 3778 2289 ha:-

2122 2323 2372 2379 diﬁcare.
2415 2325 2550 2378 Pars
2591 2328 2780 2379 autem
2822 2323 3104 2379 nobilium
3149 2329 3339 2392 parata
3378 2328 3500 2378 erat
3527 2323 3598 2378 ad
3636 2337 3779 2393 prae-

2124 2413 2290 2483 lium,
2323 2418 2378 2468 et
2408 2427 2538 2482 pars
2562 2411 2719 2482 vulgi
2750 2411 2918 2467 vallis
2947 2417 3002 2467 et
3034 2412 3351 2481 parietibus
3380 2411 3772 2482 construebat,

2123 2503 2321 2572 sicque
2363 2508 2734 2557 consumatus
2769 2505 2873 2556 est.
2915 2502 3046 2556 Post
3084 2501 3381 2556 biennium
3429 2500 3603 2556 ferme
3640 2501 3774 2572 igne

2121 2596 2542 2660 consumptum,
2606 2589 2676 2644 ab
2730 2589 2922 2645 eodem
2987 2590 3249 2645 Landone
3310 2595 3634 2660 reparatum
3685 2595 3772 2644 est

2124 2685 2492 2735 memoratum
2524 2686 2795 2748 castrum,
2826 2693 2938 2750 quo
2958 2679 3156 2734 abiens
3175 2693 3302 2734 cum
3329 2679 3619 2734 universis
3640 2681 3772 2735 suis

2119 2773 2175 2824 et
2202 2769 2354 2824 casis
2381 2768 2534 2823 datis
2561 2781 2660 2837 per
2689 2767 2951 2837 singulos
2981 2769 3241 2823 concives
3271 2767 3468 2837 oppidi
3497 2768 3566 2822 de
3599 2768 3772 2823 mini-

2119 2857 2298 2912 sterio
2328 2870 2452 2925 suo,
2489 2861 2545 2912 et
2573 2856 2724 2911 vasis
2767 2855 3032 2926 vinariis,
3075 2855 3416 2911 victualium
3451 2869 3681 2926 quoque
3710 2861 3769 2912 et

2119 2946 2338 3014 vinum,
2367 2944 2523 3000 omni
2553 2944 2856 3015 vigilantia
2884 2945 3171 3000 desudans
3196 2944 3265 2999 ad
3294 2943 3607 3014 pristinum
3638 2950 3768 3000 sta-

435 3021 522 3078 44.
551 3026 652 3080 Per
678 3027 825 3083 idem
863 3033 1086 3099 tempus
1114 3031 1469 3090 Athanasius
1500 3035 1705 3104 praesul
1743 3037 2011 3108 Neapolis
2041 3024 2087 3083 C
2121 3040 2242 3090 tum
2278 3033 2499 3089 dictum
2536 3033 2807 3103 oppidum
2847 3034 3048 3089 erexit.

369 3113 640 3184 magister
661 3115 911 3173 militum
936 3125 1171 3188 praeerat
1191 3139 1206 3188 ;
1226 3121 1348 3192 qui,
1375 3127 1437 3178 ut
1460 3125 1864 3196 praemisimus,
1885 3140 2018 3182 exu-

368 3199 483 3258 lato
513 3201 686 3259 fratre
716 3207 948 3276 proprio
984 3222 1114 3263 cum
1143 3210 1445 3267 Saracenis
1484 3227 1672 3282 pacem
1711 3214 1918 3285 iniens,
1951 3228 2016 3270 ac

368 3293 617 3364 primum
641 3293 788 3349 infra
813 3300 1036 3364 portum
1058 3311 1380 3369 aequoreum
1401 3306 1457 3355 et
1476 3301 1638 3358 urbis
1661 3316 1887 3358 murum
1905 3303 2017 3359 col-

369 3381 580 3452 locans,
650 3396 870 3438 omnem
939 3391 1146 3441 terram
1215 3388 1657 3446 Beneventanam
1723 3391 2014 3462 simulque

367 3470 672 3527 Romanam
698 3485 913 3530 necnon
935 3478 988 3529 et
1009 3481 1220 3544 partem
1242 3477 1482 3546 Spoletii
1504 3477 1852 3550 dirruentes,
1877 3495 2012 3536 cun-

366 3565 456 3614 cta
475 3562 817 3617 monasteria
831 3567 887 3616 et
902 3564 1172 3619 ecclesias
1193 3579 1500 3636 omnesque
1524 3567 1691 3622 urbes
1707 3574 1762 3622 et
1779 3570 2008 3637 oppida,

366 3649 542 3715 vicos,
586 3655 805 3705 montes
832 3655 890 3705 et
927 3651 1101 3706 colles
1144 3653 1479 3724 insulasque
1514 3655 1934 3724 depraadarunt.
1966 3657 2012 3711 A

369 3737 581 3808 quibus
609 3737 780 3792 etiam
812 3739 1164 3793 sanctissimi
1206 3741 1495 3796 Benedicti
1527 3743 1788 3798 cwnobia
1815 3744 2014 3799 decen-

369 3824 612 3893 tissima,
665 3829 785 3880 toto
832 3825 966 3879 orbe
1011 3827 1346 3897 veneranda,
1402 3834 1458 3884 et
1495 3831 1679 3884 sancti
1723 3831 2010 3886 Vincentii

369 3913 626 3967 martiris
675 3914 1082 3969 monasterium
1143 3915 1272 3987 igne
1323 3923 1524 3974 exusta
1581 3927 1733 3988 sunt,
1783 3921 2012 3992 aliaque

369 3999 837 4070 innumerabilia,
890 4009 1123 4073 excepta
1178 4005 1467 4078 Suessula,
1517 4022 1685 4078 quam
1737 4011 2014 4066 veraciter

365 4087 824 4144 Christianorum
846 4088 1044 4146 fraude
1063 4091 1470 4150 miserabiliter
1485 4096 1725 4154 suffossa
1743 4106 1845 4154 est.
1867 4099 2013 4154 Huic

371 4175 553 4247 igitur
581 4177 836 4234 sociatus
863 4184 949 4234 est
978 4180 1390 4252 Pandonulfus,
1432 4185 1601 4254 cujus
1639 4186 2014 4242 amminiculo

371 4263 568 4331 fretus,
617 4267 811 4323 acrius
857 4269 1030 4339 cmpit
1074 4273 1336 4342 persequi
1388 4272 1691 4330 fratrueles
1735 4289 1915 4342 suos;
1948 4289 2013 4330 ac

2195 3123 2281 3180 46.
2315 3125 2384 3178 Et
2414 3124 2517 3178 hoc
2551 3123 2608 3178 in
2635 3121 2920 3192 superiori
2954 3127 3112 3192 parte
3147 3136 3257 3178 non
3295 3127 3380 3178 est
3411 3128 3774 3192 pratereun—

2123 3215 2259 3270 dum
2287 3215 2605 3281 annectere,
2649 3211 2796 3281 quod
2840 3210 2896 3264 in
2940 3210 3229 3279 principio
3262 3210 3418 3280 rixae,
3457 3212 3770 3266 cumidem

2126 3299 2518 3358 Pandonulfus
2551 3298 2853 3354 fratrueles
2891 3313 3027 3354 suos
3067 3299 3509 3368 persequebatur
3538 3299 3770 3355 bestiali

2122 3390 2417 3458 eiferitate,
2440 3385 2776 3444 Landulfum
2795 3387 3035 3442 electum
3055 3386 3238 3443 ﬁlium
3254 3387 3560 3457 Landonis,
3574 3389 3646 3443 de
3658 3401 3772 3458 quo

2121 3491 2294 3547 supra
2323 3476 2664 3532 mentionem
2689 3473 2930 3530 fecimus
2951 3474 3092 3544 (cap.
3116 3471 3227 3545 40),
3252 3475 3346 3530 cui
3371 3475 3560 3531 sedem
3582 3476 3770 3530 sancti

2118 3565 2387 3634 Stephani
2401 3563 2779 3634 episcopalem
2797 3564 2916 3632 ipse
2928 3563 3062 3632 subj
3075 3563 3417 3632 urejurando
3432 3564 3770 3629 tradiderat,

2119 3668 2152 3709 a
2172 3655 2424 3709 claustro
2450 3651 2496 3694 10
2518 3653 2798 3721 episcopii
2827 3651 3118 3721 expellens
3142 3658 3198 3707 et
3226 3651 3432 3707 humili
3460 3652 3585 3708 loco
3611 3651 3678 3723 ίί,
3710 3653 3771 3707 in

2119 3742 2327 3798 cellula
2357 3740 2580 3795 scilicet
2611 3740 3094 3803 ministeriorum,
3127 3741 3328 3811 degere
3359 3740 3686 3810 constituit,
3716 3746 3775 3795 et

2121 3831 2234 3886 sibi
2271 3831 2329 3885 in
2369 3828 2554 3884 zetula
2583 3840 2608 3869 ο
2637 3829 2948 3898 episcopali
2983 3829 3332 3884 mansionem
3363 3828 3625 3883 exhiberi
3651 3829 3776 3897 jus-

2122 3920 2244 3988 sit;
2275 3918 2424 3989 quod
2465 3922 2522 3971 et
2566 3916 2778 3972 factum
2821 3921 2925 3972 est.
2975 3918 3089 3972 Hoc
3129 3929 3367 3971 cernens
3407 3915 3562 3972 fatus
3595 3915 3643 3958 1'3
3669 3917 3770 3971 Dei

2121 4007 2356 4076 electus,
2399 4011 2654 4060 metuens
2699 4005 2840 4060 dicti
2882 4005 2992 4059 viri
3038 4005 3349 4073 versucias,
3394 4017 3660 4075 egressus
3703 4018 3774 4060 ex

2122 4095 2282 4165 urbe,
2322 4094 2702 4164 episcopalem
2739 4094 2807 4148 ad
2843 4093 3030 4148 sedem
3071 4093 3359 4162 propriam
3399 4091 3549 4148 beati
3590 4098 3778 4161 proto-

2123 4183 2382 4239 martiris
2416 4183 2758 4253 properavit,
2793 4196 2904 4252 quo
2937 4181 3118 4250 possit
3149 4182 3399 4251 quietam
3431 4181 3643 4237 ducere
3674 4182 3778 4236 vi—

2123 4278 2254 4326 tam.
2288 4274 2524 4339 Interea,
2571 4271 2870 4327 occasione
2914 4275 3154 4339 reperta,
3202 4268 3621 4324 Landonulfum
3653 4284 3778 4341 ger-

371 4355 556 4426 primo
586 4361 835 4426 tempore
870 4358 1094 4416 labores
1126 4375 1323 4417 eorum
1361 4361 1496 4417 hinc
1521 4369 1576 4417 et
1618 4364 1749 4418 inde
1785 4366 2013 4422 Vastans
2042 4374 2096 4434 1)
2128 4374 2355 4416 manum
2405 4374 2572 4416 suum
2623 4359 2988 4430 conjugatum
3037 4356 3312 4412 clericum
3364 4355 3500 4411 fecit
3546 4356 3592 4423 ά,
3648 4357 3781 4414 mit-

366 4444 630 4515 abstulit,
668 4452 840 4517 atque
879 4463 1007 4504 cum
1049 4450 1467 4520 Neapolitibus,
1505 4452 1794 4509 Caietanis
1817 4469 1881 4510 ac
1905 4456 2014 4510 Sa—

369 4534 591 4590 racenis
613 4535 832 4606 unitus,
862 4536 1040 4593 biduo
1062 4552 1234 4606 super
1257 4542 1508 4594 castrum
1536 4540 1757 4597 Pilense
1785 4543 2015 4599 irruens

366 4624 730 4694 expugnavit;
752 4625 1048 4695 nichilque
1067 4625 1386 4698 proﬁciens,
1408 4628 1600 4684 inanis
1618 4629 1914 4688 abscessit.
1928 4634 2018 4688 Se-

371 4711 569 4778 quenti
602 4725 733 4769 vero
754 4727 903 4767 anno
928 4711 1070 4784 (88-1)
1095 4715 1436 4784 generaliter
1466 4717 1770 4774 motionem
1799 4719 2014 4777 faciens

369 4812 498 4852 cum
532 4801 674 4870 suis,
712 4802 1130 4871 Neapolitibus,
1171 4809 1228 4859 et
1254 4805 1570 4873 Saracenis,
1614 4823 1787 4879 super
1820 4811 2010 4867 colos-

371 4899 497 4942 sum
527 4897 558 4929 ι
587 4929 602 4958 ,
637 4904 750 4960 quo
781 4890 890 4946 ﬁlii
928 4893 1214 4949 Landonis
1249 4895 1544 4968 degebant,
1582 4897 1813 4969 insedit,
1849 4899 2012 4970 prius

2125 4454 2362 4518 tensque
2393 4449 2624 4505 Romam
2653 4447 2898 4502 Johanui
2934 4459 3108 4515 papa}.
3142 4445 3474 4515 episcopum
3507 4445 3630 4501 ﬁeri
3667 4459 3779 4502 ex-

2127 4538 2351 4608 poscit;
2383 4539 2440 4592 in
2479 4551 2590 4606 quo
2619 4542 2675 4591 et
2712 4535 3020 4591 exauditus
3056 4540 3160 4589 est.

2196 4625 2283 4683 47.
2308 4629 2418 4682 Hac
2443 4640 2542 4695 pro
2572 4625 2796 4680 insania
2821 4629 2876 4678 et
2904 4621 3150 4678 fraterna
3177 4622 3458 4692 civilique
3486 4635 3780 4694 expugna-

2124 4720 2280 4776 tione
2317 4716 2548 4773 enixius
2592 4713 2856 4786 ﬁagitati,
2902 4713 3096 4767 Bertar
3143 4711 3557 4782 sagacissimus
3596 4711 3779 4767 abbas

2123 4806 2454 4865 monasterii
2492 4801 2812 4874 supradicti
2845 4800 3199 4856 sanctissimi
3233 4800 3544 4862 Benedicti,
3578 4807 3635 4856 et
3666 4801 3780 4857 Leo

2118 4895 2464 4954 venerabilis
2486 4893 2692 4964 praesul
2709 4890 3016 4947 Teanensis
3039 4889 3102 4958 l3,
3121 4888 3325 4944 Urbem
3351 4887 3590 4959 profecti
3614 4895 3776 4950 sunt.

1735 5019 1964 5075 VARLE
2001 5019 2392 5076 LECTIONES.

443 5128 462 5172 t
494 5123 765 5194 omnique
794 5138 921 5178 cum
952 5125 1107 5179 omni
1138 5139 1183 5180 s.
1219 5141 1262 5178 c.
1342 5127 1367 5171 2
1395 5125 1686 5194 suplectili
1718 5144 1760 5180 c.
1839 5126 1865 5168 3
1895 5127 2002 5182 ﬁlii
2031 5144 2075 5181 ο.
2104 5125 2138 5181 3
2211 5125 2233 5168 4
2264 5125 2484 5179 dictum
2507 5143 2552 5178 υ.
2633 5121 2942 5194 gmediac.
2993 5119 3046 5194 _§
3083 5120 3190 5176 ﬁlii
3215 5137 3263 5174 c.
3343 5121 3779 5194 7gamphithea-

369 5200 459 5251 tro
488 5210 531 5249 c.
609 5193 636 5236 8
663 5189 980 5265 exquisitis
1010 5213 1052 5250 c.
1132 5196 1158 5239 9
1183 5195 1428 5250 ablatam
1459 5189 1503 5249 (Ξ.
1587 5197 1634 5239 ιυ
1659 5203 1888 5253 caustro
1917 5214 1962 5252 ε.
2044 5197 2087 5240 ιι
2122 5196 2403 5252 humilico
2431 5212 2477 5248 c.
2557 5194 2606 5238 12
2640 5191 2824 5248 factus
2857 5189 2906 5247 4.

2988 5191 3036 5235 13
3068 5193 3432 5248 teneanensis
3458 5191 3503 5247 c.

1957 5321 2176 5378 NOTIE.

438 5428 470 5462 α
507 5417 710 5486 Capua:
747 5416 955 5472 veteris
993 5415 1498 5485 amphitheatrum.
1538 5419 1794 5473 PRATILL.

439 5487 470 5530 ιι
497 5491 559 5544 In
581 5489 856 5562 comitatu
870 5487 1186 5562 Tgheanensi
1208 5487 1356 5543 haud
1377 5488 1540 5560 longe
1556 5502 1587 5544 a
1605 5495 1791 5545 castro
1807 5489 2008 5562 Conca,

373 5560 433 5615 in
464 5566 654 5616 monte
680 5560 868 5614 Piano.
904 5560 1158 5614 PRATILL.

2197 5429 2223 5460 ο
2252 5415 2668 5472 Mansiuncula.

2196 5488 2221 5526 d
2250 5489 2385 5544 Scil.
2425 5485 2825 5544 Pandonolfus.
