4058 6154
187 275 299 334 769

1409 272 1727 328 HISTORIA
1766 272 2397 331 LANGOBARDORUM.

3501 283 3608 342 770

193 419 582 486 adieruntque
629 415 848 472 dictum
899 415 1246 485 pontiﬁcem,
1307 414 1668 470 obsecrantes
1714 427 1841 469 eum
1875 416 1927 474 Α
1960 427 2069 468 non
2091 413 2276 470 ferens
2296 417 2664 486 Athanasius,
2689 419 3019 490 relinquens
3049 435 3196 491 eum,
3228 423 3369 478 ﬁliis
3398 425 3612 480 Lando-

196 505 563 576 suppliciter,
589 511 653 561 ut
675 510 785 559 tam
811 518 976 575 grave
1003 505 1295 574 piaculum
1323 517 1432 559 non
1461 508 1671 575 ageret,
1697 503 1846 558 unde

199 596 369 651 ruina
401 600 567 649 terrae
593 599 648 648 et
672 592 977 664 sanguinis
1002 591 1205 648 effusio
1239 593 1435 662 procul
1461 591 1640 649 dubio
1669 593 1843 647 ﬁeret.

194 685 298 739 Cui
344 683 520 738 etiam
551 683 746 737 dictus
779 681 954 736 abbas
982 696 1245 752 expresse
1292 682 1533 753 inquid:
1571 681 1719 736 Certe
1753 681 1767 723 ι
1801 684 1850 734 si

198 775 294 827 hoc
336 770 691 826 e.-rercuerit2
721 776 813 826 tua.
856 776 1117 841 potestas,
1167 773 1328 826 talem
1375 774 1550 840 ignem
1587 774 1721 826 illuc
1769 789 1854 826 ac-

199 863 384 917 cendis
433 862 509 914 ad
550 866 600 914 te
643 876 811 929 usque
847 862 1258 930 pertingrntem.
1310 861 1623 915 Praevalens
1667 866 1850 916 tamen

200 951 470 1007 voluntas
495 949 806 1020 pontiﬁcis,
836 949 1254 1006 Landonulfum
1277 950 1606 1019 episcopum
1629 950 1856 1006 ordina-

201 1041 299 1096 vit.
338 1042 455 1095 Hoc
484 1039 611 1094 ideo
643 1038 852 1094 factum
879 1045 984 1096 est.
1013 1039 1148 1109 quia
1181 1038 1573 1094 Pandonulfus
1603 1039 1766 1109 prius
1796 1052 1856 1094 se

201 1129 544 1185 subdiderat
579 1129 738 1185 dicto
769 1143 944 1198 papae,
978 1129 1037 1184 in
1067 1130 1235 1198 cujus
1269 1129 1560 1184 vocamine
1589 1133 1645 1184 et
1687 1133 1856 1183 cartze

202 1225 449 1274 exarata!
479 1224 535 1272 et
562 1218 780 1274 nummi
822 1218 1055 1289 ﬁgurati
1095 1225 1249 1274 sunt.
1289 1219 1459 1274 Juxta
1490 1217 1856 1288 prtesciencia

202 1307 346 1363 dicti
378 1307 607 1362 abbatis
636 1307 772 1362 talis
798 1307 991 1377 itaque
1021 1307 1173 1378 ignis
1201 1313 1434 1363 exortus
1463 1312 1567 1375 est,
1604 1313 1667 1364 ut
1691 1308 1716 1349 3
1745 1321 1859 1361 om-

205 1397 299 1451 nis
330 1397 717 1450 Beneventana
759 1396 932 1451 tellus
964 1401 1020 1452 et
1059 1397 1182 1466 ipsa
1217 1398 1465 1452 Romana
1498 1411 1530 1451 a
1562 1397 1860 1451 Saracenis

208 1483 478 1541 funditus
501 1485 843 1554 depopulata
876 1486 971 1540 sit.
1006 1485 1126 1554 Qua
1158 1500 1258 1555 pro
1289 1499 1459 1542 causa
1490 1486 1685 1541 dictus
1717 1499 1858 1554 papa

207 1574 298 1629 bis
341 1575 501 1630 venit
539 1574 808 1644 Capuam.
850 1575 928 1630 Ac
967 1577 1150 1645 primo
1189 1577 1325 1632 dum
1364 1577 1668 1632 resedisset
1696 1577 1859 1644 juxta

210 1659 411 1718 urbem
450 1663 508 1718 in
547 1663 671 1719 loco
701 1653 801 1734 qui
840 1663 1196 1720 Antenianus
1223 1665 1460 1734 dicitur,
1500 1679 1696 1720 omnes
1726 1666 1864 1718 Lau-

1964 503 2102 557 nulﬁ
2134 511 2189 558 et
2219 505 2504 561 Landonis
2533 507 2835 577 copulatus
2873 514 2959 563 est
2995 511 3053 564 in
3093 510 3440 566 societatem.
3483 514 3608 567 lliis

1962 591 2166 647 diebus
2199 594 2345 649 idem
2381 596 2584 664 praasul
2625 597 2820 652 missis
2848 596 2895 640 Μ
2924 599 3299 666 apocrisariis
3329 599 3607 670 Siciliam,

1963 681 2258 737 Saracenis
2279 684 2345 737 ad
2379 685 2625 739 radicem
2653 686 2864 741 montis
2893 687 3120 741 Vesuvii
3153 687 3198 728 15
3225 688 3614 744 residentibus

1963 770 2342 840 Suchaymum
2404 786 2586 843 regem
2648 773 2694 816 ιϐ
2745 775 3019 844 exposcit,
3086 775 3321 846 illisque
3382 777 3613 832 veniens

1967 859 2236 928 prtefecit.
2264 861 2366 916 Sed
2390 865 2550 930 justo
2574 863 2672 918 Dei
2696 863 2918 932 judicio
2947 865 3133 933 primo
3159 865 3415 921 omnium
3443 879 3614 934 super

1966 963 2093 1005 eum
2139 950 2464 1023 insurgens,
2512 953 2685 1022 cmpit
2724 953 3014 1023 Neapolim
3057 955 3306 1026 graviter
3343 954 3612 1026 afﬂigere,

1967 1045 2024 1094 et
2055 1039 2324 1095 devorare
2356 1040 2405 1082 ¹7
2429 1043 2620 1096 omnia
2652 1043 2926 1113 exterius,
2959 1057 3024 1098 ac
3066 1043 3305 1112 puellas,
3346 1057 3525 1114 equos
3562 1051 3618 1099 et

1969 1141 2124 1184 arma
2154 1127 2201 1170 18
2227 1129 2280 1185 vi
2312 1135 2590 1200 expetere.
2625 1131 2737 1186 Hac
2768 1131 2999 1187 turl'ine
3029 1139 3280 1202 exactus,
3314 1138 3371 1187 et
3401 1138 3466 1188 ut
3489 1146 3619 1202 apo-

1970 1219 2240 1275 stolicum
2285 1221 2606 1286 anathema,
2657 1235 2769 1290 quo
2819 1225 2940 1276 erat
2995 1221 3324 1291 innodatus,
3370 1235 3402 1276 a
3456 1236 3516 1278 se
3563 1227 3619 1276 et

1973 1308 2112 1364 urbe
2143 1323 2246 1364 sua
2273 1309 2597 1378 expelleret,
2629 1309 3029 1364 Guaimarium
3062 1309 3375 1379 principem
3403 1324 3620 1366 omnes-

1973 1411 2098 1466 que.
2126 1398 2422 1465 Capuanos
2447 1412 2515 1452 ex
2540 1393 2782 1453 urbibus
2802 1403 2856 1452 et
2882 1398 3113 1466 oppidis
3133 1404 3483 1468 cunctosque
3510 1413 3622 1454 ma-

1973 1485 2201 1541 ritimos
2223 1499 2389 1541 suum
2425 1487 2481 1541 in
2509 1487 2861 1554 adjutorium
2889 1487 3204 1556 advocavit,
3233 1492 3288 1542 et
3311 1488 3620 1542 Saracenos

1971 1572 2042 1626 ab
2099 1574 2296 1628 eodem
2348 1574 2468 1628 loco
2527 1574 2578 1628 vi
2637 1574 2875 1644 pepulit.
2930 1573 3020 1627 Illi
3076 1578 3263 1628 autem
3323 1574 3615 1644 abeuntes,

1973 1661 2304 1731 Agropolim
2344 1661 2390 1704 l9
2422 1667 2607 1719 castra
2665 1662 2859 1716 metati
2922 1668 3076 1719 sunt.
3134 1664 3245 1718 Hoc
3300 1661 3448 1717 facto
3507 1675 3618 1718 non

209 1752 450 1823 gobardi
485 1753 776 1808 hostiliter
806 1752 972 1808 illum
1003 1755 1251 1825 adeunt;
1285 1767 1413 1809 nam
1453 1767 1519 1810 ex
1562 1768 1672 1810 una
1705 1759 1862 1824 parte
1890 1734 1942 1794 Β
1978 1751 2156 1807 multo
2190 1755 2315 1820 post
2349 1751 2659 1820 praedictus
2686 1751 2890 1819 przesul
2927 1765 3038 1806 una
3073 1765 3202 1807 cum
3242 1751 3383 1806 ﬁliis
3411 1750 3623 1806 Lando-

209 1841 568 1896 Athanasius
600 1841 905 1910 episcopus
937 1856 1064 1897 cum
1111 1843 1466 1900 Pandonulfo
1502 1843 1758 1912 aderant,
1795 1857 1863 1898 ex

212 1929 326 1984 alia
345 1943 481 1985 vero
504 1935 663 1998 parte
684 1930 989 2000 utriusque
1011 1929 1312 1988 fratrueles
1332 1930 1354 1974 ἰ
1385 1947 1512 1988 cum
1535 1931 1863 1987 Gaiderisio

212 2023 265 2073 et
292 2018 637 2074 Guaimario
667 2016 690 2059 ⁵
721 2019 1083 2088 principibus
1114 2019 1457 2077 habentibus
1485 2020 1700 2077 Graecis
1721 2019 1746 2062 6
1771 2021 1867 2076 ad-

213 2111 509 2178 venerant,
549 2113 605 2163 et
643 2108 875 2176 cotidie,
910 2114 1182 2178 praesente
1224 2124 1385 2180 papa,
1429 2115 1685 2181 utraeque
1713 2110 1866 2164 acies

218 2195 274 2249 in
299 2196 603 2264 procinctu
628 2197 1022 2266 prosiliebant.
1047 2198 1167 2267 Qua
1192 2199 1504 2255 honoratus
1526 2198 1862 2266 intentione,

219 2284 643 2340 Laudonulfum
669 2285 694 2327 7
833 2286 1050 2356 pridem
1091 2287 1333 2343 electum
1373 2287 1725 2343 consecravit
1753 2286 1870 2356 epi-

219 2388 457 2442 scopum
487 2375 545 2428 in
571 2374 811 2431 ecclesia
837 2375 986 2431 beati
1011 2376 1160 2432 Petri
1187 2376 1454 2446 Capuam,
1483 2382 1869 2445 cunctumque

220 2463 616 2532 episcopatum
646 2464 795 2520 inter
823 2465 1020 2520 ambos
1044 2478 1205 2536 aequa
1235 2467 1490 2521 sortione
1517 2465 1702 2520 dividi
1736 2478 1874 2534 pra:-

225 2551 412 2621 cepit;
459 2553 698 2608 ecclesia
749 2567 880 2609 vero
932 2554 988 2609 in
1039 2567 1148 2624 qua
1197 2556 1547 2610 consecratio
1589 2553 1870 2608 celebrata

224 2647 328 2711 est,
369 2641 541 2711 paulo
571 2647 696 2711 post
723 2657 756 2698 a
786 2643 1102 2714 Saracenis,
1133 2657 1166 2699 a
1197 2642 1552 2699 Pandonulfo
1581 2641 1872 2697 advocatis

225 2734 278 2785 et
305 2729 384 2784 ab
413 2731 728 2787 Athanasio
761 2731 976 2794 missis,
1013 2731 1143 2804 igne
1175 2731 1360 2786 media
1389 2735 1592 2787 exusta
1620 2736 1724 2786 est.

292 2835 386 2893 48.
419 2837 585 2894 Circa
611 2838 729 2894 haec
755 2844 1007 2909 tempora
1031 2837 1365 2894 Guaiferius
1393 2839 1658 2909 princeps
1687 2851 1873 2894 mona-

226 2927 373 2983 chus
419 2927 653 2984 eﬁ‘ectus
698 2933 821 2998 est;
874 2929 1102 3000 langore
1149 2928 1455 2999 depressus
1498 2929 1677 3000 gravi,
1722 2927 1874 2983 diem

227 3015 444 3071 clausit
473 3021 806 3072 extremum.
841 3017 909 3071 Et
939 3017 1076 3087 quia
1107 3017 1179 3074 ob
1221 3017 1552 3074 incursione
1584 3015 1880 3072 Hismaeli-

231 3107 417 3159 tarum
451 3117 658 3173 corpus
706 3104 870 3160 illius
909 3105 976 3160 ad
1011 3104 1335 3161 coenobium
1376 3105 1664 3161 Benedicti
1698 3104 1882 3174 patris

232 3189 368 3247 ferri
395 3206 507 3247 non
529 3193 732 3261 valuit,
752 3194 1025 3248 Teanensi
1057 3193 1082 3236 8
1115 3194 1172 3248 in
1199 3201 1388 3250 castro
1408 3195 1538 3263 ejus
1562 3195 1620 3248 in
1643 3192 1881 3248 ecclesia

235 3281 532 3337 humatum
557 3287 658 3353 est,
683 3284 860 3338 donec
880 3283 1110 3340 caelitus
1129 3283 1328 3354 requie
1351 3283 1606 3353 praestita
1623 3288 1881 3338 sanctum

232 3371 296 3425 ad
327 3371 517 3426 locum
550 3371 807 3426 vehatur.
841 3373 942 3427 Per
973 3373 1120 3427 idem
1149 3377 1373 3442 tempus
1398 3372 1693 3439 Iserniam,
1723 3371 1884 3425 Sues-

235 3459 418 3514 sulam
457 3473 570 3515 uno
602 3473 809 3531 mense,
852 3466 1101 3516 castrum
1135 3461 1305 3516 etiam
1346 3461 1650 3516 Bovianum
1685 3459 1880 3514 eodem

234 3562 399 3619 anno,
435 3555 599 3619 capta
629 3555 684 3604 et
714 3550 1007 3607 combusta
1037 3557 1189 3606 sunt.
1224 3550 1346 3618 Quo
1383 3557 1633 3619 tempore
1676 3562 1884 3605 suasus

234 3638 523 3707 Gaideris,
558 3652 591 3694 a
625 3640 886 3695 Landone
927 3647 1166 3711 cognato
1197 3655 1301 3696 suo
1335 3640 1640 3708 alienatus,
1673 3638 1886 3692 Pando-

237 3726 391 3783 nolt‘o
419 3727 446 3769 9
475 3727 730 3786 sociatus
770 3733 875 3800 est,
922 3729 1216 3800 ﬁliamque
1264 3730 1450 3799 ipsius
1494 3742 1599 3783 suo
1642 3727 1884 3782 tradidit

237 3816 356 3873 ﬁlio
385 3836 400 3887 ς
432 3823 519 3874 set
541 3819 598 3874 in
633 3820 891 3889 proximo
914 3832 946 3873 a
971 3818 1404 3874 contribulibus
1431 3818 1574 3873 dicti
1602 3816 1650 3860 10
1674 3816 1888 3871 Lando-

239 3909 327 3963 nis
361 3914 568 3978 captus
601 3922 666 3964 ac
703 3908 980 3964 custodia:
1018 3908 1378 3977 mancipatus
1413 3911 1522 3975 est,
1554 3907 1793 3975 ejusque
1825 3904 1884 3958 in

241 4001 360 4056 loco
390 3999 682 4071 Radelgis,
717 3999 872 4055 ﬁlius
902 3997 1180 4067 Adelgisi,
1210 3997 1477 4067 princeps
1497 4000 1583 4050 est
1612 3993 1888 4049 constitu-

240 4096 331 4145 tus
363 4089 406 4132 ιι
435 4085 597 4160 (882).
630 4088 738 4156 Qui
774 4087 962 4143 tribus
991 4087 1085 4142 vix
1115 4085 1287 4141 annis
1321 4086 1629 4154 imperans,
1657 4097 1688 4137 a
1726 4080 1888 4136 Bene-

239 4177 501 4232 ventanis
538 4178 770 4246 ejectus,
814 4181 870 4230 et
905 4175 1030 4245 Ajo,
1073 4173 1248 4230 frater
1280 4175 1424 4242 ejus,
1467 4173 1590 4228 loco
1632 4171 1795 4225 illius
1841 4167 1887 4211 1'3

241 4267 586 4336 subrogatus
625 4270 712 4320 est
754 4262 911 4335 (885).
960 4262 1226 4319 Gaideris
1267 4276 1400 4317 vero
1440 4261 1674 4316 Francis
1716 4256 1892 4313 tradi-

240 4361 334 4409 tus
367 4355 426 4408 in
452 4353 737 4411 custodia.
775 4353 906 4424 fuga
940 4352 1135 4421 lapsus
1175 4350 1429 4420 pervenit
1466 4349 1660 4404 urbem
1693 4348 1892 4401 Baren-

1911 3059 1960 3122 C

1978 1840 2070 1895 nis
2099 1844 2155 1894 et
2185 1839 2326 1894 ﬁliis
2358 1839 2686 1894 Landonolfi
2715 1853 2886 1905 super
2909 1840 3176 1909 Capuam,
3208 1839 3619 1895 Pandonolfum

1975 1934 2271 1998 capturus,
2309 1929 2558 1997 advenit,
2600 1927 2927 1997 dictamque
2967 1928 3183 1996 urbem,
3220 1929 3353 1982 hinc
3391 1933 3445 1982 et
3491 1928 3622 1982 inde

1977 2016 2266 2084 obsidens,
2293 2015 2596 2086 afﬂigebat.
2620 2015 2738 2084 Qua
2761 2015 3097 2070 necessitate
3114 2015 3464 2084 compulsus,
3486 2013 3624 2068 Pan-

1976 2103 2253 2160 donulfus
2283 2092 2647 2174 Radelgisum
2674 2103 2988 2172 principem
3013 2108 3429 2173 cognatumque
3453 2115 3621 2157 suum

1981 2195 2038 2248 in
2061 2193 2344 2249 auxilium
2372 2193 2655 2248 invitavit.
2685 2193 2784 2247 His
2803 2196 2819 2214 ·
2845 2197 3057 2262 autem,
3083 2191 3326 2262 segnitie
3351 2191 3620 2259 seposita,

1982 2295 2110 2337 mox
2124 2283 2354 2350 Ajonem
2368 2282 2401 2322 2'
2431 2295 2761 2350 garmanum
2777 2294 2944 2336 suum
2959 2281 3257 2347 advocans,
3275 2280 3334 2334 in
3347 2279 3624 2334 comitatu

1981 2386 2086 2427 suo
2113 2373 2381 2440 Capuam,
2412 2384 2522 2441 qua
2551 2370 2854 2435 residebat,
2883 2374 3258 2440 expugnatam
3280 2368 3327 2411 ?l
3355 2368 3626 2424 audacter

1986 2461 2276 2531 ingressus
2319 2464 2421 2514 est.
2471 2461 2601 2513 Post
2648 2459 2763 2513 haec
2801 2457 2906 2527 Ajo
2951 2472 3078 2512 cum
3126 2457 3530 2512 Beneventanis
3572 2461 3628 2511 et

1982 2548 2268 2618 Capuanis
2312 2547 2626 2620 egrediens,
2672 2560 2800 2602 cum
2847 2546 2987 2600 ﬁliis
3034 2545 3358 2600 Landonolﬁ
3407 2544 3630 2598 Amalﬁ-

1986 2642 2149 2693 tanos
2182 2636 2526 2691 habentibus
2549 2640 2832 2690 certamen
2867 2635 3035 2704 iniit;
3073 2640 3129 2689 et
3156 2633 3500 2703 aliquandiu
3532 2648 3630 2703 pu-

1986 2731 2217 2797 gnatum
2257 2730 2344 2781 est
2375 2726 2538 2794 juxta
2582 2729 2797 2793 portam
2841 2723 3019 2778 urbis.
3063 2723 3318 2792 Cumque
3348 2727 3551 2777 neutra
3579 2721 3631 2764 22

1990 2830 2118 2885 pars
2133 2814 2299 2870 alteri
2322 2816 2563 2883 cederet,
2582 2818 2835 2884 utrmque
2851 2812 3002 2868 acies
3019 2812 3086 2867 ad
3111 2825 3214 2866 sua
3237 2824 3456 2866 reversa
3474 2815 3626 2866 sunt.

2057 2920 2145 2976 50.
2216 2921 2536 2990 Repedante
2609 2921 2801 2990 itaque
2869 2918 3171 2990 Radelgiso
3234 2918 3303 2973 ad
3370 2918 3628 2989 pr0pria,

1990 3008 2340 3066 Athanasius
2367 3010 2434 3063 ad
2465 3007 2635 3063 solita
2658 3020 2956 3062 recurrens
2989 3019 3163 3074 arma,
3190 3006 3487 3061 simulavit
3508 3005 3632 3061 uni-

1994 3111 2186 3152 versos
2229 3094 2529 3151 fratrueles
2571 3095 2821 3163 pacisci;
2867 3094 3198 3149 cohortatus
3238 3099 3324 3148 est
3366 3092 3636 3148 videlicet

1994 3201 2108 3255 eos,
2145 3191 2208 3240 ut
2248 3186 2380 3239 dato
2420 3187 2771 3238 sacramento
2800 3181 2866 3236 ad
2910 3182 3272 3248 alterutrum,
3319 3195 3514 3236 omnes
3555 3182 3637 3236 in-

1995 3275 2365 3345 grederentur
2390 3273 2584 3328 urbem
2612 3271 2989 3326 communiter
3019 3271 3354 3325 habitaturi.
3387 3270 3480 3324 Set
3503 3272 3640 3324 Pan-

1995 3361 2264 3418 donolfus
2287 3362 2358 3416 ab
2386 3362 2579 3416 eodem
2613 3360 2852 3430 praesule
2883 3364 3297 3413 sacramentum
3325 3359 3632 3426 accipiens,

1998 3466 2064 3507 ne
2083 3451 2230 3507 ullas
2245 3450 2296 3492 ‘23
2313 3456 2508 3506 contra
2529 3463 2655 3505 eum
2681 3448 2982 3503 moliretur
3001 3446 3264 3513 insidias,
3291 3452 3427 3500 tunc
3444 3459 3638 3500 omnes

1996 3539 2199 3595 fratres
2253 3541 2311 3594 in
2365 3553 2539 3594 unum
2589 3537 2824 3592 adunati
2873 3535 3119 3604 Capuam
3168 3534 3454 3602 adierunt,
3505 3533 3638 3588 dato

1997 3630 2160 3700 prius
2175 3628 2595 3699 amphitheatro
2610 3626 2793 3681 eidem
2810 3623 3123 3679 Athanasio
3140 3616 3210 3692 ‘24,
3230 3628 3285 3676 et
3303 3622 3400 3677 ille
3416 3620 3642 3678 Guaife-

1997 3720 2083 3775 rio
2100 3719 2168 3774 ad
2189 3716 2628 3774 cohabitandum
2654 3713 2894 3768 tradidit
2909 3712 2978 3767 ad
3003 3717 3337 3781 perpetuum
3354 3711 3642 3779 Capuano—

1998 3823 2122 3863 rum
2149 3807 2428 3878 jurgium.
2462 3807 2600 3860 Cum
2627 3816 2756 3858 vero
2794 3802 3057 3856 adessent
3092 3799 3365 3867 universi,
3401 3804 3464 3854 ut
3493 3798 3640 3853 dixi-

1999 3912 2144 3964 mus,
2169 3909 2362 3951 omnes
2375 3896 2665 3963 jurarunt,
2692 3897 2755 3948 ut
2774 3889 2994 3960 paciﬁci
3019 3893 3072 3944 et
3095 3888 3219 3944 sine
3244 3887 3358 3943 ulla
3385 3887 3641 3942 molestia

1997 3985 2138 4040 dicti
2173 3984 2284 4038 viri
2319 3984 2600 4038 intrarent
2629 3981 2698 4035 ad
2731 3977 3215 4035 commorandum.
3261 3974 3644 4031 Pandonolfus

1997 4079 2184 4129 autem
2217 4072 2431 4140 recepit
2470 4084 2566 4125 eos
2598 4082 2771 4124 ovans
2805 4082 2931 4124 cum
2965 4065 3194 4122 clericis
3228 4070 3378 4120 veste
3416 4064 3646 4119 amictis

1999 4161 2275 4230 candida;
2333 4174 2459 4215 mox
2507 4164 2694 4213 autem
2747 4157 2989 4227 ingressi
3048 4155 3219 4219 intro,
3270 4153 3648 4222 apprehende-

2003 4256 2138 4306 runt
2156 4247 2563 4305 Pandonolfum
2579 4254 2633 4301 et
2649 4242 3057 4300 Landonolfum
3075 4242 3304 4297 fratrem
3318 4243 3460 4311 ejus,
3480 4254 3644 4310 quem

2003 4354 2172 4409 supra
2189 4339 2328 4407 (cap.
2349 4335 2771 4408 liti)episcopum
2785 4331 3220 4400 descripsimus,
3237 4344 3364 4386 cum
3379 4329 3646 4384 omnibus

241 4456 378 4512 sem,
408 4455 523 4512 quo
550 4417 920 4497 morabantur
943 4417 1125 4496 Graeci
1147 4417 1220 4510 3a
1253 4438 1468 4509 quibus
1496 4436 1709 4491 missus
1733 4434 1778 4476 l3
1804 4439 1894 4489 est
1919 4417 1968 4476 ῐ)
2003 4427 2418 4494 consentaneis,
2440 4418 3188 4512 sequacibusetfautoribus
3204 4419 3346 4486 suis,
3363 4417 3646 4512 et

244 4505 443 4586 urbem
470 4531 541 4586 ad
574 4530 787 4602 regiam
826 4529 1041 4585 Basilio
1078 4505 1172 4599 pio
1209 4505 1472 4600 augusto,
1507 4540 1536 4581 a
1575 4538 1688 4595 quo
1722 4524 1893 4578 hono-
2004 4517 2166 4572 missi
2201 4521 2335 4571 sunt.
2363 4513 2696 4583 Neapolim;
2732 4516 2857 4581 post
2886 4509 3002 4564 haec
3027 4513 3084 4563 et
3118 4506 3168 4550 35
3196 4520 3421 4576 uxores,
3455 4505 3562 4560 ﬁlii
3592 4509 3650 4560 et

244 4625 402 4675 ratus
428 4619 764 4690 ditatusque
792 4619 962 4675 donis
984 4617 1404 4688 imperialibus,
1426 4614 1660 4671 (Eream
1694 4611 1890 4668 urbem

245 4708 464 4778 accepit
502 4707 569 4762 ad
608 4708 1042 4764 convivendum.

312 4811 403 4868 49.
438 4812 603 4887 (883.)
638 4816 752 4870 Hac
788 4817 1118 4885 tempestate
1155 4811 1490 4869 Pandonulﬁ
1537 4808 1890 4866 nimietatem

2005 4607 2138 4662 ﬁlia:
2171 4606 2358 4661 missae
2389 4608 2523 4659 sunt
2563 4602 2723 4658 illuc.

2072 4711 2159 4769 51.
2196 4715 2348 4768 Inter
2379 4711 2495 4766 haac
2522 4708 2786 4764 Saraceni
2821 4711 2994 4763 totam
3023 4704 3409 4776 supradictam
3442 4708 3646 4759 terram

2003 4801 2315 4861 crudeliter
2339 4797 2649 4866 laniabant,
2673 4796 2753 4852 ita
2775 4800 2840 4852 ut
2858 4795 3112 4851 desolata
3131 4798 3281 4850 terra
3301 4792 3650 4863 cultoribus,

1623 5029 1855 5085 VARle
1882 5025 2270 5084 LECTIONES.

322 5187 338 5230 ί
412 5192 566 5243 carte
611 5203 657 5241 ο.
753 5187 778 5230 2
824 5185 1142 5245 exercuerit
1187 5182 1235 5240 4.
1333 5184 1356 5227 3
1387 5189 1441 5240 et
1500 5201 1543 5237 c.

1641 5180 1997 5236 llfratreules
2056 5197 2099 5233 (τ.
2194 5178 2218 5220 5

2251 5170 2693 5248 guaimalmarlo
2750 5188 2793 5224 c.
2889 5168 2928 5248 6_
2972 5167 3155 5248 crecis
3442 5163 3652 5248 Laudo:

253 5237 790 5328 nultum-veccliesizn
829 5237 1140 5328 ‘éépiﬁﬁizb'
1189 5237 1437 5328 praeesse
1483 5254 1806 5328 constituit,
1871 5250 2211 5328 [.anglull‘um
2253 5237 2680 5328 "veroupridem
2739 5249 2844 5297 etc.
2910 5241 3205 5328 ξςὲμῖζξςζψηῗ
3248 5237 3643 5328 pigri-(11:81.06

252 5332 412 5392 Leon,
458 5331 568 5384 Ost.
613 5333 639 5383 Ι
669 5327 752 5384 42.
831 5330 858 5372 8
888 5325 1262 5385 ιέίιηθηεὶελ.

257 5403 301 5442 ¹··
329 5402 490 5481 _missi
523 5419 578 5481 Ac.
705 5473 718 5481 _
752 5399 798 5444 l5
827 5401 1050 5481 besubii
1220 5401 1477 5481 {gregem
1524 5414 1568 5451 c.

1343 5329 1369 5369 9
1399 5324 1782 5381 Pandonoll‘us
1813 5341 1857 5376 ς.
1893 5323 1936 5365 ίι
1969 5321 2110 5376 dicti
2154 5320 2214 5374 di
2267 5318 2316 5373 1.

1653 5395 1698 5438 I7
1723 5396 1928 5450 devora
1973 5411 2015 5446 ο.

2399 5305 2504 5371 HI;
2546 5317 2760 5371 nstitus
2791 5331 2835 5367 ο.
2919 5305 3140 5366 ιτηευΒ
3183 5327 3226 5363 ο.
3308 5308 3354 5348 τις
3384 5305 3562 5358 misus
3601 5320 3643 5353 c.

2099 5373 2303 5446 i8arva
2346 5389 2404 5445 3.
2444 5388 2492 5430 ‘9
2521 5392 2578 5441 1η
2624 5403 2798 5453 marg.
2849 5400 3018 5438 manu
3070 5397 3196 5435 rem.
3223 5381 3538 5453 {castrum
3591 5373 3654 5424 in

615 5443 1066 5529 Salerniwtui'e
1219 5443 1504 5526 20ιῇιῖὖῖιέ
1526 5443 1592 5522 1}.
1668 5443 2120 5536 Qlexpugnatem
2166 5443 2223 5517 ἐξ
2251 5443 2452 5516 “ﬁne
2500 5460 2647 5516 ultra
2695 5443 2769 5512 c."
2791 5455 2844 5512 3.
2876 5454 2933 5497 23
2961 5453 3076 5510 ulla
3123 5467 3166 5503 ο.
3243 5446 3295 5490 2-4
3331 5443 3554 5500 athasio
3602 5459 3644 5493 (τ.

251 5544 304 5585 κθ
329 5549 470 5599 etut
495 5560 540 5598 c.
