4058 6154
403 318 503 377 774
1438 321 1915 377 ERCHEMBEKTI
1953 320 2115 375 CASS
2125 321 2390 377 [NENSIS
2442 321 2753 379 MONACHI
3719 318 3829 380 7Ίὲ

403 443 664 501 sentibus
696 447 715 491 1
746 449 802 499 et
839 444 1112 515 vepribus
1164 444 1376 515 repleta
1421 444 1669 501 fatiscat.
1720 442 2057 501 Guaiferius
2084 444 2143 505 A
2168 444 2271 501 Ille
2298 458 2430 501 vero
2464 445 2569 503 hoc
2600 444 2842 502 fratrum
2872 464 2920 509 13
2943 445 3189 502 consilio
3216 444 3471 519 distulit,
3506 448 3610 518 qui
3644 462 3829 505 rever-

402 538 590 589 autem
612 533 834 590 colosso
858 534 1136 604 residens,
1178 545 1386 591 suasus
1416 533 1488 590 ab
1517 534 1851 604 Athanasio,
1880 533 2055 589 immo
2168 547 2267 589 sus
2284 548 2399 589 rem
2413 532 3004 591 venenoseinsitamﬂ
3026 535 3498 606 propriisinnuit
3514 535 3822 594 fratribus.

401 628 457 679 et
476 623 823 680 Athanasius
854 624 926 680 ab
956 624 1059 680 illo
1083 629 1336 694 coactus,
1364 624 1579 681 bellum
1600 620 2002 693 cmpitinferre
2030 621 2055 664 ‘2
2163 621 2236 677 At
2271 622 2360 677 illi
2400 623 2802 695 obstupefacti,
2850 624 3018 697 signo
3051 639 3111 681 se
3147 625 3342 680 crucis
3376 625 3595 681 Christi
3640 628 3831 682 muni-

401 712 578 769 dictis
626 711 926 783 fratribus,
970 718 1142 785 atque
1167 727 1297 770 cum
1348 713 1650 769 Saracenis
1681 711 1926 767 nimium
1957 724 2055 767 eos
2163 717 2352 782 erunt,
2377 711 2668 768 dicentes:
2701 714 2848 768 Ante
2870 716 3170 768 moriamur
3198 719 3298 768 aut
3324 716 3627 777 cantemus,
3656 732 3829 785 quam

403 801 692 874 afﬂigebat
734 806 791 858 et
818 802 1014 859 acrius
1064 801 1494 873 insequebatur.
1527 802 1687 858 Tunc
1739 802 1885 857 nutu
1927 800 2049 872 Dei,
2162 815 2326 870 super
2370 803 2576 869 fratres
2641 807 2854 858 nostros
2906 803 3059 872 juste
3123 808 3223 858 aut
3280 803 3484 872 injuste
3547 806 3830 873 insurga-

404 905 433 947 a
464 905 580 962 quo
622 905 790 949 omne
832 891 1092 961 procedit
1130 891 1362 960 bonum,
1398 890 1680 962 quendam
1728 889 2051 963 Agarenum
2160 903 2279 943 mus
2328 905 2617 960 unquam;
2655 891 2827 946 danec
2868 894 3010 946 enim
3051 894 3177 947 erit.
3217 894 3279 946 in
3319 893 3548 947 naribus
3592 896 3825 958 nostris,

398 981 471 1036 ab
512 978 706 1038 Africa
736 994 993 1052 evocans,
1036 980 1193 1051 regia
1233 980 1306 1036 de
1335 979 1516 1051 stirpe
1554 979 1746 1051 generi
1787 978 1878 1036 sui
1913 991 2054 1049 pro—
2161 979 3161 1049 noninsidiabimursanguininostro.
3179 984 3307 1038 Mox
3324 982 3543 1038 etenim
3553 983 3752 1053 juncti
3779 985 3830 1029 15

398 1076 651 1129 creatum
681 1082 707 1126 3
737 1070 1092 1143 Agr0polirn,
1121 1069 1255 1124 inde
1273 1069 1657 1139 Garilianum,
1684 1083 1797 1140 quo
1829 1068 2054 1124 reside—
2162 1065 2271 1122 ﬁlii
2294 1068 2648 1137 Landonolﬁ,
2675 1069 3011 1127 munierunt
3034 1084 3095 1126 se
3116 1069 3387 1127 horribili
3411 1075 3469 1126 et
3494 1085 3638 1141 pene
3665 1071 3834 1129 inan-

398 1157 537 1214 bant
564 1157 794 1230 agmina
822 1157 1234 1227 Hismaelitica,
1268 1157 1452 1228 misit,
1485 1162 1657 1228 atque
1676 1157 1934 1213 omnium
1971 1156 2054 1212 il—
2159 1154 2285 1211 dito
2322 1163 2677 1215 sacramento
2727 1172 2856 1215 cum
2900 1158 3041 1215 ﬁliis
3079 1159 3367 1216 Landonis
3408 1159 3677 1216 clanculo
3718 1159 3830 1218 sub

398 1246 586 1303 lorum
611 1251 854 1303 mentem
882 1245 1218 1309 accendens,
1244 1246 1371 1316 ejus
1394 1245 1656 1302 hortatus
1682 1245 1938 1303 universi
1960 1245 2052 1301 Sa-
2160 1244 2317 1316 gravi
2340 1247 2723 1303 anathematis
2748 1247 3187 1318 interdictione;
3217 1249 3530 1319 statimque
3552 1247 3830 1307 Atenolfo

402 1335 591 1391 raceni
617 1341 731 1391 tam
755 1336 827 1391 de
855 1335 1157 1392 Gariliano
1183 1348 1353 1406 quam
1383 1334 1454 1390 de
1480 1334 1753 1406 AgrOpoli
1779 1333 2051 1391 comuni—
2158 1332 2707 1405 abiens,Athanasio
2720 1336 2940 1407 retulit,
2954 1337 3303 1394 voluntatem
3318 1334 3562 1394 fratrum
3576 1352 3825 1396 suorum

404 1430 490 1480 ter
534 1424 760 1481 collecti
818 1424 1161 1495 Calabriam,
1223 1437 1333 1495 qua
1391 1423 1679 1479 residebat
1722 1424 2047 1480 Graecorum
2160 1426 2338 1499 ratam
2381 1422 2502 1480 fore
2540 1423 2921 1482 fratruelibus
2948 1424 3002 1469 16
3022 1426 3166 1495 suis,
3196 1430 3254 1482 et
3293 1426 3353 1481 in
3384 1426 3548 1483 nullo
3586 1428 3828 1498 penitus

396 1514 685 1570 exercitus
723 1527 896 1585 super
925 1514 1235 1570 Saracenos
1268 1514 1328 1569 in
1363 1517 1557 1569 sancta
1587 1512 1857 1568 Severina
1886 1526 2050 1567 com—
2160 1512 2394 1567 moveri.
2421 1511 2495 1568 At
2524 1513 2642 1585 ille,
2668 1514 2883 1571 durius
2908 1514 3014 1571 hoc
3038 1514 3350 1588 accipiens,
3373 1521 3547 1572 extus
3569 1513 3601 1558 δ
3632 1514 3829 1574 factus

396 1610 701 1676 morantes,
764 1608 1182 1676 pr0perarunt;
1246 1602 1349 1659 ubi
1393 1607 1449 1659 et
1496 1616 1693 1659 omnes
1738 1602 2045 1659 Graiorum
2158 1603 2246 1654 est
2278 1599 2423 1657 illis.

396 1692 609 1765 gladiis
642 1693 884 1750 extincti
923 1697 1076 1751 sunt.
1113 1692 1332 1748 Dehinc
1365 1692 1702 1748 Amanteum
1738 1696 1990 1748 castrum
2020 1691 2048 1735 4
2228 1685 2316 1743 54.
2341 1690 2550 1747 Eodem
2571 1695 2825 1762 tempore
2847 1691 3243 1763 Guaimarius,
3268 1694 3646 1764 supradictus
3667 1695 3827 1765 prin-

395 1785 623 1851 captum
650 1785 755 1837 est.
782 1781 997 1837 Deinde
1039 1784 1096 1836 et
1136 1780 1305 1836 dicta:
1343 1778 1519 1835 beata:
1554 1779 1835 1835 Severina:
1873 1777 2048 1848 oppi—
2080 1770 2131 1831 Β
2156 1789 2309 1848 ceps,
2328 1792 2458 1834 cum
2481 1780 2727 1836 nimium
2743 1781 3092 1854 affligeretur
3112 1782 3185 1839 ab
3203 1782 3518 1840 Athanasio
3540 1784 3825 1855 episcopo

393 1870 531 1927 dum
562 1871 979 1941 apprehensum
1015 1873 1102 1925 est
1133 1866 1296 1941 (884).
2157 1879 2285 1922 cum
2322 1868 2642 1940 Saracenis,
2677 1876 2938 1942 essetque
2976 1884 3045 1927 ex
3089 1876 3206 1928 toto
3244 1872 3595 1943 depopulata
3640 1874 3825 1931 tellus

463 1955 552 2015 52.
586 1958 802 2016 Basilio
846 1958 1216 2016 serenissimo
1252 1961 1497 2029 augusto
1545 1956 1665 2012 hiis
1688 1955 1896 2013 diebus
1939 1956 2048 2012 de—
2158 1954 2365 2025 ipsius.
2391 1957 2471 2013 ita
2489 1963 2552 2014 ut
2570 1959 2698 2029 capi
2719 1960 2903 2030 possit
2921 1960 3250 2016 nisidivina
3270 1961 3453 2031 pietas
3474 1962 3822 2035 restitisset,

394 2046 593 2104 functo
624 2045 793 2121 (886),
831 2049 948 2105 duo
980 2047 1089 2103 ﬁlii
1138 2047 1264 2117 ejus
1290 2047 1349 2102 in
1404 2046 1649 2117 imperio
1673 2050 1810 2102 sunt
1853 2045 2042 2115 electi,
2154 2044 2223 2099 ad
2246 2046 2574 2103 Grtncorum
2600 2061 2661 2104 se
2680 2049 2930 2106 contulit
2951 2049 3288 2123 suffragium
3313 2069 3327 2123 ;
3350 2065 3384 2107 a
3410 2050 3633 2123 quibus
3655 2051 3824 2108 nobi-

396 2137 452 2193 id
484 2142 570 2194 est
598 2138 622 2181 5
652 2140 759 2194 Leo
789 2138 1210 2211 primogenitus
1230 2140 1287 2193 et
1313 2135 1628 2193 Alexander
1658 2135 2044 2206 subsequens;
2157 2130 2294 2188 liter
2329 2139 2416 2190 est
2449 2135 2704 2205 adjutus.
2736 2139 2876 2193 Nam
2904 2142 2962 2194 et
2998 2152 3141 2195 auro
3170 2142 3226 2195 et
3255 2137 3543 2195 frumento
3575 2139 3825 2210 adjutus

396 2228 610 2285 tertius
638 2242 790 2299 vero,
834 2227 1158 2299 Stephanus
1198 2227 1447 2294 nomine,
1487 2225 2043 2295 archiepiscopatum
2156 2225 2261 2292 est,
2284 2227 2340 2278 et
2354 2224 2806 2282 auxiliatoribus
2826 2226 3095 2297 stipatus,
3117 2228 3218 2298 qui
3236 2228 3824 2285 custodirenturbem

391 2317 644 2389 ejusdem
686 2318 852 2375 urbis
868 2348 942 2358 ~—
961 2318 1139 2387 ejecto
1164 2316 1190 2359 6
1215 2316 1405 2382 Focio,
1440 2316 1540 2387 qui
1571 2316 1710 2372 olim
1740 2328 1773 2371 a
1811 2314 2045 2371 Nicolao
2155 2314 2212 2365 et
2241 2312 2514 2383 populum
2541 2315 2705 2386 ejus;
2737 2315 2887 2386 quod
2920 2320 3155 2373 actenus
3180 2320 3458 2385 servatur,
3495 2321 3560 2373 ut
3587 2318 3823 2374 dictum

393 2408 592 2478 prima:
637 2407 793 2463 sedis
840 2406 1110 2477 pontiﬁce
1157 2404 1230 2462 ob
1279 2405 1631 2461 invasionem
1678 2405 2046 2474 episc0patus
2153 2403 2257 2455 est.
2280 2400 2388 2458 Aio
2417 2408 2627 2474 autem,
2658 2404 2926 2475 princeps
2945 2406 3267 2477 Beneventi,
3291 2409 3348 2461 et
3366 2411 3498 2462 ante
3523 2406 3830 2477 principa-

393 2496 813 2568 lgnatiiadhuc
834 2494 1170 2564 superstitis
1191 2499 1464 2564 perpetuo
1484 2492 1842 2549 anathemate
1859 2491 2045 2548 fuerat
2154 2491 2274 2545 tum
2318 2496 2375 2546 et
2420 2496 2613 2561 postea
2660 2494 2869 2564 partim
2916 2494 3228 2552 imbecillis
3272 2495 3480 2566 partim
3531 2494 3825 2553 roboreus

394 2584 695 2653 multatus,
722 2590 779 2640 et
807 2598 838 2639 a
867 2586 1078 2639 Joanne
1106 2596 1270 2654 papa,
1302 2587 1367 2638 ut
1399 2583 1478 2637 ita
1507 2582 1695 2637 dicam
1723 2582 1942 2653 ignaro,
1970 2581 2039 2636 ad
2152 2578 2368 2634 extitit.

392 2672 706 2743 pristinum
759 2672 999 2744 gradum
1052 2670 1856 2742 resuscitatus—regendum
1905 2686 2045 2726 sus—
2221 2664 2309 2722 55.
2344 2668 2417 2724 Ut
2452 2674 2641 2726 autem
2684 2678 2813 2742 post
2856 2677 3076 2746 tergum
3122 2673 3367 2743 redeam,
3414 2672 3823 2731 habeuntibus

395 2762 565 2831 cepit,
1767 2800 1773 2805 .
2151 2756 2449 2813 Saracenis
2470 2759 2790 2816 Calabriam
2820 2760 3076 2833 illucque
3098 2761 3147 2805 17
3169 2762 3564 2834 pereuntibus,
3588 2763 3823 2819 Decivi-

456 2847 544 2907 53.
570 2848 736 2924 (884.)
760 2852 979 2907 Interea
1001 2849 1356 2907 Athanasius
1376 2849 1548 2907 solita
1573 2848 1775 2906 fraude
1798 2849 2040 2921 cupiens
2152 2843 2229 2901 lis
2255 2846 2375 2901 dux
2403 2846 2609 2916 Caietae
2637 2854 2865 2905 centum
2909 2865 3048 2920 pene
3078 2842 3501 2924 quinquaginta
3533 2849 3584 2893 ¹8
3613 2865 3688 2907 ex
3727 2853 3820 2909 eis

388 2939 753 3009 supradictos
795 2938 1004 2997 fratres
1056 2943 1417 3011 sequestrare
1463 2939 1534 2994 ab
1585 2939 1850 3012 invicem,
1904 2940 2040 2995 hinc
2153 2946 2345 2990 secum
2398 2935 2661 3009 retinuit,
2718 2944 2783 2995 ut
2830 2939 2957 2995 sine
3009 2940 3351 2996 sacerdotali
3399 2939 3587 2996 omcio
3632 2955 3820 2997 rema-

386 3028 642 3085 Landoni
663 3028 901 3100 seniori,
923 3028 1045 3085 ﬁlio
1062 3028 1330 3085 videlicet
1344 3028 1632 3085 Landonis
1649 3028 1968 3100 singularis
1982 3032 2038 3085 et
2072 3081 2119 3100 η
2150 3029 2310 3079 ﬂeret
2331 3042 2345 3094 ;
2369 3024 2437 3079 ad
2461 3025 2647 3081 instar
2664 3026 3044 3098 Judaycorum
3069 3043 3265 3100 regum
3283 3029 3407 3100 qui.
3433 3029 3626 3085 diviso
3654 3030 3820 3087 inter

388 3081 2035 3189 assidentes;sic;sitienssitiens
2071 3081 2120 3144 ο
2149 3125 2209 3168 se
2236 3081 2446 3168 bifaria
2471 3127 2666 3185 regno,
2700 3081 2995 3188 utamur,
3029 3081 3238 3174 ιθνῖιω
3265 3081 3334 3173 οἱ
3366 3081 3613 3174 maxima
3647 3124 3819 3189 parte

387 3205 447 3262 in
473 3208 808 3280 conjugium
833 3208 1027 3280 cessit,
1055 3207 1127 3264 ob
1153 3208 1279 3277 hoc,
1308 3211 1373 3264 ut
1396 3207 1517 3264 ﬁlia
1543 3205 1886 3265 feminarum
1914 3208 2038 3264 illa-
2145 3202 2565 3273 Jerusolimam,
2599 3220 2713 3275 quo
2745 3205 2930 3262 inerat
2961 3207 3171 3277 templo
3203 3212 3320 3264 toto
3349 3207 3487 3264 orbe
3515 3209 3818 3265 authenti-

386 3302 622 3368 quearet
656 3311 824 3370 eum;
864 3297 1201 3370 adscitoque
1243 3312 1393 3370 eum,
1442 3298 1666 3355 monuit
1705 3297 2034 3367 serpentino
2146 3305 2298 3359 cum,
2349 3293 2678 3365 congregati
2732 3300 2887 3350 sunt.
2938 3296 3017 3351 De
3065 3309 3180 3367 quo
3232 3310 3470 3352 numero
3516 3310 3587 3352 ex
3642 3305 3811 3367 parte

382 3398 500 3457 ore,
536 3391 599 3443 ut
622 3385 1038 3444 confratrneles
1063 3401 1199 3444 suos
1226 3391 1453 3459 caperet
1481 3388 1567 3444 vel
1594 3384 1641 3459 7,
1674 3386 1824 3458 quod
1854 3386 2036 3458 magis
2146 3379 2250 3437 fati
2285 3381 2332 3424 l9
2361 3380 2476 3439 fere
2519 3383 2588 3438 ad
2619 3387 2844 3439 centum
2876 3383 3086 3456 viginti
3123 3385 3388 3441 Saraceni
3426 3385 3624 3441 urbem
3667 3388 3812 3444 Tea-

381 3475 688 3544 ambiebat,
731 3477 1018 3533 occideret
1043 3476 1106 3549 8;
1148 3477 1372 3534 scilicet
1401 3481 1468 3533 ut
1504 3476 1656 3532 inter
1684 3490 1744 3533 se
1781 3476 2036 3531 rixantes
2146 3484 2374 3526 nensem
2392 3472 2669 3528 audenter
2687 3472 2975 3545 adierunt,
2997 3473 3172 3529 sicuti
3197 3474 3550 3547 prius'agere
3569 3489 3813 3546 conspe-

379 3569 483 3622 aut
507 3567 743 3622 omnino
771 3566 1075 3623 interirent
1098 3569 1200 3623 aut
1223 3566 1547 3637 deﬁcerent,
1577 3569 1636 3620 et
1665 3565 1764 3620 ille
1786 3565 2032 3634 Capuam
2143 3564 2364 3629 xerant,
2409 3560 2636 3630 quando
2677 3575 2850 3631 prope
2886 3562 3003 3618 duo
3046 3562 3210 3618 milia
3252 3563 3554 3635 quingenti
3593 3569 3804 3635 erant;

378 3659 622 3725 caperet.
666 3656 737 3711 Et
775 3655 1048 3725 quoniam
1079 3654 1290 3725 Laudo,
1334 3654 1470 3710 licet
1498 3654 1767 3725 segniciae
1808 3657 2033 3721 torpore
2142 3661 2315 3717 super
2358 3662 2502 3718 quos
2541 3651 2750 3715 Laudo,
2784 3663 2887 3706 ceu
2931 3650 3039 3722 leo,
3080 3651 3353 3708 audacter
3388 3666 3516 3707 cum
3559 3655 3691 3708 suis
3732 3653 3812 3710 ir-

379 3742 724 3798 naturaliter
744 3741 1053 3811 frueretur,
1079 3740 1396 3797 immobilis
1412 3746 1469 3797 et
1483 3746 1750 3797 constans
1772 3740 2036 3810 persiste-
2142 3750 2334 3808 ruens,
2355 3751 2538 3808 usque
2556 3738 2625 3793 ad
2650 3739 2911 3795 ultimam
2930 3740 3368 3796 internicionem
3389 3741 3664 3811 protrivit
3681 3756 3804 3815 eos,

377 3829 477 3885 bat
515 3845 573 3886 re
616 3830 904 3898 inchoata,
946 3830 1054 3886 hoc
1093 3830 1392 3886 advertens
1430 3829 1781 3885 Athanasius
1817 3828 2026 3898 doluit,
2146 3826 2231 3881 ita
2262 3830 2328 3882 ut
2356 3827 2427 3883 de
2457 3832 2618 3884 tanto
2648 3841 2885 3886 numero
2916 3843 3029 3885 non
3059 3829 3312 3899 amplius
3341 3845 3509 3903 quam
3543 3832 3809 3904 quinque

379 3919 645 3989 protinus
677 3918 990 3975 consilium
1021 3918 1273 3989 repperit
1309 3918 1423 3974 sibi
1464 3919 2033 3976 adcommodantissi-
2139 3916 2459 3989 evaderent,
2513 3918 2723 3975 ceteris
2774 3916 3095 3975 interfectis
3128 3919 3184 3962 2°
3220 3921 3277 3975 ni
3330 3918 3521 3991 fallor,
3566 3928 3804 3979 centum

378 4020 532 4062 mum
568 4012 727 4078 tunc,
758 4010 844 4062 set
878 4020 988 4063 non
1021 4007 1081 4062 in
1113 4006 1345 4079 longum
1388 4008 1766 4078 perniciosus.
1801 4009 2029 4079 Compe-
2141 4004 2491 4075 quindecim.

377 4095 518 4151 tenti
537 4096 747 4151 etenim
769 4093 1138 4152 festinatione
1155 4095 1306 4152 inter
1324 4096 1434 4153 ista
1450 4096 1777 4154 Atenolfum
1798 4098 2025 4170 ascivit,
2208 4092 2296 4151 56.
2326 4095 2681 4153 Athanasius
2706 4102 2895 4154 autem
2918 4111 3157 4155 cernens
3177 4113 3237 4154 se
3262 4099 3525 4156 delusum
3547 4100 3621 4156 ab
3646 4106 3805 4159 utro-

374 4182 544 4255 eique
584 4185 870 4242 secresius
892 4184 918 4228 9
951 4185 1118 4241 inﬁt:
1153 4188 1241 4241 Ea.-
1270 4188 1417 4241 omni
1443 4191 1600 4255 gente
1627 4188 2029 4256 Langobardo—
2140 4200 2384 4258 rumque
2408 4187 2887 4257 responsionibus
2914 4187 3178 4259 fratrum,
3204 4189 3433 4245 tristior
3455 4189 3695 4247 effectus
3714 4198 3805 4249 est

374 4289 496 4327 rum
521 4271 572 4317 10
591 4274 832 4343 Capuam
859 4275 994 4343 elegi
1019 4275 1157 4330 mihi
1187 4276 1438 4347 habilem,
1473 4280 1525 4331 et
1550 4292 1576 4330 e
1615 4276 1858 4346 Capuam
1884 4293 2028 4344 gcn—
2136 4274 2365 4348 solitus,
2386 4281 2472 4333 set
2487 4276 2652 4333 ocius
2672 4276 2894 4333 invenit
2917 4277 3227 4334 consilium
3254 4277 3446 4334 habile
3474 4278 3589 4334 sibi
3616 4298 3632 4349 ;
3666 4282 3806 4338 inis-

372 4365 478 4416 tem
500 4367 734 4418 vestram
753 4367 805 4418 et
824 4379 891 4418 ea:
913 4364 1162 4419 omnibus
1184 4365 1458 4433 fratribus
1482 4365 1592 4420 tuis
1617 4369 1666 4419 te
1692 4366 2023 4422 solummodo
2135 4364 2219 4421 sis
2238 4365 2528 4437 siquidem
2549 4365 2777 4438 legatis.
2801 4371 3087 4424 trecentos
3105 4368 3333 4424 Graecos
3353 4382 3521 4424 suum
3548 4368 3608 4424 in
3634 4371 3801 4426 auxi-

366 4453 607 4524 praetuli,
642 4454 1054 4509 consentientem
1074 4455 1214 4509 mihi
1239 4459 1289 4509 et
1316 4455 1376 4508 in
1405 4456 1614 4509 cunctis
1638 4459 2023 4526 optemperan—
2048 4453 2104 4516 D
2134 4453 2280 4510 lium
2310 4455 2538 4526 ascivit,
2568 4455 2827 4512 Chasana
2855 4454 2902 4500 2|
2932 4470 3030 4512 eos
3061 4461 3366 4526 praeeunte.
3394 4458 3552 4512 Tunc
3580 4458 3797 4515 callide

372 4545 476 4596 tem
505 4541 571 4605 ιι,
611 4544 791 4597 virum
826 4543 1181 4597 industrium.
1221 4543 1429 4598 Idcirco
1457 4545 1507 4598 si
1533 4545 1666 4599 meis
1702 4545 1879 4600 verbis
1909 4562 2021 4601 au—
2132 4559 2268 4616 pace
2297 4544 2445 4603 facta
2472 4560 2602 4603 cum
2631 4547 2938 4617 Capuanis,
2974 4560 3105 4602 mox
3135 4547 3364 4618 quando
3393 4547 3687 4604 vindemia
3716 4549 3795 4604 le-

369 4643 455 4682 res
488 4634 612 4684 tuas
649 4631 1098 4702 accomodaveris,
1136 4632 1197 4684 in
1231 4634 1439 4686 cunctis
1476 4635 1907 4703 prosperaveris.
1947 4634 2021 4690 At
2130 4635 2309 4707 gitur,
2341 4649 2472 4692 cum
2500 4639 2649 4692 esset
2676 4636 2868 4706 Capua
2902 4635 3093 4691 valide
3125 4635 3335 4692 afﬂicta
3364 4641 3421 4692 et
3448 4650 3483 4692 a
3521 4634 3667 4692 foris
3695 4638 3794 4694 de-

372 4715 472 4771 ille
497 4723 702 4774 cuncta
727 4732 786 4775 se
816 4724 1039 4789 patrare
1073 4720 1372 4790 respondit
1402 4720 1716 4795 imperata;
1747 4723 1842 4780 cui
1878 4723 2012 4781 ille:
2131 4724 2419 4796 populata,
2442 4738 2638 4782 omnes
2658 4724 2921 4780 certatim
2946 4725 3160 4796 egressi
3184 4728 3340 4795 sunt,
3365 4729 3477 4780 tam
3504 4724 3789 4795 primores

371 4803 510 4874 Cape
528 4807 667 4874 ﬁlios
681 4806 982 4871 Landonis,
1008 4812 1059 4863 et
1078 4813 1186 4864 esto
1207 4813 1269 4864 tu
1287 4811 1434 4867 solus
1450 4813 1725 4882 imperans
1750 4813 2013 4883 Capuam,
2128 4827 2299 4886 quam
2324 4818 2381 4871 et
2404 4813 2738 4882 mediocres,
2766 4814 2835 4869 ad
2864 4813 3353 4871 vindemiandum.
3384 4813 3487 4869 Ille
3512 4827 3667 4885 vero,
3698 4829 3789 4871 su-

367 4894 508 4947 sicut
542 4908 679 4948 avus
716 4899 843 4950 tuus
866 4894 916 4939 12
934 4897 1293 4965 singulariter
1327 4902 1624 4971 imperasse
1652 4902 2009 4970 dignoscitur.
2128 4906 2357 4975 gerente
2395 4903 2503 4959 hoc
2541 4902 2626 4958 vel
2666 4902 2913 4958 maxime
2950 4901 3249 4959 Guaiferio
3294 4902 3672 4975 Collossense,
3718 4916 3787 4959 ex

1747 5016 1978 5071 VARUE
2010 5015 2400 5073 LECTIONES.

439 5119 455 5164 ι
490 5105 571 5159 ita
615 5108 1260 5186 correai;_ue§ti_bus_c.
1314 5112 1611 5186 s_te_rpibus
1664 5120 1714 5168 et
1749 5113 2064 5186 serpibus‘
2088 5116 2235 5186 Mur,
2311 5119 2337 5161 2
2368 5113 2606 5186 inferret
2657 5131 2737 5169 ομ
2780 5114 2805 5156 3
2839 5105 3164 5184 procratum
3200 5130 3291 5177 _c.,
3366 5112 3477 5186 47in
3530 5117 3780 5185 margine

362 5190 540 5256 manu
570 5180 815 5256 recenti:
852 5178 925 5256 _in
971 5179 1253 5256 Calabria.
1334 5182 1359 5225 5
1393 5178 1485 5238 ide
1531 5202 1574 5238 c.
1655 5186 1681 5226 6
1711 5178 1890 5256 electo
1938 5201 1982 5238 c.
2035 5181 2090 5240 3.
2171 5186 2192 5228 ἴ
2224 5178 2293 5241 ut
2336 5201 2380 5239 c.
2460 5184 2486 5228 8
2518 5190 2582 5241 ut
2623 5201 2677 5256 q.
2725 5199 2797 5240 m.
2839 5178 2902 5241 'a.
2956 5186 3216 5256 occidere
3267 5202 3313 5239 c.
3393 5185 3421 5228 9
3448 5178 3780 5243 secrencius

362 5262 408 5327 c.
490 5246 542 5290 10
568 5246 1064 5327 longi_bardorum_
1085 5268 1130 5327 ρ.
1214 5253 1795 5327 ll__optemrantemc.
1848 5255 2236 5327 l‘l‘sicontuus
2280 5263 2416 5312 tuus
2458 5272 2504 5313 s.
2564 5246 2900 5327 impetrasse
2947 5273 2992 5311 c.
3050 5257 3097 5300 t3
3137 5255 3368 5312 fratrem
3424 5274 3467 5312 c.
3518 5257 3567 5301 14
3612 5258 3783 5314 insci-

361 5321 477 5401 tam
514 5333 561 5372 c.
608 5319 861 5401 0’5‘jucti
892 5336 942 5401 c.
982 5320 1067 5401 “16
1088 5319 1410 5401 fraiulib‘us
1444 5340 1489 5379 ο.
1569 5326 1621 5401 εἴ
1649 5326 1890 5401 illicque
1913 5324 1993 5401 2._
2045 5331 2064 5350 '
2089 5330 2173 5382 ita
2202 5326 2281 5391 3.,
2329 5327 2605 5385 roboreus
2648 5319 2692 5383 ὃ.
2774 5327 2825 5371 ¹8
2851 5328 3234 5400 quinquagita
3272 5345 3318 5382 c.
3402 5328 3451 5372 i9
3475 5331 3514 5383 i.
3560 5346 3606 5384 e.
3645 5345 3780 5401 prte-

360 5385 582 5446 fati.—
604 5385 740 5445 facti
769 5406 817 5445 c.
892 5390 945 5435 2ο
971 5392 1051 5445 ita
1085 5389 1140 5464 3,
1184 5392 1414 5450 infectis
1444 5411 1490 5449 c.
1567 5394 1619 5438 21
1652 5385 1936 5453 chasanos
1970 5395 1993 5452 4
2013 5438 2026 5450 .

1949 5494 2170 5552 ΝΟΤΛΕ.

429 5594 452 5625 ³
476 5585 691 5642 Scilicet
718 5587 940 5644 halitus.
2057 5591 2085 5634 δ
2134 5594 2191 5649 id
2218 5599 2305 5652 est
2329 5595 2554 5651 alienus
2577 5613 2592 5667 ;
2614 5596 2804 5661 hostis,
2834 5600 2898 5654 ut
2925 5596 3089 5653 editi.
