4058 6154
171 290 274 349 773

1381 304 1702 361 HISTORIA
1745 305 2375 365 LANGOBARDORUM.

3481 315 3599 375 774
3676 314 3689 325 ’

171 432 385 488 abditis
404 433 636 491 Graecos
668 435 997 505 Neapolites
1024 450 1139 493 una
1162 453 1291 495 cum
1328 440 1707 499 theatralibus
1733 443 1830 499 vi-
1851 425 1912 486 Α
1943 434 1999 485 θῑ
2039 430 2328 502 superius:
2384 430 2599 502 illaque
2631 432 2903 502 replicata
2951 441 3103 492 ευηῑο
3159 437 3292 492 Post
3340 439 3588 495 Peditum

173 520 297 576 risi
335 563 349 592 ,
372 526 430 577 et
470 522 824 592 depraadavit
858 530 1032 581 totam
1061 513 1327 597 Capuam.
1368 531 1740 600 apprehensis
1766 532 1826 588 in

170 622 230 664 ea
259 609 463 666 multis
505 616 563 667 et
604 614 1105 682 praestantissimis
1132 616 1277 673 viris
1320 619 1679 691 peculiisque
1712 635 1823 677 non

172 698 430 754 modicis.
456 699 541 755 Ab
561 701 663 756 illo
685 701 867 772 igitur
888 708 1142 773 tempore
1161 706 1353 762 omnia
1374 708 1825 781 circumquaque

170 789 491 859 devastans,
515 790 810 847 Liburiam
828 791 1160 849 vindicabat
1188 795 1323 851 sibi.
1357 798 1495 853 Nam
1529 803 1586 853 et
1600 799 1825 854 Sarace-

173 890 269 932 nos
295 876 763 952 Agropolitanos,
795 880 895 950 qui
938 896 1122 953 nuper
1145 884 1215 940 de
1252 885 1415 942 illius
1459 887 1823 958 magnatibus

165 967 325 1034 juxta
354 966 610 1023 rivulum
630 968 793 1024 Lanii
825 967 852 1011 2
880 984 992 1027 non
1022 973 1221 1042 procul
1246 987 1280 1029 a
1303 974 1577 1031 Suessula
1603 975 1627 1018 3
1661 1018 1676 1048 ,
1711 990 1824 1047 qua

169 1055 262 1110 ille
294 1053 606 1112 nefandum
643 1064 1062 1129 perpetraverat
1091 1063 1299 1135 scelus,
1334 1062 1509 1122 ferme
1546 1066 1824 1122 ducentos

170 1150 530 1214 peremerunt
558 1147 732 1218 viros,
782 1150 927 1206 clam
958 1152 1213 1208 evocavit
1241 1159 1296 1209 et
1328 1154 1577 1225 Capuam
1630 1154 1823 1225 misit;

171 1233 262 1290 ubi
291 1240 433 1291 tunc
458 1236 813 1307 egredientes
844 1239 1120 1310 Capuani.
1154 1242 1316 1299 valde
1338 1244 1680 1300 resisterunt
1699 1243 1821 1312 eis;

168 1322 235 1379 ob
302 1323 412 1378 hoc
470 1328 527 1379 et
571 1324 787 1397 absque
840 1329 1026 1398 praeda
1091 1331 1161 1386 ad
1219 1336 1406 1388 castra
1459 1334 1819 1403 repedarunt.

172 1412 361 1467 Laudo
397 1417 588 1469 autem
638 1415 833 1472 senior
864 1422 999 1473 tune
1038 1419 1339 1489 apoplexia
1371 1435 1678 1491 percussus
1726 1421 1826 1476 in—

173 1500 355 1555 teriit.

232 1585 324 1643 57.
363 1586 529 1663 (885.)
565 1591 767 1649 Dictus
807 1594 1001 1667 itaque
1043 1597 1154 1669 vir,
1193 1603 1364 1668 prout
1404 1604 1589 1655 mente
1617 1612 1827 1655 conce—

173 1682 348 1746 perat,
384 1678 551 1735 novis
569 1686 626 1735 et
657 1682 942 1740 inauditis
968 1686 1253 1743 machinis
1279 1687 1613 1759 insurgebat
1634 1687 1827 1743 adver-

171 1780 262 1821 sus
281 1766 607 1840 Capuanos,
634 1770 773 1827 adeo
799 1777 864 1827 ut
887 1778 1137 1844 tempore
1158 1775 1661 1847 quadragesimali,
1693 1788 1823 1831 eum

172 1854 359 1910 omnis
388 1853 552 1924 plebs
574 1856 920 1916 Christicola
949 1867 1005 1917 et
1037 1864 1323 1932 praeterita
1344 1865 1577 1920 deﬁeret
1606 1863 1754 1918 mala
1773 1868 1830 1918 et

174 1942 356 2012 poscit
415 1956 450 1999 a
494 1944 610 2000 Deo
656 1951 721 2002 ut
772 1948 956 2005 ﬂenda
1026 1950 1263 2008 minime
1309 1951 1674 2010 committati
1704 1952 1829 2024 ipso

176 2031 463 2088 mediante
491 2032 516 2075 5
541 2032 683 2091 festo
717 2037 1016 2094 Dominico
1050 2040 1434 2113 subsequente
1467 2043 1827 2114 crepusculo,

174 2120 433 2177 collectis
462 2122 676 2180 Graecis
702 2125 1137 2198 Materensibus,
1167 2130 1447 2202 Egipciis
1473 2138 1529 2189 et
1556 2131 1832 2203 Neapoli-

177 2208 351 2280 tibus,
388 2212 623 2269 conscio
653 2213 679 2255 6
713 2214 1008 2273 Guaiferio
1055 2218 1221 2285 duce,
1251 2226 1536 2290 praeeunte
1573 2222 1830 2277 Chasano

178 2298 372 2354 urbem
403 2300 736 2370 Capuanum
768 2306 1063 2375 temptavit
1092 2307 1375 2365 invadere.
1407 2310 1594 2381 Atque
1624 2323 1832 2366 ascen—

176 2387 250 2442 sis
269 2402 442 2444 muro
467 2390 585 2445 acsi
612 2393 883 2449 trecentis
907 2394 1052 2451 viris
1072 2397 1313 2454 armatis
1340 2399 1697 2455 diversorum
1726 2412 1832 2471 ge-

178 2475 415 2533 neribus
445 2477 727 2551 telorum;
775 2487 861 2537 set
895 2496 1091 2540 omnes
1131 2485 1189 2539 in
1214 2487 1456 2543 Domino
1504 2488 1829 2558 adjuvante,

177 2564 273 2619 alii
310 2572 518 2635 sponte
554 2581 623 2623 ex
650 2582 716 2625 eo
743 2570 1134 2644 dissilierunt,
1158 2574 1391 2644 quidam
1418 2576 1635 2631 cervice
1665 2581 1834 2632 tenus

182 2651 314 2707 imis
358 2654 501 2722 jacti
534 2661 690 2727 sunt,
734 2659 997 2715 nonnulli
1025 2675 1157 2716 vero
1195 2662 1387 2733 gladio
1416 2663 1830 2719 occubuerunt.

182 2741 253 2796 De
276 2741 503 2797 nostris
536 2759 687 2801 unus
711 2746 1066 2805 solummodo
1086 2750 1365 2807 Onericus
1386 2752 1636 2821 nomine,
1661 2756 1737 2822 et,
1770 2756 1837 2808 ut

181 2827 382 2898 fertur,
409 2843 444 2885 a
465 2832 609 2901 suis,
633 2834 923 2892 extinctus
949 2842 1052 2893 est.
1084 2838 1301 2894 Bellum
1323 2840 1538 2911 quippe
1568 2840 1673 2897 hoc
1698 2854 1839 2896 nar-

182 2923 367 2973 ratum
390 2918 455 2973 in
477 2934 639 2976 muro
667 2922 884 2979 arbiter
904 2925 1084 2981 iudex
1106 2940 1217 2983 non
1248 2942 1347 2998 per
1375 2929 1399 2972 7
1429 2928 1839 3001 belligerantes

185 3012 237 3063 et
266 3010 684 3079 armipotentes
731 3013 849 3085 egit
886 3014 1060 3081 viros,
1107 3023 1192 3072 set
1218 3030 1317 3088 per
1363 3023 1610 3089 quatuor
1641 3019 1840 3090 impu—

185 3095 275 3151 bes
319 3077 567 3153 miriﬁce
596 3077 866 3171 gessitvad
902 3077 1129 3161 laudem
1159 3077 1411 3163 nominis
1440 3108 1556 3179 sui,
1594 3077 1841 3165 Conira—
1864 3077 1915 3140 δ

187 3185 293 3241 ctis
321 3186 521 3257 itaque
558 3188 801 3260 viribus,
836 3192 985 3262 quod
1008 3200 1344 3265 conceperat
1385 3196 1621 3252 minime
1644 3210 1842 3252 cessa-

186 3275 290 3345 vit;
351 3290 482 3331 nam
530 3282 588 3332 et
653 3279 950 3338 Salernum
1023 3296 1122 3352 per
1162 3284 1475 3341 Saracenos
1524 3285 1712 3356 prius,
1784 3290 1843 3342 et

187 3370 376 3434 postea
407 3380 509 3435 per
549 3367 804 3425 Graecos:
865 3371 1198 3429 multotiens
1226 3388 1427 3444 capere
1467 3374 1704 3432 molitus
1732 3379 1840 3447 est,

188 3460 269 3508 set
288 3467 403 3510 non
434 3459 526 3510 est
551 3457 868 3525 permissus
907 3473 942 3516 a
968 3461 1230 3518 Domino.

253 3540 340 3598 58.
371 3544 583 3632 Eodem
610 3561 838 3618 quoque
858 3552 1112 3619 tempore
1130 3549 1342 3621 Guido,
1372 3552 1531 3609 ﬁlius
1554 3554 1842 3611 Guidonis

188 3632 454 3702 senioris,
500 3649 674 3705 super
718 3637 1028 3695 Saracenos
1060 3639 1123 3695 in
1174 3640 1846 3700 Garilianoscastrame-

192 3722 377 3777 tatos9
411 3764 427 3792 ,
460 3726 527 3777 ut
568 3728 718 3780 retro
748 3726 992 3793 redeam,
1024 3728 1316 3785 hostiliter
1359 3730 1607 3802 irruens,
1656 3736 1844 3788 castra

188 3821 380 3866 eorum
432 3812 698 3882 dirrupta
723 3812 1158 3887 i'-‘depr:edavit,
1195 3824 1252 3873 et
1288 3818 1617 3889 aliquantos
1645 3833 1842 3876 eorum

192 3897 401 3967 gladiis
435 3898 752 3970 interfecit;
788 3901 998 3973 reliqui
1030 3905 1239 3960 montis
1263 3919 1361 3974 per
1382 3920 1555 3975 opaca
1600 3912 1665 3963 ut
1695 3920 1846 3978 aqua

188 3984 382 4041 diffusi
411 3992 566 4043 sunt.
593 3989 693 4045 His
716 3996 906 4047 autem
928 3991 1176 4062 Capuam
1202 3994 1551 4064 apprOpians
1574 3996 1617 4040 ιι
1652 4037 1666 4067 ,
1693 3996 1847 4052 ultra

191 4075 593 4149 transvadavit,
628 4083 685 4134 et
704 4079 773 4135 ad
812 4086 1038 4150 pontem
1074 4082 1174 4152 qui
1200 4083 1589 4139 Teudemundi
1613 4091 1848 4141 vocatur

188 4170 620 4222 castrametatus
655 4165 743 4237 12,
791 4170 1003 4225 resedit
1049 4170 1414 4241 aliquandiu,
1461 4177 1517 4227 et
1562 4172 1751 4230 ablato
1779 4188 1848 4230 ex

188 4252 425 4308 Liburia
446 4251 735 4312 frumento
759 4262 816 4313 et
842 4257 980 4313 aliis
1000 4259 1316 4331 victualiis,
1350 4260 1604 4331 Capuani
1629 4260 1850 4318 refocil.

188 4339 289 4395 lati
333 4346 485 4397 sunt.
531 4343 671 4399 Cum
700 4345 895 4401 eodem
932 4347 1076 4403 duce
1112 4362 1224 4404 non
1252 4354 1389 4405 sunt
1435 4348 1732 4421 foederati;
1767 4359 1852 4408 set

1941 519 2257 587 supradicti
2280 520 2448 577 ducis
2469 534 2568 591 per
2593 521 2913 578 Chasanum
2940 524 3345 595 multipliciter
3371 533 3590 597 patrata

1938 612 2094 679 sunt,
2123 623 2249 679 qua:
2287 622 2319 665 a
2346 624 2433 666 me
2462 610 2712 666 strictim
2743 617 2878 667 sunt
2914 611 3089 668 dicta.

2005 693 2092 750 59.
2128 695 2292 769 (886.)
2332 700 2466 755 Post
2506 699 2621 755 haec
2658 704 2950 772 sugestum
2983 706 3070 758 est
3093 702 3276 759 eidem
3312 704 3469 777 duci,
3525 708 3594 761 ut

1934 785 2155 841 veniret
2171 788 2515 857 quantocius
2527 794 2583 844 et
2599 789 2871 845 liberaret
2894 791 3367 863 conﬁdentesipsi
3386 794 3507 865 ;sin
3527 794 3575 838 i3

1933 879 2143 945 autem,
2169 876 2405 932 omnino
2424 877 2741 947 perdicioni
2766 878 3047 935 subirent.
3073 880 3181 950 Qui
3208 894 3338 936 mox
3362 881 3593 937 veniens

1934 960 2203 1033 Capuam,
2234 963 2469 1034 Ajonem
2510 966 2829 1036 principem
2876 982 2908 1023 a
2948 968 3262 1025 Benevento
3305 969 3375 1025 ad
3403 982 3464 1024 se
3490 982 3595 1025 ve-

1937 1049 2183 1107 nientem
2216 1053 2462 1109 consilio
2481 1054 2881 1124 Capuanorum
2911 1056 3084 1127 cepit,
3112 1062 3168 1113 et
3196 1056 3305 1113 sub
3330 1056 3592 1114 custodia

1934 1138 2308 1196 Beneventum
2339 1142 2474 1198 duci
2498 1141 2669 1213 fecit;
2704 1144 2762 1198 in
2786 1158 2899 1215 qua
2932 1145 2980 1189 14
3013 1145 3316 1218 introieris,
3350 1145 3594 1202 ordina—

1935 1228 2018 1282 vit
2055 1242 2198 1284 eam.
2250 1230 2382 1287 Inde
2430 1231 2799 1301 proﬁciscens
2829 1236 2879 1280 15
2910 1275 2924 1304 ,
2956 1234 3264 1304 Sepontum
3298 1235 3594 1307 ingressus

1935 1318 2308 1386 est,-Ajonem
2353 1316 2497 1374 foris
2544 1320 2795 1391 reliquid
2844 1321 2903 1376 in
2936 1322 3163 1378 castris.
3218 1323 3358 1379 Cum
3402 1328 3590 1378 autem

1935 1405 2332 1476 cognovissent
2375 1406 2672 1476 Sepontini
2706 1409 2939 1478 Ajonem
2968 1407 3252 1467 seniorem
3293 1425 3463 1467 suum
3490 1423 3596 1466 ca—

1938 1498 2119 1563 ptum,
2167 1494 2563 1565 supradictum
2630 1496 2831 1552 ducem
2886 1499 3239 1555 unanimiter
3282 1501 3587 1570 irruentes,

1936 1581 2270 1638 clauserunt
2291 1583 2535 1653 quodam
2570 1584 2627 1639 in
2657 1587 2888 1657 templo,
2924 1588 3109 1659 captis
3129 1589 3255 1659 ejus
3285 1589 3592 1659 optimati-—

1938 1670 2063 1726 bus.
2117 1672 2228 1726 llac
2261 1671 2509 1743 illacque
2544 1678 2679 1729 tunc
2725 1674 2963 1731 missum
2997 1674 3046 1720 16
3071 1683 3176 1746 est,
3212 1682 3269 1733 et
3310 1678 3593 1733 adductus

1855 1745 1909 1807 Β
1938 1765 2023 1815 est
2055 1760 2158 1830 Ajo
2206 1761 2580 1833 redditusque
2607 1762 2656 1805 17
2674 1770 2762 1820 est
2794 1763 2840 1807 18
2870 1766 3028 1837 suis;
3069 1765 3186 1823 alio
3214 1780 3346 1823 vero
3370 1767 3465 1822 die
3495 1779 3595 1821 sa-

1938 1853 2226 1905 cramento
2259 1850 2411 1922 dato,
2446 1852 2540 1907 vix
2583 1867 2710 1908 cum
2741 1853 3014 1911 dedecore
3047 1856 3279 1927 elapsus
3306 1862 3409 1912 est.

2010 1936 2099 1994 60.
2148 1939 2365 1995 Dehinc
2410 1940 2667 1997 Chasano
2722 1942 3279 2014 ConstantinOpolim
3326 1945 3588 2014 abeunte,

1942 2027 2175 2097 quidam
2222 2028 2462 2100 stratigo
2505 2029 2830 2100 augustalis
2856 2031 3165 2088 Johannem
3198 2033 3588 2105 candidatum,

1943 2129 2109 2187 quem
2155 2116 2354 2188 lingua
2376 2117 2665 2189 Pelasgica
2688 2118 2736 2161 i9
2756 2120 3052 2177 Janniccio
3074 2126 3295 2191 vocant,
3318 2135 3446 2177 cum
3472 2126 3594 2177 tre-

1942 2204 2127 2262 centis
2154 2204 2659 2277 belligeratoribus
2700 2208 2917 2264 direxit
2948 2209 3262 2266 Athanasio
3301 2210 3588 2281 episcopo,

1942 2307 2072 2349 cum
2111 2308 2225 2364 quo
2258 2294 2405 2350 idem
2434 2294 2525 2350 vir
2562 2296 2809 2367 Capuam
2844 2297 2977 2353 hinc
3018 2303 3075 2352 et
3116 2298 3249 2354 inde
3288 2299 3591 2369 praadavit;

1942 2387 2115 2453 atque
2146 2383 2252 2438 hoc
2288 2383 2561 2454 praesidio
2578 2386 2633 2428 “lu
2660 2385 2903 2442 istorum
2936 2386 3348 2443 Pandonolfum
3374 2402 3443 2443 ex
3472 2388 3585 2443 vin-

1944 2471 2097 2527 culis
2117 2478 2372 2542 ereptum
2398 2472 2652 2529 libertati
2695 2475 2973 2545 restituit,
3000 2484 3057 2530 et
3078 2489 3112 2531 a
3142 2478 3456 2548 Magiperto
3499 2490 3597 2533 re-

1945 2568 2145 2631 ceptus
2174 2566 2260 2617 est
2278 2561 2561 2618 Suessam.
2595 2563 2705 2633 Qui
2732 2564 2971 2633 junctus
3007 2571 3093 2620 est
3120 2564 3355 2635 Graecis,
3388 2569 3445 2620 et
3475 2565 3602 2620 uni-

1946 2663 2106 2705 versa
2135 2650 2410 2708 animalia
2447 2652 2652 2723 Capum
2692 2652 2880 2708 ablata
2910 2658 3065 2708 sunt.
3102 2651 3223 2721 Qua
3254 2653 3324 2709 de
3360 2667 3419 2710 re
3449 2655 3600 2710 Lan-

1945 2739 2042 2811 do,
2091 2739 2248 2796 ﬁlius
2290 2740 2645 2814 Landonolﬁ,
2698 2746 2755 2798 et
2802 2740 3113 2799 Landolfus
3158 2742 3463 2813 episcopus
3491 2744 3601 2799 ad—

1950 2830 2143 2885 ierunt
2170 2829 2391 2885 dictum
2438 2830 2639 2887 ducem
2685 2831 2745 2887 in
2783 2831 3129 2904 Spoleeium,
3163 2836 3415 2902 petentes
3439 2831 3510 2888 ab
3538 2847 3603 2889 eo

1946 2919 2255 2974 auxilium.
2290 2919 2601 2977 Landolfus
2626 2921 2833 2994 praesul
2863 2936 2896 2977 a
2924 2922 3184 2993 Spolecio
3206 2935 3465 2978 reversus
3496 2928 3602 2995 est,

1948 3008 2139 3064 Lando
2176 3014 2365 3064 autem
2403 3023 2533 3065 eum
2572 3009 2766 3065 eodem
2814 3011 2960 3067 duce
3003 3025 3102 3082 per
3143 3012 3450 3082 Sepontum
3495 3011 3604 3067 Ca—

1952 3111 2121 3168 puam
2146 3096 2412 3167 advenit;
2442 3097 2543 3168 qui
2567 3110 2668 3167 per
2698 3097 2924 3169 aliquot
2950 3100 3078 3155 dies
3100 3099 3296 3155 Atellae
3325 3099 3603 3171 residens,

1949 3187 2198 3256 Capuam
2229 3183 2513 3241 frumento
2541 3185 2815 3256 implevit.
2841 3186 3084 3257 Accepto
3114 3187 3342 3259 nuntio,
3378 3192 3607 3258 repente

1952 3277 2185 3331 Romam
2203 3272 2493 3344 profectus
2510 3280 2615 3344 est,
2639 3276 2938 3345 Capuanos
2962 3277 3214 3347 reliquid
3244 3276 3304 3331 in
3338 3276 3605 3332 manibus

1952 3365 2097 3421 dicti
2123 3364 2405 3435 praesulis.
2437 3364 2489 3419 Is
2513 3370 2701 3420 autem
2730 3365 2924 3421 statim
2954 3380 3128 3435 super
3156 3371 3414 3422 sanetum
3445 3368 3611 3421 Here-

1955 3467 2108 3511 mum
2152 3454 2379 3508 Graecos
2422 3457 2480 3508 et
2537 3452 2942 3522 Neapolitanos
2993 3454 3243 3523 direxit;
3297 3467 3463 3524 quem
3503 3454 3609 3510 diu

1954 3543 2301 3612 obsidentes,
2325 3554 2422 3597 eos
2448 3540 2548 3612 qui
2579 3540 2638 3596 in
2661 3540 3015 3598 sublimibus
3033 3546 3051 3564 '
3080 3541 3405 3597 residebant
3432 3542 3607 3614 cepit,

1954 3638 2011 3689 et
2029 3630 2235 3686 deinde
2258 3631 2506 3700 Capuam
2541 3643 2610 3685 ex
2631 3637 2875 3702 utraque
2913 3635 3071 3701 parte
3101 3630 3351 3702 graviter
3371 3628 3423 3673 21
3454 3630 3613 3686 aﬁli—

1957 3720 2182 3792 gebant,
2212 3718 2292 3774 ita
2338 3723 2403 3773 ut
2450 3718 2617 3789 quasi
2664 3717 2892 3775 obsessa
2931 3718 3240 3774 videretur.
3272 3721 3412 3774 Nam
3447 3720 3613 3789 juxta

1956 3807 2267 3879 Sicopolim
2312 3808 2504 3863 Graece
2542 3820 2673 3863 cum
2722 3807 3120 3878 Neapolitibus
3160 3813 3219 3863 et
3263 3807 3614 3865 Pandonolt‘o

1960 3898 2292 3967 residentes,
2325 3897 2517 3952 omnia
2548 3896 2999 3967 circumquaque
3021 3897 3293 3968 stirpitus
3312 3895 3369 3940 22
3389 3899 3616 3954 devora-

1960 3987 2129 4058 bant;
2162 3986 2313 4042 unde
2355 3985 2601 4058 contigit
2629 3990 2691 4040 ut
2742 3986 3033 4058 octoginta
3062 4000 3131 4042 ex
3161 3988 3246 4043 eis
3284 3988 3614 4045 Calinulum

1960 4075 2324 4131 advenientes
2345 4090 2397 4133 23
2431 4116 2445 4146 ,
2479 4087 2650 4145 super
2695 4074 2943 4130 Teanum
2983 4074 3225 4132 latenter
3261 4077 3614 4148 irruperunt.

1960 4164 2183 4235 Quibus
2206 4177 2275 4218 ex
2304 4162 2530 4218 diverso
2564 4162 2753 4218 Lando
2783 4176 2911 4218 cum
2960 4165 3347 4223 Teanensibus
3375 4173 3433 4223 et
3477 4166 3618 4222 Ate-

1963 4252 2156 4311 nolfus
2179 4266 2307 4309 cum
2342 4251 2661 4322 aliquantis
2698 4251 2986 4321 Capuanis
3034 4260 3411 4311 occurrerunt
3451 4257 3617 4326 juxta

1962 4349 2215 4399 sanctam
2244 4340 2612 4398 Scolasticam
2659 4354 2833 4411 prope
2872 4348 3123 4398 castrum
3165 4344 3338 4400 Teani
3366 4363 3382 4415 ;
3414 4358 3446 4400 a
3478 4344 3619 4416 qui—

186 4441 319 4484 cum
353 4435 767 4489 retrorveretur
796 4434 1108 4506 urbemque
1142 4438 1438 4507 transiret,
1473 4443 1626 4494 metu
1666 4441 1849 4496 coacti
1879 4437 1931 4497 D
1962 4433 2071 4489 bus
2087 4437 2143 4488 θῐ
2171 4430 2312 4487 Victi
2340 4435 2496 4486 ευηῐ·

188 4517 574 4576 subdiderunt
605 4535 665 4577 se
693 4521 803 4577 illi.
824 4525 952 4595 Ipso
981 4524 1050 4580 ad
1084 4539 1187 4581 sua
1212 4532 1514 4597 remeante,
1549 4531 1734 4583 erexnt
1753 4542 1852 4585 saa-

189 4605 412 4675 pefatus
430 4608 787 4667 Athanasius
807 4612 1058 4670 viriliter
1073 4619 1270 4671 contra
1287 4629 1403 4687 eos,
1424 4616 1676 4688 tulitque
1703 4617 1845 4690 illis,

186 4693 423 4763 adjutus
475 4699 703 4756 auxilio
770 4698 1117 4774 Graecorum,
1173 4704 1366 4760 omnia
1421 4718 1453 4760 a
1508 4703 1654 4761 foris
1703 4713 1848 4777 sata,

190 4796 429 4855 quaeque
448 4786 794 4847 videbantur
819 4791 1111 4861 possidere
1129 4806 1163 4848 a
1185 4797 1345 4863 parte
1368 4792 1573 4864 Capuae
1599 4807 1701 4849 nec
1732 4808 1845 4850 non

2031 4520 2119 4577 61.
2154 4520 2333 4593 ξ(886.)
2387 4522 2489 4576 Per
2531 4519 2680 4576 idem
2734 4525 2957 4591 tempus
3010 4522 3416 4580 monasterium
3464 4522 3616 4579 beati

1955 4609 2246 4670 Benedicti
2273 4622 2306 4664 a
2334 4608 2637 4664 Saracenis
2670 4608 2834 4679 prius
2862 4609 3153 4667 dirrutum
3174 4610 3228 4655 24
3255 4624 3404 4667 anno
3431 4611 3621 4667 Domi-

1957 4704 2016 4759 ni
2042 4698 2149 4756 884
2167 4696 2220 4741 ἳῑ)
2244 4739 2259 4768 ,
2285 4696 2355 4752 ab
2376 4696 2683 4768 Angelario
2701 4698 3013 4755 venerabili
3033 4700 3234 4757 abbate
3255 4706 3503 4772 coeptum
3530 4706 3617 4758 est

1956 4787 2333 4848 rehaadiﬁeari
2373 4786 2552 4856 juso-
2581 4786 2632 4829 ‘36
2662 4800 2811 4844 anno
2853 4786 2979 4862 886,
3014 4803 3204 4847 mense
3250 4789 3519 4864 Augusti.
3569 4790 3611 4845 A

1556 4936 1784 4993 VARI/E
1824 4934 2215 4991 LECTIONES.

264 5041 285 5123 Ξ
322 5045 564 5123 immisit
609 5052 693 5107 vel
725 5054 833 5107 tale
856 5053 1010 5123 quid.
1088 5052 1113 5096 2
1141 5057 1201 5109 in
1233 5056 1481 5122 margine
1509 5067 1678 5107 manu
1706 5055 1948 5107 recenti:
1989 5052 2124 5108 inde
2170 5052 2393 5108 dicitur
2416 5056 2581 5123 terra;
2622 5051 2790 5108 lanie.
2868 5051 2893 5094 3
2928 5052 3256 5112 assuessula
3278 5071 3324 5109 c.
3403 5050 3429 5099 4
3456 5071 3621 5113 com-

194 5115 393 5173 mictat
438 5137 481 5174 c.

193 5191 351 5268 gains
366 5190 418 5268 2.
448 5266 456 5268 Α
538 5192 862 5268 lfdirructa
891 5213 934 5250 c.
1054 5200 1097 5242 ιι
1125 5198 1503 5268 approprians
1537 5213 1581 5249 ο·
1616 5190 1669 5268 3-.

193 5254 246 5310 3.
307 5330 319 5340 .
367 5262 606 5340 bitu}.
641 5266 944 5335 proﬁciens
981 5283 1080 5340 (λη
1146 5254 1442 5325 ι³6³ηιὶὲειιε
1467 5267 1519 5340 3τ

194 5335 355 5404 ταῖς
403 5335 698 5402 perﬁdiam
746 5354 789 5391 c.
904 5342 923 5411 ἐ
972 5339 1308 5396 sullimibus
1353 5357 1400 5394 c.

194 5397 247 5440 2°
276 5400 826 5465 DCCCLXXXXIIII.
857 5407 908 5464 4.
983 5407 1041 5453 26
1066 5411 1136 5467 de
1155 5413 1319 5482 jusso
1339 5410 1391 5468 3.

560 5123 584 5166 ει
616 5121 897 5180 mediante
939 5123 1103 5181 festo.
1154 5121 1447 5181 dominico
1489 5140 1532 5177 ο.
1610 5124 1637 5165 6
1665 5125 1861 5179 consio
1890 5138 1938 5180 c.
2021 5123 2045 5165 7
2072 5124 2220 5178 deest
2262 5138 2308 5179 c.
2360 5123 2515 5177 adest
2556 5121 2608 5178 3.
2688 5129 2713 5166 δ
2750 5124 3081 5196 gariliano:
3125 5142 3171 5180 ο.
3248 5126 3274 5170 9
3302 5132 3620 5185 castrame-

560 5192 862 5250 r’dirructa
891 5213 934 5250 c.
1054 5200 1097 5242 ιι
1125 5198 1503 5250 annronrians
1537 5213 1581 5249 ο.
1616 5190 1669 5248 3.
1788 5196 1837 5239 12
1864 5199 2243 5250 eastrametus
2281 5212 2325 5249 c.
2446 5195 2490 5237 i3
2519 5194 2870 5250 conﬁdentes
2921 5196 3042 5250 inse
3072 5197 3164 5250 sin
3197 5215 3243 5250 ο.
3364 5202 3412 5245 te
3443 5212 3613 5250 quam

1640 5209 1669 5247 ι.
1788 5209 1837 5239 ιΖ
1864 5209 2243 5251 easrrametus
2281 5212 2307 5249 c

1640 5265 1687 5309 l7
1712 5267 2048 5339 reditusque
2072 5284 2117 5339 ο.
2206 5338 2211 5339 ί
2234 5266 2307 5339 18η

1511 5336 1561 5381 ‘zl
1585 5339 1831 5411 glaviter
1873 5355 1917 5394 c.

2446 5195 2490 5237 t3
2519 5194 2870 5252 conﬁdentes
2921 5196 3042 5266 ipse
3072 5197 3164 5253 sin
3197 5215 3243 5262 ο,

2234 5266 2284 5309 18
2304 5271 2392 5322 est
2414 5279 2447 5321 a
2469 5266 2594 5323 suis
2613 5284 2659 5321 c.
2783 5268 2831 5311 I9
2863 5269 3137 5337 pelastica
3166 5286 3209 5323 c.

2575 5337 2629 5381 23
2652 5338 2923 5396 adventes
2950 5357 2996 5395 ο.

3364 5202 3412 5269 μ
3443 5212 3613 5269 quam

3325 5267 3381 5310 20
3404 5267 3487 5323 ita
3507 5284 3622 5322 cor-

2029 5338 2088 5382 22
2111 5338 2383 5409 stripitus
2418 5355 2463 5392 c.
2575 5338 2629 5381 23
2652 5338 2923 5396 adventes
2950 5357 2996 5395 ο.
3109 5338 3163 5383 24
3181 5341 3509 5397 dirructum
3566 5355 3594 5393 ο

1788 5508 2011 5568 NOTAE.

271 5590 296 5616 ³
327 5580 382 5635 1d
403 5581 486 5633 est
504 5580 683 5651 giuso,
713 5578 883 5637 infra.
