4058 6154
300 265 314 279 .
374 220 483 280 775

1427 223 1907 280 ERCHEMBERTI
1951 223 2380 282 CASSINENSIS
2424 226 2737 284 MONACHI

3691 229 3810 290 776

377 360 491 418 quo
521 347 539 392 1
573 347 782 404 reversi
830 349 966 404 dum
1003 348 1250 420 Capuam
1303 353 1708 420 repeteremus,
1743 363 1774 406 a
1804 349 2022 406 Grmcis
2045 349 2102 409 Α
2133 349 2346 405 reddiit
2375 354 2705 425 sanaturus,
2731 351 2800 408 ad
2834 365 3001 423 quem
3028 350 3417 411 LandOnolfus
3447 353 3626 411 frater
3653 371 3808 414 suus

375 437 528 508 capti
575 436 851 507 exutique
897 451 1098 497 sumus
1139 443 1196 493 et
1243 438 1557 509 exequitati
1585 437 1650 508 2;
1700 437 2022 509 ablatisque

303 589 306 592 ,
374 525 541 594 equis
556 531 613 580 et
639 525 845 594 spoliis
869 529 925 581 et
943 526 1230 581 ministris
1245 526 1493 597 cunctis,
1518 527 1778 582 homines
1789 532 2023 598 argento

375 611 648 682 redempti
682 628 710 668 s
737 617 852 683 :nt;
879 627 1058 684 equos
1084 614 1484 686 recollegimus
1502 613 1554 670 5.
1589 616 1700 687 Ego
1723 619 1913 671 autem
1941 629 2026 670 so-

373 697 466 756 lus
505 715 634 758 cum
669 707 1012 772 prmeeptore
1055 702 1312 772 pedestre
1350 702 1628 771 remansi;
1679 717 1711 758 a
1739 703 2027 773 Capuanis

371 789 546 846 delati
579 805 781 848 sumus
811 791 870 846 in
902 791 1118 861 urbem,
1151 791 1282 848 inde
1303 793 1598 862 Neapolim
1627 796 2032 862 pertranseun-

371 883 457 934 tes
485 879 782 950 nichilque
802 879 1182 952 proﬁcientes,
1214 879 1561 937 infructuosi
1589 880 1614 924 3
1649 881 2027 937 remeavimus

369 967 637 1037 Capuam.
657 968 874 1024 Dehinc
901 969 1012 1025 tria
1035 969 1289 1038 plaustra
1305 975 1536 1026 onerata
1558 969 1854 1026 victualiis
1885 969 2030 1025 mul-

370 1055 562 1126 tisque
589 1056 907 1126 Opulentiis
939 1058 1105 1128 juxta
1131 1057 1466 1130 Anglenam,
1521 1071 1636 1128 quo
1676 1058 1841 1128 prius
1869 1057 2022 1128 capti

371 1157 572 1200 sumus
597 1158 718 1216 nos,
742 1146 1094 1216 apprehensa
1125 1151 1181 1202 et
1211 1147 1534 1218 depraedata
1581 1153 1734 1206 sunt.

440 1230 528 1288 62.
579 1233 706 1290 Hiis
735 1233 817 1290 ita
853 1234 1168 1292 crudeliter
1214 1236 1412 1308 gestis,
1465 1235 1766 1293 Atenolfus
1817 1235 2024 1306 Spole-

369 1323 523 1381 cium
553 1322 579 1367 4
607 1337 866 1397 pergens,
907 1325 1042 1382 dato
1087 1326 1269 1396 pretio
1307 1326 1627 1399 Suabilum,
1669 1325 2020 1399 gastaldeum

366 1415 706 1484 Marsorum,
747 1427 878 1469 cum
917 1413 1054 1469 aliis
1079 1415 1254 1470 sociis
1283 1415 1580 1488 vassisque
1612 1416 1634 1458 5
1663 1457 1678 1488 ,
1704 1414 1900 1486 quasi
1951 1414 2022 1470 ad

367 1505 652 1558 trecentos
688 1507 959 1573 armatos,
1015 1517 1207 1560 secum
1242 1504 1508 1576 advexit;
1535 1519 1666 1560 cum
1711 1503 1926 1576 quibus
1967 1507 2026 1558 et

367 1591 676 1647 consilium
699 1591 856 1662 iniit,
882 1594 944 1646 ut
966 1591 1344 1664 gastaldatum
1371 1593 1702 1664 Capuanum
1724 1593 1814 1648 illi
1839 1592 2028 1648 ﬁrma-

2135 437 2381 494 invisere
2409 439 2662 513 veniens,
2702 439 3090 498 Landonolfus
3117 442 3278 498 solus
3323 443 3521 500 urbem
3549 443 3796 502 relictus

2137 529 2242 580 est.

2205 609 2292 668 64.
2326 613 2573 672 Cernens
2611 621 2798 674 autem
2837 617 2942 674 lroc
2981 616 3301 690 Atenolfus,
3339 621 3394 674 et
3440 619 3642 675 videns
3679 619 3803 676 sibi

2137 705 2362 772 tempus
2385 703 2607 760 adesset
2651 719 2988 777 congruum,
3034 707 3198 776 prius
3228 707 3528 763 simulavit
3572 722 3632 763 se
3663 722 3803 765 cum

2139 789 2379 860 conjuge
2403 791 2677 848 etliberis
2700 807 2730 848 e
2767 794 2806 838 ll
2835 795 3070 851 civitate
3094 795 3286 867 egredi
3318 802 3376 850 et
3401 796 3635 852 Calvum
3661 810 3807 867 qua.

2138 877 2190 932 si
2231 877 2599 936 habitaturus
2629 880 2679 923 12
2698 881 2880 938 adire.
2929 883 3084 939 Inter
3118 883 3229 939 ista
3264 897 3390 940 cum
3415 885 3714 954 juvenulis
3744 892 3808 940 et

2139 966 2381 1035 pecunia
2431 967 2758 1025 ambitiosis
2808 971 3120 1043 pacisceris,
3161 973 3296 1028 dato
3343 979 3699 1030 sacramento
3747 978 3807 1028 et

2136 1054 2438 1122 promissis
2470 1057 2670 1113 multis
2701 1059 3058 1129 muneribus,
3088 1061 3460 1130 dirrumpeus
3485 1061 3807 1130 jusjuran—

2133 1141 2269 1197 dum
2298 1143 2448 1214 quod
2496 1159 2627 1200 cum
2681 1145 2822 1202 ﬁliis
2874 1148 3162 1204 Landonis
3200 1155 3288 1204 ter
3321 1152 3638 1220 juraverat,
3665 1163 3802 1206 cum

2133 1231 2358 1300 sompni
2410 1237 2634 1302 tempus
2676 1235 3002 1292 advenisset
3044 1236 3343 1293 sabbatum
3378 1241 3503 1306 post
3538 1237 3805 1308 epypha—

2134 1317 2286 1372 niam
2319 1317 2368 1361 I3
2398 1361 2412 1391 ,
2443 1319 2549 1376 hoc
2563 1327 2649 1376 est
2667 1317 2718 1376 7.
2753 1323 2904 1378 Ydus
2934 1325 3217 1395 Januarii,
3249 1324 3544 1380 advocatis
3573 1325 3806 1380 sodali-

2135 1405 2245 1461 bus
2278 1403 2330 1450 14
2351 1409 2500 1480 suis,
2539 1423 2713 1479 super
2743 1409 2894 1466 ﬁlios
2937 1412 3226 1468 Landonis
3263 1412 3442 1468 irruit
3475 1413 3804 1470 bellaturus

2135 1493 2293 1572 (887).
2327 1498 2465 1553 Filii
2489 1503 2676 1554 autem
2712 1500 3002 1556 Landonis
3033 1514 3144 1557 non
3170 1502 3422 1573 segniter
3459 1515 3520 1558 se
3569 1515 3808 1573 praepa-

2135 1591 2405 1644 raverunt
2431 1587 2704 1644 adversus
2731 1589 3062 1658 hujusmodi
3085 1604 3388 1662 conamen,
3412 1598 3498 1646 set
3529 1589 3808 1662 fugienti-

367 1682 512 1736 rent.
544 1679 640 1735 Set
675 1680 1063 1752 ingredientes
1098 1681 1369 1752 Capuam,
1401 1697 1530 1738 cum
1564 1682 1669 1738 hoc
1709 1682 2024 1752 adimplere
2052 1676 2106 1738 B
2137 1674 2353 1732 bus‘eis
2379 1676 2473 1731 his
2494 1676 2553 1732 iu
2585 1676 2816 1746 quidem
2841 1678 3220 1752 conﬁdebant,
3254 1679 3520 1736 concussi
3549 1686 3684 1736 sunt
3709 1693 3810 1734 va-

367 1768 781 1839 nequivissent,
829 1769 974 1826 dicti
1005 1769 1230 1842 Franci,
1286 1772 1586 1828 resistente
1632 1785 1697 1827 ac
1722 1771 2024 1828 contradi—

365 1862 527 1914 cente
557 1859 841 1929 praecipue
869 1859 1133 1916 Landone
1149 1873 1416 1932 germano
1436 1861 1582 1930 ejus,
1614 1875 1782 1933 quem
1803 1861 2023 1918 dudum

367 1945 490 2015 ipse
515 1959 646 2002 cum
675 1947 882 2002 ceteris
908 1945 1190 2004 fratribus
1220 1949 1574 2020 gastaldeum
1607 1949 1666 2004 in
1699 1950 1794 2005 his
1819 1964 1945 2022 quae
1969 1950 1995 1993 6

363 2034 433 2090 ad
475 2047 572 2090 eos
613 2035 972 2106 pertinebant
1025 2036 1380 2108 instituerat,
1412 2037 1484 2093 ab
1530 2038 1723 2094 eodem
1761 2037 2024 2096 Atenolfo

363 2122 638 2194 absoluti,
671 2123 763 2180 via
797 2137 907 2195 qua
938 2129 1209 2180 venerant
1239 2126 1602 2196 repedarunt.
1644 2129 1800 2184 Tunc
1828 2128 2024 2185 dictus

361 2209 662 2268 Atenolfus
696 2212 944 2268 consilio
984 2212 1181 2269 habito
1209 2228 1340 2270 cum
1369 2215 1514 2286 suis,
1555 2216 1687 2272 Sadi
1718 2221 2020 2289 cognatum

363 2314 530 2356 suum
562 2301 632 2356 ad
661 2300 1040 2357 Athanasium
1080 2301 1292 2373 sapius
1318 2303 1534 2360 dictum
1569 2305 1808 2362 subdole
1839 2305 2019 2376 misit,

364 2401 605 2457 poscens
633 2387 704 2444 ab
733 2403 800 2446 eo
821 2389 1130 2460 auxilium,
1164 2394 1230 2446 ut
1247 2390 1617 2460 adjuvaretur
1646 2393 2024 2464 singulariter

363 2473 488 2529 ﬁeri
527 2489 718 2532 comes
763 2477 822 2532 in
851 2477 1060 2547 Capua.
1104 2479 1218 2533 Hoc
1269 2484 1456 2534 autem
1494 2481 1757 2550 audiens,
1788 2481 2022 2552 gavisus

362 2568 467 2633 est,
488 2565 866 2634 et'spopondit
882 2579 942 2621 se
960 2567 1019 2620 in
1042 2567 1312 2622 omnibus
1330 2567 1494 2624 illum
1509 2569 1534 2612 7
1565 2569 1982 2626 auxiliaturum
2005 2588 2020 2642 ;

361 2664 611 2723 cumque
637 2652 744 2708 hoc
771 2665 804 2708 a
835 2653 1108 2724 plurimis
1131 2659 1188 2710 et
1214 2655 1458 2712 maxime
1479 2661 1676 2728 terque
1707 2662 2022 2729 quaterque

360 2739 617 2797 Landoni
651 2739 858 2797 fuisset
899 2741 1164 2816 relatum,
1200 2743 1299 2798 ille
1325 2743 1497 2800 solita
1536 2745 1782 2816 segnitie
1808 2751 1865 2822 et
1895 2751 2022 2802 tor-

362 2842 498 2900 pore
520 2829 806 2901 detentus,
831 2830 988 2901 parvi
997 2831 1246 2902 pendens
1268 2846 1370 2902 pro
1396 2832 1615 2890 nichilo
1638 2833 1882 2891 ducebat
1902 2834 2022 2892 hu—

355 2917 613 2986 jusmodi
647 2918 948 2974 nuncium.

2135 1764 2268 1822 lide.
2317 1765 2560 1821 Maxime
2591 1779 2660 1820 ex
2699 1767 2804 1822 hoc
2852 1767 3252 1840 turbabantur,
3304 1768 3443 1838 quia
3490 1767 3799 1840 putabant,

2135 1853 2283 1924 quod
2344 1853 2534 1910 Laudo
2585 1867 2715 1910 cum
2747 1855 3030 1912 omnibus
3069 1856 3358 1928 germanis
3397 1857 3525 1914 suis
3577 1857 3638 1912 in
3687 1857 3804 1913 hoc

2132 1942 2356 1998 adesset
2396 1941 2669 1999 discidio.
2720 1943 2988 2000 Videntes
3016 1948 3205 2000 autem
3243 1945 3354 2016 hii,
3383 1945 3652 2001 destituti
3695 1958 3807 2001 es—

2134 2035 2261 2086 sent
2284 2030 2357 2086 ab
2385 2031 2674 2102 omnibus,
2707 2037 3004 2088 cesserunt
3044 2033 3332 2105 Atenolto,
3354 2039 3409 2089 et
3434 2033 3804 2106 egredientes

2134 2124 2307 2175 noctu
2351 2133 2420 2175 ex
2471 2120 2632 2191 urbe,
2678 2121 2928 2178 Teanum
2971 2122 3340 2194 advenerunt,
3381 2119 3800 2192 Landouolfus,

2131 2208 2325 2264 Pando
2350 2213 2406 2263 et
2431 2222 2605 2279 nepos
2633 2221 2829 2265 eorum
2855 2207 3212 2281 Guaiferius,
3242 2209 3678 2266 clamitantibus
3707 2211 3801 2266 eis

2132 2309 2164 2351 a
2195 2300 2354 2368 tergo
2389 2297 2459 2352 de
2487 2297 2758 2353 civitate:
2799 2299 2980 2354 Nolite
3017 2299 3098 2353 ire
3125 2301 3384 2362 Teanum,
3431 2301 3567 2368 quia
3595 2300 3803 2354 certis-

2132 2387 2264 2440 sime
2279 2387 2570 2456 capiemini
2595 2388 2615 2440 !
2641 2385 2716 2442 At
2746 2386 2836 2442 illi
2867 2387 3114 2443 Teanum
3139 2389 3547 2458 appropiantes
3575 2386 3622 2431 l5
3645 2429 3659 2458 ,
3685 2387 3805 2444 haa.

2133 2475 2312 2530 sitare
2341 2473 2389 2518 16
2417 2480 2730 2545 cmperunt,
2769 2487 2839 2530 ne
2869 2473 3062 2532 forsan
3091 2490 3125 2530 a
3165 2476 3428 2532 Landone
3457 2483 3798 2532 tenerentur

2133 2562 2396 2634 astricti;
2419 2563 2692 2619 nunciato
2719 2563 2914 2634 itaque
2937 2563 3184 2620 adventu
3213 2577 3338 2635 suo,
3361 2562 3794 2620 ofﬁciosissime

2131 2655 2271 2706 sunt
2307 2652 2580 2722 suscepti.

2202 2737 2291 2794 65.
2337 2737 2639 2796 Atenolfus
2667 2739 3047 2811 gastaldatum
3081 2739 3420 2811 Capuanum
3461 2739 3798 2812 singulari-

2130 2835 2218 2886 ter
2247 2817 2594 2898 suscipiens,
2615 2827 2892 2884 continuo
2913 2841 2973 2884 se
2993 2829 3258 2884 comitem
3285 2827 3564 2899 appellari
3587 2829 3797 2899 jussit,

2131 2929 2376 2988 moxque
2425 2915 2610 2972 ﬁlium
2664 2930 2834 2972 suum
2884 2917 3200 2973 Athanasio
3240 2916 3498 2974 obsidem
3548 2918 3796 2987 direxit,

429 3001 519 3062 63,
576 3006 723 3062 Exin
754 3012 1102 3066 memoratus
1147 3010 1337 3067 Laudo
1389 3009 1614 3068 {emiss
1639 3011 2023 3070 ardore‘suc—
2050 3012 2100 3075 α
2131 3006 2285 3062 sicut
2327 3009 2680 3060 sacramento
2712 3003 2759 3047 ίῗ
2792 3004 3092 3075 pollicitus
3144 3003 3350 3076 fuerat,
3399 3005 3698 3062 Liburiam
3739 3012 3802 3062 et

358 3107 584 3164 census,
611 3095 860 3153 Teanum
895 3097 1104 3166 habiit,
1135 3099 1428 3157 curandus
1451 3114 1482 3156 a
1511 3100 1744 3174 langore
1774 3116 1888 3173 quo
1911 3103 2023 3158 de-

356 3182 671 3240 tinebatur.
709 3184 1010 3242 Ateuolfus
1047 3187 1280 3244 interim
1303 3202 1336 3244 a
1376 3203 1436 3246 re
1465 3194 1647 3260 empta
1667 3191 1694 3234 9
1723 3202 1824 3247 nec
1854 3205 2021 3264 gres-

360 3285 604 3342 sumque
639 3285 822 3344 neque
867 3278 1108 3331 mentem
1139 3277 1433 3350 ammovit,
1468 3279 1564 3336 sed
1613 3284 1912 3350 promptus
1963 3284 2022 3336 et

359 3357 615 3417 fervidus
642 3362 894 3418 existens
948 3365 1238 3434 parturire
1269 3367 1416 3436 quod
1461 3368 1802 3438 jamdudum
1850 3369 2022 3426 corde

358 3454 714 3523 conceperat,
749 3451 821 3508 ob
853 3451 959 3510 hoc
1003 3455 1297 3526 Neapolim
1327 3457 1411 3512 ire
1447 3457 1720 3513 anxiabat
1748 3456 2014 3514 festinus.

357 3539 471 3595 Hoc
501 3553 635 3612 ergo
663 3554 792 3597 cum
834 3541 904 3596 ad
937 3555 1108 3597 aures
1138 3545 1424 3600 Landonis
1460 3546 1828 3616 pervenisset,
1881 3546 2019 3602 ilico

355 3625 614 3684 Alcisum
645 3633 702 3682 et
730 3627 1089 3684 Adelfridum
1109 3631 1354 3700 Capuam
1386 3631 1564 3702 misit,
1600 3634 1901 3688 utdictum
1924 3633 2022 3688 vi—

358 3728 485 3770 rum
517 3729 622 3771 suo
654 3715 886 3772 hortatu
916 3721 1100 3786 empto
1141 3717 1349 3775 itinere
1376 3720 1651 3791 deviaret,
1683 3725 1740 3775 et
1768 3720 2014 3790 adjecit:

355 3803 470 3870 Ego
509 3807 710 3866 autem,
749 3805 918 3858 missa
969 3805 1164 3859 audita
1193 3811 1244 3860 et
1285 3811 1602 3862 comestione
1647 3810 1825 3879 finita,
1879 3811 2019 3864 sub-

355 3904 554 3958 sequar
589 3905 702 3945 vos.
745 3889 834 3946 Illi
865 3892 1019 3948 enim
1050 3893 1328 3964 abientes,
1385 3893 1566 3954 fatum
1608 3897 1800 3954 virum
1849 3899 2018 3956 inve—

355 3975 579 4032 nientes
618 3977 865 4034 retinere
885 3981 1302 4054 nequiverunt;
1331 3988 1454 4040 erat
1483 3985 1636 4042 enim
1666 3987 1792 4044 dies
1819 3988 2018 4044 domi-

356 4063 544 4120 uicus.
569 4065 785 4122 Deinde
814 4067 1004 4124 Laudo
1035 4069 1422 4144 proﬁciscens,
1458 4086 1586 4130 eum
1612 4075 1848 4132 minime
1877 4090 2014 4147 rep-

355 4152 539 4224 perit;
579 4155 695 4224 jam
739 4155 893 4212 enim
945 4157 1184 4214 abierat.
1232 4159 1356 4229 Quo
1413 4161 1563 4220 facto
1590 4164 1675 4232 10,
1730 4166 2016 4222 sustinuit

353 4241 544 4298 Laudo
567 4243 854 4301 redditum
890 4247 1036 4318 ejus,
1071 4247 1278 4319 illique
1314 4253 1616 4307 revertenti
1641 4253 1794 4308 dixit
1825 4255 2014 4310 Laudo

2128 3096 2376 3164 Capuam
2407 3092 2516 3149 sub
2546 3093 2926 3162 jurejurando
2957 3093 3062 3150 illo
3103 3094 3404 3150 concessit.
3435 3092 3800 3150 Athanasius

2128 3196 2262 3240 vero
2293 3181 2537 3238 retinuit
2558 3181 2725 3236 illius
2747 3180 3020 3252 sobolem,
3045 3196 3344 3253 quousque
3369 3187 3596 3252 pactum
3630 3181 3736 3237 illa
3764 3195 3801 3238 a

2127 3271 2392 3328 Guidone
2411 3271 2556 3327 duce
2569 3271 2980 3340 repromissum
3007 3271 3327 3342 susciperet
3342 3271 3538 3327 dictus
3559 3271 3802 3328 Atenui-

2131 3359 2246 3432 fus,
2273 3365 2619 3431 acceptoque
2663 3357 2871 3416 foedere
2889 3359 3132 3430 Gallico,
3176 3359 3429 3416 reddidit
3473 3359 3563 3414 illi
3597 3359 3792 3416 ﬁlium

2132 3462 2324 3509 suum.
2351 3453 2408 3503 et
2435 3447 2692 3504 cutodita
2719 3452 2807 3504 est
2836 3462 2946 3518 pax
2977 3447 3128 3504 inter
3157 3453 3467 3518 utrumque
3495 3460 3644 3504 anno
3672 3460 3796 3504 uno

2131 3541 2188 3592 et
2219 3535 2513 3592 mensibus
2538 3535 2746 3592 tribus.
2790 3537 2892 3591 Per
2915 3537 3063 3592 idem
3093 3542 3318 3606 tempus
3344 3536 3540 3592 missis
3581 3535 3796 3607 legatis

2129 3623 2278 3681 idem
2303 3623 2606 3680 Ateuolfus
2629 3624 2882 3695 Romam,
2912 3627 3130 3694 Majone
3159 3625 3472 3681 venerabili
3499 3623 3705 3680 abbate
3735 3631 3797 3680 et

2125 3709 2403 3768 Dauferio
2431 3712 2696 3784 diacono,
2726 3718 2792 3769 ut
2811 3713 3154 3770 subderetur
3174 3713 3458 3783 Stephano
3480 3713 3576 3784 pio
3607 3725 3790 3783 papae,

2126 3806 2388 3872 essetque
2423 3801 2513 3856 illi
2545 3803 2816 3873 proprius
2847 3800 3133 3873 famulus;
3157 3807 3213 3859 et
3255 3803 3524 3874 promisit
3552 3803 3794 3859 reddere

2125 3892 2440 3962 Cajetanos,
2482 3904 2627 3962 quos
2659 3891 2876 3962 pridem
2907 3891 3117 3948 callide
3153 3897 3399 3962 ceperat,
3453 3892 3796 3962 adjuvaret-

2127 3994 2239 4053 que
2285 3994 2414 4037 eum
2485 3986 2685 4038 contra
2739 3983 3048 4038 Saracenos
3088 3981 3386 4038 Garillano
3449 3981 3791 4038 residentes.

2125 4073 2262 4142 Qua:
2305 4075 2500 4141 postea
2525 4073 2730 4126 cuncta
2768 4069 3007 4142 oblitus,
3049 4083 3116 4126 ex
3149 4070 3242 4126 his
3280 4085 3407 4142 qum
3445 4071 3797 4140 promiserat

2125 4160 2310 4216 nichil
2345 4159 2580 4230 omnino
2609 4159 2961 4230 adimplevit.

2196 4249 2283 4305 66.
2326 4249 2428 4305 His
2467 4262 2694 4320 quoque
2736 4248 2942 4306 diebus
2987 4249 3436 4320 Theophilactus
3464 4251 3708 4323 stratigo
3757 4264 3792 4308 a

438 4332 628 4388 caeteri
667 4331 905 4391 fratres:
941 4337 1085 4402 Quid
1113 4341 1272 4406 egisti
1313 4340 1465 4401 illuc,
1497 4355 1602 4409 quo
1624 4343 1762 4396 isti?
1788 4342 2014 4412 Quibus
2041 4365 2097 4428 D
2126 4339 2254 4395 Bari
2283 4339 2530 4395 Teanum
2565 4337 2856 4394 hostiliter
2883 4339 3113 4395 advenit
3143 4340 3354 4396 hiemis
3381 4345 3654 4410 tempore,
3677 4341 3793 4396 Sa-

354 4419 456 4476 ille
491 4422 790 4493 respondit
823 4423 992 4480 verba
1040 4425 1188 4481 bona
1225 4425 1507 4498 verbaque
1545 4429 1926 4487 consolatoria
1957 4437 2014 4488 et
2041 4419 2090 4428 ”
2126 4443 2360 4486 racenos
2394 4433 2680 4497 temptans
2721 4428 3098 4500 impugnare;
3131 4429 3430 4500 nichilque
3456 4429 3792 4500 proﬁciens,

349 4509 790 4581 deceptionibus
816 4511 1000 4582 plena.
1023 4513 1148 4568 iliis
1171 4514 1392 4571 auditis
1411 4521 1466 4572 et
1487 4517 1732 4574 nimium
1763 4521 2008 4593 creduli,

350 4597 761 4668 acquieverunt
787 4600 1082 4657 credentes
1110 4601 1183 4656 ei.
1216 4602 1461 4660 Proinde
1493 4606 1684 4662 Laudo
1708 4607 2010 4664 advertens

349 4683 665 4742 fraternum
699 4687 916 4760 dolum,
965 4694 1052 4745 set
1077 4703 1314 4761 sompno
1332 4692 1558 4764 sopitus
1588 4699 1644 4751 et
1675 4695 2010 4770 ineglegen—

348 4773 440 4830 cia
461 4773 787 4862 depressus,
831 4789 942 4833 non
976 4777 1307 4852 intelligens
1347 4781 1524 4838 telum
1553 4797 1666 4854 quo
1705 4785 2010 4854 jaculaba—
2043 4853 2056 4862 ο

349 4865 464 4918 tur.
492 4861 672 4920 donec
705 4865 1138 4938 transﬂgeretur
1166 4867 1322 4926 ﬁbrae
1346 4869 1556 4930 iecoris
1591 4873 1739 4946 ejus,
1759 4875 2008 4932 Teanum

2125 4519 2524 4576 infructuosus
2553 4516 2868 4590 abscessit;
2900 4517 3214 4590 abiensque
3255 4519 3575 4589 Neapolim,
3604 4521 3786 4576 Mari-

2124 4621 2261 4664 num
2291 4606 2613 4680 gastaldum
2655 4607 2830 4663 castri
2859 4605 2906 4652 18
2935 4611 3145 4664 sanctae
3170 4607 3406 4681 Agathae
3434 4605 3485 4652 ιο
3510 4609 3792 4680 Ajouire-

2122 4697 2327 4754 bellem
2345 4697 2600 4768 percepit
2619 4693 2672 4738 20
2694 4739 2710 4764 ,
2726 4702 2783 4754 et
2797 4696 3064 4768 Apuliam
3083 4697 3311 4754 rediens
3327 4698 3642 4755 nonnullas
3666 4713 3794 4756 mu-

2123 4786 2378 4842 nitiones
2419 4785 2674 4857 ejusdem
2704 4785 2907 4855 Ajonis
2929 4785 2985 4842 vi
3015 4786 3415 4857 apprehendit.
3449 4787 3612 4843 Unde
3630 4800 3792 4844 occa-

2123 4875 2288 4932 sione
2328 4879 2579 4948 accepta,
2616 4874 2766 4930 idem
2789 4873 2896 4944 Ajo
2938 4874 3214 4932 adversus
3255 4874 3561 4947 augustale
3587 4875 3792 4933 domi—

1717 5024 1949 5082 VARIIE
1989 5023 2382 5083 LECTIONES.

420 5137 439 5184 1
471 5137 1102 5226 Herchempertushcum
1127 5145 1266 5226 aliis
1290 5153 1505 5218 septem
1537 5147 1820 5226 fratribus
1847 5165 1880 5208 a
1909 5153 2371 5226 Teano‘Capuam
2415 5153 2655 5211 tendens
2677 5152 2843 5226 juxta
2891 5151 3204 5226 Anglenam
3257 5165 3456 5214 omnes
3499 5170 3534 5214 a
3563 5157 3781 5215 Graecis

349 5217 663 5301 exequitati
707 5219 762 5268 et
791 5218 1064 5301 expolia‘ti
1102 5219 1328 5301 pariter
1351 5217 1488 5301 sunt
1532 5219 1581 5277 4,
1636 5223 1689 5301 -2
1715 5223 2066 5301 exequietati
2092 5221 2140 5279 1.
2203 5217 2248 5301 ‘_3_
2283 5217 2698 5301 infrutuosicf
2723 5298 2738 5301 _
2761 5217 3164 5301 4spoleﬁcium
3217 5242 3261 5279 c.
3341 5231 3366 5273 5
3395 5228 3700 5301 bassisque
3731 5247 3775 5284 ο.

346 5282 374 5358 (ξ
405 5282 610 5356 hisque
645 5301 699 5358 ρ.
724 5353 736 5358 Δ
798 5289 848 5358 ,τί
865 5282 960 5342 illi
1005 5285 1058 5342 3.
1102 5282 1118 5288 ’
1171 5290 1198 5332 8
1227 5289 1404 5345 frebis
1435 5308 1508 5358 c.,

1624 5296 1704 5348 ita
1742 5299 1793 5348 et
1831 5293 2006 5365 hodie
2029 5297 2327 5364 neapolites
2375 5296 2430 5351 la
2469 5293 2663 5358 frebbe
2700 5293 2912 5365 dicunt,

3025 5299 3050 5341 9
3078 5303 3271 5368 arepta
3289 5365 3301 5368 _
3321 5315 3366 5353 c.
3489 5301 3540 5344 10
3568 5299 3710 5358 fatto
3728 5317 3770 5353 c.

355 5357 399 5439 ιε
431 5363 488 5413 et
512 5353 556 5411 ὁ.
640 5354 688 5439 1‘1
723 5353 1096 5439 habitarus‘
1173 5359 1218 5439 11"
1251 5353 1618 5439 sabbato;p_re
1643 5365 1964 5439 epyphania
1987 5364 2040 5422 3.
2125 5353 2171 5409 f4
2195 5367 2478 5424 solalibus
2507 5385 2551 5422 ο.
2631 5353 2680 5416 ἷε
2709 5353 3108 5439 apropriautes
3131 5353 3231 5424 cf
3257 5365 3308 5410 ιθ
3331 5353 3757 5427 exiturae—"17

351 5430 404 5486 si
432 5434 863 5514 cosacramento
890 5445 936 5484 c.
1017 5427 1066 5471 18
1093 5431 1304 5514 castris
1333 5448 1380 5486 ο.
1459 5427 1592 5488 19“ἱη
1637 5427 1890 5506 indigine
1937 5453 2108 5493 manu
2139 5440 2374 5494 recenti:
2414 5427 2896 5497 castrum’nobil'e
2933 5445 3020 5498 est
3050 5440 3110 5498 in
3131 5439 3450 5512 capitiuata
3484 5456 3772 5514 prapees-

353 5501 570 5559 culum.
649 5502 703 5554 νο
726 5503 806 5556 ita
829 5497 880 5574 3,
907 5501 1177 5572 praecepit
1204 5520 1250 5557 c.
