4058 6154
219 327 330 386 777

1452 327 1767 383 HISTORIA
1801 325 2430 383 LANGOBARDORUM.

3535 335 3644 399 778

218 455 385 511 nium
421 453 762 510 rebellionis
785 451 1046 522 jurgium
1074 452 1348 524 initiavit,
1374 453 1522 524 quod
1548 467 1650 508 suo
1677 453 1883 508 inloco
1908 452 1966 512 A
1997 452 2136 508 lium
2161 469 2328 510 suum
2353 470 2480 511 cum
2500 457 2862 528 aliquantise
2881 462 3068 530 Capua
3090 461 3345 520 obsidem
3366 466 3632 523 mitteret.

217 544 514 599 inseretur
542 548 558 585 ι
595 584 607 596 .

292 626 380 684 67.
434 630 580 684 Ante
633 627 739 683 hoc
784 641 920 683 sane
946 632 1170 697 tempus
1211 628 1582 684 Guaimarius
1615 629 1879 698 princeps

213 717 781 786 Constantinopolim
817 717 885 771 ad
927 721 1302 787 augustorum
1346 717 1586 787 vestigia
1626 716 1876 771 confisus

212 806 461 860 accessit
487 819 551 874 ;a
574 804 789 875 quibus
809 804 1051 874 benigne
1072 810 1372 873 susceptus
1393 810 1495 872 est,
1520 811 1575 858 et
1604 804 1873 872 patritius

212 894 282 948 ab
311 895 401 949 eis
433 893 638 959 factus,
672 906 802 947 cum
838 892 1052 947 honore
1081 893 1150 946 ad
1188 893 1418 962 propria
1450 893 1730 947 remissus
1756 896 1862 945 est.

210 985 350 1039 Cum
378 988 570 1038 autem
601 981 789 1036 adhuc
823 981 925 1036 illo
959 986 1296 1050 moraretur,
1333 980 1686 1036 Athanasius
1717 979 1872 1035 dolo-

212 1087 328 1128 rem
356 1075 696 1140 conceptum
721 1071 747 1110 ἐ
779 1069 838 1124 in
865 1084 1009 1138 opus
1033 1083 1358 1140 erumpens,
1385 1068 1619 1124 Graecos
1650 1074 1706 1124 et
1735 1071 1872 1124 Nea-

213 1160 423 1232 polites
460 1173 561 1215 seu
591 1172 787 1214 omnes
809 1158 1107 1227 Capuanos
1146 1158 1491 1230 generaliter
1522 1171 1752 1213 movens
1780 1173 1871 1213 su-

208 1263 307 1320 per
349 1248 691 1304 Abellanum
716 1259 746 1288 ει
776 1247 936 1302 misit
975 1253 1248 1314 castrum,
1292 1261 1406 1318 quo
1447 1252 1588 1302 tunc
1630 1250 1870 1316 praeerat

212 1335 528 1393 Landolfus
557 1335 962 1392 Suessulanus.
997 1338 1124 1391 Mox
1151 1342 1339 1392 autem
1369 1341 1431 1391 ut
1459 1335 1583 1390 illic
1611 1348 1872 1404 superve-

212 1427 299 1481 nit
329 1425 640 1493 exercitus,
671 1423 870 1480 fraude
911 1424 1142 1480 illorum
1187 1425 1285 1493 qui
1327 1423 1480 1478 intro
1520 1428 1684 1478 erant
1710 1424 1734 1465 3
1767 1437 1872 1477 ca—

211 1519 374 1583 ptum
401 1518 507 1582 est,
535 1513 887 1582 apprehenso
917 1513 974 1566 in
1000 1527 1065 1568 eo
1095 1512 1365 1568 Landolfo
1391 1517 1447 1567 et
1470 1511 1590 1566 filio
1617 1512 1742 1580 ejus
1764 1511 1871 1580 ju-

212 1603 377 1658 niore
413 1616 741 1672 nurumque
772 1601 954 1670 illius,
995 1615 1170 1656 uxore
1200 1599 1224 1643 4
1251 1600 1519 1656 videlicet
1555 1599 1862 1670 Landonis,

209 1691 308 1762 qui
353 1704 485 1745 cum
525 1690 861 1745 Guaimario
903 1688 1234 1758 profectus5
1266 1687 1467 1744 fuerat.

1993 541 2105 595 Hoc
2135 549 2322 598 autem
2372 544 2605 614 faciens,
2652 547 2901 602 insidias
2946 551 3187 605 tetendit
3226 552 3466 608 latenter
3503 569 3632 610 cum

1989 628 2203 685 Graecis
2248 639 2302 687 et
2342 634 2467 688 suis
2512 636 2580 690 ad
2624 636 2962 704 capiendum
3005 651 3102 693 eos
3131 639 3192 692 li’.
3236 641 3329 694 Set
3373 642 3529 712 quia,
3575 650 3637 698 ut

1987 720 2317 789 conjicitur,
2359 722 2546 778 adhuc
2596 738 2705 779 non
2759 731 2880 780 erat
2909 727 3185 795 completa
3231 729 3470 801 malitia,
3514 746 3639 801 qua:

1989 813 2114 875 post
2137 809 2434 876 paulluum
2458 811 2744 867 divinitus
2769 813 3053 882 punienda
3076 821 3180 879 est,
3209 815 3354 871 facta
3379 819 3633 888 morula;

1985 901 2070 950 set
2099 905 2153 952 et
2180 896 2364 953 ﬁlium
2391 915 2558 954 suum
2593 899 2743 956 infra
2778 901 2974 957 urbem
3007 903 3242 973 clausit,
3272 908 3636 974 supradictas

1984 983 2138 1039 viros
2184 985 2344 1040 misit
2381 1001 2608 1042 arenam
2640 1006 2654 1057 ;
2683 1002 3059 1060 egressusque
3101 993 3294 1048 statim
3327 993 3633 1052 Graiorum

1983 1086 2220 1142 cuneus,
2255 1075 2617 1144 supradictos
2641 1077 3020 1149 apprehendit
3048 1080 3204 1136 viros
3233 1097 3362 1137 cum
3389 1084 3545 1154 aliis,
3579 1093 3636 1142 et

1983 1160 2329 1230 depraedavit
2373 1169 2547 1219 totam
2587 1164 2834 1234 Capuam
2891 1169 3184 1240 graviter;
3219 1185 3462 1242 moxque
3505 1173 3631 1229 sine

1982 1249 2267 1306 delatione
2285 1257 2552 1308 cunctum
2571 1253 2892 1322 equitatum
2909 1262 2962 1310 et
2983 1257 3293 1325 pedestrem
3314 1261 3628 1318 exercitum

1984 1337 2235 1407 mittens,
2265 1340 2458 1395 omnia
2498 1347 2617 1397 sata
2647 1341 2850 1412 Capuae
2881 1344 3099 1400 succidi
3142 1349 3628 1422 exterminarique

1981 1422 2118 1479 fecit
2151 1424 2434 1484 funditus.

2049 1509 2138 1567 71.
2171 1513 2337 1588 (888.)
2363 1517 2672 1574 Ρι-ςεεοὶθηδ
2699 1519 2747 1563 1³
2771 1525 2961 1576 autem
2989 1523 3139 1577 Deus
3161 1524 3302 1579 dicti
3331 1525 3442 1581 viri
3468 1526 3629 1581 mali-

1981 1603 2118 1657 tiam
2145 1610 2202 1658 et
2230 1604 2424 1660 volens
2455 1613 2720 1676 praestare
2753 1609 3040 1679 Capuanis
3081 1611 3533 1669 misericordiam
3564 1615 3623 1672 in

1978 1697 2090 1747 tam
2109 1695 2328 1750 crudeli
2355 1695 2645 1768 impiaque
2670 1700 3080 1767 persecutione.
3103 1703 3622 1770 permisiteundem

274 1775 366 1833 68.
395 1779 499 1832 His
539 1777 619 1832 ita
644 1777 926 1847 decursis,
961 1791 1169 1832 suasus
1199 1777 1387 1831 Lando
1417 1776 1488 1830 ab
1517 1775 1782 1848 Algegiso
1809 1773 1838 1816 δ
1889 1765 1942 1826 Β
1975 1780 2352 1839 Athanasium
2399 1786 2456 1840 in
2499 1765 2712 1842 tantam
2762 1789 3069 1844 elationem
3103 1765 3514 1862 prorumpere,
3559 1800 3622 1850 ut

207 1865 464 1936 aliisque
487 1867 793 1936 Capuanis,
829 1879 939 1922 una
965 1880 1095 1920 cum
1119 1865 1416 1921 Guaiferio
1443 1867 1727 1935 quandam
1749 1876 1866 1925 tra-

206 1955 452 2009 ctoriam
482 1955 737 2024 plaustro
759 1954 1049 2010 vehentem
1072 1954 1097 1994 6
1131 1954 1520 2024 intromissus,
1539 1955 1859 2024 Capuanam

209 2044 406 2100 urbem
440 2044 733 2114 ingressus
761 2049 864 2114 est,
898 2049 1068 2114 atque
1093 2044 1162 2099 ad
1195 2043 1572 2113 episcopalem
1599 2043 1745 2098 abiit
1768 2058 1864 2099 au-

136 2137 150 2152 '
207 2133 358 2202 lam;
395 2133 492 2189 ubi
530 2135 694 2202 pauci
731 2147 797 2188 ex
837 2133 962 2188 suis
993 2131 1018 2174 7
1044 2133 1371 2204 congregati
1403 2139 1560 2204 sunt,
1597 2131 1860 2188 Atenolfo

206 2221 580 2276 accelerante.
605 2222 761 2276 Tunc
782 2221 1152 2276 commissum
1183 2225 1269 2275 est
1296 2221 1579 2291 prmlium,
1613 2227 1860 2274 mortuo-

206 2323 316 2379 que
355 2309 564 2364 Valane
596 2308 814 2364 illustri
851 2309 994 2377 viro,
1036 2308 1388 2364 dissolutum
1423 2313 1510 2363 est
1535 2323 1633 2363 cor
1660 2321 1858 2363 eorum

206 2399 306 2468 qui
347 2398 404 2452 in
439 2403 596 2468 parte
629 2397 914 2452 Landonis
942 2402 1124 2465 erant,
1157 2401 1213 2451 et
1243 2401 1536 2466 cmperunt
1569 2396 1733 2451 illum
1761 2410 1860 2451 re-

209 2486 475 2556 linquere
499 2491 558 2542 et
579 2485 839 2541 Atenolfo
861 2486 1090 2541 sociari.
1122 2486 1301 2556 Tunc,
1331 2485 1463 2540 licet
1485 2485 1670 2552 tincte,
1699 2485 1857 2554 pacis

207 2574 469 2630 osculum
499 2574 612 2630 sibi
639 2579 836 2629 mutuo
857 2572 1062 2628 fratres
1083 2573 1434 2643 optulerunt,
1461 2574 1610 2643 quod
1639 2573 1696 2627 in
1722 2587 1855 2628 arca

205 2663 401 2718 cordis
452 2663 688 2718 minime
734 2662 1073 2718 retinebant.
1123 2663 1312 2717 Laudo
1353 2669 1542 2717 autem
1586 2667 1712 2731 post
1744 2662 1852 2717 ista

205 2765 334 2806 cum
355 2750 654 2806 Guaiferio
673 2751 741 2806 ad
770 2751 996 2820 propria
1020 2756 1350 2814 remeantes,
1385 2750 1594 2820 reliqui
1620 2763 1854 2804 consan-

203 2840 357 2895 tanei
405 2840 637 2895 illorum
681 2840 830 2909 capti
878 2844 1014 2896 sunt
1043 2844 1098 2894 et
1129 2839 1378 2894 vinculis
1428 2839 1620 2893 innexi
1652 2857 1666 2906 ;
1704 2839 1853 2894 inter

205 2943 350 2999 quos
379 2935 436 2984 et
458 2927 766 2984 Landolfus
794 2928 1000 2998 praesul
1027 2933 1228 2998 captus
1253 2933 1339 2982 est
1358 2932 1412 2982 et
1437 2927 1713 2982 custodiae
1735 2933 1853 2983 tru-

205 3031 322 3072 sus.
350 3018 486 3073 Post
508 3031 617 3073 non
647 3017 889 3072 multum
917 3022 1140 3085 tempus
1172 3029 1270 3085 per
1291 3014 1552 3086 singulos
1575 3015 1701 3071 dies
1722 3029 1854 3070 om-

207 3119 302 3162 nes
330 3106 584 3161 absoluti
617 3111 770 3160 sunt.

271 3193 360 3250 69.
397 3197 456 3249 In
489 3193 696 3250 diebus
739 3193 863 3248 illis
893 3193 1120 3264 quando
1158 3190 1459 3248 Atenolfus
1499 3191 1852 3263 gastaldatus

205 3283 434 3353 regendi
463 3283 595 3351 jura
617 3283 863 3351 adeptus
885 3287 990 3351 est,
1025 3281 1217 3337 omnia
1240 3295 1479 3351 quaeque
1514 3281 1852 3336 Benedictus

207 3369 354 3426 infra
383 3370 581 3426 urbem
604 3370 927 3440 Capuanam
958 3369 1228 3438 possedit,
1268 3368 1547 3423 fratribus
1572 3369 1855 3423 exulanti-

207 3458 308 3514 bus
331 3457 551 3515 auferri
586 3459 872 3528 praecepit.
905 3458 1026 3528 Qua
1043 3459 1113 3514 de
1136 3471 1196 3512 re
1219 3457 1433 3513 missus
1453 3457 1523 3512 ab
1545 3457 1850 3527 Angelario

206 3547 517 3604 venerabili
549 3547 750 3603 abbate
781 3561 882 3619 ego
924 3547 1047 3617 ipse
1082 3546 1325 3618 vestigia
1359 3546 1745 3616 apostolorum
1775 3545 1802 3588 8
1834 3587 1849 3604 .

205 3636 318 3691 adii
348 3637 703 3706 Stephanum
748 3649 1033 3691 summum
1064 3634 1410 3705 pontificem,
1454 3633 1852 3704 postulaturus

207 3737 300 3792 pro
331 3723 508 3779 rebus
539 3723 754 3779 nostris
790 3722 1018 3779 abbatis
1050 3741 1065 3792 ;
1097 3737 1128 3777 a
1155 3736 1269 3792 quo
1306 3727 1362 3776 et
1398 3719 1850 3776 benedictionem

207 3809 484 3866 fratribus
521 3811 702 3867 detuli
746 3815 804 3866 et
843 3810 1210 3882 privilegium
1252 3808 1434 3865 nostri
1483 3808 1750 3876 coenobii,
1797 3813 1854 3863 et

206 3901 536 3970 supradicto
564 3900 687 3955 viro
705 3897 968 3955 litteras9
997 3899 1418 3954 exhortatorias
1433 3897 1627 3952 attuli.
1649 3897 1852 3951 Domi—

205 3989 412 4045 nicalis
447 4002 538 4044 res
562 3988 747 4043 ablata
786 3987 1006 4043 reddita
1040 3991 1144 4054 est,
1189 4000 1309 4042 mea
1343 3985 1391 4028 ιο
1419 3991 1605 4042 autem
1637 4000 1705 4040 ex
1732 3990 1850 4041 toto

206 4078 531 4148 subtracta;
567 4077 626 4132 in
656 4077 913 4147 proximo
937 4077 1108 4131 etiam
1137 4075 1336 4131 cellam
1371 4075 1515 4130 mihi
1547 4074 1617 4129 ab
1648 4074 1849 4130 abbate

206 4168 493 4235 traditam,
535 4172 806 4236 concepto
838 4165 1055 4235 dolore,
1088 4164 1142 4219 vi
1171 4163 1432 4220 abstulit.

266 4253 353 4311 70.
401 4258 621 4310 Interea
669 4269 797 4310 cum
841 4252 1141 4309 Atenolfus
1181 4254 1297 4322 jam
1349 4256 1695 4308 memoratus
1735 4251 1848 4306 Ca-

206 4358 422 4413 puanos
440 4344 706 4414 cepisset,
739 4343 1036 4398 advertens
1067 4341 1421 4397 Athanasius
1449 4341 1695 4410 Capuam
1723 4340 1848 4395 for—

1975 1869 2145 1924 etiam
2169 1870 2465 1927 Beneventi
2492 1873 2630 1929 fines
2656 1874 2746 1930 bis
2771 1880 2970 1946 terque
2997 1878 3235 1946 praedari
3260 1878 3484 1934 faceret.
3515 1881 3621 1936 Aio

1974 1963 2162 2012 autem
2196 1965 2330 2014 tunc
2359 1961 2484 2015 Bari
2509 1962 2738 2032 degens,
2771 1964 3141 2034 impugnabat
3165 1965 3390 2023 Graacos
3422 1969 3622 2038 impu-

1977 2051 2212 2115 gnantes
2233 2060 2292 2101 se
2316 2065 2330 2116 ;
2351 2049 2450 2118 qui
2481 2049 2585 2104 hoc
2614 2051 2877 2121 audiens,
2904 2052 3039 2108 ilico
3070 2054 3313 2122 segnitie
3337 2056 3614 2124 deposita.

1975 2131 2148 2189 ferme
2177 2148 2305 2190 cum
2338 2135 2527 2192 tribus
2559 2137 2799 2194 milibus
2829 2138 3207 2196 bellatoribus
3231 2142 3492 2198 clanculo
3514 2159 3616 2200 ve—

1973 2220 2138 2276 niens
2166 2229 2415 2278 castrum
2449 2223 2508 2279 in
2537 2224 2904 2297 Abellinum;
2937 2226 3033 2281 ubi
3072 2234 3261 2284 autem
3308 2230 3611 2301 intellexit,

1969 2310 2196 2366 GI'fBCOS
2237 2326 2364 2367 cum
2413 2313 2811 2382 Neapolitibus
2861 2315 3108 2371 residere
3154 2332 3326 2387 super
3365 2319 3611 2389 Capuam

1971 2398 2365 2468 radicitusque
2390 2414 2509 2455 eam
2536 2401 2849 2472 devastare,
2877 2403 3012 2458 ilico
3037 2410 3187 2460 recto
3211 2406 3416 2462 itinere
3441 2422 3614 2478 super

1968 2499 2064 2539 eos
2084 2485 2354 2541 audacter
2385 2489 2688 2543 adventare
2721 2491 2964 2546 studuit.
2993 2492 3086 2547 Set
3119 2493 3351 2562 quidam
3385 2501 3612 2552 natura-

1967 2572 2101 2627 liter
2121 2573 2472 2630 zizaniorum
2496 2583 2650 2631 sator
2669 2575 2996 2641 Dauferius,
3022 2579 3276 2634 Dauferii
3303 2583 3481 2636 nostri
3507 2597 3612 2653 ge-

1965 2660 2139 2729 nitor,
2172 2661 2310 2716 urbe
2340 2664 2637 2718 Beneventi
2665 2678 2928 2735 egressus
2958 2666 3195 2722 subdole
3223 2668 3341 2724 acsi
3373 2677 3614 2725 secutu—

1965 2764 2065 2803 rus
2093 2749 2429 2820 principem,
2462 2765 2529 2806 ex
2555 2753 2779 2808 diverso
2806 2754 3074 2826 Capuam,
3111 2757 3325 2811 cursim
3348 2755 3394 2800 l4
3421 2773 3613 2829 prope-

1965 2837 2111 2891 ravit
2141 2843 2196 2892 et
2220 2838 2375 2894 dicto
2408 2841 2684 2896 exercitui
2735 2842 3037 2897 adventum
3080 2843 3356 2900 indicavit
3383 2846 3604 2903 Aionis.

1960 2923 2030 2980 At
2059 2924 2168 2995 illi,
2205 2927 2401 2982 relicta
2429 2929 2639 2999 Capua,
2667 2930 2989 3000 praecipites
3012 2931 3058 2973 15
3082 2933 3375 3001 Neapolim
3401 2937 3610 2991 reversi

1963 3019 2134 3082 sunt;
2161 3013 2268 3069 Aio
2293 3019 2479 3070 autem
2516 3017 2624 3071 iter
2650 3017 2797 3086 quod
2827 3025 3072 3088 cmperat
3099 3022 3334 3092 peregit,
3373 3023 3609 3096 illisque

1883 3085 1930 3145 Ο
1963 3101 2199 3156 minime
2242 3103 2503 3174 repertis,
2539 3085 2832 3160 Liburiam
2872 3085 3165 3178 ingressus
3198 3085 3466 3179 est,'cum
3494 3085 3606 3182 quo

1960 3194 2017 3243 et
2042 3189 2343 3246 Atenolfus
2381 3191 2565 3258 abiit;
2600 3198 2655 3248 et
2689 3201 2888 3249 exusta
2931 3201 3044 3250 tota
3094 3210 3233 3266 pene
3274 3196 3507 3252 Liburia
3541 3213 3606 3255 ac

1959 3278 2298 3346 depraedata,
2347 3280 2689 3350 populisque
2718 3287 2773 3336 et
2803 3282 3005 3338 bestiis
3043 3283 3271 3355 ablatis,
3308 3287 3609 3357 puteisque

1961 3379 2096 3421 saxo
2113 3367 2405 3438 oppilatis,
2425 3369 2869 3438 amphiteatrum
2890 3369 3175 3439 profectus
3192 3377 3296 3426 est.
3315 3373 3438 3441 Quo
3458 3374 3610 3428 resi-

1959 3455 2101 3509 dens
2122 3469 2220 3523 per
2248 3455 2472 3526 aliquot
2493 3457 2639 3526 dies,
2675 3457 2958 3512 machinis
2985 3464 3040 3512 et
3060 3457 3306 3513 diversis
3329 3459 3461 3514 telis
3482 3457 3608 3515 for—

1962 3541 2098 3597 titer
2126 3543 2472 3614 expugnavit
2517 3543 2660 3599 illud
2693 3542 2756 3598 16.
2791 3544 3036 3615 Indeque
3070 3544 3116 3588 Π
3148 3544 3404 3617 habiens,
3434 3560 3608 3617 super

1961 3637 2213 3684 castrum
2237 3636 2444 3685 sancta:
2470 3632 2701 3702 Agathaa
2729 3631 2962 3700 insedit,
2990 3637 3160 3702 atque
3186 3633 3468 3688 Marinum
3502 3648 3608 3705 ga—

1963 3718 2209 3774 staldum
2239 3719 2350 3774 sibi
2377 3719 2641 3775 rebellem
2667 3721 2724 3775 in
2746 3721 2852 3775 fide
2871 3720 2940 3775 ad
2965 3734 3024 3776 se
3046 3726 3383 3776 remeantem
3409 3725 3606 3780 susci-

1965 3806 2146 3874 piens,
2179 3807 2458 3863 abscessit
2485 3827 2498 3877 ;
2531 3808 2872 3879 aliquandiu
2909 3809 3220 3865 Benevento
3250 3824 3606 3868 commorans

1964 3909 2061 3964 per
2084 3896 2392 3965 Sepontum
2425 3897 2612 3952 Barim
2646 3912 2906 3954 reversus
2931 3903 3032 3954 est.

2030 3981 2119 4038 72.
2153 3984 2452 4041 Atenolfus
2486 3992 2677 4042 autem
2715 3987 2884 4042 Aioni
2913 4001 2972 4043 se
3002 3987 3252 4045 subdens
3283 4003 3382 4058 per
3411 4002 3609 4046 sacra—

1961 4077 2234 4142 mentum,
2255 4073 2324 4128 ab
2349 4074 2542 4128 eodem
2569 4075 2626 4129 in
2653 4075 3005 4143 adjutorinm
3034 4077 3126 4131 sui
3146 4082 3372 4132 centum
3396 4078 3603 4149 viginti

1958 4158 2132 4215 ferme
2159 4161 2459 4216 bellatores
2484 4162 2639 4218 viros
2664 4163 2936 4232 suscepit,
2961 4178 3089 4219 cum
3119 4165 3331 4234 quibus
3358 4167 3608 4236 graviter

1957 4253 2131 4304 totam
2165 4249 2456 4305 Liburiam
2483 4249 2848 4319 depraedavit.
2877 4251 2979 4306 Sed
3015 4251 3151 4322 quia
3185 4267 3598 4324 nonnunquam

1956 4339 2279 4406 desperatio
2308 4339 2626 4408 periculum
2656 4339 2887 4410 gignere
2909 4340 3074 4408 solet,
3101 4340 3442 4412 generaliter
3464 4344 3601 4398 moti

204 4431 334 4487 titer
358 4445 716 4501 concussam,
759 4431 934 4500 coepit
973 4430 1332 4485 occasionem
1363 4443 1614 4500 quzerere
1640 4429 1848 4483 adver—
1873 4450 1928 4510 D
1961 4429 2302 4480 Materenses
2329 4441 2359 4481 e
2397 4427 2565 4482 Calvo
2606 4426 2650 4468 18
2681 4432 2735 4482 et
2773 4427 3059 4496 aliquanti
3099 4429 3352 4496 Capuani
3393 4429 3442 4471 19
3471 4443 3600 4485 cum

205 4537 299 4577 sus
330 4520 683 4591 Atenolfum,
711 4527 766 4577 et
796 4521 1026 4576 obsides
1054 4520 1125 4574 ab
1145 4534 1210 4575 eo
1243 4535 1341 4575 seu
1371 4526 1426 4574 et
1453 4533 1640 4588 pacem
1673 4519 1848 4572 inno—

204 4625 346 4666 vare.
379 4609 828 4666 Decurrentibus
858 4609 1009 4664 inter
1041 4609 1349 4665 alterutros
1373 4608 1585 4678 missis,
1629 4607 1776 4661 Maio
1800 4605 1842 4648 ίι

206 4700 572 4769 supradictus
617 4698 792 4754 abbas
821 4703 878 4754 et
905 4698 1227 4754 Ausencius
1271 4696 1564 4766 Neapolim
1609 4694 1842 4764 profecti

205 4795 357 4857 sunt,
385 4803 528 4859 quos
558 4787 908 4842 Athanasius
933 4787 1003 4842 ad
1036 4787 1483 4856 amphiteatrum
1516 4785 1598 4838 ire
1631 4797 1846 4853 praece—

206 4877 309 4946 pit,
336 4877 624 4946 simulque
651 4875 975 4931 Atenolfum
1005 4874 1147 4930 illuc
1176 4875 1372 4930 adesse
1399 4872 1602 4940 voluit,
1639 4877 1844 4943 quate-

206 4978 313 5019 nus
341 4965 564 5020 ﬁrmato
599 4963 808 5020 fcedere
840 4978 952 5020 una
992 4977 1122 5020 cum
1161 4961 1458 5019 Guaiferio
1483 4960 1736 5031 consule,
1768 4959 1842 5014 ﬁ-

1956 4515 2133 4571 dictis
2165 4514 2577 4584 Apulicnsibus
2597 4515 2809 4584 juncti,
2837 4514 3125 4569 Libui-iam
3157 4514 3598 4589 circumeuntes,

1955 4604 2281 4660 Suessulam
2303 4602 2721 4671 deprmdarunt,
2742 4609 2797 4656 et
2815 4603 3014 4656 reverti
3040 4608 3352 4671 coeperunt.
3377 4605 3601 4672 Quibus

1955 4695 2210 4749 occurrit
2238 4694 2562 4747 Graecorum
2604 4691 3081 4761 Neapolitumque
3115 4692 3400 4749 exercitus
3433 4695 3600 4763 juxta

1957 4783 2206 4838 rivulum
2233 4780 2414 4847 Lanii,
2439 4785 2609 4849 atque
2634 4780 2690 4833 in
2717 4794 2891 4836 unum
2919 4780 3105 4846 mixti,
3131 4783 3527 4851 supervalebat
3547 4783 3600 4827 2ο

1956 4886 2087 4941 pars
2129 4869 2371 4925 Atenolti
2423 4873 2636 4937 partem
2676 4868 2973 4940 Gragicam
3012 4887 3027 4939 ;
3061 4875 3146 4925 set
3193 4873 3598 4942 superveniens

1955 4973 2115 5015 scara
2136 4955 2435 5014 theatralis
2453 4971 2484 5011 a
2507 4962 2662 5028 tergo
2683 4961 2739 5012 et
2761 4957 2819 5012 in
2843 4957 3050 5029 medio,
3078 4961 3470 5033 circumsepti,
3493 4962 3602 5020 de-

1564 5112 1792 5168 VARLE
1835 5111 2227 5166 LECTIONES.

275 5213 292 5256 ¹
325 5215 602 5272 inferetur
629 5215 682 5272 3.
782 5215 809 5258 2
836 5216 1032 5272 dolore
1055 5219 1364 5284 conceptus
1387 5213 1439 5270 3.

205 5285 228 5326 7
259 5289 451 5355 paucis
483 5302 550 5343 ex
576 5288 634 5343 ui
667 5305 713 5342 c.
816 5289 842 5330 8
871 5291 947 5341 ita
985 5283 1276 5353 distinguit
1308 5304 1352 5340 ο.
1458 5283 1483 5326 9
1514 5284 1744 5338 licteras
1774 5300 1818 5335 ο.

210 5356 256 5427 Ψ
282 5373 559 5427 praescens
577 5357 629 5413 3.
733 5357 783 5401 14
805 5361 882 5412 ita.
903 5371 1138 5414 cursum
1166 5375 1208 5411 c.
1316 5357 1363 5399 15
1391 5355 1769 5426 precipientes
1798 5371 1840 5407 c.

206 5426 254 5468 2!
279 5426 569 5500 supervale
613 5429 832 5485 valebat
862 5447 904 5484 ο.

1540 5213 1564 5255 3
1597 5213 1951 5270 introverant
1971 5208 2022 5263 3.

1754 5270 1818 5335 ὀ.
1927 5281 1976 5322 1-⁹
2022 5284 2102 5334 ita
2136 5283 2341 5346 corrigo
2369 5298 2385 5340 ς
2412 5293 2496 5333 me
2526 5296 2568 5332 c.

1948 5352 1996 5396 16
2023 5351 2111 5406 illi
2139 5368 2182 5403 c.

2537 5206 2562 5250 5
2591 5207 2934 5277 prephectus
2955 5227 2999 5263 ο.
3099 5209 3124 5252 6
3158 5208 3584 5267 vehementem!

2679 5280 2720 5323 ιι
2752 5280 2946 5335 missis
2978 5279 3126 5336 maio
3156 5295 3204 5335 c.
3314 5282 3360 5323 1‘2
3390 5296 3524 5336 suos
3545 5298 3588 5335 c.

2288 5350 2332 5394 l7
2362 5351 2624 5421 idemque
2648 5348 2699 5404 3.
2740 5349 2785 5392 13
2805 5352 2994 5408 ecalvo
3015 5369 3061 5405 c.
3165 5351 3213 5393 19
3243 5353 3519 5420 capuanis
3543 5369 3588 5403 c.

2126 5208 2147 5251 ι
2181 5221 2431 5264 uxorem.

1788 5495 2008 5550 NOTzE.

273 5599 294 5626 ι
328 5589 598 5645 Avellino.

629 5687 862 5742 PATROL.
904 5684 1153 5742 CXXIX.

2033 5581 2085 5636 Id
2123 5587 2209 5636 est
2249 5580 2536 5653 Adelgiso.

3319 5670 3392 5732 Q5
