4058 6154
381 367 488 426 779
1434 349 1914 410 ERCHEMBERTI
1963 341 2392 401 CASSINENSIS
2432 340 2742 396 MONACHI
3139 335 3166 352 "
3681 325 3794 382 780

384 492 524 551 victi
552 492 705 558 sunt,
741 487 948 558 partim
976 482 1152 554 capti,
1185 479 1509 552 partimque
1539 473 1752 548 gladiis
1783 469 2022 527 extincti
2057 469 2108 530 A
2141 467 2242 538 qui
2277 479 2377 536 per
2417 444 2707 520 trecentos}
2726 465 2783 518 et
2815 473 2880 516 eo
2909 457 3164 529 amplius
3199 469 3383 558 annos
3409 454 3436 498 9
3465 454 3798 558 imperave-

387 540 541 638 sunt.
589 540 705 632 Hac
740 540 810 631 de
841 540 1014 630 causa
1047 540 1355 626 audaciam
1394 540 1626 622 sumens
1657 558 2028 628 Athanasius,
2143 560 2272 611 rant
2299 553 2542 626 legibus,
2575 563 2814 621 prmesse
2837 551 3136 618 coeperunt
3160 545 3254 600 his
3275 543 3376 614 qui
3408 555 3540 598 cum
3561 540 3794 596 Sarace.

827 665 1130 732 expetere;
1163 657 1315 714 unde
1347 651 1668 722 Atenolfus,
1701 662 1814 734 non
1841 645 2034 718 segnis
2143 643 2238 700 nis
2266 643 2520 734 vicerant
2550 653 2648 710 per
2685 637 2920 708 aliquod
2962 636 3128 693 soles.
3175 635 3332 689 Tunc
3371 629 3547 700 coepit
3585 629 3802 685 cohors

389 755 673 825 redditus,
703 727 979 808 continuo
1007 727 1138 804 cum
1166 744 1292 802 suis
1318 741 1562 798 Atellam
1587 727 1756 808 abiit,
1781 737 2036 806 dumque
2145 731 2384 788 Bardica
2409 728 2438 770 δ
2469 727 2834 798 triumphans
2877 738 3114 798 regnare
3137 735 3310 794 super
3337 734 3452 792 eos,
3483 733 3628 790 quos
3655 731 3806 774 sem-

393 815 797 918 prtelium'non
829 835 1160 905 invenisset,
1193 845 1455 889 reversus
1483 833 1570 886 est
1597 827 1666 884 ad
1695 837 1818 884 sua.
2147 835 2254 918 per
2287 819 2467 875 armis
2499 815 2858 888 subegerant.

463 895 880 989 give—nmium
905 923 1086 980 multo
1115 895 1263 994 post,
1307 919 1617 992 instigante
1656 913 1896 972 inimico
1921 911 2040 967 hu—
2217 905 2308 966 75.
2338 909 2554 962 Interea
2590 905 2792 960 videns
2823 903 3175 959 Athanasius
3211 914 3270 957 se
3297 901 3357 956 in
3393 895 3665 954 omnibus
3688 910 3807 951 su—

397 1034 564 1080 mano
589 1015 804 1090 generi,
831 1012 1070 1070 collecto
1093 1008 1444 1066 Athanasius
1475 1003 1850 1062 multitudine
1873 1013 2043 1090 exer—

396 1111 520 1170 citu
549 1087 729 1164 mixto
756 1105 1102 1171 Graecorum,
1133 1094 1624 1168 Neapolitensium
1655 1096 1710 1148 et
1730 1087 2048 1147 Hismaeli-

396 1206 608 1268 tarum,
651 1189 1038 1264 equitantium
1081 1192 1138 1243 et
1176 1183 1546 1258 pedestrium,
1593 1181 1868 1268 misitque
1911 1177 2047 1268 illos

399 1263 676 1342 adversus
691 1263 940 1349 Capuam
971 1279 1348 1348 pugnaturos.
1375 1270 1600 1342 Quibus
1624 1266 1882 1326 occurrit
1907 1263 2049 1320 Ate—

403 1371 596 1431 nolfus
619 1368 772 1426 ultra
793 1364 1045 1422 rivulum
1072 1362 1234 1420 Lanii
1252 1362 1417 1431 juxta
1439 1363 1697 1416 sanctum
1721 1353 1982 1412 Carcium
2003 1364 2046 1424 ι,

405 1461 621 1520 habens
642 1459 703 1515 in
722 1455 1002 1514 comitatu
1023 1465 1128 1510 suo
1153 1449 1533 1522 auxiliatores
1551 1446 1622 1502 ab
1641 1445 1821 1516 Ajone
1842 1442 2050 1498 missos

407 1563 628 1608 necnon
649 1553 706 1603 et
733 1545 1064 1602 Saracenos.
1090 1537 1356 1596 Saraceni
1377 1550 1510 1593 vero
1535 1548 1604 1592 ex
1631 1539 1872 1603 utraque
1894 1534 2052 1601 parte

402 1637 593 1712 juncti
632 1635 933 1702 steterunt,
966 1628 1113 1686 nulli
1154 1641 1349 1684 eorum
1391 1623 1704 1712 praebentes
1741 1619 2047 1678 auxilium.

408 1709 712 1786 Atenolqu
737 1721 880 1778 talia
907 1731 1166 1788 cernens,
1197 1715 1393 1772 acrius
1420 1725 1594 1782 super
1622 1709 1894 1766 inimicos
1919 1720 2056 1764 suos

2152 1001 2430 1070 peratum,
2475 994 2691 1065 pudore
2737 992 2972 1062 objecta:
3004 991 3051 1036 1"
3095 991 3254 1062 pacis
3290 987 3534 1060 expetiit
3575 985 3806 1054 ftedus;

2154 1085 2303 1158 quod
2339 1083 2580 1154 adeptus
2608 1085 2715 1152 est,
2759 1080 3114 1151 praabitoque
3145 1079 3190 1123 11
3216 1077 3618 1150 jurejurando,
3648 1074 3807 1145 pacti

2155 1179 2292 1232 sunt
2310 1175 2378 1230 ad
2404 1173 2665 1230 invicem.
2690 1171 2944 1226 Primum
2975 1175 3162 1226 tamen
3185 1171 3604 1224 sacramentum
3625 1165 3813 1221 siste—

2155 1265 2254 1320 bat
2273 1262 2573 1320 roboreum
2595 1261 2681 1317 vel
2705 1257 2755 1304 12
2776 1273 3021 1315 mensem
3049 1261 3150 1314 aut
3175 1263 3400 1327 tempus
3424 1255 3809 1324 annotinum;

2159 1353 2314 1409 istud
2337 1356 2524 1408 autem
2549 1364 2648 1406 nec
2667 1350 2735 1406 ad
2756 1349 2909 1406 diem
2930 1347 3160 1404 duravit
3182 1345 3604 1402 duodecimum.
3641 1342 3816 1430 Deni:

2160 1456 2270 1513 que
2291 1439 2660 1510 Hismaelitte,
2690 1439 2795 1495 hac
2820 1439 3070 1509 illacque
3091 1435 3507 1504 discurrentes,
3542 1432 3818 1488 invitan—

2160 1536 2258 1587 tur
2282 1528 2332 1573 13
2359 1529 2431 1585 ab
2456 1529 2742 1598 omnibus,
2767 1527 2959 1583 omnia
2983 1526 3274 1592 devorant,
3304 1522 3571 1580 universa
3590 1535 3822 1577 consu—

2164 1622 2346 1688 munt,
2377 1621 2434 1673 et
2465 1619 2664 1674 contra
2705 1613 3000 1685 Neapolim
3042 1611 3396 1669 unanimiter
3431 1615 3814 1680 consurgunt.

2162 1706 2343 1778 Equo
2373 1705 2534 1761 valde
2563 1704 2822 1760 examine
2854 1703 3158 1773 ipsumque
3187 1713 3500 1770 supernum
3521 1697 3822 1768 jaculatus

412 1818 739 1888 insurgens,
757 1824 824 1868 ac
839 1809 1026 1881 primo
1044 1787 1261 1876 impetu
1282 1801 1500 1874 potenti
1517 1800 1732 1856 virtute
1755 1809 2053 1868 superans,
2089 1789 2138 1851 Β
2165 1799 2252 1850 est
2280 1793 2512 1864 solium,
2551 1792 2621 1848 ab
2653 1793 2746 1848 his
2777 1791 2974 1862 procul
3001 1789 3181 1847 dubio
3223 1787 3643 1858 percelleretur,
3679 1799 3820 1840 cum

413 1885 684 1980 protrivit
710 1915 808 1958 eos
827 1911 1009 1969 usque
1024 1895 1093 1952 ad
1119 1893 1381 1950 ultimam
1399 1889 1730 1962 perniciem,
1763 1885 1972 1944 occisis
1990 1899 2060 1940 ex

414 1973 502 2054 eis
520 1989 791 2064 plurimis
806 1985 1120 2056 multisque
1135 1982 1342 2052 captis,
1363 1979 1620 2050 reliquos
1635 1976 1848 2048 Oppido
1865 1973 2062 2046 fugere

416 2079 718 2154 compulit,
735 2077 1032 2146 victorque
1047 2071 1414 2141 triumphans
1425 2069 1494 2124 ad
1513 2073 1700 2125 castra
1717 2067 2064 2122 honustatus

418 2187 484 2230 ac
509 2171 677 2228 laetus
695 2178 825 2224 cum
851 2163 976 2220 suis
995 2160 1264 2219 omnibus
1293 2155 1584 2228 repedavit
1603 2175 1618 2228 ;
1638 2155 1709 2212 de
1728 2155 1854 2212 suis
1873 2157 2062 2209 autem

423 2263 628 2334 praeter
657 2267 835 2314 unum
863 2249 1122 2308 ammisit
1144 2245 1410 2303 Alderico
1447 2245 1698 2316 nomine,
1729 2247 1786 2300 et
1813 2243 2004 2314 ipsum
2029 2255 2064 2297 a

422 2331 572 2415 suis,
598 2349 664 2402 ut
686 2342 888 2413 fertur,
920 2337 1196 2396 occisum.
1225 2335 1310 2390 Ab
1336 2334 1444 2390 hoc
1465 2347 1602 2389 sane
1623 2332 1718 2388 die
1745 2331 1923 2402 coepit
1943 2332 2062 2401 jam

399 2434 592 2514 quasi
632 2437 834 2504 potens
869 2441 994 2485 esse
1028 2421 1346 2495 Atenolfus,
1384 2425 1457 2492 et,
1480 2420 1830 2476 Athanasius
1874 2419 2068 2490 impo-

426 2507 574 2584 tens.
605 2519 750 2578 Hinc
771 2514 1065 2574 inchoavit
1089 2511 1281 2570 omnia
1309 2514 1433 2568 sata
1455 2523 1652 2566 eorum
1678 2507 1778 2580 qui
1804 2509 1864 2564 in
1889 2507 2071 2564 colos-

427 2627 556 2674 sum
587 2610 609 2656 ί
641 2607 1010 2666 morabantur
1045 2602 1320 2672 diripere,
1352 2603 1673 2669 cunctaque
1699 2597 1846 2654 bona
1871 2610 2068 2654 eorum

425 2697 710 2761 vehiculis
743 2693 991 2753 diversis
1025 2691 1096 2748 ad
1132 2689 1330 2746 urbem
1363 2685 1537 2744 trahi.

493 2786 586 2846 74.
619 2789 734 2844 Hoc
761 2794 990 2856 quoque
1017 2779 1168 2852 quod
1201 2790 1371 2834 narro
1391 2788 1587 2833 omnes
1609 2774 1848 2832 audiant
1876 2787 2064 2844 aures,

421 2871 600 2952 prout
627 2872 905 2932 Dominus
933 2881 1080 2939 saepe
1111 2863 1432 2938 parabolice
1456 2863 1800 2952 sequacibus
1820 2863 1944 2919 suis
1967 2862 2070 2918 di-

426 2967 624 3026 cebat:
654 2963 759 3030 Qui
777 2959 937 3015 habet
963 2971 1124 3013 aures
1147 2953 1432 3018 audiendi,
1459 2952 1654 3007 audiat
1672 2951 1888 3022 (Matth.
1913 2951 2067 3022 xm),

429 3058 498 3112 ut
525 3049 714 3110 omnis
743 3048 1001 3118 pavescat
1022 3044 1210 3114 homo,
1243 3043 1470 3111 stupeat
1497 3043 1554 3095 et
1571 3039 1640 3094 ad
1666 3041 1843 3095 Deum
1875 3051 2072 3094 rever-

427 3147 587 3201 tatur
599 3138 686 3196 vel
703 3129 866 3194 sero’
897 3175 914 3206 ,
933 3147 1020 3204 ne,
1046 3129 1135 3190 si3
1162 3129 1487 3188 obstinatus
1500 3127 1694 3186 animo
1711 3127 2067 3197 remanserit,
2099 3149 2150 3214 ο

427 3227 724 3299 contingat
743 3223 834 3280 illi
861 3219 1005 3278 illud
1025 3218 1176 3290 quod
1191 3217 1411 3274 Dathan
1431 3220 1488 3273 et
1501 3215 1715 3272 Abiron
1739 3215 2072 3286 superbien-

430 3316 592 3375 tibus
618 3309 867 3374 advenit,
897 3319 1114 3365 necnon
1143 3311 1199 3362 et
1221 3303 1417 3361 Chorze
1441 3318 1571 3361 cum
1603 3303 1929 3361 fautoribus
1950 3303 2074 3360 suis

427 3403 686 3463 evenisse
703 3395 1047 3456 dinoscitur.
1071 3391 1405 3451 Guaiferius
1422 3392 1575 3448 enim
1599 3391 1898 3463 praefectus
1919 3391 2076 3448 hare-

429 3503 654 3560 narum,
682 3484 784 3558 qui
807 3496 948 3555 pene
975 3481 1167 3538 omnia
1199 3479 1345 3536 mala
1374 3493 1500 3550 quae
1521 3476 1669 3534 facta
1693 3484 1828 3536 sunt
1857 3478 1916 3534 in
1942 3479 2075 3534 die-

427 3578 538 3636 bus
557 3577 686 3647 ejus
709 3573 832 3643 ipse
852 3583 1020 3641 opere
1039 3582 1143 3626 suo
1163 3567 1341 3640 gessit
1361 3565 1610 3636 fecitque
1639 3570 1882 3636 patrare,
1905 3567 2075 3636 cujus

427 3662 723 3738 prazstigio
741 3661 991 3715 Romana
1010 3655 1184 3712 tellus
1199 3653 1540 3724 depopulata
1555 3658 1661 3723 est,
1685 3655 2074 3709 Beneventana

425 3753 586 3826 regio
616 3747 882 3806 funditus
907 3744 1160 3801 desolata
1189 3747 1294 3812 est,
1317 3741 1388 3797 ab
1420 3741 1526 3796 hoc
1549 3745 1606 3796 et
1637 3741 1881 3798 inicium
1912 3748 1969 3797 et
1997 3742 2074 3798 ti-

429 3855 556 3900 nem
576 3834 602 3884 4
629 3834 852 3906 accepit
879 3851 896 3907 ς
930 3833 1148 3890 idcirco
1185 3829 1286 3887 Dei
1322 3828 1547 3899 judicio
1577 3828 1683 3884 hoc
1713 3829 1880 3886 modo
1907 3829 2072 3888 illius

426 3925 660 3986 scelus5
687 3923 1048 3980 facinorosus
1086 3919 1220 3977 linis
1256 3916 1523 3989 explevit.
1562 3915 1702 3973 Nam
1742 3917 1934 3974 subito
1964 3934 2073 3975 su-

428 4029 602 4090 perna
644 4012 964 4084 inspirante
993 4009 1196 4084 gratia,
1224 4022 1258 4064 a
1283 4021 1396 4079 quo
1429 4006 1640 4064 bonum
1671 4020 1837 4064 omne
1868 4021 2074 4078 proce-

424 4103 535 4173 dit,
568 4101 628 4158 in
649 4097 676 4144 θ
728 4099 895 4156 illum
919 4094 1154 4154 excitati
1181 4093 1294 4166 illi,
1320 4107 1354 4149 a
1381 4093 1593 4165 quibus
1619 4093 1741 4164 ipse
1763 4094 2072 4164 putabatur

399 4189 658 4261 salvari,
696 4191 912 4246 mutata
943 4189 1128 4240 mente
1159 4183 1219 4238 in
1252 4195 1380 4238 eum
1411 4186 1708 4252 surgentes
1746 4183 2074 4252 apprehen—

425 4281 657 4350 derunt,
673 4277 935 4347 bonaque
952 4272 1140 4344 ipsius
1153 4269 1270 4328 diri
1277 4271 1496 4340 pientes
1515 4269 1872 4342 vincxerunt,
1893 4286 2074 4328 rever-

425 4373 612 4426 tentes
635 4361 1054 4424 nichilominus
1081 4359 1149 4417 ad
1172 4358 1380 4429 solum,
1403 4359 1474 4416 de
1499 4371 1612 4429 quo
1637 4373 1930 4430 nunquam
1951 4360 2072 4416 dia-

2167 1882 2382 1953 quibus
2413 1881 2824 1938 Christicolum
2861 1893 3038 1952 genus
3067 1891 3206 1948 pene
3238 1889 3405 1934 omne
3427 1873 3820 1946 protriverat;

2169 1975 2338 2043 prout
2359 1970 2643 2027 Iohannes
2665 1969 2814 2025 dicit
2839 1970 2898 2025 in
2920 1965 3302 2038 Apocalipsis,
3327 1965 3502 2020 immo
3528 1967 3583 2019 et
3609 1961 3828 2018 Domi-

2169 2073 2280 2117 nus
2327 2073 2426 2130 per
2471 2059 2803 2127 Iohannem,
2854 2057 2925 2114 de
2975 2055 3247 2112 Babilone
3279 2072 3291 2108 :
3326 2053 3825 2120 Quantumcunque

2168 2121 2503 2204 ministravit
2565 2148 2737 2210 vobis,
2794 2121 3116 2201 Iministrate
3175 2145 3262 2197 illi
3295 2162 3312 2210 ;
3343 2145 3403 2196 in
3455 2141 3654 2211 poculo
3711 2155 3822 2208 quo
3871 2121 3892 2136 ’

2170 2239 2406 2300 miscuit,
2435 2238 2642 2291 miscite
2664 2236 2752 2290 illi
2775 2235 3004 2305 duplum
3024 2233 3218 2305 (Apoc.
3251 2233 3440 2301 XVIII).
3474 2231 3600 2284 llmc
3628 2233 3824 2284 autem

2173 2325 2492 2396 audientes,
2527 2324 2706 2380 nolite
2735 2337 2834 2379 cor
2859 2336 3163 2393 apponere,
3196 2320 3347 2392 quod
3379 2321 3532 2374 Deus
3556 2317 3666 2373 hoc
3697 2329 3830 2372 me—

2177 2413 2312 2470 ritis
2331 2413 2582 2484 alicujus
2612 2412 2831 2484 praelati
2863 2410 3081 2482 fecerit,
3106 2415 3193 2467 set
3215 2423 3321 2466 sua
3347 2405 3750 2464 misericordia
3771 2409 3830 2460 et

2181 2502 2436 2560 miseriis
2466 2502 2762 2559 hominum
2793 2501 2974 2574 egerit
2995 2505 3256 2570 nanctus,
3290 2502 3354 2554 ut
3381 2497 3502 2567 ipse
3533 2509 3630 2566 per
3661 2491 3831 2564 psal—

2180 2593 2408 2648 mistam
2449 2591 2639 2647 dicit:
2672 2593 2870 2646 Invoca
2916 2605 2998 2644 me
3040 2592 3100 2644 in
3137 2589 3226 2644 die
3273 2587 3647 2642 tribulationis
3693 2587 3825 2645 tua,

2179 2682 2408 2751 em'piam
2441 2685 2490 2735 te
2519 2684 2570 2735 et
2599 2681 2977 2750 magniﬁcabis
3007 2693 3108 2734 me.
3150 2679 3291 2734 Nam
3327 2674 3610 2747 peccatori
3637 2672 3824 2728 dicit:

2179 2769 2356 2836 Quare
2380 2772 2441 2822 tu
2468 2784 2696 2822 enarras
2723 2768 2978 2837 justitias
3007 2782 3171 2838 meas,
3202 2770 3334 2836 etc.,
3374 2775 3675 2835 quousque
3699 2759 3824 2814 ait:

2177 2858 2304 2911 Haec
2343 2857 2525 2925 fecisti
2556 2861 2607 2911 et
2636 2856 2804 2918 tacui,
2849 2856 3178 2910 existimasti
3211 2854 3598 2923 iniquitatem;
3627 2851 3690 2902 in
3719 2861 3830 2917 quo

2177 2961 2301 3014 ergo
2339 2961 2427 2999 ero
2466 2945 2568 2999 tibi
2599 2945 2796 2999 similis
2817 2945 3032 3014 ?{Psal.
3079 2943 3262 3015 XLIX.)
3295 2943 3358 2997 In
3391 2953 3506 2996 una
3535 2943 3724 2995 tamen
3766 2951 3832 2992 re

2181 3047 2423 3104 moveor,
2452 3033 2602 3104 quod
2634 3047 2764 3090 cum
2798 3033 2955 3088 dicat
2983 3032 3322 3104 Apostolus:
3351 3032 3542 3088 Nonne
3569 3029 3669 3098 qui
3684 3041 3829 3097 pra-

2181 3123 2280 3178 dat
2307 3127 2358 3178 et
2381 3125 2498 3194 ipse
2527 3122 2862 3191 przdaverit
2885 3121 3067 3192 ?(Isa.
3107 3117 3341 3193 χχχιιι.)
3381 3118 3528 3190 Quid
3565 3130 3701 3188 ergo
3725 3128 3829 3170 ero

2181 3211 2252 3268 de
2275 3211 2370 3267 his
2403 3210 2502 3282 qui
2535 3209 2789 3281 praadant
2816 3209 3105 3280 proximos
3130 3215 3186 3266 et
3214 3208 3524 3280 proximas,
3552 3206 3833 3262 tradunt—

2183 3315 2294 3373 que
2315 3299 2636 3372 prostibulo
2652 3296 2702 3342 14
2719 3299 2749 3353 ‘P
2769 3299 2922 3355 itane
2944 3298 3352 3370 praedabuntur
3370 3296 3578 3354 deinde
3591 3293 3620 3349 ?
3637 3292 3827 3349 Sicuti

2153 3384 2336 3444 'enim
2359 3387 2686 3458 Neapolites
2713 3391 3028 3458 vastantur,
3063 3387 3162 3458 qui
3195 3391 3510 3454 vastarunt,
3539 3384 3619 3438 ita
3644 3387 3702 3437 et
3721 3393 3830 3436 nos

2184 3476 2377 3534 forsan
2415 3475 2837 3542 devorabimur,
2885 3475 2984 3546 qui
3037 3489 3190 3532 nunc
3226 3475 3561 3530 devorantes
3599 3483 3822 3526 sumus.

2183 3565 2336 3621 Beati
2359 3577 2492 3635 ergo
2514 3564 2636 3635 qui,
2664 3564 2906 3620 Domino
2927 3563 3302 3634 custodiente,
3328 3563 3611 3618 immunes
3629 3559 3702 3615 ab
3719 3559 3830 3616 hac

2183 3652 2378 3726 saeculi
2401 3651 2648 3723 procella
2667 3653 2947 3722 existunt,
2974 3652 3072 3709 ubi
3105 3665 3270 3709 omne
3292 3650 3502 3707 malum
3522 3655 3580 3706 et
3600 3648 3828 3705 nullum

2181 3737 2308 3800 sine
2325 3741 2568 3798 Domino
2587 3740 2799 3798 bonum
2822 3745 3038 3815 regnat,
3063 3749 3120 3797 et
3137 3741 3196 3796 in
3213 3745 3422 3796 aeterna
3449 3743 3832 3795 numerantur

2180 3829 2316 3901 vita,
2339 3843 2450 3901 qua
2465 3828 2652 3886 omnis
2671 3828 2920 3886 felicitas
2935 3835 2990 3886 et
3005 3829 3300 3886 beatitudo
3319 3841 3504 3900 perem
3512 3827 3645 3898 pnis
3665 3827 3832 3882 ﬂoret

2182 3918 2244 3975 in
2282 3918 2487 3974 saecula
2533 3919 2890 3976 saaculorum.
2932 3919 3126 3976 Amen.

2248 4003 2338 4063 76.
2363 4006 2470 4063 Aio
2498 4006 2746 4080 denique
2769 4023 2803 4065 a
2832 4009 3144 4065 Benevento
3175 4021 3274 4078 per
3295 4007 3604 4078 Sepontum
3636 4003 3831 4062 Barim

2182 4093 2488 4167 profectus,
2535 4109 2709 4166 super
2751 4111 2920 4166 quam
2958 4097 3398 4154 Constantinum
3446 4099 3829 4168 augustorum

2179 4182 2432 4239 aulicum
2457 4182 2505 4227 15
2524 4188 2580 4238 et
2602 4185 2902 4253 patritium
2926 4185 3268 4242 insidentem
3289 4185 3562 4256 repperit,
3586 4181 3834 4238 rebelles

2181 4271 2586 4342 imperatorum
2613 4271 2864 4329 viriliter
2883 4273 3308 4347 impugnantem
3329 4273 3638 4346 ;adversus
3659 4285 3831 4343 quem

2179 4359 2373 4416 dictus
2402 4359 2530 4429 Aio,
2557 4359 2741 4417 fultus
2760 4361 2984 4418 auxilio
3013 4363 3477 4418 Hismaelitarum
3501 4367 3555 4417 et
3576 4359 3832 4416 vallatus

422 4456 610 4515 bolice
626 4452 838 4512 abscisi
871 4455 1025 4522 sunt,
1061 4449 1366 4519 ipsumque
1386 4447 1779 4516 proconsulem
1802 4447 2070 4518 despica—
2099 4451 2153 4514 D
2181 4447 2406 4518 agmine
2422 4449 2770 4519 pedestrium
2787 4449 3210 4523 Apuliensium,
3229 4451 3500 4506 audacter
3517 4449 3831 4520 insurgens

424 4545 598 4602 bilem
635 4544 905 4613 Capuam,
943 4535 1206 4595 Atenolfo
1247 4535 1676 4592 consencientes
1711 4533 1738 4578 7
1770 4577 1784 4607 ,
1827 4537 2070 4593 remise-

426 4637 583 4696 runt,
603 4643 746 4702 pane
759 4625 1162 4711 tribulay'onis
1179 4628 1235 4680 et
1252 4637 1402 4696 aqua
1415 4623 1696 4697 angustia;
1715 4624 2071 4696 suggillatu-

425 4733 576 4776 rum.
617 4719 732 4774 Hoc
770 4715 940 4788 facto,
982 4713 1239 4772 universi
1289 4713 1450 4784 quia
1481 4712 1712 4784 propria
1753 4712 1888 4769 sede
1927 4712 2066 4769 olim

424 4805 654 4862 fuerant
689 4803 931 4874 superbe
967 4799 1208 4874 exulati,
1249 4802 1320 4858 ad
1353 4815 1457 4858 sua
1487 4801 1816 4858 obedienter
1855 4803 2065 4858 reversi

425 4899 583 4964 sunt,
603 4890 934 4964 factumque
949 4889 1224 4963 gaudium
1247 4901 1536 4962 magnum,
1556 4901 1664 4960 pax
1679 4893 1737 4944 et
1751 4889 2032 4946 securitas
2050 4908 2066 4960 ;

425 4987 834 5054 cmperuntque
877 4977 1162 5052 praeesse8
1190 4977 1294 5051 qui
1329 4977 1562 5035 subesse
1599 4977 1758 5034 soliti
1794 4983 1975 5050 erant,
2011 4984 2068 5036 et

2182 4537 2366 4606 primo
2389 4536 2606 4607 impetu
2631 4539 2815 4594 victor
2833 4539 3105 4608 existens,
3127 4540 3197 4596 de
3219 4537 3484 4596 hostibus
3509 4537 3708 4608 plures
3729 4537 3830 4592 in—

2177 4623 2417 4680 terfecit.
2469 4627 2686 4682 Dehinc
2725 4625 2774 4670 ιϐ
2799 4628 3176 4686 Constantino
3210 4627 3278 4698 17,
3315 4627 3417 4698 qui
3459 4640 3592 4682 cum
3633 4623 3829 4681 tribus

2177 4713 2416 4769 milibus
2452 4714 2620 4785 equis
2659 4715 2719 4770 in
2755 4721 2881 4772 tuto
2909 4715 3261 4773 consistebat
3285 4715 3348 4772 in
3378 4715 3504 4772 loco
3532 4711 3602 4783 l8,
3636 4714 3828 4770 valide

2175 4800 2480 4874 contritus,
2507 4803 2606 4858 vix
2633 4817 2762 4860 cum
2793 4803 3114 4876 aliquantis
3145 4805 3342 4862 urbem
3378 4803 3603 4876 ingredi
3636 4802 3828 4858 valuit

2175 4888 2364 4945 Barim
2383 4909 2398 4957 ;
2419 4890 2674 4961 reliquos
2701 4896 2802 4948 aut
2832 4891 3043 4964 gladiis
3068 4897 3170 4950 aut
3201 4891 3444 4949 tradidit
3467 4891 3821 4962 captivitati.

2175 4981 2298 5049 Ipse
2339 4984 2528 5035 autem
2569 4978 2894 5038 Graecorum
2937 4981 3164 5038 obsitus
3202 4981 3372 5050 vallo,
3422 4979 3572 5036 infra
3621 4979 3822 5036 urbem

1784 5112 2014 5168 VARIIE
2056 5111 2452 5170 LECTIONES.

493 5209 516 5256 ί
547 5209 769 5268 colosso
803 5205 856 5265 2.
955 5207 981 5252 2
1010 5207 1130 5266 fero
1168 5227 1212 5264 c.
1319 5209 1345 5252 3
1370 5226 1477 5265 vos:
1517 5211 1663 5264 deest
1699 5212 1759 5264 in
1805 5227 1850 5264 c.

420 5283 449 5328 8
471 5285 554 5340 ita
573 5280 626 5352 3,
651 5293 774 5337 esse
802 5297 848 5334 c.
935 5277 962 5322 9
990 5293 1140 5352 anno
1168 5281 1540 5352 imperaverat
1567 5279 1613 5334 l.

420 5355 472 5400 l3
501 5351 924 5411 invitantantur
945 5367 991 5420 _c.
1105 5351 1147 5394 ι*
1180 5351 1537 5420 prostribulo
1575 5367 1622 5405 c.

419 5425 473 5473 18
495 5430 678 5484 const.
717 5423 907 5479 locum
936 5418 988 5477 3.

1948 5206 1975 5255 4
2007 5211 2105 5255 fini

1707 5212 1759 5264 in
1805 5227 1850 5264 c.
1948 5211 1975 5255 4
2007 5211 2141 5270 linis
2175 5229 2218 5268 ο.
2324 5211 2350 5255 5
2379 5211 2535 5268 selus
2577 5229 2622 5267 c.
2727 5212 2754 5255 ὃ
2783 5216 2842 5267 in
2880 5215 2992 5268 loco
3023 5231 3168 5270 raso.
3273 5213 3299 5254 7
3327 5225 3498 5269 conse

1707 5280 1771 5364 19'
1786 5281 2012 5364 objecta
2034 5281 2083 5354 l,
2107 5283 2326 5364 objecto
2346 5281 2430 5364 ρει
2494 5284 2539 5328 11
2561 5283 2922 5364 praevitoque
2945 5302 2992 5364 ς.
3007 5285 3420 5364 _pr:evintoq1_1e
3447 5277 3500 5340 3.

1731 5350 1778 5396 ιδ
1805 5350 2020 5409 aulicet
2056 5350 2103 5409 ό.
2139 5350 2370 5410 vaiulus
2397 5352 2451 5410 3.

3273 5213 3299 5254 7
3327 5211 3736 5280 consenciente
3771 5227 3816 5264 c.

3599 5282 3652 5325 η
3683 5286 3750 5338 ut
3771 5299 3814 5334 ς.

3331 5350 3380 5400 i7
3408 5369 3440 5410 a
3471 5360 3662 5412 const.
3698 5352 3752 5408 2.
3785 5350 3820 5407 3

2324 5211 2350 5255 5
2379 5211 2535 5268 selus
2577 5229 2622 5267 ο.
2727 5212 2754 5255 ὃ
2783 5216 2842 5267 in
2880 5215 2992 5268 loco
3023 5231 3168 5270 raso.

2556 5355 2608 5398 16
2629 5357 2706 5409 ita
2734 5353 2756 5408 4
2782 5356 2811 5409 ‘l
2831 5353 2890 5428 3,
2931 5353 3140 5412 deinde
3166 5354 3217 5413 2.

2003 5494 2222 5552 ΝΟΤλΕ.

489 5607 514 5636 ι
542 5595 656 5666 _San
690 5593 878 5650 Canio
914 5592 975 5648 in
1003 5603 1141 5664 agro
1173 5589 1446 5648 Avesano.

2245 5594 2271 5636 δ
2301 5596 2359 5651 Id
2395 5602 2480 5652 est
2511 5595 2952 5668 Langobardica.
