4058 6154
197 387 292 446 781

1411 385 1729 442 HISTORIA
1768 376 2398 442 LANGOBARDORUM.

3500 376 3609 456 782

199 486 578 573 occultatur]l
611 558 628 586 ,
677 515 972 573 sustinens
1009 514 1331 587 sufragium
1379 513 1642 583 Atenolll,
1683 525 1849 584 quem
1878 511 1937 569 A
1961 525 2076 581 quo
2129 512 2415 569 residebat
2456 527 2629 583 super
2665 515 2879 570 dictam
2907 515 3124 587 urbem,
3161 524 3219 575 et
3265 519 3451 579 fmdus
3473 502 3603 581 cum

201 605 421 675 pridem
456 610 780 675 protexerat
815 611 872 660 et
902 618 1014 660 non
1047 605 1300 675 invenit;
1331 616 1461 658 nam
1485 607 1543 658 et
1570 602 1766 658 Gallos
1795 607 1850 658 et

194 693 487 764 Agarenos
501 693 803 763 promissis
821 694 1014 749 aureis
1028 693 1241 763 saapius
1253 692 1476 748 mixtim
1501 691 1753 747 invitans
1784 694 1799 735 ἐ
1833 732 1847 756 ,

196 781 457 851 optinere
500 782 781 852 nequivit.

261 867 354 926 77.
387 869 692 927 Atenolfus
715 885 849 944 ergo
891 885 1021 928 cum
1046 870 1358 927 Athanasio
1391 882 1580 941 pacem
1616 868 1847 924 interim

195 960 487 1016 custodita
508 959 625 1016 fere
645 960 737 1017 bis
757 960 913 1017 senis
941 960 967 1004 3
992 960 1217 1031 diebus,
1242 959 1421 1017 scisso
1445 955 1675 1028 ﬁndere,
1698 961 1851 1013 utra-

196 1062 305 1120 ίίυθ
332 1062 468 1119 Pars
515 1049 586 1105 ad
608 1074 611 1077 ·
637 1050 882 1119 pmdam
913 1048 1197 1131 prorupit.
1229 1049 1322 1104 Set
1362 1046 1616 1117 Capuani
1643 1045 1667 1089 4
1698 1059 1851 1116 prae-

194 1136 510 1194 validiores
555 1136 762 1209 effecti,
795 1152 896 1208 per
923 1152 983 1194 se
1012 1142 1067 1194 et
1109 1152 1238 1194 cum
1281 1136 1577 1193 Saracenis
1602 1133 1851 1207 graviter

193 1226 491 1296 Neapolim
508 1226 958 1297 circumquaque
981 1230 1268 1282 vastantes
1294 1225 1565 1295 lacerant,
1600 1227 1664 1279 ut
1695 1222 1848 1297 ignis

192 1318 601 1371 consumantes
627 1314 840 1384 omnia,
868 1328 1030 1385 aequo
1053 1314 1154 1371 Dei
1176 1314 1423 1384 judicio,
1458 1318 1522 1370 ut
1551 1314 1651 1384 qui
1674 1313 1850 1369 Sara—

193 1403 354 1459 cenis
382 1403 835 1460 innumerabiles
862 1402 1240 1459 Christicolas
1278 1402 1490 1473 gladiis
1513 1408 1569 1458 et
1596 1402 1849 1473 captivi-

195 1491 417 1549 tatibus
463 1493 708 1549 tradidit
748 1492 1029 1562 bonisque
1075 1505 1275 1569 eorugn
1323 1492 1544 1549 ditatus
1586 1496 1691 1562 est,
1732 1505 1844 1548 non

194 1581 486 1637 immerito
514 1581 587 1637 ab
612 1580 707 1636 his
736 1580 1073 1653 ﬂagellatur,
1107 1581 1346 1638 rodatur
1384 1584 1439 1636 et
1465 1580 1842 1650 deprazdetur,

194 1674 257 1726 ut
274 1670 546 1727 Salomon
566 1670 651 1726 ait
672 1688 685 1724 :
716 1670 848 1736 Quis
876 1664 1176 1725 medeb'itur
1199 1671 1535 1726 incantatori
1552 1687 1587 1724 α
1602 1674 1846 1740 serpente

190 1761 357 1815 semel
383 1762 688 1830 percusso?
714 1759 903 1829 (Eccli.
933 1760 1065 1831 x11.)

1959 612 2024 654 eo
2054 604 2311 657 statuens
2338 603 2514 673 pacis,
2539 603 2690 659 vires
2712 604 3016 659 resistendi
3042 605 3244 663 Aiouis
3261 615 3389 667 astu
3409 610 3608 669 doloso

1959 688 2165 742 avertit
2189 688 2237 730 ίυ
2258 730 2271 742 .
2293 689 2393 745 llis
2409 696 2464 746 et
2491 692 2890 760 hujuscemodi
2914 690 2954 735 ιι
2976 701 3443 766 argumentorum
3463 699 3612 755 deci-

1961 774 2116 843 pulis
2156 777 2350 834 dictus
2372 779 2479 835 Aio
2508 794 2746 838 cernens
2788 797 2847 839 se
2875 784 3161 851 delusum,
3212 785 3440 856 doluit;
3475 791 3610 843 tan-

1956 862 2085 919 dem
2137 866 2475 923 necessitate
2516 869 2821 927 cohartans
2857 887 2987 928 cum
3030 879 3335 931 memorato
3366 875 3610 945 patricio

1959 966 2150 1022 pacem
2177 953 2411 1026 faciens,
2447 956 2643 1014 urbem
2673 962 2897 1017 remisit
2934 967 2990 1017 et
3018 962 3086 1019 ad
3116 965 3348 1034 prepria
3386 978 3611 1021 remea-

1956 1042 2059 1108 vit,
2105 1043 2368 1101 Atenolfo
2422 1050 2480 1101 et
2535 1048 2748 1104 Maioni
2797 1049 3011 1121 abbati,
3064 1052 3165 1123 qui
3215 1067 3389 1123 supra
3423 1052 3539 1109 fata
3565 1052 3613 1097 ¹²

1958 1128 2240 1203 legatione
2284 1132 2521 1191 functus
2565 1134 2773 1204 fuerat,
2801 1139 2940 1195 haut
2968 1140 3016 1183 i3
3045 1138 3262 1197 frustra
3310 1143 3604 1215 minitans.

1957 1221 2163 1277 Eadem
2194 1228 2526 1293 tempestate
2548 1226 2685 1282 dum
2700 1227 2847 1283 idem
2859 1229 3159 1287 Atenolfus
3173 1231 3506 1289 Dauferium
3533 1233 3604 1305 14,

1960 1316 2216 1367 nostrum
2258 1312 2586 1385 dyaconem,
2644 1322 2794 1374 recte
2830 1318 3163 1388 disponeret
3198 1322 3507 1378 Tarantum
3552 1330 3608 1379 et

1960 1397 2093 1453 inde
2134 1400 2345 1471 regiam
2389 1403 2457 1458 ad
2502 1404 2696 1460 urbem
2730 1407 3141 1465 transmitteret
3179 1410 3228 1454 15
3254 1453 3269 1481 ,
3305 1411 3608 1483 ipsumque

1960 1492 2223 1556 questum
2254 1503 2378 1546 esse
2402 1490 2678 1549 adversus
2707 1507 2835 1551 eum
2862 1495 2932 1551 de
2958 1495 3188 1568 in0pia;
3217 1498 3414 1555 oborta
3443 1500 3609 1556 alter-

1958 1581 2151 1632 utrum
2195 1580 2579 1647 contentione,
2613 1582 2681 1637 ad
2718 1582 2964 1640 invicem
2996 1588 3339 1655 sequestrati
3367 1593 3523 1659 sunt,
3549 1595 3605 1644 et

1953 1661 2217 1723 Atenolfo
2280 1666 2587 1725 incubante
2648 1670 2917 1740 Capuam,
2976 1673 3284 1733 Dauferius
3354 1678 3601 1735 Teanum

1953 1759 2412 1812 commoraturus
2478 1760 2821 1828 properavit.
2872 1761 3049 1819 Paulo
3117 1769 3245 1835 post
3298 1767 3607 1825 concordia

257 1846 353 1905 78.
383 1822 637 1905 Ἰηῐενθει
693 1822 995 1905 Atenolfus
1037 1822 1171 1920 post
1215 1848 1470 1919 episcopi
1521 1849 1841 1918 captionem
1874 1822 1926 1884 Β
1953 1843 2291 1915 composita,
2341 1846 2410 1901 ad
2442 1822 2645 1903 eum-a
2672 1862 2785 1919 quo
2827 1862 2888 1905 se
2929 1822 3288 1921 separaverat
3312 1822 3606 1928 regressus

192 1943 582 2008 cunctumque
659 1936 873 1993 clerum
938 1942 1292 1994 sacramento
1380 1937 1694 1993 revinctum
1722 1942 1746 1985 5
1772 1937 1842 1992 ad

143 2064 151 2074 ι
193 2042 337 2085 nova
365 2041 429 2083 se
453 2025 701 2082 contulit
737 2030 794 2082 et
836 2026 1085 2082 recentia
1116 2026 1250 2096 jura
1280 2025 1442 2097 legis.
1470 2028 1608 2081 Nam
1642 2038 1844 2082 mona—

191 2118 331 2174 chos
364 2115 520 2171 beati
571 2114 862 2170 Benedicti
893 2129 995 2186 pro
1043 2114 1214 2171 rebus
1263 2114 1506 2185 perditis
1570 2116 1766 2184 jurare
1796 2111 1822 2154 6

191 2204 494 2276 compulit,
548 2203 762 2275 quibus
803 2216 1024 2259 cessum
1056 2201 1243 2259 fuerat
1289 2202 1361 2258 ab
1389 2203 1659 2259 omnibus
1692 2208 1844 2261 retro

192 2292 564 2365 principibus
587 2292 928 2362 cunctisque
951 2291 1216 2363 angustis
1243 2291 1505 2363 Gallicis,
1532 2305 1845 2347 sacramen-

193 2388 314 2439 tum
349 2396 449 2453 per
484 2395 546 2437 se
588 2381 736 2437 nulli
795 2380 1013 2437 homini
1039 2381 1291 2436 dandum
1342 2380 1454 2435 nisi
1493 2394 1591 2450 per
1619 2381 1846 2437 scario—

191 2485 293 2527 nes
319 2480 382 2540 I;
414 2482 476 2525 se
503 2473 694 2525 autem
726 2469 786 2524 in
819 2468 1151 2538 hujusmodi
1181 2468 1409 2541 negotio
1435 2469 1841 2539 sapientiorem

191 2575 256 2616 ac
282 2559 564 2629 potiorem
589 2555 619 2598 δ
643 2558 945 2614 ostendens
990 2557 1305 2628 prioribus.

208 2658 213 2659 ί
257 2645 353 2703 79.
374 2647 656 2703 Defuncto
683 2651 870 2702 autem
914 2645 1231 2717 Lamberto,
1285 2646 1407 2703 tilio
1435 2646 1722 2703 Guidonis
1745 2661 1844 2703 se-

192 2738 400 2807 nioris,
443 2736 565 2792 tilio
593 2750 698 2792 suo
734 2735 1050 2805 Spoletium
1077 2735 1349 2806 reliquit;
1383 2749 1497 2806 quo
1526 2736 1698 2792 etiam
1735 2738 1845 2793 de-

190 2827 447 2897 cedente,
476 2824 665 2881 Guido
685 2825 885 2895 junior
912 2824 1227 2894 Spoletium
1256 2828 1313 2881 et
1330 2825 1691 2881 Camerinum
1723 2842 1844 2882 sus-

190 2915 438 2985 cipiens,
493 2927 624 2970 cum
679 2912 977 2969 Saracenis
1048 2913 1109 2969 in
1155 2914 1365 2982 Sepino
1423 2915 1843 2971 castrametatis

192 3017 386 3074 pacem
412 3002 570 3074 fecit,
595 3002 898 3060 obsidibus
915 3003 1068 3059 datis
1087 3008 1143 3058 et
1166 3002 1453 3073 acceptis;
1481 3004 1648 3073 cujus
1668 3004 1840 3060 etiam

192 3100 447 3172 tempore
474 3092 805 3164 supradicta
829 3092 1108 3163 caanobia,
1142 3090 1386 3163 urbesfet
1413 3093 1622 3162 oppida
1649 3092 1842 3149 omnia

1953 1933 2055 1986 est.

2023 2016 2112 2073 81.
2147 2020 2250 2075 Per
2296 2020 2444 2077 idem
2490 2026 2714 2093 tempus
2751 2025 2933 2082 Graeci
2962 2027 3242 2085 navaliter
3263 2044 3294 2085 a
3318 2030 3595 2088 Constan-

1954 2108 2257 2178 tinopolim
2289 2110 2357 2165 ad
2404 2110 2642 2182 Regium
2684 2112 2945 2169 tellurem
2983 2116 3369 2184 adventantes,
3396 2134 3464 2176 ex
3500 2122 3603 2177 di-

1954 2209 2116 2253 verso
2135 2202 2191 2252 et
2218 2198 2569 2255 Hismaelitae
2592 2200 2664 2255 ab
2692 2200 2882 2258 Africa
2903 2207 2959 2258 et
2978 2203 3182 2260 Sicilia
3212 2215 3596 2278 properantes,

1954 2286 2189 2356 utrique
2244 2288 2599 2356 juncxerunt
2666 2303 2726 2346 se
2793 2291 2944 2348 inter
3007 2296 3339 2366 Messanam,
3402 2296 3597 2353 urbem

1950 2373 2187 2446 Siciliae,
2246 2381 2302 2431 et
2347 2376 2629 2448 Regium:
2684 2383 2742 2434 et
2793 2381 3165 2454 conﬂigentes
3220 2383 3268 2427 16
3297 2399 3600 2456 parumper

1952 2467 2173 2533 mutuo,
2201 2464 2340 2519 victi
2373 2470 2509 2521 sunt
2529 2467 3030 2540 Graeci,tantoque
3056 2476 3208 2528 metu
3245 2473 3433 2528 territi
3467 2480 3601 2530 sunt

1952 2552 2165 2622 reliqui
2198 2552 2402 2609 Achivi
2436 2554 2537 2625 qui
2566 2563 2980 2629 remanserunt,
3034 2564 3097 2614 ut
3134 2564 3246 2615 tam
3293 2561 3405 2616 viri
3432 2576 3600 2632 quam

1953 2638 2199 2697 ﬂemina
2219 2643 2533 2715 etparvuli,
2550 2644 2773 2701 relictis
2793 2646 3100 2718 utriusque
3118 2647 3458 2706 civitatibus
3472 2665 3601 2719 cum

1950 2730 2238 2802 omnibus,
2254 2731 2578 2788 subsidium
2591 2734 2781 2804 adepti
2795 2740 2950 2806 sunt,
2966 2736 3191 2792 nemine
3201 2739 3543 2795 contrahens
3559 2740 3608 2786 l7

1952 2820 2119 2876 bella.
2150 2822 2246 2877 Set
2270 2825 2337 2877 ut
2363 2821 2509 2897 talia
2531 2823 2861 2892 permiserit
2882 2824 3079 2881 divina
3103 2826 3343 2897 :equitas
3376 2828 3465 2883 illi
3496 2828 3609 2884 bel-

1954 2909 2129 2965 luinaz
2146 2910 2299 2981 genti
2321 2908 2370 2952 18
2402 2951 2417 2981 ,
2435 2894 2665 2967 εώηῐνει
2676 2912 2919 2968 narrabo
2932 2894 3187 2970 brevius.
3200 2914 3403 2971 Achivi
3416 2921 3604 2973 autem

1953 3002 2017 3054 ut
2048 2996 2410 3054 habitudinis
2441 2998 2662 3055 similes
2690 3004 2844 3071 sunt,
2874 3000 2955 3056 ita
2978 3002 3172 3059 animo
3196 3005 3444 3075 aequales
3473 3010 3609 3062 sunt

1954 3085 2178 3157 bestiis,
2228 3085 2504 3142 vocabulo
2532 3086 2874 3160 Christiani,
2912 3094 2998 3145 set
3029 3090 3287 3148 moribus
3317 3093 3608 3150 tristiores

191 3197 223 3239 a
249 3158 744 3251 Saracenis—capta
771 3185 828 3237 et
855 3184 1056 3237 exusta
1085 3158 1240 3237 sunt.
1275 3158 1510 3252 Regiam
1540 3181 1609 3236 ad
1644 3179 1840 3236 urbem
1873 3158 1921 3218 Ο
1951 3174 2249 3246 Agarenis.
2304 3174 2398 3229 Hii
2447 3174 2714 3231 videlicet
2761 3181 2817 3232 et
2861 3158 2961 3247 per
2999 3192 3060 3235 se
3106 3178 3364 3236 ﬁdelium
3413 3195 3610 3239 omnes

191 3273 535 3345 legationem
579 3271 857 3344 dirigens,
888 3275 1087 3328 contra
1124 3271 1223 3340 jus
1270 3269 1509 3342 faciens,
1541 3270 1843 3340 pecuniam

190 3362 430 3430 accepit.
477 3359 850 3430 Quamobrem
890 3374 923 3415 a
950 3359 1115 3415 Carlo
1145 3359 1325 3416 tercio
1366 3363 1614 3431 augusto
1641 3362 1844 3428 captus

191 3455 297 3521 est,
344 3454 402 3505 et
446 3442 563 3505 nisi
607 3446 800 3520 fugam
837 3446 1201 3519 arripuisset,
1251 3447 1438 3517 capite
1480 3446 1838 3517 plecteretur.

194 3539 379 3595 Unum
399 3537 616 3608 quippe
635 3536 800 3593 illius
817 3549 986 3593 narro
1004 3534 1217 3592 factum
1244 3534 1387 3592 haut
1413 3534 1439 3578 7
1470 3534 1842 3591 indissimile.

196 3627 342 3697 quod
379 3626 441 3681 in
470 3623 769 3681 Gariliano
816 3631 1038 3697 gestum
1068 3629 1155 3680 est
1181 3620 1340 3695 (883).
1374 3623 1630 3694 Denique
1655 3637 1785 3679 cum
1813 3636 1847 3679 a

195 3716 439 3787 Seponto
467 3715 615 3771 idem
644 3715 764 3771 dux
785 3712 1050 3769 Atenolfo
1095 3713 1404 3769 comitante
1441 3712 1689 3782 Capuam
1711 3725 1849 3782 per-

195 3810 365 3876 geret,
396 3804 459 3859 in
487 3803 612 3860 loco
643 3802 743 3875 qui
768 3801 948 3857 Caudi
987 3801 1209 3858 dicitur
1236 3800 1509 3857 Arranem
1535 3799 1850 3856 Hismaeli—

196 3898 326 3963 tam,
360 3893 659 3948 tirannum
707 3890 1195 3960 crudelissimum,
1244 3903 1375 3945 cum
1406 3889 1678 3945 trecentis
1709 3902 1848 3959 pene

196 3979 541 4052 sequacibus
593 3980 721 4036 suis
763 3979 1003 4049 peremit
1038 3975 1219 4050 6887).
1263 3978 1621 4049 Cognoscens
1658 3982 1847 4034 autem

195 4070 380 4127 Guido
407 4069 644 4125 Carlum
682 4072 990 4142 augustum
1029 4068 1367 4124 seminecem
1391 4067 1600 4137 jacere,
1628 4066 1851 4137 cupidi-

196 4161 306 4213 tate
336 4157 613 4229 regnandi
644 4156 905 4213 devictus
945 4155 1329 4226 deceptusque
1357 4168 1391 4210 a
1421 4153 1850 4211 contribulibus

196 4246 338 4317 suis,
366 4245 704 4316 relinquens
738 4245 1179 4300 Beneventanam
1209 4242 1558 4315 provinciam
1588 4242 1702 4299 sibi
1722 4242 1853 4299 sub-

197 4341 375 4390 actam
423 4332 537 4389 8et
592 4333 998 4403 Spolitentium
1056 4333 1349 4402 ducatum,
1401 4330 1548 4387 abiit
1603 4330 1848 4387 Galliam

198 4428 565 4496 regnaturus.
605 4421 902 4477 Beneventi
931 4421 1160 4492 quidem
1192 4418 1366 4476 tellus
1385 4434 1418 4476 a
1441 4419 1655 4476 Graecis
1683 4419 1852 4490 capi-

197 4515 311 4581 tur,
337 4510 654 4581 Spoletium
695 4510 1057 4580 depracdatur
1085 4509 1155 4564 ab
1180 4507 1474 4581 Agarenis,
1511 4509 1632 4578 ipse
1659 4513 1849 4564 autem

196 4604 386 4653 manet
428 4598 655 4654 invisus
697 4604 752 4653 et
788 4597 1102 4653 inauditus.
1136 4596 1274 4653 Cum
1327 4610 1457 4653 vero
1513 4596 1770 4667 paruerit
1794 4602 1850 4652 et

195 4689 434 4746 auditus
475 4687 678 4758 fuerit,
711 4687 849 4759 quid
896 4687 1113 4743 dixerit
1142 4686 1167 4729 9
1191 4686 1276 4744 vel
1304 4687 1444 4758 quid
1476 4687 1677 4758 egerit,
1701 4687 1851 4743 scire

195 4777 523 4835 volentibus
554 4791 654 4848 per
689 4777 950 4833 ordinem
976 4776 1239 4833 narrabo.

268 4864 359 4922 80.
430 4863 596 4938 (888.)
637 4867 855 4921 Interea
914 4863 1097 4920 Aione
1151 4863 1384 4921 obsesso
1436 4863 1587 4919 infra
1651 4863 1847 4921 urbem

198 4955 386 5011 Barim
448 4970 481 5011 a
536 4952 750 5010 Graecis
788 4958 959 5025 atque
1005 4952 1292 5009 auxilium
1345 4952 1766 5025 exﬂagitantem
1816 4969 1849 5010 a

195 5043 383 5100 Gallis
408 5048 463 5099 et
492 5043 638 5113 suis,
675 5040 981 5098 Atenolfus'
1021 5041 1280 5097 titubans
1308 5041 1610 5098 Athanasii
1638 5042 1845 5115 minas,

201 5137 414 5205 legatos
441 5148 579 5191 suos
602 5133 673 5189 ad
717 5132 1154 5189 Constantinum
1177 5131 1485 5203 patricium
1512 5131 1845 5205 destinavit,

1956 3262 2304 3332 praedabant,
2354 3268 2411 3318 et
2438 3263 2746 3320 Saracenis
2791 3265 3072 3337 emebant,
3117 3272 3174 3323 et
3210 3282 3279 3324 ex
3320 3268 3413 3327 his
3460 3270 3610 3343 alios

1954 3351 2181 3408 venales
2209 3352 2405 3408 oceani
2434 3351 2606 3408 litora
2645 3350 2979 3423 farciebant,
3008 3354 3157 3411 alios
3181 3371 3312 3413 vero
3340 3358 3400 3413 in
3430 3357 3610 3415 famu-

1955 3441 2042 3497 los
2083 3445 2139 3496 et
2182 3439 2426 3497 famulas
2455 3439 2503 3483 19
2531 3440 2909 3498 reservabant.
2952 3442 3113 3499 Talia
3149 3452 3206 3500 et
3253 3444 3346 3501 his
3388 3446 3609 3503 similia

1955 3529 2412 3585 animadvertens
2435 3531 2604 3601 Deus,
2638 3529 2883 3585 tradidit
2909 3530 3043 3589 illos
3074 3531 3134 3587 in
3154 3533 3529 3603 opprobrium
3552 3539 3613 3591 et

1958 3620 2017 3675 in
2042 3618 2485 3690 devorationem,
2537 3624 2601 3675 ut
2631 3625 2880 3691 pereant,
2913 3624 2969 3676 et
2999 3622 3313 3693 recogitent
3343 3629 3400 3679 et
3430 3623 3614 3680 intel-

1958 3708 2140 3781 ligant
2187 3707 2325 3778 quia
2377 3707 2438 3763 in
2485 3707 2757 3778 operibus
2799 3709 2927 3765 suis
2959 3709 3109 3767 diris
3145 3712 3323 3768 Deum
3364 3712 3608 3782 jaculati

1957 3801 2112 3853 sunt.
2155 3796 2295 3852 Acta
2344 3801 2481 3853 sunt
2525 3796 2644 3852 haec
2693 3796 2753 3852 in
2801 3801 2925 3854 arto
2973 3798 3161 3869 spatio
3208 3802 3406 3873 maris,
3455 3803 3609 3872 quod

1956 3885 2187 3941 dirimit
2235 3885 2475 3957 Regium
2505 3883 2610 3940 20a
2639 3884 2862 3957 Sicilia,
2912 3886 3015 3957 qui
3055 3886 3216 3944 locus
3259 3888 3398 3945 olim
3437 3890 3614 3947 tellus

1957 3979 2099 4045 erat,
2128 3979 2214 4031 set
2242 3973 2512 4031 moderno
2533 3979 2785 4045 tempore
2822 3989 2855 4031 a
2907 3976 3077 4033 Phari
3109 3975 3161 4021 21
3181 3992 3408 4049 aequore
3433 3992 3614 4036 occu-

1960 4069 2127 4135 patus
2153 4067 2257 4119 est.
2287 4064 2412 4118 llaec
2438 4058 2631 4133 itaque
2656 4069 2812 4135 gesta
2842 4068 2978 4121 sunt
3009 4078 3161 4123 anno
3186 4067 3415 4123 Domini
3436 4065 3617 4124 88822

1959 4165 2150 4209 mense
2172 4150 2463 4207 Octubris.

2027 4238 2118 4296 82.
2165 4240 2276 4296 Hoc
2305 4239 2479 4295 etiam
2522 4253 2673 4296 anno
2721 4244 3014 4298 revertens
3041 4243 3232 4301 Guido
3259 4246 3329 4301 ad
3363 4246 3613 4320 Italiam,

1959 4343 2073 4400 quo
2121 4328 2447 4400 principare
2475 4328 2638 4398 cupit
2663 4334 2748 4384 set
2771 4329 3030 4399 optinere
3051 4332 3332 4404 nequivit,
3364 4333 3425 4389 in
3447 4334 3613 4393 Italia

1955 4418 2119 4488 juxta
2152 4416 2442 4472 civitatem
2474 4416 2802 4473 Brecianam
2860 4431 2990 4473 cum
3021 4412 3361 4491 Berengario
3400 4427 3456 4477 et
3485 4422 3614 4493 ipso

1958 4506 2103 4561 duce
2122 4503 2448 4561 conﬂixit‘l3
2481 4522 2495 4573 ;
2521 4504 2579 4559 in
2600 4520 2713 4575 quo
2733 4504 3008 4562 nimirum
3026 4507 3292 4564 condicto
3308 4510 3612 4582 utriusque

1961 4594 2143 4665 partis
2163 4593 2316 4649 acies
2345 4592 2658 4649 crudeliter
2686 4607 2829 4651 caesa
2871 4600 2975 4651 est.
3009 4596 3203 4667 Spolia
3232 4603 3422 4655 autem
3446 4614 3615 4658 cmso-

1960 4697 2086 4740 rum
2107 4696 2138 4738 a
2169 4681 2508 4753 Berengario
2541 4681 2843 4740 recollecta
2870 4689 3026 4741 sunt.
3068 4685 3226 4742 Pacti
3258 4693 3394 4744 sunt
3422 4692 3611 4747 tamen

1958 4772 2025 4828 ad
2060 4771 2301 4827 invicem
2330 4782 2511 4840 usque
2533 4770 2593 4825 in
2614 4769 2954 4845 epypbania,
2988 4773 3087 4844 qui
3114 4774 3477 4836 celebrantur
3501 4777 3553 4823 24
3575 4778 3615 4836 8

1958 4861 2112 4917 Ydus
2129 4855 2581 4933 Januarii.(889).
2615 4858 2754 4915 Cum
2780 4865 2970 4917 autem
3002 4866 3244 4935 uterque
3273 4880 3332 4922 se
3350 4866 3613 4936 junxerit

1957 4952 2027 5008 ad
2058 4956 2282 5022 pactum
2299 4949 2385 5005 vel
2414 4948 2484 5003 ad
2507 4947 2856 5019 bellandum,
2899 4950 3048 5022 quod
3074 4951 3345 5025 deinceps
3368 4958 3612 5032 egerint,

1962 5039 2225 5112 praesenti
2253 5036 2530 5108 epusculo
2556 5035 2822 5094 inseram.

1598 5231 1828 5288 vitam
1875 5215 2266 5288 LECTIONES'.

277 5301 645 5360 1occulatur.
736 5302 768 5355 ,2
795 5303 873 5357 ita
957 5300 1011 5359 2.
1055 5300 1107 5359 3.
1152 5318 1167 5356 :
1206 5319 1219 5356 :
1255 5318 1268 5355 :

207 5386 371 5443 puam
421 5374 473 5431 2.
591 5373 929 5429 5reuictum
991 5391 1037 5429 c.
1151 5372 1414 5443 6jurch.

204 5445 443 5502 advertit
479 5444 535 5501 2.

1550 5373 1575 5415 7
1604 5377 1705 5429 aut
1742 5389 1789 5427 c.

1314 5305 1526 5358 ιιιιωηε
1571 5319 1617 5357 σ,
1693 5302 1840 5359 3bis
1897 5302 2065 5373 bonis
2125 5317 2170 5353 c.
2244 5297 2390 5366 quod
2427 5297 3013 5373 _crorea:i;v,__supra
3088 5316 3207 5373 cap.

636 5446 681 5489 11
715 5445 1142 5514 hujusscemodi
1183 5432 1226 5501 οἶ
1309 5432 1432 5499 1"is.
1480 5442 1629 5500 facta
1668 5447 1708 5498 Ι.
1754 5445 1956 5501 funtus
1995 5460 2038 5498 c.
2130 5440 2179 5514 l3,
2210 5444 2312 5496 aut
2348 5456 2392 5493 c.

2465 5300 2706 5361 croremi;
2735 5313 2789 5359 υ,
2842 5313 3013 5369 supra
3088 5316 3207 5373 cap.
3277 5300 3366 5359 75.
3452 5302 3478 5347 4
3507 5319 3610 5361 ca—

2425 5367 2451 5411 9
2482 5369 2594 5423 erit
2654 5386 2709 5439 c.
2762 5368 2979 5439 dixerit
3017 5373 3075 5427 B.
3193 5372 3241 5415 ιο
3270 5375 3515 5430 utuertit
3557 5373 3604 5429 Ι.

2492 5439 2541 5482 11
2569 5438 2868 5497 dauferius
2898 5438 2950 5497 ⁷ο.
3035 5444 3080 5487 15
3103 5444 3522 5501 transmicteret
3558 5462 3602 5497 ο.

1919 5374 1945 5418 8
1974 5371 2209 5429 subacta
2267 5386 2310 5422 c.

211 5514 718 5611 igc‘onfringengos
743 5510 807 5569 cf
868 5516 921 5559 17
941 5519 1390 5611 constrah‘ensrc.
1474 5514 1521 5557 l8
1552 5516 1740 5611 gentis
1757 5534 1821 5611 Le.
1860 5590 1879 5611 ι
1903 5516 1951 5559 19
1983 5512 2219 5611 ξιηιιιιίδ
2257 5527 2300 5565 c.
2378 5510 2432 5553 ‘10
2462 5523 2698 5583 regnum
2728 5511 2788 5565 Α.
2835 5515 2890 5567 Β.
2970 5512 3015 5557 21
3042 5514 3194 5569 avari
3237 5531 3280 5568 ο.
3360 5516 3411 5559 22
3440 5514 3609 5571 DCCC

205 5587 424 5643 LXXX.
468 5586 537 5644 cf
592 5589 648 5632 ‘13
673 5590 753 5643 ita
793 5590 1003 5642 correxi
1034 5605 1051 5655 ;
1093 5586 1381 5645 conﬂictis
1429 5604 1476 5640 c.

1555 5584 1605 5633 Ἃ
1634 5586 1956 5643 celebratur
1992 5584 2043 5639 2.

1806 5657 2009 5714 NOTx‘E

284 5729 468 5787 'Idem
502 5731 656 5801 quod
685 5729 949 5802 scaritos,
982 5730 1218 5788 milites.

2040 5726 2068 5768 ι)
2095 5726 2314 5782 ironice
2339 5724 2511 5781 dicta.
