4060 6150
494 523 822 531 .—_—————

1090 343 1360 402 ANGILB.
1403 345 1797 402 CORBEIENS.
1842 344 2088 400 ABBAT.
2134 345 2395 402 VERSUS
2431 345 2522 400 AD
2563 343 2958 401 LUDOVICUM
2993 344 3256 400 REGEM.
3737 345 3821 406 78!}

3447 519 3811 527 .—.—__—————-—

3223 523 3260 527 _
3273 521 3416 528 -..ην-σε

1799 708 1978 751 ANNO
2030 707 2264 750 DOMINI
2306 709 2572 752 DCCCXC.

1539 867 1793 1012 AN
1809 865 2840 1015 GILBEBTUS
2935 1040 2938 1042 η

1803 1108 2244 1166 CORBEIENSIS
2340 1110 2573 1167 ABBAS.

1187 1358 1584 1430 NOTITIA
1673 1356 2203 1424 HISTORICA
2276 1356 2374 1425 IN
2473 1355 3188 1426 ANGILBEBTUM.

1504 1487 1677 1550 (Apud
1717 1486 2027 1546 Fabricium,
2063 1485 2310 1536 Biblioth.
2349 1487 2489 1538 med.
2528 1489 2580 1536 et
2611 1486 2708 1536 inf.
2743 1487 2875 1550 Lat.)

554 1706 942 1779 Angilbertus,
972 1705 1100 1779 sive,
1127 1705 1514 1776 Engilbertus,
1542 1704 1920 1779 _C_orbeien_sis
1974 1703 2150 1779 abbas
2195 1700 2593 1779 circaannum
2635 1703 2851 1779 Christi
2878 1701 3005 1779 880.
3049 1705 3258 1760 Versus
3291 1703 3565 1779 quosdam
3601 1701 3834 1779 elegiacos

489 1772 767 1851 praemisit
797 1772 1059 1851 aliosque
1090 1772 1444 1851 hexametros
1461 1772 1771 1851 subjun_)§it
1803 1776 1952 1831 libro
1976 1775 2030 1830 S.
2059 1773 2474 1851 Augustini-de
2501 1775 2771 1851 Doctrina
2793 1775 3145 1851 Christiana,
3173 1772 3341 1846 quem
3370 1775 3581 1851 obtulit
3600 1772 3837 1851 Ludovico

487 1842 606 1922 regi
633 1842 983 1922 Francorum
1008 1848 1406 1922 Garolomanni
1452 1842 1637 1903 fratri.
1672 1847 1956 1918 Utrosque
2008 1842 2195 1902 edidit
2244 1844 2618 1902 Mabillonius
2647 1851 2783 1902 tom.
2818 1845 2860 1900 ll
2883 1842 3228 1919 AnalectorI,
3263 1859 3392 1917 pag.
3435 1842 3536 1901 657
3565 1857 3671 1914 seq.
3699 1848 3838 1911 atque

491 1916 647 1978 no'va:
678 1921 736 1976 in
762 1919 859 1976 fol.
897 1934 1018 1992 pag.
1055 1916 1177 1976 425.

1567 2217 2767 2337 ANGILBERTI

1805 2393 2088 2450 ABBATIS
2133 2391 2577 2449 CORBEIENSIS

2027 2529 2394 2600 VERSUS

793 2660 906 2726 AD
961 2662 1462 2725 LUDOVICUM
1535 2661 1831 2723 REGEM
1882 2660 2399 2722 FRANCORUM
2459 2659 3057 2721 CAROLOMANNI
3113 2656 3555 2719 FRATREMal

1232 2770 1324 2832 In
1362 2767 1616 2831 librum
1669 2767 1747 2830 ις’.
1787 2765 2172 2848 Augustini
2201 2767 2280 2829 de
2333 2766 2666 2829 Doctrina
2727 2764 3134 2828 Christiana

1671 2871 1904 2936 Eidem
1956 2873 2100 2952 regi
2163 2872 2333 2934 dono
2374 2873 2683 2934 missum.

1435 2980 1609 3042 (Apud
1644 2979 2027 3040 Mabilloniurn,
2057 2978 2307 3028 Analecta
2337 2981 2532 3040 vetera,
2587 2992 2712 3040 pag.
2774 2977 2919 3040 425.)

472 3214 600 3274 Haec
623 3216 931 3290 Augustini
962 3215 1183 3272 Aurelii
1218 3215 1311 3286 pia
1335 3215 1598 3286 dogmata
1627 3211 1874 3285 fulgent,

541 3306 677 3375 Quaa
695 3307 765 3361 de
793 3305 1054 3361 doctrina
1075 3305 1260 3360 edidit
1279 3304 1544 3360 almiﬁca.

470 3395 596 3449 Haec
626 3393 732 3448 tibi
764 3393 940 3449 multo
969 3394 1190 3464 docent,
1221 3393 1416 3462 lector,
1451 3392 1600 3463 quod
1635 3393 1848 3462 qumris
1891 3391 2126 3447 honeste

539 3483 598 3537 Si
630 3482 908 3552 replicare
931 3482 1097 3552 cupis
1135 3482 1348 3552 scripta
1398 3487 1618 3537 sacrata
1643 3481 1802 3535 libri.

470 3572 655 3640 Hujus
673 3571 824 3626 enim
857 3584 1065 3640 corpus
1083 3584 1315 3642 parvum
1337 3571 1488 3640 quod
1519 3569 1777 3624 cernitur
1801 3583 1943 3638 esse,

541 3660 808 3716 Continet
837 3660 1083 3715 insertos
1107 3663 1380 3730 quattuor
1408 3671 1536 3713 ecce
1567 3657 1766 3713 libros.

470 3749 700 3805 Primus
720 3749 873 3804 enim
905 3753 1100 3804 narrat
1150 3747 1369 3803 Christi
1399 3752 1674 3816 praacepta
1701 3753 1908 3816 tenere,

541 3839 677 3908 Quae
707 3851 929 3895 servare
958 3839 1107 3893 Deus
1130 3837 1311 3906 jussit
1340 3835 1398 3890 in
1428 3833 1563 3891 orbe
1596 3834 1727 3904 pius
1753 3853 1765 3888 :

469 3926 660 3983 Rebus
689 3927 774 3983 uti
803 3925 954 3982 saecli
989 3926 1295 3981 insinuans
1321 3923 1700 3994 praesentibus
1728 3929 1878 3995 apte,

541 4015 903 4085 Eternisque
928 4013 1043 4070 frui
1072 4014 1181 4069 rite
1208 4013 1372 4068 docet
1399 4012 1664 4069 nimium.

469 4105 679 4162 Edocet
725 4109 782 4160 et
808 4104 995 4174 signis
1031 4102 1233 4172 variis,
1262 4101 1544 4173 rebusque
1570 4103 1875 4172 secundus,

545 4193 805 4263 Qualiter
827 4196 928 4247 aut
952 4191 1236 4262 quomodo
1267 4204 1498 4247 noscere
1523 4190 1685 4262 signa
1719 4193 1947 4260 queant.

474 4281 704 4336 Tertius
731 4293 800 4335 ex
831 4278 1050 4334 hisdem
1085 4278 1273 4350 signis
1303 4277 1604 4348 verbisque
1631 4277 1881 4332 nitescit.

545 4369 692 4438 Quid
717 4368 856 4438 sint,
891 4366 1028 4438 quid
1061 4367 1305 4435 valeant,
1335 4379 1525 4436 quaave
1553 4366 1785 4421 vitanda
1805 4365 1981 4421 canit.

474 4458 632 4515 Tunc
658 4457 871 4528 promit
897 4461 1138 4527 quartus
1166 4456 1447 4511 librorum
1477 4453 1634 4508 dicta
1667 4454 1942 4524 priorum,

543 4546 692 4616 Quid
729 4559 835 4615 res,
869 4545 1006 4614 quid
1057 4544 1242 4615 signa,
1273 4541 1411 4612 quid
1441 4541 1535 4611 pia
1559 4542 1726 4597 verba
1755 4543 1978 4599 docent.

475 4633 734 4702 Qualiter
759 4637 815 4687 et
845 4631 1068 4701 possint
1095 4633 1299 4686 cuncta
1327 4629 1615 4686 intellecta
1645 4629 1874 4703 referre,

548 4721 750 4790 Magno
780 4731 1039 4773 sermone
1067 4717 1288 4772 intonat
1316 4716 1435 4787 ipse
1461 4717 1627 4789 liber,

474 4806 788 4875 Submisse,
824 4805 1038 4876 pariter
1063 4804 1365 4875 moderate,
1399 4807 1693 4878 granditer
1720 4814 1910 4880 atque.

549 4899 765 4966 Lector,
799 4895 1041 4966 perlecta
1069 4894 1183 4965 dic,
1217 4895 1501 4966 Miserere,
1529 4898 1696 4952 Deus.

475 4987 637 5044 Hunc
665 4985 839 5042 abbas
864 4985 1122 5040 humidis
1140 4984 1320 5054 jussit
1343 4984 1624 5041 fabricare
1653 4985 1914 5042 libellum

547 5074 918 5147 Angilbertus
947 5073 1098 5129 enim
1133 5073 1270 5128 vilis
1297 5078 1354 5129 et
1375 5074 1621 5145 exiguus
1648 5091 1660 5128 :

548 5213 571 5240 ι
595 5201 800 5256 Horum
846 5210 1111 5253 versuum
1158 5197 1378 5267 priores
1414 5197 1664 5252 existant
1709 5196 1900 5259 initio,
1936 5203 2130 5266 poste-

481 5271 759 5349 [ioresju
805 5269 914 5349 ﬁne
956 5267 1233 5349 librorum
1363 5267 1696 5349 _Augustini
1741 5268 1811 5349 de
1863 5268 2128 5349 Doctrina

475 5342 804 5399 Christiana
850 5339 910 5393 in
949 5339 1143 5394 codice
1176 5338 1527 5410 Corbeiensﬁi,
1570 5352 1736 5410 quem
1764 5338 2131 5410 Angilbertus

472 5427 575 5472 seu
613 5411 998 5482 Engilbertus,
1030 5409 1281 5482 ejusdem
1306 5410 1413 5465 loci
1443 5408 1638 5482 abbas,
1673 5408 2130 5482 ingratiamﬁLu-

474 5483 663 5542 dovici
706 5480 1052 5537 Francorum
1088 5480 1236 5552 regis
1275 5480 1520 5552 describi
1562 5481 1963 5552 curavitanno
2000 5480 2126 5545 880,

473 5563 575 5613 aut
619 5555 972 5633 insequente.
1009 5552 1062 5633 ld
1106 5551 1226 5632 sive
1271 5551 1599 5633 praestiterit
1632 5551 2004 5633 Ang‘ilbertus
2031 5567 2132 5633 τρ-

478 5633 614 5697 gatu
645 5621 948 5695 principis,
977 5623 1097 5697 sive
1116 5636 1182 5677 eo
1213 5621 1773 5697 inconsultoLarguit
1789 5635 1925 5697 sane
1954 5624 2133 5697 Ludo-

477 5691 671 5751 meum
713 5697 772 5751 in
803 5691 996 5751 sacras
1034 5692 1256 5747 litteras
1309 5697 1456 5748 recte
1496 5691 1757 5750 affectum
1806 5691 2006 5757 faisse,
2029 5695 2127 5751 cui

2147 4568 2200 4629 B

2145 3211 2206 3270 A
2233 3211 2408 3280 Quem
2437 3211 2599 3268 daret
2630 3211 2728 3267 ille
2753 3211 2849 3282 pio
2883 3209 3098 3267 caelesti
3127 3210 3378 3268 numine
3403 3209 3550 3267 fulto

2304 3301 2578 3358 Hlodoico
2604 3300 2744 3373 regi,
2778 3302 2877 3373 qui
2911 3308 2997 3358 est
3029 3301 3159 3372 pius
3184 3306 3369 3371 atque
3393 3297 3652 3360 humilis,

2234 3389 2343 3458 Qui
2375 3397 2582 3446 sancta:
2617 3391 2832 3461 sophia:
2879 3396 3058 3447 certat
3089 3389 3290 3445 rimari
3342 3393 3578 3456 secreta,

2305 3479 2531 3535 Nobilis
2563 3480 2811 3552 ingenio,
2839 3487 3001 3537 nocte
3046 3480 3255 3550 dieque
3302 3478 3507 3535 simul.

2235 3569 2460 3639 Quique
2501 3568 2672 3623 etiam
2719 3569 2939 3625 domini
2983 3582 3049 3624 ac
3087 3567 3292 3624 fratris
3325 3566 3635 3638 praeclarus
3677 3559 3857 3615 amator

2306 3658 2526 3729 Ingenti
2556 3658 2719 3714 dictu
2759 3662 3049 3729 permanet
3094 3671 3192 3714 ore
3241 3658 3363 3728 pio.

2235 3747 2410 3814 Quem
2443 3747 2592 3802 Deus
2618 3747 2980 3816 omnipotens
3028 3746 3240 3802 multos
3263 3745 3524 3802 feliciter
3549 3753 3719 3798 annos

2235 3833 2547 3906 Gloriﬁcet,
2577 3840 2779 3907 servet,
2806 3835 3034 3908 diligat,
3068 3839 3252 3906 ornet,
3287 3840 3447 3891 amet

2909 3962 2980 4014 Et
3005 3961 3065 4014 in
3088 3963 3213 4030 ﬁne.

2235 4101 2362 4158 Haac
2393 4102 2638 4172 perlecta
2669 4103 2752 4173 pii
2788 4102 2932 4158 lecto
2957 4101 3220 4158 doctrina
3253 4103 3520 4173 patroni,

2237 4190 2301 4246 In
2329 4191 2534 4261 primis
2563 4193 2803 4248 Domino
2828 4196 3000 4248 totam
3030 4192 3130 4262 qui
3163 4193 3440 4249 condidit
3479 4189 3689 4253 orbem,

2234 4280 2440 4336 Devote
2464 4280 2662 4337 laudes
2676 4281 2894 4351 jugiter
2933 4278 3208 4350 perfunde
3239 4280 3553 4354 benignas.

2233 4368 2342 4436 Qui
2372 4382 2524 4423 mare
2563 4367 2843 4438 fundavit,
2877 4368 3106 4436 calum,
3145 4373 3487 4440 terramque
3529 4362 3751 4432 creavit,

2234 4454 2438 4511 Omnia
2485 4456 2587 4526 qui
2632 4470 2888 4526 numero,
2943 4469 3209 4514 mensura
3256 4471 3329 4513 ac
3387 4457 3641 4528 pondere
3673 4445 3870 4507 clausit.

2235 4544 2338 4599 Per
2364 4557 2530 4614 quem
2569 4550 2776 4600 cuncta
2817 4550 3065 4617 manent,
3096 4544 3182 4600 vel
3211 4559 3316 4614 per
3343 4558 3521 4617 quem
3553 4546 3748 4599 cuncta
3771 4544 3871 4590 nia-

3654 4626 3874 4704 [nebunh

2235 4722 2370 4790 Quae
2417 4726 2571 4793 sunt,
2623 4737 2748 4794 qua:
2795 4721 3042 4795 fuerant,
3085 4721 3331 4794 fuerint,
3380 4723 3470 4780 vel
3525 4729 3756 4879 quaequi
3795 4709 3873 4765 fll-

3754 4813 3858 4860 tura

3754 4813 3858 4860 tura

2235 4901 2362 4969 Ipso
2394 4900 2601 4956 iterum
2633 4914 2866 4973 magnas
2893 4900 3134 4958 Domino
3167 4899 3520 4971 perfundito
3547 4904 3731 4974 grates

2236 4989 2343 5042 Pro
2376 4989 2474 5044 tali
2501 5003 2568 5044 ac
2609 4994 2787 5061 tanto,
2819 4995 2975 5046 casto
2999 4990 3282 5060 doctoque
3317 4991 3629 5063 magistro,

2236 5076 2450 5132 Ordine
2479 5077 2585 5132 snb
2609 5078 2816 5149 dignos
2845 5077 3081 5148 scripsit
3111 5077 3210 5148 qui
3237 5078 3392 5134 talia
3428 5078 3628 5134 nobis.

2237 5213 2348 5255 non
2375 5200 2543 5272 aliud
2559 5200 2744 5272 imagis
2775 5206 2998 5272 gratum
3032 5214 3241 5272 munus
3273 5215 3461 5270 quam
3498 5201 3668 5256 hosce
3701 5197 3751 5272 _S-
3779 5193 3879 5272 ᾼΒτ

2239 5271 2458 5343 gustini
2508 5261 2706 5340 libros,
2759 5261 3130 5343 Angilbertus
3183 5261 3311 5327 foré
3385 5269 3764 5343 existimavit:
3795 5261 3876 5316 Ubi

2238 5337 2537 5396 observare
2578 5337 3182 5398 convenit'lectionem
3215 5355 3451 5398 sacram
3494 5341 3702 5412 priscis
3731 5337 3880 5412 Fraus

2239 5427 2435 5484 corum
2482 5413 2714 5484 regibus
2760 5413 3072 5483 aliquando
3115 5406 3718 5469 familiarem-fuisse.
3766 5406 3877 5461 Hinc

2239 5483 2518 5539 Adalbero
2549 5483 2944 5539 Laudunensis
2981 5484 3286 5552 episcopus
3332 5484 3680 5539 Rotbertum
3707 5484 3874 5552 regem

2243 5554 2504 5627 hortatur
2528 5556 2596 5610 ad
2629 5554 2895 5627 legendos
2915 5549 3242 5627 Augustini,
3270 5554 3554 5627 Dionysii
3581 5551 3719 5612 dicti
3743 5549 3880 5606 Areo-

2240 5625 2465 5697 pagitae,
2493 5631 2548 5680 et
2571 5625 2835 5696 Gregorii
2860 5625 3047 5698 Magni
3079 5625 3279 5681 libros.
