4060 6150
233 217 328 275 785
873 214 1208 271 STEPHANI
1243 216 1438 272 PAPIE
1476 218 1519 273 V
1555 217 1919 289 EPISTOLtE,
1959 220 2352 280 DIPLOMATA
2404 228 2489 282 ET
2535 229 2945 286 PRIVILEGIA.

232 340 509 401 Chloduici
538 341 692 412 regis
721 340 988 411 precibus
1019 354 1328 397 memorare
1352 342 1638 414 benignis,

239 431 456 488 Nomine
490 429 590 498 qui
617 435 702 484 est
748 429 960 501 dignus
983 429 1182 485 divino
1211 444 1276 484 ac
1316 445 1549 487 munere
1580 430 1780 501 fretus,

245 519 514 576 Laudibus
542 517 812 573 almiﬂcis
844 519 1060 590 ingenti
1095 523 1151 574 et
1176 519 1322 574 mole
1347 533 1674 576 coruscans.

237 609 326 665 Cui
352 608 494 662 Deus
523 605 902 676 ommipotens
956 606 1168 663 multos
1198 605 1444 663 feliciter
1467 621 1647 664 annos

3505 229 3614 291 786

1963 345 2065 399 llic
2096 346 2187 415 pie
2229 349 2498 404 concedat
2528 349 2720 406 felicia
2761 367 2930 423 regna
2975 357 3178 411 tenere.

1963 434 2101 490 Cum
2129 450 2242 506 quo
2273 438 2625 509 conjugium,
2661 441 2897 510 prolem,
2921 449 3268 514 cunctosque
3310 444 3503 502 ﬁdeles

1965 523 2244 595 Dignetur
2277 538 2467 596 regere
2519 526 2791 583 caelorum
2825 530 3028 584 Rector
3064 531 3135 585 ab
3162 544 3284 603 axe,

1971 612 2040 665 Et
2069 618 2195 680 post
2225 613 2377 668 hunc
2419 628 2646 670 cursom
2691 615 2944 672 cmlestia
2975 619 3244 674 scandere
3273 633 3464 692 regna,
3497 625 3603 677 etc.

232 758 3608 805 ἑῇ

1493 877 1673 921 ANNO
1725 877 1959 920 DOMINI
2016 878 2284 922 DCCCXC.

1061 998 2749 1153 BERENGAUDUS.

1592 1365 2216 1434 EXPOSITIO

433 1511 830 1619 SUPER
925 1512 1398 1618 SEPTEM
1474 1514 2027 1620 VISIONES
2101 1519 2425 1622 LIBRI
2505 1521 3356 1648 APOCALYPSIS.

1230 1682 1262 1762 ί
1274 1682 1435 1746 Vide
1473 1683 1888 1764 Patrologiae
1914 1688 2066 1748 tom.
2095 1687 2316 1764 XVII,
2342 1684 2463 1749 col.
2492 1686 2663 1766 763.)

1375 1835 3608 1880 Ἣ

1495 1963 1674 2007 ANNO
1727 1963 1961 2008 DOMINI
2017 1967 2316 2010 DCCCXCI.

921 2090 2233 2297 STEPHAN
2255 2096 2599 2305 US
2698 2102 2893 2300 V

1362 2376 1857 2446 PONTIFEX
1951 2377 2446 2448 ROMANUS.

1689 2533 2139 2544 ——-—————

717 2651 1143 2786 VITA
1276 2652 2162 2787 STEPHANI
2301 2655 2788 2788 PAPIE
2923 2658 3076 2792 V.

1106 2861 1138 2942 (
1156 2859 1319 2927 Vide
1347 2861 1763 2944 Patrologioe
1793 2866 1944 2925 tom.
1983 2861 2364 2940 CXXVIII,
2395 2861 2518 2926 sub
2546 2862 2808 2943 ﬁnem.)

982 3119 1964 3240 STEPHANI
2048 3118 2628 3234 PAPIE
2685 3065 2874 3236 ν’

371 3303 1151 3432 EPISTOLE,
1276 3303 2125 3410 DIPLOMATA
2239 3305 2420 3406 ET
2532 3305 3420 3414 PBIVILEGIA.

957 3501 1067 3564 (Ex
1097 3499 1287 3560 Mansi,
1323 3501 1583 3563 Bouquet.
1614 3501 1664 3546 et
1691 3495 2054 3546 collectoribus
2095 3494 2403 3559 quibusdam
2444 3495 2856 3560 recentioribus.)

1687 3639 2098 3652 ...ιι-*σ-

1004 3747 1043 3801 Ι.

423 3859 453 3889 ⁸
504 3862 764 3906 EPISTOLA
792 3865 861 3908 AD
895 3865 1155 3908 BASILIUM
1190 3867 1597 3911 IMPERATOREM.

826 3956 1012 4026 (Anno
1049 3956 1142 4027 88)

214 4061 334 4116 Eum
363 4065 426 4118 ob
448 4065 820 4133 defensionem
843 4065 1023 4119 Photii
1066 4066 1372 4135 redarguit,
1420 4071 1470 4122 et
1497 4069 1847 4123 contumelias

554 4156 770 4210 Marino
789 4157 1038 4225 pontiﬁci
1066 4155 1300 4224 objectas
1320 4157 1540 4224 refellit.

276 4269 515 4326 Litteras
545 4271 878 4328 serenitatis
925 4276 1125 4327 vestrm
1153 4273 1221 4328 ad
1275 4271 1589 4331 Adrianum
1628 4276 1851 4346 praede—

214 4369 475 4415 cessorem
541 4365 801 4418 nostrum
853 4361 1058 4417 missas
1099 4362 1425 4431 accepimus
1490 4382 1502 4418 :
1551 4367 1608 4420 et
1655 4365 1847 4420 mirati

273 4511 302 4540 ι
326 4501 433 4575 Eas
454 4502 660 4575 Basilii
686 4503 1049 4575 imperatoris
1079 4504 1323 4572 litteras,
1349 4518 1490 4574 quas
1510 4506 1632 4574 ipse
1654 4505 1851 4575 plenas

214 4567 578 4644 blasphemiis
611 4579 667 4628 et
691 4567 971 4630 conviciis
1002 4581 1231 4644 propter
1259 4567 1595 4632 Pho'tium'a
1630 4567 1850 4632 Marino

211 4645 261 4694 et
292 4643 572 4716 Adriano,
600 4643 1152 4702 excommunicatuin
1203 4648 1511 4716 scripserat
1539 4647 1608 4702 ad
1639 4647 1854 4702 Adria-

213 4723 355 4778 num,
378 4721 510 4784 post
525 4715 748 4771 obitum
770 4716 1009 4772 Adriani
1034 4715 1514 4773 successor’illius
1533 4719 1853 4787 Stephanus

205 4787 411 4870 accepit
435 4792 496 4842 et
538 4787 678 4870 legit
707 4806 744 4870 :_
766 4792 1140 4870 perstansgjue
1154 4789 1688 4870 exemplo‘suorum
1711 4803 1850 4857 prse-

209 4853 567 4913 decessorum
597 4853 657 4913 in
695 4853 948 4927 ejusdem
981 4853 1168 4914 Photii
1208 4853 1585 4916 detestatione
1614 4867 1670 4914 et
1688 4853 1856 4915 exse-

211 4927 477 5013 oratione,
514 4930 913 5013 rescripsitad
957 4930 1356 5013 imperatorem
1394 4931 1854 5013 epistol_am_qua

211 5007 325 5071 eum
351 5001 653 5071 redarguit
681 5002 831 5070 quod
858 5015 959 5070 pro
983 5002 1183 5057 l’hotio
1206 5003 1436 5058 homine
1457 5002 1686 5071 penitus
1709 5001 1856 5056 laico

209 5066 469 5142 iustaque
500 5066 574 5126 d'e
596 5066 774 5142 causa
814 5066 1304 5128 eicommunicato
1334 5066 1623 5142 tantopere
1653 5071 1857 5127 defen-

212 5137 412 5226 gendo',
461 5141 749 5226 Marinum
814 5143 1158 5226 pontificem,
1191 5137 1510 5226 Δῐρμιῐρςῃιίὲ
1547 5145 1854 5226 Romanam

213 5209 515 5266 Ecclesiam
550 5209 917 5269 contumeliis
936 5209 1227 5269 afﬂiceret.
1257 5209 1492 5270 Reddita
1514 5219 1599 5269 est
1615 5213 1857 5283 epistola

217 5289 331 5345 post
350 5283 579 5337 obitum
594 5284 794 5339 Basilii
820 5285 941 5340 ﬁlio
963 5291 1018 5340 et
1038 5286 1355 5341 successori
1378 5287 1628 5354 ejusdem
1653 5285 1821 5340 Leoni
1843 5301 1859 5350 :_

218 5363 542 5426 quamcum
579 5354 674 5426 ille
698 5357 1028 5426 accepisset,
1064 5357 1326 5412 Photium
1361 5362 1516 5411 tanto
1565 5356 1860 5411 lubentius

217 5429 265 5474 et
292 5423 472 5479 citius
524 5437 558 5478 e
596 5425 800 5480 throno
834 5423 1165 5497 depositum
1203 5429 1262 5482 in
1309 5427 1715 5482 monasterium
1746 5429 1862 5482 Ar-

221 5504 505 5549 menorum
567 5497 852 5569 relegavit,
902 5499 1070 5570 cique
1130 5499 1477 5570 Stephanum
1530 5512 1859 5572 germanum

1869 3756 1927 3814 A
1957 3761 2158 3805 sumus
2188 3742 2671 3817 magniﬁcentiam
2703 3745 2859 3798 tuam
2881 3742 3164 3812 quomodo
3189 3743 3327 3817 talia
3355 3746 3607 3804 scribere

1959 3836 2222 3909 potuisti,
2255 3847 2385 3890 cum
2425 3830 2795 3900 sisjustitiae
2837 3830 3252 3900 aequilibrium,
3289 3837 3604 3903 praesertim

1959 3939 2088 3982 cum
2147 3928 2296 3980 recte
2342 3920 2567 3978 noverit
2611 3921 2706 3990 pia
2767 3919 3022 3990 potentia
3063 3923 3162 3976 tua
3215 3923 3364 3992 quod
3408 3925 3602 3981 manui

1960 4015 2129 4086 regiae
2161 4026 2272 4068 non
2320 4010 2666 4079 subjiciatur
2691 4007 3060 4064 sacerdotalis
3087 4013 3143 4064 et
3171 4011 3486 4079 apostolica
3516 4027 3614 4070 no-

1959 4108 2079 4160 stra
2122 4099 2397 4172 dignitas.
2453 4099 2610 4153 Licet
2655 4097 2806 4152 enim
2855 4096 3041 4166 ipsius
3090 4096 3305 4154 Christi
3353 4099 3609 4170 impera-

1959 4191 2105 4247 toris
2132 4185 2579 4244 similitudinem
2633 4185 2690 4239 in
2732 4184 2906 4239 terris
2949 4197 3132 4256 geras,
3184 4199 3376 4241 rerum
3417 4191 3605 4244 tamen

1962 4279 2378 4336 mundanarum
2421 4278 2478 4329 et
2503 4273 2762 4328 civilium
2793 4277 3013 4328 tantum
3053 4286 3247 4328 curam
3279 4288 3472 4346 gerere
3500 4277 3609 4332 de-

1961 4369 2061 4424 bes
2102 4386 2114 4422 :
2173 4365 2322 4437 quod
2367 4363 2539 4420 etiam
2590 4374 2887 4432 precamur
2930 4365 2996 4416 ut
3040 4362 3108 4416 ad
3166 4361 3377 4418 multos
3424 4377 3606 4420 annos

1963 4521 2130 4565 suum
2175 4505 2475 4577 subrogari
2525 4501 2768 4569 curavit,
2805 4505 3039 4577 _quan_to
3082 4501 3324 4577 Photius
3372 4503 3442 4577 d_e
3497 4518 3604 4561 suo

1964 4583 2203 4650 cognato
2235 4572 2736 4650 in__igmperatoremr
2771 4573 3032 4650 eligendo
3061 4587 3190 4650 cum
3219 4572 3606 4650 Santabareno

1967 4643 2130 4720 pejus
2158 4643 2467 4720 consilium
2502 4646 2763 4720 iniverat.
2795 4644 3048 4720 Cu_mqu_e
3089 4643 3410 4720 Stephanus
3443 4645 3502 4702 in
3529 4646 3610 4703 lo-

1967 4714 2093 4776 cum
2123 4719 2311 4774 Photii
2339 4715 2778 4773 substituendus
2799 4729 2830 4769 a
2860 4714 3063 4787 Photio
3091 4715 3394 4771 ordinatus
3433 4722 3602 4787 esset,

1962 4791 2256 4862 Stylianus
2281 4789 2553 4862 epicopus
2592 4785 3067 4862 Neocaesariensis
3109 4800 3238 4862 cum
3269 4787 3450 4862 Leon_e
3493 4785 3612 4843 im:-

1967 4857 2223 4934 pe'ratore
2254 4857 2351 4930 per
2393 4859 2618 4934 litteras
2654 4857 3001 4934 stephanum
3043 4858 3366 4934 pontiﬁcem
3399 4859 3613 4934 Roma-

1967 4928 2102 4990 num
2139 4928 2538 5014 _rogaru‘nt,ut
2570 4930 2672 5014 hac
2705 4928 2763 4982 in
2807 4941 2865 5014 re
2904 4929 3229 5014 apostolica
3267 4930 3612 5014 auctoritate

1966 5018 2093 5060 cum
2121 4998 2417 5072 designato
2455 4999 2752 5072 Stephano
2773 4998 3100 5067 patriarcha
3121 5000 3610 5072 Constantinopo—

1969 5077 2086 5131 leos
2112 5070 2300 5129 Photii
2341 5084 2668 5127 successore
2696 5070 3030 5142 dispensare
3079 5083 3187 5125 non
3214 5070 3562 5142 dedignetur
3592 5089 3609 5127 :

1969 5159 2138 5216 quam
2171 5143 2411 5225 gratiam
2437 5156 2469 5197 a
2491 5143 2621 5225 sede
2649 5139 2962 5225 apostolica
3005 5147 3130 5208 post
3149 5154 3334 5224 causa;
3357 5139 3612 5225 'dil‘igen-

1968 5213 2077 5272 tem
2095 5213 2479 5286 cognitionem
2499 5213 2854 5282 impetratam
2880 5224 3022 5278 esse,
3046 5213 3371 5286 communio
3406 5213 3620 5286 utrius-

1971 5301 2078 5358 que
2125 5282 2280 5343 sédis
2339 5285 2608 5358 deinceps
2657 5287 2929 5358 usurpata
2972 5287 3029 5338 et
3058 5282 3443 5358 frequentata-
3473 5283 3615 5358 satis

1969 5352 2159 5428 aperte
2190 5357 2386 5413 testari
2436 5352 2680 5411 videtur.
2734 5355 2958 5428 Ejectus
2985 5355 3091 5428 sub
3116 5352 3219 5410 hoc
3251 5352 3515 5428 pontiﬁce
3555 5357 3612 5406 et

1970 5423 2253 5500 relegatus
2289 5428 2553 5500 Photius,
2579 5423 2804 5500 quando
2835 5426 3121 5500 ogbieritet
3145 5425 3426 5500 quomodo
3458 5423 3609 5500 diem

1969 5496 2282 5556 extremum
2313 5496 2612 5558 clauserit.
2633 5499 2766 5553 dolo
2796 5496 3293 5553 schismaticorum
3332 5499 3388 5548 et
3426 5497 3616 5547 secta—
