4058 6154
385 197 492 256 787
1755 195 2064 254 ΒΤΕΡΗΑΒ

2174 192 2334 249 ἈΡᾸΕ
2371 191 2415 244 V
3683 172 3791 231 788

388 317 656 384 praestare
693 313 897 370 valeas.
938 314 1061 384 Quo
1102 314 1284 386 igitur
1313 319 1528 386 pactoa
1555 315 1670 370 Deo
1705 311 1951 383 largitus
1973 321 2035 363 es
2059 306 2120 366 A
2141 305 2416 376 prophetis
2460 306 2592 360 meis
2630 305 2797 360 nolite
2840 303 3142 371 malignari
3181 299 3352 370 (Psat.
3397 296 3525 368 CIV).
3559 296 3696 386 Haec
3719 295 3792 352 de

387 383 557 458 nobis
573 403 817 458 terrenis
843 383 1014 458 rebus
1036 383 1294 474 praiesse,
1314 383 1396 459 ita
1424 403 1596 459 etiam
1624 415 1728 458 nos
1754 413 1852 471 per
1883 397 2037 468 prin-
2143 393 2413 451 omnibus
2449 392 2845 450 sacerdotibus
2888 391 3045 448 dicta
3074 395 3228 446 sunt.
3279 389 3394 444 Deo
3431 391 3488 442 te
3515 383 3790 474 aequalem

387 488 570 560 cipem
635 491 861 546 Petrum
912 472 1322 561 spiritualibus
1351 491 1523 548 rebus
1566 492 1717 546 Deus
1759 485 2032 559 praefecit.
2146 480 2308 565 facis,
2343 482 2442 553 qui
2486 483 2612 554 ejus
2652 480 2886 553 angelos
2919 479 3182 550 judicare
3223 476 3422 533 audes.
3455 473 3614 565 Dicit
3640 472 3792 565 enim

385 575 615 648 Accipe,
663 592 856 649 quaeso
898 584 972 648 te,
1021 579 1266 652 benigna
1293 578 1479 638 fronte
1520 592 1648 650 qua:
1689 578 2030 648 sequuntur.
2148 563 2450 641 proliheta:
2499 571 2670 626 Labia
2715 569 3011 624 sacerdotis
3069 567 3360 637 loquentur
3399 563 3702 634 judicium,
3744 564 3796 652 et

387 667 592 722 Datum
623 672 710 722 est
729 667 840 722 tibi
862 681 1082 739 curare,
1113 651 1178 723 ut
1209 673 1580 740 tyrannorum
1603 665 1952 736 impietatem
1981 666 2036 718 et
2149 660 2316 727 legem
2341 661 2628 728 emquirent
2651 659 2716 713 de
2740 674 2828 712 ore
2853 658 2971 726 ejus
2989 675 3006 710 :
3036 656 3262 723 angelus
3291 655 3433 708 enim
3464 656 3562 740 est
3583 651 3798 740 Domini

390 753 670 810 feritatem
695 755 888 827 gladio
909 738 1177 825 potentia:
1201 738 1492 822 concidas,
1514 760 1578 812 ut
1612 753 1902 826 justitiam
1935 750 2040 806 mi-
2148 749 2527 818 omnipotentis
2587 745 2807 816 (Malae.
2861 743 2942 817 Il).
3010 742 3304 814 Quomodo
3345 738 3642 811 judicabis
3696 751 3801 827 saf-

392 841 605 898 nistres
633 825 888 899 subditis
907 844 1047 916 tuis,
1078 849 1144 915 ut
1169 844 1321 916 leges
1339 845 1568 901 condas.
1603 825 1667 900 ut
1691 847 1844 900 terra
1873 839 2043 896 mari-
2147 837 2406 892 cerdotes
2425 836 2526 907 qui
2548 835 2732 892 solius
2751 835 2852 890 Dei
2869 832 3164 890 sententia:
3181 829 3675 916 subjiciuntur,et
3689 825 3797 916 qui

393 945 504 1002 que
544 931 828 988 militares
876 915 1072 1002 copias
1108 915 1400 1003 disponas.
1447 935 1574 988 Haec
1619 939 1708 988 est
1749 928 2039 1000 praecipua
2148 924 2257 980 soli
2289 923 2617 980 facultatem
2649 923 2858 979 habent
2885 921 3104 994 ligandi
3130 924 3303 991 atque
3327 915 3630 974 solvendi?
3659 915 3802 970 Vide

393 1033 532 1076 cura
581 1019 848 1090 potentia:
881 1025 938 1076 et
985 1021 1346 1091 principatus
1373 1021 1482 1076 tui.
1516 1020 1720 1092 Gregis
1743 1031 1881 1074 cura
1908 1028 2040 1072 vero
2147 1013 2216 1069 ad
2245 1014 2530 1083 quodnam
2563 1011 2910 1082 profundum
2949 1015 3003 1066 te
3032 1008 3384 1080 praecipitem
3407 1004 3646 1062 dedisti.
3672 1003 3807 1058 Au-

396 1107 564 1164 nobis
595 1107 900 1164 commissa
932 1113 1020 1164 est
1058 1112 1215 1164 tanto
1242 1107 1606 1179 praestantior
1635 1109 1913 1178 quantum
1941 1103 2044 1160 di—
2149 1101 2248 1157 dio
2280 1101 2339 1156 in
2361 1107 2434 1173 te,
2460 1099 3024 1172 magniﬁcentissime
3045 1099 3374 1168 imperator,
3398 1093 3626 1150 laudari
3649 1105 3808 1146 man-

395 1201 552 1252 stant
577 1211 610 1252 a
634 1197 779 1254 coelo
817 1210 881 1253 ea
911 1211 1037 1268 qua:
1067 1197 1128 1252 in
1161 1197 1335 1254 terris
1364 1201 1518 1253 sunt.
1555 1195 1706 1252 Audi
1736 1193 2040 1250 Dominum
2152 1191 2539 1262 suetudinem,
2571 1196 2628 1247 et
2657 1189 2992 1261 patientiam
3032 1187 3172 1244 Job:
3223 1187 3574 1258 quapropter
3598 1179 3806 1237 mirari

395 1283 681 1340 dicentem
715 1286 915 1341 Petro:
954 1285 1036 1339 Tu
1078 1301 1132 1340 es
1157 1287 1370 1349 Petrus,
1397 1289 1448 1340 et
1471 1299 1635 1354 super
1663 1283 1804 1337 hanc
1824 1285 2042 1352 petram
2152 1280 2296 1336 satis
2340 1293 2451 1336 non
2483 1293 2713 1350 possum
2749 1278 3034 1350 quomodo
3065 1277 3146 1332 ita
3175 1275 3427 1345 turpiter
3457 1273 3659 1343 lapsus
3697 1269 3804 1326 sis.

393 1373 670 1442 ediﬁcabo
690 1373 985 1428 Ecclesiam
1007 1389 1200 1436 meam,
1223 1378 1274 1429 et
1289 1377 1462 1444 porta
1494 1374 1663 1440 inferi
1686 1386 1794 1425 non
1813 1384 2038 1440 prmoa—
2152 1369 2452 1440 Scripsisti
2505 1363 2671 1426 illum
2719 1381 2831 1424 non
2855 1380 2980 1423 esse
3021 1365 3372 1436 episcOpum.
3406 1360 3704 1431 Quomodo
3749 1359 3809 1416 id

395 1462 581 1517 lebunt
603 1460 866 1518 adversus
893 1478 1012 1516 eam
1039 1462 1254 1531 (Matth.
1286 1463 1474 1532 xvm).
1505 1463 1584 1517 De
1616 1462 1890 1530 potestate
1913 1471 2044 1512 vero
2157 1459 2309 1515 nosti
2336 1458 2366 1513 ?
2387 1457 2446 1514 Si
2490 1471 2622 1514 vero
2653 1457 2710 1513 id
2753 1457 3006 1528 ignoras,
3037 1453 3320 1528 quomodo
3353 1453 3434 1510 ita
3461 1464 3716 1522 praeceps
3749 1449 3811 1505 in

396 1555 454 1606 et
479 1549 722 1621 imperio
751 1555 853 1606 tuo
875 1549 1014 1622 quid
1053 1551 1140 1607 ait
1161 1550 1198 1605 Ἰ.
1215 1551 1396 1610 Nolite
1425 1553 1610 1606 timere
1629 1549 1752 1603 illos
1779 1549 1878 1617 qui
1899 1546 2048 1600 occi-
2076 1621 2107 1622 ί
2157 1561 2286 1604 eum
2311 1547 2652 1602 sententiam
2679 1545 2922 1602 tulisti?
2951 1546 3148 1616 Magna
3180 1543 3411 1614 quidem
3452 1538 3813 1611 est‘pontiii—

397 1639 538 1694 dunt
591 1654 806 1709 corpus,
868 1641 1109 1694 animam
1177 1655 1302 1695 vero
1350 1655 1460 1694 non
1526 1641 1762 1709 possunt
1807 1636 2047 1692 occidere
2075 1621 2127 1681 Β
2158 1650 2286 1694 cum
2334 1635 2606 1706 potentia.
2652 1636 2776 1692 Non
2821 1640 2876 1690 te
2910 1633 3089 1689 latent
3113 1645 3204 1688 res
3231 1631 3384 1687 beati
3409 1628 3728 1696 Ambrosii,
3758 1632 3818 1684 et

398 1726 615 1796 (Matth.
653 1729 734 1798 ι).
766 1728 835 1783 Et
864 1727 1074 1786 iterum
1103 1729 1174 1784 de
1199 1728 1526 1785 ministerio
1552 1726 1719 1783 nobis
1743 1722 2048 1782 commisso
2161 1725 2298 1795 quid
2329 1725 2451 1794 ipse
2475 1722 2959 1780 feceritadversus
2978 1721 3360 1777 Theodosium
3384 1718 3814 1788 imperatorem.

399 1815 520 1873 ait:
555 1817 678 1870 Tibi
705 1815 845 1870 dabo
889 1817 1065 1871 claues
1099 1821 1257 1886 regni
1293 1818 1544 1871 castorum
1567 1815 1784 1885 (Matth.
1817 1815 1962 1885 xvr),
1993 1817 2052 1868 et
2158 1813 2500 1884 Quicunque
2525 1813 2731 1868 dicunt
2755 1811 3040 1867 Marinum
3071 1808 3253 1866 fuisse
3279 1813 3444 1863 antea
3473 1806 3818 1876 episcopum

405 1918 531 1974 quae
547 1909 888 1976 sequuntur.
911 1905 1025 1962 Oro
1057 1907 1250 1978 itaque
1271 1907 1538 1978 pietatem
1567 1911 1748 1980 tuam,
1781 1907 1847 1962 ut
1876 1903 2049 1960 inhze-
2158 1917 2226 1960 ac
2257 1901 2496 1973 proinde
2527 1915 2638 1958 non
2674 1899 2930 1971 potuisse
2952 1900 3021 1955 ad
3049 1898 3222 1954 aliam
3252 1897 3442 1952 sedem
3483 1893 3818 1965 transferri,

406 2006 532 2050 reas
593 1993 841 2050 decretis
901 1995 1232 2066 principum
1284 1994 1696 2066 apostolorum,
1738 1999 1804 2052 ut
1845 2006 2048 2050 nomen
2159 1991 2464 2048 ostendant
2485 1989 2574 2046 illi
2595 1989 2650 2045 id
2673 1995 2883 2060 aperte.
2909 1987 3310 2059 Scito,dilecte
3333 1988 3388 2042 et
3411 1984 3569 2040 omni
3599 1983 3824 2040 honore

331 2086 334 2090 ’
403 2095 600 2140 eorum
664 2084 926 2150 honores,
955 2088 1012 2141 et
1061 2085 1422 2158 dignitatem.
1465 2084 1765 2142 Institutio
1810 2083 1964 2140 enim
1993 2086 2051 2138 et
2159 2080 2334 2152 digne
2407 2079 2736 2150 imperator,
2777 2077 2929 2149 quod
2968 2076 3252 2148 objicitur
3290 2075 3362 2132 de
3398 2086 3636 2144 canone,
3683 2084 3822 2130 cum

408 2173 791 2230 sacerdotium
817 2173 1075 2230 omnium
1107 2187 1235 2246 qua:
1264 2175 1326 2230 in
1347 2172 1484 2230 orbe
1507 2178 1644 2230 sunt
1665 2171 2052 2230 Bcclesiarum
2163 2175 2351 2226 tamen
2379 2168 2437 2224 id
2465 2181 2756 2238 nunquam
2788 2165 3000 2224 fuerit:
3039 2164 3349 2222 multitudo
3381 2167 3570 2220 tamen
3595 2169 3828 2220 sancto-

406 2276 440 2319 a
471 2261 732 2333 principe
759 2263 923 2320 Petro
951 2269 1141 2320 ortum
1171 2263 1410 2334 accepit,
1434 2277 1534 2334 per
1557 2275 1725 2333 quem
1749 2261 1921 2318 etiam
1952 2273 2058 2316 nos
2167 2273 2295 2318 rum
2313 2259 2545 2315 Patrum
2567 2261 2622 2314 et
2647 2257 2882 2313 illorum
2903 2257 3220 2312 auctoritas
3234 2259 3292 2311 et
3305 2253 3595 2325 judicium
3628 2253 3828 2324 potuit

408 2350 802 2408 sincerissima
840 2355 898 2408 et
927 2351 1240 2422 purissima
1257 2352 1522 2408 doctrina
1551 2365 1845 2408 monemus
1864 2361 2061 2406 omnes
2169 2347 2339 2405 illum
2363 2346 2714 2403 constituere
2755 2345 2818 2400 in
2845 2344 3030 2415 primo
3055 2343 3255 2417 gradu.
3293 2344 3360 2398 Et
3381 2341 3584 2397 divina
3631 2339 3828 2412 provi-

411 2444 468 2495 et
511 2439 798 2496 docemus.
847 2441 1102 2511 Regnum
1141 2454 1272 2497 vero
1319 2444 1483 2496 tuum
1531 2453 1642 2496 non
1687 2438 2058 2494 minimarum
2169 2436 2363 2494 dentia
2401 2448 2756 2506 praenoscens
2783 2434 3050 2490 Ecclesiae
3084 2433 3187 2489 Dei
3219 2432 3551 2501 utilitatem,
3595 2430 3657 2486 in
3688 2431 3828 2487 sede

415 2539 606 2582 rerum
670 2533 1008 2599 argumento
1057 2528 1127 2584 ad
1189 2542 1254 2585 ea
1311 2542 1438 2599 qua:
1487 2526 1885 2598 praestantiora
1925 2529 2062 2581 sunt
2175 2525 2459 2596 principis
2505 2523 2894 2594 apostolorum
2933 2523 3082 2579 Petri
3116 2521 3282 2579 illum
3319 2519 3639 2578 collocavit.
3667 2518 3822 2587 Quid

411 2615 722 2672 scrutanda
747 2629 808 2672 se
853 2617 1056 2689 erigat,
1099 2619 1195 2674 sed
1225 2617 1641 2674 animadvertat
1660 2629 1776 2688 qua.
1797 2614 2063 2672 auctori-

413 2707 529 2761 tate
558 2703 676 2760 haec
701 2701 884 2760 facere
899 2705 1250 2777 aggreditur.
1284 2705 1386 2760 Ille
1411 2705 1641 2774 quidem
1659 2703 1759 2774 qui
1785 2702 2059 2759 adversus

415 2792 847 2851 sanctissimum
876 2793 1161 2850 Marinum
1191 2806 1386 2849 sacras
1407 2805 1578 2850 aures
1600 2798 1732 2864 tuas
1757 2796 2061 2848 contume-

416 2882 520 2939 liis
558 2882 884 2953 maculavit,
931 2883 1205 2938 adversus
1246 2881 1548 2938 Dominnm
1582 2884 1839 2938 nostrum
1867 2881 2056 2936 Jesum

413 2971 730 3041 Christum,
753 2971 853 3042 qui
877 2975 1024 3028 nutu
1048 2986 1154 3028 suo
1174 2971 1506 3028 universum
1527 2969 1720 3026 orbem
1751 2969 1920 3041 regit,
1947 2969 2064 3025 bla-

2175 2627 2306 2670 vero
2338 2627 2576 2685 magnus
2608 2612 2708 2668 ille
2730 2599 3042 2684 Gregorius
3067 2615 3439 2683 cognomento
3472 2606 3830 2682 theologus?

2177 2715 2366 2760 nonne
2403 2703 2684 2758 Nazianzo
2713 2701 3028 2758 translatus
3063 2703 3166 2772 est,
3209 2703 3266 2757 et
3304 2699 3569 2756 Meletius
3591 2697 3832 2755 Sebaste

2177 2791 2563 2858 Antiochiam,
2591 2796 2647 2847 et
2691 2789 3002 2846 Dositheus
3029 2789 3286 2845 Seleucia
3309 2789 3548 2844 Tarsum
3574 2787 3824 2856 Cilicia,

2176 2883 2232 2934 et
2260 2878 2630 2934 Reverentius
2671 2877 3112 2948 Archipboenice
3139 2877 3370 2948 Tyrum,
3399 2877 3644 2932 Joannes
3670 2875 3830 2933 Gor—

2175 2967 2332 3023 dolia
2361 2969 2798 3039 Proconnesum,
2830 2967 3161 3024 Theodorus
3181 2966 3426 3037 Apamea
3447 2963 3828 3036 Selymbriam

419 3059 708 3130 sphemias
730 3058 957 3116 eii‘utire
979 3059 1174 3130 procul
1207 3058 1388 3117 dubio
1417 3071 1531 3116 non
1555 3057 1862 3116 dubitavit.
1895 3057 2062 3139 Quis,
2093 3042 2142 3106 Ο
2173 3056 2492 3114 Alexander
2545 3057 2899 3128 Cappadocia
2953 3054 3302 3126 Hierapolim
3321 3053 3350 3109 ?
3389 3059 3447 3110 et
3491 3052 3661 3110 multi
3717 3053 3823 3110 alii

419 3148 678 3218 inquam,
728 3147 828 3203 ille
870 3145 986 3204 fuit
1010 3147 1111 3218 qui
1153 3147 1428 3204 adversus
1465 3145 1896 3204 immaculatum
1939 3147 2068 3216 ejus

421 3249 694 3306 sponsum
741 3239 800 3292 et
849 3237 1218 3307 sacerdotem,
1251 3241 1307 3291 et
1352 3235 1626 3292 adversus
1669 3240 1904 3291 matrem
1935 3248 2068 3290 om-

422 3325 593 3382 nium‘
614 3325 998 3382 Ecclesiarum
1017 3325 1158 3381 talia
1181 3324 1374 3382 dicere
1398 3329 1486 3381 est
1513 3337 1692 3382 ausus
1711 3323 1740 3378 ?
1765 3323 2066 3394 Decipitur

421 3412 673 3485 profecto
703 3414 1037 3484 quicunque
1063 3419 1226 3484 putat
1253 3413 1403 3484 quod
1424 3412 1754 3483 discipulus
1781 3413 1862 3468 sit
1889 3425 2064 3481 supra

419 3504 780 3576 magistrum,
807 3507 862 3558 et
891 3516 1089 3558 servus
1113 3514 1286 3572 supra
1315 3502 1612 3558 dominum
1635 3515 1804 3558 suum
1842 3499 2061 3570 (Matth.

419 3594 568 3664 xu).
601 3590 1073 3660 Obstupescimus
1101 3602 1256 3656 sane,
1301 3590 1438 3644 dum
1469 3602 1640 3660 quam
1678 3587 1980 3659 perfectam
2009 3591 2068 3642 et

425 3681 774 3738 illustratam
810 3675 1172 3748 prudentiam
1198 3675 1491 3732 seductam
1520 3675 1804 3746 videmus,
1833 3680 1896 3732 ut
1925 3675 2066 3730 talia

419 3775 620 3826 contra
641 3771 898 3822 sanctum
923 3763 1087 3820 illum
1113 3750 1300 3818 virum
1318 3763 1674 3834 c0gitaverit.
1697 3763 1896 3833 Qualis
1912 3763 2064 3818 enim

421 3855 526 3912 ille
567 3853 762 3924 fuerit,
809 3852 944 3908 licet
975 3865 1078 3906 nos
1105 3851 1342 3907 silentio
1379 3855 1798 3921 praetereamus.
1847 3851 2067 3922 lapides

419 3943 521 4001 isti
587 3939 946 3998 clamabunt:
1001 3943 1157 3996 Muta
1203 3943 1342 4010 ﬁant
1405 3940 1553 3993 labia
1587 3939 1773 3995 dolosa
1819 3957 1942 4010 qua:
1980 3941 2068 3995 lo-

419 4033 666 4102 quuntur
719 4029 980 4084 adversus
1024 4031 1194 4084 Deum
1229 4029 1596 4098 iniquitatem,
1653 4030 1738 4083 vel
1805 4030 2067 4084 adversus

409 4121 628 4191 justum
656 4117 824 4190 (Psal.
855 4118 998 4190 xxx)
1015 4119 1075 4174 Si
1108 4117 1231 4174 ovis
1255 4118 1354 4174 Dei
1373 4117 1578 4174 existis
1607 4116 1776 4190 (quod
1805 4118 1956 4175 votis
1977 4119 2072 4174 ha-

419 4208 660 4282 bemus),
685 4221 755 4263 ne
779 4207 1226 4280 transgrediaris
1252 4207 1468 4263 limites
1495 4207 1823 4277 principum
1848 4213 2070 4278 aposto-

419 4298 626 4354 lorum.
654 4297 780 4368 Dic,
809 4311 1000 4368 quieso
1027 4301 1116 4352 te:
1143 4297 1277 4369 quis
1309 4301 1362 4352 te
1386 4295 1634 4366 seduxit,
1657 4301 1722 4352 ut
1742 4297 2066 4366 pontiﬁcem

418 4388 836 4446 mcumenicum
873 4387 1090 4444 comico
1134 4399 1289 4443 more
1319 4383 1730 4442 scommatibus
1761 4385 2069 4445 lacesseres

417 4483 478 4536 et
503 4491 723 4535 sacram
762 4477 1145 4534 Romanorum
1180 4474 1491 4530 Ecclesiam
1523 4475 1844 4532 maledictis
1875 4476 2070 4534 inces—

417 4580 592 4638 seres,
623 4566 720 4622 cui
753 4577 885 4621 cum
929 4563 1084 4620 omni
1115 4562 1481 4620 veneratione
1510 4563 1781 4622 subditus
1808 4579 1932 4621 esse
1962 4566 2070 4622 de-

417 4654 575 4710 bes?
603 4654 687 4710 An
735 4653 968 4726 ignoras
1010 4649 1161 4723 quod
1208 4651 1327 4708 haec
1380 4653 1638 4708 omnium
1682 4653 2066 4710 Ecclesiarum

419 4743 688 4814 princeps
701 4741 944 4797 existit?
971 4740 1115 4810 Quis
1141 4745 1195 4798 te
1219 4741 1555 4811 pontificum
1575 4742 1828 4813 judicem
1859 4743 2068 4799 consti-

417 4831 534 4890 tuit
554 4844 798 4902 quorum
823 4829 1005 4887 sacris
1019 4829 1303 4887 doctrinis
1315 4830 1496 4902 dirigi
1516 4830 1706 4901 debes,
1730 4837 1785 4886 et
1800 4844 1834 4886 a
1849 4831 2066 4902 quibus

417 4933 613 4992 preces
659 4933 761 4991 pro
809 4925 864 4975 te
910 4920 1024 4976 Deo
1069 4917 1442 4976 offeruntur?
1485 4920 1610 4977 Scis
1651 4933 1878 4976 sacrum
1915 4921 2060 4977 illud

416 5009 690 5082 elogium,
715 5009 864 5080 quod
887 5008 1006 5064 ait:
1038 5009 1214 5066 Nolite
1234 5013 1454 5078 tangere
1485 5009 1713 5064 christos
1737 5025 1900 5073 meos,
1932 5016 1983 5065 et
2003 5013 2062 5065 in

413 5171 635 5228 riorum
677 5169 929 5240 ejusdem
959 5169 1151 5226 Photii
1207 5169 1268 5224 in
1310 5168 1554 5226 obscuro
1593 5176 1698 5226 est.
1746 5173 1884 5226 Nam
1929 5187 2058 5228 cum

415 5242 632 5300 scirent
653 5238 923 5313 omnibus
963 5240 1084 5296 illis
1127 5240 1513 5313 monumentis
1544 5255 1670 5310 quae
1711 5255 1812 5310 pro
1837 5243 2059 5313 Ignatio

410 5314 684 5370 adversus
729 5311 996 5385 Photium
1039 5311 1358 5385 posteritati
1410 5309 1606 5385 relicta
1656 5309 1836 5378 erant,
1870 5309 2063 5385 inagi-

413 5391 597 5442 strum
628 5396 794 5440 suum
823 5381 984 5438 valde
1019 5381 1350 5452 perstringi,
1380 5381 1729 5452 puderetque
1763 5397 1860 5439 eos
1889 5381 2060 5442 talem

414 5455 745 5536 schismatis
785 5458 1072 5510 auctorem
1116 5452 1304 5524 sequi,
1348 5465 1412 5508 ea
1468 5453 1660 5510 omnia
1727 5469 1850 5528 qum
1910 5455 2060 5512 inter

2172 3144 2422 3202 diversis
2467 3145 2528 3202 in
2583 3145 2732 3202 locis
2785 3145 3049 3202 translati
3097 3147 3232 3200 sunt
3259 3157 3291 3200 e
3317 3143 3445 3200 suis
3488 3142 3725 3199 sedibus
3751 3141 3819 3198 ad

2173 3233 2392 3291 alienas
2417 3233 2633 3290 ?Dicat
2677 3235 2959 3298 celsitudo
3001 3239 3098 3290 tua
3131 3231 3346 3302 quibus
3389 3231 3828 3288 accusatoribus

2175 3325 2231 3379 et
2280 3307 2513 3394 quibus
2535 3322 2780 3380 testibus
2813 3319 3230 3378 aﬂirmantibus
3270 3319 3499 3376 beatum
3536 3319 3819 3376 Marinum

2176 3409 2378 3467 fecisse
2395 3425 2519 3481 qum
2536 3417 2598 3466 tu
2623 3411 2794 3481 dicis,
2818 3410 2984 3466 illum
3009 3408 3438 3466 condemnasti?
3455 3409 3541 3464 An
3569 3409 3816 3481 ignoras,

2177 3499 2237 3554 in
2269 3499 2452 3569 prima
2481 3499 2709 3556 Nicaana
2739 3499 2953 3570 synodo
2975 3498 3126 3570 quod
3150 3497 3350 3554 beatus
3377 3497 3652 3553 Silvester
3681 3510 3820 3568 papa

2178 3588 2610 3657 proclamaverit
2635 3601 2734 3658 per
2764 3589 2997 3660 legatos,
3030 3591 3305 3658 praesente
3349 3586 3564 3643 ibidem
3590 3591 3827 3643 sancto-

2173 3677 2584 3734 Constantino:
2633 3677 2706 3732 Ut
2738 3677 2923 3747 prima
2954 3677 3116 3733 sedes
3162 3690 3195 3732 a
3244 3676 3471 3732 nemine
3503 3675 3817 3746 judicetur.

2173 3765 2321 3836 Quid
2343 3765 2594 3836 deliquit
2619 3770 2813 3822 sancta
2837 3766 3218 3822 Romanorum
3241 3764 3516 3836 Ecclesia,
3543 3769 3608 3821 ut
3635 3765 3828 3820 adver~

2175 3868 2276 3910 sus
2299 3867 2421 3910 eam
2443 3853 2699 3927 linguam
2726 3859 2880 3911 tuam
2897 3853 3121 3910 vibrare
3145 3859 3202 3910 et
3237 3853 3525 3910 concitare
3560 3853 3826 3910 seductor

2178 3943 2287 4000 iste
2319 3943 2660 4000 induxerit?
2706 3946 2874 4014 Num,
2919 3944 3085 4013 juxta
3131 3943 3435 4015 antiquum
3480 3955 3718 4014 morem,
3756 3941 3827 3997 de

2177 4031 2390 4103 synodo
2411 4033 2912 4103 Constantinopoli
2954 4031 3209 4088 habenda
3255 4031 3326 4088 ad
3357 4036 3414 4088 te
3455 4030 3689 4087 litteras
3707 4040 3821 4088 non

2175 4121 2382 4178 dedit?
2408 4123 2554 4178 Num
2596 4135 2698 4192 pro
2725 4122 2916 4178 eadem
2963 4121 3177 4192 synodo
3219 4133 3417 4177 curam
3459 4133 3573 4176 non
3605 4117 3826 4191 gessit?

2176 4211 2309 4267 Peto
2332 4224 2365 4268 a
2393 4216 2482 4267 te:
2519 4211 2758 4266 Cuinam
2789 4210 3065 4266 scriberet
3107 4211 3491 4266 Romanorum
3521 4207 3825 4266 Ecclesia?

2180 4298 2325 4357 laico
2355 4299 2579 4358 scilicet
2598 4299 2800 4355 Photio
2820 4299 2849 4354 ‘l
2875 4299 2934 4354 Si
2965 4299 3118 4354 enim
3149 4298 3384 4354 haberes
3409 4297 3820 4368 Patriarcbam,

2102 4365 2157 4427 D
2179 4386 2538 4461 frequentius
2567 4395 2760 4445 nostra
2789 4387 3040 4445 Ecclesia
3073 4387 3237 4444 illum
3283 4385 3500 4442 litteris
3534 4365 3817 4442 visitaret.

2175 4478 2281 4534 Sed
2309 4477 2400 4534 hei
2433 4477 2601 4548 mihi,
2633 4478 2782 4548 quod
2818 4476 2931 4533 ista
2951 4475 3202 4548 gloriosa
3237 4480 3348 4532 eta
3393 4476 3508 4531 Deo
3532 4473 3823 4531 custodita

2175 4567 2382 4623 civitas
2411 4565 2941 4636 Constantinopolis
2971 4565 3218 4636 pastoris
3241 4563 3452 4622 solatio
3485 4567 3572 4619 est
3601 4563 3817 4634 orbata,

2175 4660 2232 4712 et
2255 4655 2376 4712 sola
2401 4655 2556 4727 regia
2589 4660 2685 4711 tua
2716 4655 2969 4726 potentia
2995 4653 3360 4710 illustratur:
3407 4657 3483 4720 et,
3517 4652 3636 4708 nisi
3667 4665 3824 4708 amor

2176 4759 2290 4816 quo
2307 4751 2362 4800 te
2379 4743 2783 4815 prosequimur
2797 4741 3156 4800 cohibuisset
3173 4746 3236 4798 ut
3255 4741 3535 4798 ferremus
3547 4740 3630 4810 inj
3639 4740 3823 4797 uriam

2174 4838 2384 4890 nostra:
2407 4833 2676 4890 Ecclesiae
2716 4833 2960 4899 illatam,
2985 4832 3172 4888 coacti
3210 4830 3524 4889 fuissemus
3551 4831 3828 4886 adversus

2174 4923 2662 4992 praevaricatorem
2723 4920 3009 4990 Photium,
3059 4921 3161 4991 qui
3202 4925 3400 4976 contra
3445 4933 3550 4975 nos
3599 4918 3828 4990 impura

2173 5011 2428 5066 evomuit
2445 5009 2634 5081 verba,
2663 5010 2952 5082 graviores
2983 5023 3178 5080 pmnas
3208 5009 3468 5080 inﬂigere
3493 5020 3664 5079 quam
3694 5020 3832 5078 prie-
3925 5019 3928 5023 ‘

2171 5172 2457 5244 Ignatium
2504 5175 2560 5228 et
2595 5172 2866 5228 Photium
2913 5175 3198 5227 transacta
3241 5175 3404 5226 erant
3451 5168 3690 5226 silentio
3717 5168 3830 5244 ob-

2172 5241 2387 5299 ruenda
2429 5258 2552 5300 esse
2598 5258 2708 5298 non
2766 5248 2990 5298 tantum
3049 5247 3344 5312 putarunt,
3406 5254 3604 5312 verum
3636 5241 3825 5312 getiam

2169 5315 2549 5370 anathematis
2591 5314 2894 5384 sententia,
2921 5309 3066 5384 qua!
3091 5309 3577 5384 exstat‘s'essione
3616 5309 3652 5366 6
3682 5325 3828 5367 con-

2169 5385 2295 5442 cilii
2324 5385 2661 5456 Florentini,
2695 5386 2768 5442 de
2789 5381 3246 5443 facto'exsecrati
3278 5381 3531 5509 fuergnt.
3556 5453 3600 5508 Β

3448 5467 3516 5508 εν

3448 5467 3516 5508 Εν
3557 5467 3681 5509 ΒΙΝ.
