4058 6154
233 171 348 229 793

1265 175 1629 249 EPISTOLE,
1669 176 2062 234 DIPLOMATA
2101 180 2186 235 ΕΤ
2225 181 2635 238 PRIVILEGIA.

3541 183 3651 243 794

232 302 760 380 causahumilibus
780 304 874 380 his
901 304 1523 380 nostrislitteris‘tuam
1547 320 1776 362 oramus
1792 320 1895 361 ve—
1918 307 1977 367 A
2000 312 2085 362 est
2112 306 2276 362 nobis
2300 326 2312 361 :
2340 308 2468 364 ideo
2491 309 2773 364 voluntati
2795 314 2994 366 vestrae
3017 311 3075 365 in
3099 310 3206 366 hoc
3228 325 3425 380 parere
3447 311 3652 368 distu-

235 376 691 449 nerabilitatem,
718 382 780 430 ut
797 376 1252 449 misericorditer
1273 376 1566 449 nobiscum
1586 391 1742 449 agas,
1760 391 1890 433 cum

237 446 459 516 populo
489 446 757 501 videlicet
783 446 882 516 qui
909 460 1019 500 non
1047 447 1172 502 sine
1192 448 1522 503 rationabili
1546 446 1717 504 causa
1742 449 1894 504 Pho-

235 518 311 571 tii
344 516 772 588 ordinationem
807 517 1038 585 recepit,
1066 524 1128 572 ut
1157 531 1224 573 ne
1250 519 1350 588 qui
1383 520 1712 588 apostolicae
1737 519 1894 573 sedis

235 589 460 659 legatos
478 587 871 642 Rhadoaldum
895 594 949 642 et
965 587 1292 644 Zachariam
1312 589 1411 659 qui
1425 587 1609 645 initio
1627 590 1891 644 Photium

235 658 658 714 conﬁrmarunt
677 659 733 712 in
753 658 1382 727 Constantinopolitana
1401 661 1548 727 sede,
1568 661 1774 716 deinde
1792 662 1898 715 Eu-

236 730 478 800 genium
517 734 575 783 et
621 729 860 785 Paulum
907 729 1009 798 qui
1059 731 1308 785 secunda
1351 731 1474 787 vice
1515 745 1643 787 cum
1692 731 1896 786 Photio

239 800 770 868 communicarunt,
811 800 1054 869 excepit,
1096 813 1212 855 una
1246 815 1373 857 cum
1409 802 1612 858 Photio
1652 802 1895 857 interitu

237 871 574 928 damnetur.
614 883 716 926 nec
741 870 893 926 alius
928 870 1196 926 inﬁnitus
1229 885 1502 928 numerus
1539 872 1609 927 ab
1643 872 1896 928 Ecclesia

239 912 496 1011 pellatur
516 959 532 1009 -,
558 912 668 997 hoc
694 912 1060 997 enim-facere
1077 912 1900 998 EJﬁshEvi'fe2213§ia7"c"E'Eii-‘Z

239 1013 470 1067 meuica
515 1012 668 1067 enim
700 1013 951 1082 synodus
976 1017 1179 1138 quarta
1204 1013 1539 1069 Dioscorum
1564 1013 1898 1084 iniquitatis

239 1083 574 1138 principem
600 1089 656 1138 et
680 1088 948 1138 actorem.
1021 1083 1232 1138 laviani
1267 1083 1710 1138 interfectorem.
1745 1083 1895 1138 beati

239 1083 574 1153 principem
600 1089 656 1138 et
680 1088 948 1145 actorem.
977 1083 1232 1138 Flaviani
1267 1083 1710 1150 interfectorem,
1745 1083 1895 1139 beati

237 1153 890 1226 videlicetpatriarchaa
925 1155 1571 1226 Constantinopolitani,
1605 1155 1900 1211 damnavit

239 1230 301 1280 et
325 1224 679 1280 homicidam
711 1230 768 1280 et
802 1224 1155 1293 hzereticum,
1203 1233 1268 1281 ut
1309 1224 1408 1296 qui
1440 1224 1618 1283 ausus
1650 1233 1736 1282 est
1774 1239 1899 1281 san-

240 1296 513 1350 ctissimo
548 1309 703 1364 papae
728 1297 898 1350 Leoni
924 1297 1568 1352 excommunicationem
1602 1298 1894 1364 irrogare:

242 1380 346 1420 eos
370 1379 503 1420 vero
543 1366 645 1435 qui
679 1380 708 1420 a
742 1366 1015 1421 Dioscoro
1053 1365 1281 1422 fuerant
1318 1368 1593 1436 ordinati,
1631 1365 1896 1436 vellapsi

245 1436 499 1496 fuerant,
533 1442 871 1492 cumtamen
905 1437 1136 1505 pietatis
1165 1444 1473 1494 sectatores
1503 1438 1771 1500 fuissent,
1801 1451 1900 1506 per

247 1507 652 1576 paenitentiam
697 1507 830 1562 illos
867 1509 1140 1576 suscepit.
1182 1509 1407 1564 Nicaena
1447 1510 1617 1564 etiam
1659 1508 1900 1577 septima

243 1579 507 1703 synodus
523 1584 787 1634 auctores
808 1579 1042 1634 haeresis
1064 1581 1560 1636 Iconomachorum
1585 1579 1897 1648 damnavit,

247 1650 265 1703 i
299 1649 491 1703 lorum
517 1663 648 1703 vero
672 1663 940 1703 sequaces
959 1663 1056 1703 per
1074 1651 1462 1703 paenitentiam
1487 1651 1741 1703 admisit.
1760 1650 1897 1703 Oua-

320 1629 503 1704 esi-aa;
517 1629 654 1704 var};
667 1629 1056 1719 assesasses}
1064 1629 1462 1719 Bassaricas
1475 1629 1907 1718 maestos:
1939 1629 1988 1688 Β

252 1725 494 1788 propter
547 1721 707 1775 decet
760 1720 931 1775 etiam
987 1725 1141 1776 tuam
1199 1721 1546 1789 singularem
1599 1723 1900 1788 virtutem,

248 1790 528 1846 Photium
562 1791 790 1860 quidem
831 1796 1099 1861 tanquam
1133 1791 1204 1846 ab
1236 1792 1408 1848 initio
1447 1793 1903 1859 schismaticum,

241 1868 301 1917 et
329 1875 364 1916 a
409 1861 804 1933 schismaticis
843 1862 1146 1933 illegitime
1193 1863 1542 1932 ordinatum,
1581 1870 1638 1919 et
1676 1869 1906 1932 propter

241 1933 365 1987 alia
409 1932 603 2004 multa,
636 1948 761 2003 quae
803 1932 1068 2002 operatus
1109 1938 1196 1988 est
1236 1935 1401 2002 mala,
1448 1935 1727 2004 expellere
1759 1952 1774 1988 :
1807 1946 1904 1988 eos

241 2017 382 2058 vero
417 2003 521 2072 qui
557 2003 626 2056 ab
666 2005 791 2073 ipso
825 2005 1044 2073 decepti
1087 2009 1240 2073 sunt,
1281 2003 1732 2061 misericOrditer
1772 2017 1902 2060 cum

243 2075 376 2130 illis
395 2074 725 2143 dispensari
751 2089 1036 2146 rogamus,
1062 2083 1125 2130 ut
1144 2075 1409 2131 Ecclesiae
1433 2077 1905 2146 Constantinopo-

245 2146 452 2224 litana:
481 2159 587 2224 pax
607 2145 1081 2224 e_t_traqg{ujlli_tas
1103 2146 1768 2224 itarestituaturtet‘non
1795 2145 1902 2224 alii

247 2217 491 2287 quidem
513 2215 738 2286 Apollo,
759 2215 860 2271 alii
873 2215 1073 2286 Cephze
1093 2217 1233 2284 sint,
1251 2224 1307 2272 et
1326 2218 1429 2272 alii
1448 2217 1609 2272 Pauli
1631 2216 1679 2287 (ι
1697 2217 1815 2271 Cor.
1838 2216 1901 2285 ι),

246 2295 305 2342 et
336 2287 428 2342 sic
455 2300 633 2341 unum
667 2301 874 2356 corpus
921 2287 1186 2342 Ecclesia:
1233 2289 1550 2358 dividatur,
1581 2289 1676 2343 sed
1710 2301 1904 2342 omnes

247 2357 584 2426 unanimes,
613 2363 883 2428 tanquam
918 2373 1096 2414 unum
1124 2364 1296 2428 caput
1322 2357 1593 2414 habentes
1610 2358 1904 2413 Christum

249 2431 437 2484 Deum
464 2433 518 2482 et
551 2428 886 2484 salvatorem
916 2430 1173 2485 omnium
1207 2435 1487 2485 nostrum.
1520 2443 1716 2485 omnes
1743 2442 1908 2484 com-

253 2499 517 2554 muniter
540 2499 629 2554 illi
653 2499 848 2555 laudes
868 2498 1172 2556 otl‘eramus
1190 2506 1247 2556 et
1260 2501 1386 2569 ejus
1407 2507 1682 2570 praecepta
1701 2498 1911 2554 simili-

253 2577 346 2625 ter
399 2571 830 2640 przedicemus:
875 2584 1056 2642 neque
1109 2576 1341 2640 propter
1387 2585 1565 2627 unum
1620 2570 1904 2625 hominem

253 2646 615 2712 peccatorem
665 2646 859 2697 tantus
908 2655 1180 2697 numerus
1227 2648 1433 2711 pereat.
1479 2644 1593 2698 Nos
1635 2642 1809 2710 enim,
1845 2644 1909 2694 ut

250 2712 544 2776 diximus,
614 2712 1021 2781 imperatorum
1081 2712 1310 2768 Christo
1371 2713 1712 2769 dilectorum
1763 2716 1908 2767 nutu

249 2783 815 2852 Constantinopolim
846 2784 1156 2852 venientes,
1181 2784 1317 2839 dum
1341 2784 1508 2840 multi
1534 2797 1637 2840 nos
1656 2783 1724 2839 ad
1748 2795 1912 2852 com:-

253 2854 595 2910 munionem
638 2851 943 2923 impellunt
978 2861 1034 2910 et
1070 2851 1394 2922 juramento
1437 2853 1718 2910 afﬁrmant
1750 2866 1812 2909 se
1839 2851 1910 2906 ab

2003 396 2196 458 limus,
2220 411 2287 452 ne
2307 397 2640 467 Augustalis
2655 398 2884 453 animus
2903 399 3216 454 durissime
3234 400 3360 469 hoc,
3380 415 3648 471 quocun-

2005 499 2112 554 que
2161 485 2325 540 modo
2370 487 2704 556 perciperet.
2755 487 2858 542 Sed
2903 487 3149 542 scientes
3190 487 3501 543 Ecclesiam
3545 489 3647 544 Dei

2005 572 2130 627 sine
2185 573 2414 642 proprio
2469 575 2573 631 diu
2624 579 2846 644 pastore
2897 588 3009 630 non
3056 575 3259 630 debere
3312 575 3646 646 consistere,

2005 661 2203 732 gloriae
2233 666 2431 717 vestrae
2465 663 2818 732 mandamus,
2853 663 3124 732 quoniam
3155 662 3326 718 aliter
3356 677 3458 719 nos
3487 676 3652 733 agere

2007 763 2116 804 non
2137 748 2460 816 debuimus,
2488 756 2551 806 ut
2573 758 2755 806 vestra
2774 751 3008 807 solertia
3037 750 3347 821 imperiali,
3377 755 3442 806 ut
3463 751 3652 820 prisca

2005 839 2357 894 consuetudo
2372 839 2572 905 dictat,
2598 845 2871 910 praecepta
2893 839 3148 910 licentia,
3173 844 3228 894 et
3249 838 3438 908 nobis,
3464 851 3655 908 quem-

2005 926 2310 983 admodum
2351 941 2449 984 vos
2487 929 2637 983 scire
2673 928 2983 999 credimus,
3028 927 3393 999 imperatoria
3434 927 3654 982 directa

2007 1015 2248 1086 epistola
2293 1021 2429 1072 tunc
2475 1017 2757 1073 voluntati
2803 1022 3001 1073 vestra:
3042 1019 3112 1074 de
3151 1017 3258 1073 hoc
3299 1016 3650 1087 parebimus,

2007 1105 2381 1175 eumdemque
2401 1105 2662 1175 electum,
2682 1106 2923 1162 Domino
2941 1107 3265 1176 adjuvante,
3287 1103 3659 1162 consecrabi—

2009 1207 2137 1264 mus
2161 1211 2173 1246 :
2196 1194 2368 1264 quod,
2396 1193 2737 1249 charissime
2761 1194 2862 1264 illi,
2891 1194 3123 1250 moleste
3143 1194 3306 1250 nullo
3327 1194 3493 1249 modo
3515 1207 3652 1249 sus-

2007 1280 2209 1350 cipias.

2787 1371 2876 1425 III.

2260 1489 2493 1531 DIPLOMA
2531 1489 2634 1532 PRO
2673 1490 3014 1532 MONAS’I‘ERIO
3054 1490 3396 1533 CORBEIENSI.

2652 1584 2838 1652 (Anno
2866 1580 3018 1656 887.)

2283 1686 2466 1764 {Apud
2496 1691 2758 1762 Schaten,
2791 1692 3000 1746 Annal.
3033 1689 3393 1767 Paderbom.]

2081 1789 2404 1860 Stephanus
2441 1789 2523 1861 (V)
2561 1803 2760 1845 servus
2801 1804 3094 1847 servorum
3133 1791 3258 1860 Dei,
3301 1789 3662 1846 reverendis—

2012 1879 2160 1934 simo
2180 1884 2237 1933 et
2255 1878 2622 1934 sanctissimo
2649 1879 2950 1934 WICBERTO
2971 1880 3240 1950 episcopo
3264 1883 3472 1935 sanctae
3492 1878 3664 1934 eccle-

2011 1967 2114 2022 sia
2145 1981 2269 2037 quae
2296 1972 2535 2022 vocatur
2562 1967 2934 2038 Hildesheim,
2970 1968 3294 2038 patrocinio
3323 1972 3534 2023 sancta
3557 1966 3658 2022 Del

2012 2041 2314 2128 genitricis
2342 2055 2601 2126 Virginis
2627 2055 2818 2110 Mariae
2847 2055 3095 2111 dominae
3126 2061 3333 2111 nostra:
3361 2054 3656 2124 dedicata,

2012 2159 2114 2202 seu
2144 2145 2351 2200 Bovoni
2383 2143 2576 2200 abbati
2608 2143 2957 2199 venerabilis
2988 2143 3322 2200 monasterii
3361 2144 3514 2214 quod
3550 2155 3660 2200 vo-

2014 2239 2180 2290 catur
2206 2235 2358 2288 Nova
2385 2231 2645 2300 Corbeia,
2677 2245 2746 2287 ex
2770 2232 3131 2290 dedicatione
3155 2237 3211 2288 et
3247 2231 3477 2288 nomine
3505 2229 3655 2287 beati

2013 2323 2229 2380 Christi
2262 2321 2699 2392 protomartyris
2736 2322 2918 2378 sancti
2949 2321 3243 2391 Stephani,
3275 2319 3376 2376 ubi
3410 2319 3468 2375 in
3500 2318 3660 2374 sanis

2018 2411 2328 2484 requiescit
2368 2410 2639 2467 membris
2677 2409 2876 2468 beatus
2913 2409 3128 2467 Christi
3161 2413 3376 2480 martyr
3403 2407 3570 2464 Vitus
3598 2407 3661 2462 in

2017 2507 2371 2570 perpetuum.

2085 2589 2360 2645 Convenit
2378 2588 2694 2659 apostolico
2721 2588 3094 2645 moderamini
3123 2588 3218 2659 pia
3240 2586 3521 2658 religione
3541 2597 3666 2640 suc-

2018 2691 2250 2734 currere
2280 2677 2631 2748 pollentibus
2656 2678 2751 2748 pia
2779 2677 3191 2748 compassione,
3219 2683 3276 2732 et
3300 2673 3660 2746 poscentium

2017 2766 2231 2822 animis
2250 2780 2281 2821 a
2305 2766 2454 2822 lucri
2480 2766 2778 2823 devotione
2811 2766 3094 2837 impertiri
3117 2778 3432 2821 assensum.
3458 2763 3539 2817 Ex
3561 2760 3668 2816 hoc

2019 2855 2172 2911 enim
2201 2855 2348 2911 lucri
2378 2855 2667 2926 potissimi
2701 2856 2996 2926 praemium
3023 2871 3055 2910 a
3084 2853 3381 2911 conditore
3405 2849 3663 2908 omnium

250 2924 1534 3013 ἓΡοξέοἶῖίέἲί.δίίίὲῗδέίὲιέἓῖβὲἓίοὲίβ,ίῐξᾲξξηὲιξῐι
1565 2925 1906 3013 (ξῖὲιίέξὲἓὲξεέ
1937 2950 1987 3012 C
2019 2943 2261 2999 Domino
2303 2924 2717 3013 prdmeremur.
2743 2944 2879 3000 dum
2914 2942 3263 2999 venerabilia
3299 2941 3421 2998 loca
3451 2951 3669 3009 oppor-

253 3002 324 3052 ut
368 2995 596 3066 absque
655 2996 1060 3066 impedimento
1112 2996 1519 3052 sacerdotalem
1569 2996 1908 3066 dignitatem

253 3064 579 3123 exercitare
607 3064 853 3137 possent,
884 3067 1046 3123 nullo
1071 3072 1256 3123 tamen
1285 3074 1446 3137 pacto
1470 3068 1593 3122 illis
1616 3064 1784 3137 fidem
1803 3064 1911 3137 ad-_-

258 3139 570 3193 bibuimus
590 3135 622 3192 εἰ
649 3143 742 3194 tua
772 3135 1071 3193 sanctitate
1100 3135 1488 3207 exspectantes
1512 3137 1734 3207 aliquid
1761 3135 1910 3190 firmi

255 3215 312 3264 et
341 3209 510 3264 certi.
533 3210 659 3264 "Hoc
685 3215 875 3263 autem
907 3210 1096 3264 ausim
1134 3207 1434 3277 atﬁrmare,
1467 3222 1500 3264 o
1530 3207 1910 3263 venerandum

256 3287 454 3349 caput,
496 3281 677 3334 Deum
719 3279 1001 3335 adhibens
1031 3285 1250 3343 testem.
1298 3280 1447 3350 quod
1486 3279 1682 3334 nullus
1713 3291 1910 3350 eorum

257 3346 358 3422 qui
401 3346 539 3406 cum
581 3350 785 3405 Photio
827 3346 1334 3406 communicarunt‘
1364 3351 1595 3420 propria
1626 3349 1681 3404 id
1715 3346 1914 3402 fecerit

254 3422 577 3491 voluntate,
611 3421 705 3476 sed
742 3421 935 3490 potius
968 3422 1294 3491 principum
1322 3421 1614 3476 violentia.
1644 3417 1914 3488 Quapro-

259 3463 1299 3562 b12333?rBTgBIEBEBEa'ﬁt'ﬁFiKéE,
1320 3463 1614 3562 ἁὶῖὄίὶὖίἶὶ
1622 3463 1914 3559 ηιξᾞῖιῖω

257 3564 442 3631 abest,
465 3564 831 3632 desperatum
858 3564 1312 3620 misericorditer
1331 3563 1636 3632 suscipias.
1661 3562 1841 3632 Rogat
1862 3565 1916 3632 te

257 3630 704 3714 P_etrus,_cujus
745 3634 928 3714 sedem
950 3630 1510 3714 administrandam
1525 3630 1775 3714 obtines,
1811 3630 1914 3714 qui

257 3706 324 3787 ab
347 3705 620 3787 omnium
640 3705 882 3787 Domino
901 3706 1137 3787 edoctus
1154 3703 1267 3787 fuit
1284 3710 1349 3787 ut
1365 3705 1688 3787 Septuagies
1707 3703 1918 3787 septies

260 3777 593 3848 ignosceret
619 3776 791 3848 etiam
821 3776 896 3831 iis
917 3777 1017 3846 qui
1044 3777 1291 3832 scienter
1317 3774 1674 3848 deliquerint
1697 3774 1914 3848 (Matth.

258 3846 456 3915 ﬁni).
497 3847 721 3902 Exaudi
765 3860 886 3916 nos,
920 3852 983 3902 ut
1008 3848 1181 3903 etiam
1214 3853 1276 3903 tu
1306 3861 1337 3902 a
1367 3848 1479 3902 Deo
1510 3846 1919 3917 benignitatem

258 3919 516 3990 desuper
559 3917 838 3985 obtineas,
871 3923 928 3990 et
960 3918 1126 3990 longo
1161 3923 1411 3990 tempore
1455 3918 1751 3990 ecclesiam
1777 3929 1924 3990 apo-

261 3989 535 4044 stolicam
592 4002 783 4056 regere
824 3989 1011 4044 valeas
1065 3988 1331 4058 precibus
1379 3988 1758 4044 sanctissimae
1809 3989 1922 4041 Deo

263 4059 596 4130 genitricis,
621 4060 937 4115 caelestium
967 4064 1332 4130 potestatum,
1353 4059 1760 4129 apostolorum.
1783 4071 1925 4127 pro-

264 4129 597 4200 phetarum,
635 4129 979 4202 martyrum,
997 4129 1389 4187 confessorum
1415 4136 1471 4186 et
1500 4131 1757 4186 omnium
1785 4140 1926 4184 san-

261 4207 517 4257 ctorum.
551 4202 746 4257 Amen.

1063 4292 1128 4345 II.

754 4409 823 4450 AD
855 4409 1134 4451 GUIDONEM
1175 4408 1436 4450 COMITEM.

912 4503 1098 4573 (Anno
1127 4501 1280 4573 886.)

452 4628 644 4700 [Apud
677 4629 1042 4700 Gratianum,
1070 4632 1224 4683 Decr.
1255 4641 1294 4696 ι,
1321 4627 1376 4682 d.
1407 4624 1495 4698 63,
1520 4639 1642 4697 cap.
1673 4623 1783 4695 18.]

336 4738 665 4794 Srspumus
701 4735 938 4791 Gumom
981 4735 1203 4791 comiti.

340 4826 533 4882 Lectis
576 4824 906 4895 sagacitatis
949 4829 1150 4879 vestrae
1187 4821 1473 4893 apicibus,
1514 4821 1612 4890 qui
1655 4817 1925 4877 defuncto

267 4915 543 4971 Ecclesia:
565 4914 812 4968 Reatinos
829 4913 1108 4978 antistite,
1132 4911 1347 4968 clerum
1366 4915 1422 4966 et
1439 4909 1653 4980 plebem
1671 4909 1924 4978 ejusdem

267 5003 543 5060 Ecclesiae
566 5003 807 5074 elegisse
836 5001 949 5057 sibi
978 5000 1239 5056 futurum
1270 4999 1610 5065 antistitem,
1646 4997 1927 5068 nobisque

268 5093 726 5149 consecrandum
766 5095 950 5145 vestro
988 5089 1184 5145 studio
1225 5088 1508 5144 directum
1545 5100 1668 5143 esse
1703 5100 1772 5140 ne
1803 5085 1927 5155 ipsa

270 5181 529 5236 Ecclesia
545 5180 648 5234 diu
673 5179 796 5234 sine
819 5179 1051 5248 proprio
1071 5184 1289 5233 constet
1310 5181 1553 5247 pastore,
1580 5174 1922 5242 fatebantur,

273 5285 376 5325 nos
399 5269 473 5324 de
509 5267 674 5324 obitu
711 5267 926 5337 prioris
961 5267 1237 5336 dolentes,
1284 5279 1434 5321 nunc
1467 5265 1654 5335 ipsum
1683 5263 1925 5318 electum

275 5357 679 5426 unanimitate,
719 5361 775 5410 et
804 5356 1078 5411 canonica
1114 5355 1301 5424 ipsius
1332 5352 1597 5408 Ecclesiae
1626 5351 1923 5419 electione,

276 5452 336 5501 ut
365 5445 650 5501 mandasti
680 5451 791 5500 tam
818 5444 1100 5500 citissime
1129 5443 1396 5498 ordinare
1419 5440 1742 5508 omisimus,
1772 5438 1922 5508 quod

279 5535 634 5605 imperialem
667 5533 852 5604 nobis,
884 5539 947 5589 ut
978 5546 1098 5588 mos
1125 5537 1230 5600 est,
1271 5527 1658 5586 absolutionis
1689 5527 1927 5582 minime

277 5624 488 5680 detulit
534 5623 857 5694 epistolam.
906 5623 1012 5678 Pro
1062 5633 1172 5692 qua
1223 5619 1446 5675 scilicet
1487 5630 1546 5673 re
1591 5615 1925 5688 ambiguum

1949 4321 2006 4384 D

2022 3039 2159 3088 tune
2189 3031 2452 3087 ordinata
2476 3032 2544 3087 ad
2580 3032 2870 3088 meliorem
2911 3031 3146 3088 fuerunt
3175 3031 3300 3087 sine
3337 3027 3517 3084 dubio
3542 3031 3670 3082 sta-

2022 3128 2143 3177 tum
2183 3119 2473 3191 perducta.
2521 3120 2706 3192 Igitur
2757 3133 2952 3176 omnes
2999 3125 3211 3176 sancta:
3256 3115 3525 3172 Ecclesiae
3562 3112 3663 3168 Dei

2023 3209 2218 3266 ﬁdeles
2232 3214 2403 3278 atque
2413 3209 2662 3279 devotos,
2678 3213 2983 3279 praesentes
2995 3208 3218 3264 scilicet
3231 3210 3405 3276 atque
3417 3202 3664 3273 futuros,

2022 3299 2172 3354 scire
2202 3297 2489 3368 volumus,
2533 3300 2805 3367 utrasque
2833 3309 3009 3366 supra
3042 3294 3364 3351 nominatas
3393 3290 3666 3348 ecclesias

2023 3400 2152 3444 cum
2182 3385 2451 3442 omnibus
2477 3398 2671 3440 earum
2703 3383 2947 3438 familiis
2965 3397 3066 3439 seu
3098 3381 3380 3452 plebibus,
3410 3392 3476 3434 ac
3498 3377 3668 3433 rebus

2025 3474 2441 3545 immobilibus,
2460 3475 2614 3544 juste
2629 3473 2698 3528 ad
2716 3486 2813 3529 eas
2830 3471 3043 3542 ubique
3067 3467 3509 3541 pertinentibus.
3528 3477 3668 3536 qua-

2025 3578 2152 3620 rum
2185 3577 2298 3620 una
2327 3564 2488 3619 sedes
2525 3566 2759 3618 vocatur
2786 3573 2854 3615 ex
2886 3557 3206 3629 patrocinio
3236 3560 3447 3611 sanctae
3477 3559 3532 3609 et
3562 3567 3670 3608 su-

2028 3652 2387 3723 perexaltataa
2427 3651 2527 3707 Dei
2572 3647 2873 3722 genitricis
2915 3647 3108 3703 Mariae
3148 3644 3395 3700 domina:
3437 3647 3666 3708 nostrae,

2026 3744 2206 3800 altera
2244 3756 2376 3798 vero
2407 3739 2814 3798 monachorum
2855 3734 3254 3794 contuberniis
3294 3732 3584 3802 instituta,
3616 3734 3672 3785 et

2027 3832 2389 3889 dedicatione
2435 3828 2584 3886 beati
2634 3825 3071 3898 protomartyris
3119 3821 3416 3894 Stephani,
3467 3819 3567 3876 ubi
3616 3823 3674 3874 et

2031 3923 2088 3978 B.
2133 3923 2344 3990 Martyr
2386 3919 2554 3975 Vitus
2597 3930 2836 3988 corpore
2877 3913 3210 3986 requiescit,
3259 3910 3367 3985 sub
3420 3911 3476 3965 B.
3520 3907 3670 3964 Petri

2031 4009 2419 4081 apostolorum
2460 4006 2744 4078 principis
2778 4004 3031 4061 tuitione
3071 4008 3128 4058 et
3156 4000 3311 4058 sedis
3347 3997 3675 4070 apostolicae

2033 4097 2268 4169 speciali
2299 4095 2647 4162 defensione,
2684 4108 2784 4164 per
2809 4093 2915 4149 hoc
2940 4098 3148 4148 nostrae
3168 4088 3498 4160 apostolicae
3527 4098 3672 4142 con-

2034 4184 2380 4243 firmationis
2422 4182 2789 4255 privilegium
2826 4181 3096 4238 omnibus
3128 4178 3315 4234 modis
3359 4174 3677 4232 submissas

2037 4276 2267 4347 perenni
2284 4275 2415 4344 jure
2434 4271 2770 4329 consistere.
2795 4271 2978 4339 Hujus
3001 4269 3081 4324 rei
3100 4267 3284 4340 gratia
3300 4263 3674 4330 decrevimus,

2034 4371 2090 4420 et
2125 4363 2495 4434 praerogativa
2532 4366 2704 4430 atque
2741 4357 3084 4414 auctoritate
3124 4355 3225 4410 Dei
3265 4349 3679 4422 omnipotentis

2032 4459 2090 4509 et
2111 4453 2364 4523 ejusdem
2391 4449 2776 4520 apostolorum
2804 4446 3107 4518 principis,
3139 4444 3235 4501 cui
3262 4441 3479 4514 ligandi
3508 4445 3680 4511 atque

2035 4540 2289 4598 solvendi
2320 4541 2380 4596 in
2405 4539 2547 4595 coelo
2572 4543 2629 4595 et
2656 4537 2715 4593 in
2747 4545 2897 4593 terra
2926 4536 3058 4592 data
3083 4539 3170 4590 est
3201 4536 3467 4603 potestas,
3492 4530 3680 4600 cujus-

2037 4644 2147 4702 que
2175 4644 2280 4686 nos
2304 4629 2426 4685 vice
2454 4628 2653 4684 divino
2686 4640 2917 4683 munere
2956 4623 3274 4696 fungimur,
3319 4619 3681 4691 injungimus

2037 4725 2161 4778 uta
2193 4719 2352 4776 nullo
2397 4717 2697 4774 hominum
2737 4715 2936 4786 aliqua
2973 4714 3062 4770 vis
3106 4717 3208 4770 aut
3245 4709 3562 4782 oppressio,
3592 4707 3679 4764 vel

2035 4806 2480 4876 contrarietatis,
2503 4819 2606 4862 seu
2627 4804 3025 4875 occupationis
3051 4801 3312 4860 molestia
3338 4810 3682 4871 quocunque

2037 4900 2203 4956 modo
2230 4896 2508 4953 inferatur
2535 4896 2594 4951 in
2618 4895 2789 4951 rebus
2808 4894 2892 4950 vel
2919 4889 3379 4964 possessionibus
3403 4886 3683 4944 ecclesia-

2037 5003 2163 5045 rum
2193 4986 2540 5056 earumdem,
2565 4998 2747 5055 neque
2779 4983 3011 5038 illarum
3038 4979 3426 5051 possessiones
3453 4981 3556 5032 aut
3574 4975 3682 5030 de-

2035 5077 2196 5133 cimae
2228 5075 2374 5146 ipsis
2397 5073 2619 5130 collatae
2646 5073 2861 5144 ubique
2881 5069 3145 5127 ecclesiis
3169 5083 3202 5125 a
3224 5066 3482 5140 quolibet
3504 5077 3682 5120 usur-

2037 5171 2263 5236 pentur,
2307 5166 2408 5218 aut
2439 5175 2591 5218 more
2631 5160 2928 5232 tyrannico
2957 5159 3352 5229 diripiantur;
3380 5153 3474 5210 sed
3506 5153 3566 5206 in
3595 5165 3682 5205 ar-

2037 5255 2214 5310 bitrio
2240 5257 2296 5309 et
2311 5253 2441 5321 jure
2459 5251 2713 5322 episcopi
2736 5249 2822 5305 vel
2844 5249 3072 5305 abbatis
3100 5247 3402 5315 utriusque
3426 5238 3679 5296 ecclesia:

2035 5348 2240 5400 cuncta
2257 5341 2596 5410 consistant,
2615 5339 2723 5395 sub
2740 5338 3190 5411 diligentissima
3210 5331 3496 5389 canonica:
3517 5326 3683 5382 insti-

2036 5431 2552 5488 tutioniscensura.
2573 5426 3187 5485 Potiusautemcredem
3201 5419 3452 5477 ecclesiae
3466 5414 3681 5470 utrius-

2039 5535 2146 5593 que
2175 5520 2401 5576 ordinis
2426 5532 2556 5575 cum
2583 5518 2855 5575 omnibus
2874 5528 3069 5570 earum
3095 5503 3556 5593 possessionibus
3578 5515 3678 5573 per

2038 5591 2211 5680 hujus
2240 5608 2544 5680 apostolici
2573 5605 2776 5662 statuti
2811 5599 3198 5674 privilegium,
3235 5591 3586 5652 indimlnute
3609 5607 3675 5650 ac
