4058 6154
363 129 473 190 795

1747 124 2082 182 STEPHANI
2118 122 2204 178 PA
2211 123 2313 180 PE
2350 124 2394 177 V

3665 88 3772 178 196

362 253 585 312 illibate
611 253 682 310 ab
713 253 1000 326 omnibus,
1034 253 1132 324 qui
1159 253 1486 312 Christiano
1515 251 1744 310 nomine
1771 263 2005 307 censen-
2025 248 2085 309 A
2113 253 2296 305 strum
2333 249 2524 306 Jesum
2565 247 2860 304 Christum
2897 250 3116 304 tentare
3155 259 3266 302 non
3303 245 3619 304 dubitavit.
3649 246 3779 300 Nec

363 348 478 414 tur,
505 343 612 399 sub
636 341 965 398 defensione
990 347 1198 399 sancta
1221 342 1375 398 sedis
1394 333 1721 412 apostolica
1748 339 2006 396 habean—

363 436 459 490 tur
483 437 538 488 et
567 429 958 500 observentur,
993 432 1064 488 ad
1106 431 1328 487 laudem
1358 431 1460 487 Dei
1491 429 1924 500 omnipotentis,
1951 433 2006 484 et

361 521 516 578 sedis
544 519 870 591 apostolica
901 519 1294 586 reverentiam,
1321 523 1378 574 et
1415 518 1681 574 stabilem
1709 517 1882 573 etiam
1911 517 2010 572 vi—

361 622 572 681 gorem,
595 614 651 664 et
675 611 885 664 statum
915 609 1397 680 augmentandum
1431 605 1794 678 profuturum
1820 605 2011 661 eccle-

307 690 310 694 ’
362 698 482 754 sia.
511 697 570 754 Si
597 696 732 768 quis
769 699 980 768 autem,
1026 696 1180 767 quod
1223 709 1335 752 non
1380 701 1663 766 Optamus,
1704 693 2010 752 temerario

359 799 506 844 ausu
550 791 750 842 contra
791 785 898 840 hoc
945 791 1154 841 nostra
1195 783 1566 841 auctoritatis
1596 788 1654 840 et
1679 782 2012 854 apostolica

361 872 818 932 conﬁrmationis
839 872 1207 944 privilegium
1225 873 1318 944 pie
1337 887 1370 928 a
1391 872 1560 929 nobis
1578 885 1910 930 concessum
1933 871 2011 927 iri

359 975 639 1035 agereque
700 961 1149 1033 prasumpserit,
1203 966 1261 1017 et
1307 961 1370 1018 in
1420 965 1539 1017 toto
1588 960 1676 1016 vel
1728 973 1796 1016 ex
1854 963 2014 1030 parte

363 1050 684 1122 transgredi
733 1054 974 1107 conatus
1023 1048 1220 1120 fuerit,
1261 1054 1318 1106 et
1366 1063 1588 1106 omnem
1638 1048 2012 1106 reverentiam

364 1143 576 1196 sancta
597 1138 753 1196 sedis
781 1137 1110 1210 apostolica
1139 1151 1252 1195 non
1283 1137 1688 1208 observaverit,
1716 1137 1864 1194 sciat
1891 1151 1953 1193 se
1979 1149 2014 1192 a

363 1227 476 1282 Deo
515 1227 678 1282 Patre
718 1225 1128 1297 omnipotente,
1161 1231 1218 1282 et
1249 1225 1420 1296 Filio,
1469 1231 1527 1280 et
1555 1231 1751 1282 sancto
1789 1223 2014 1295 Spiritu

365 1314 938 1384 excommunicatum,
970 1322 1027 1370 et
1052 1314 1168 1370 nisi
1201 1315 1520 1384 resipiscat,
1559 1318 1830 1384 perpetuo
1869 1325 2016 1367 ana-

369 1401 614 1457 themate
642 1401 1099 1458 condemnatum.
1132 1401 1241 1472 Qui
1271 1415 1403 1458 vero
1433 1407 1630 1458 custos
1654 1405 1712 1456 et
1739 1399 2016 1456 observa-

369 1495 460 1545 tor
486 1489 794 1560 exstiterit,
827 1495 884 1546 et
912 1485 1370 1546 benedictionem
1404 1494 1462 1546 et
1486 1490 1728 1562 gratiam
1759 1502 1792 1544 a
1818 1489 1932 1544 Deo
1959 1492 2018 1544 et

366 1578 609 1633 Domino
637 1582 832 1634 nostro
869 1579 1142 1650 consequi
1186 1585 1486 1635 mereatur.

438 1665 726 1736 Scriptum
767 1679 866 1736 per
902 1680 1132 1724 manum
1169 1667 1433 1739 Gregorii
1478 1665 1774 1724 scriniarii
1809 1669 2019 1722 sancta

371 1755 635 1815 Romana
661 1755 928 1812 Ecclesia
954 1755 1016 1810 in
1037 1769 1228 1814 mense
1252 1757 1420 1824 Maio,
1451 1755 1768 1812 indictione
1791 1755 2015 1825 quinta.

369 1841 580 1900 Valete.
614 1844 820 1902 Datum
853 1858 918 1899 ιιι
950 1844 1185 1900 Kalend.
1216 1843 1376 1900 Junii
1418 1857 1518 1914 per
1560 1855 1790 1900 manum
1816 1841 2022 1898 Leonis

371 1930 658 1988 sacellarii
705 1937 916 1988 sancta
963 1933 1118 1990 sedis
1153 1932 1503 2004 apostolica,
1547 1931 1750 2003 imper,
1785 1930 2022 1988 domino

373 2019 640 2090 piissimo
679 2021 941 2092 principe
975 2021 1178 2080 Carolo
1210 2021 1470 2094 Augusto
1507 2009 1780 2079 coronatd
1818 2033 2023 2092 magno

373 2109 581 2181 imper,
625 2123 778 2166 anno
815 2114 996 2181 sexto,
1040 2116 1098 2166 et
1137 2115 1266 2181 post
1301 2109 1665 2168 consulatum
1706 2109 1834 2180 ejus
1871 2120 2022 2165 anno

371 2203 553 2272 sexto,
594 2196 917 2257 indictione
957 2200 1180 2272 quinta.

1161 2307 1250 2362 Ν.

657 2407 918 2451 Εριετοιλ
949 2408 1019 2450 AD
1057 2407 1342 2450 EPISCOPOS
1381 2406 1740 2450 ORIBNTALES.

1019 2484 1205 2556 (Anno
1233 2481 1358 2540 888.
1359 2485 1386 2555 )
1443 2485 1452 2494 '

374 2589 518 2658 Ipsis
538 2603 646 2658 pro
673 2589 1018 2644 ordinatione
1055 2589 1320 2660 Stephani
1339 2587 1675 2660 patm’areha
1705 2587 2026 2660 Constanti-

443 2660 751 2743 nopotitani
803 2659 1263 2743 dispensationem
1308 2659 1643 2743 petentious,
1694 2673 1753 2713 eo
1803 2659 1950 2743 quod
1989 2673 2025 2743 ιι

443 2731 634 2786 Photio
689 2731 954 2786 diaconus
1018 2730 1322 2786 ordinatus
1357 2733 1576 2801 fuisset,
1634 2730 1921 2800 respondet
1975 2733 2028 2786 et

447 2801 760 2858 ulteriorem
797 2803 1236 2870 informationem
1266 2804 1428 2872 petit.

2115 337 2298 409 igitur
2332 337 2542 392 mirum
2574 337 2625 392 si
2657 336 2924 392 Photium
2955 337 3100 392 satis
3135 349 3372 391 exosum
3401 335 3475 389 ab
3509 334 3774 390 Ecclesia

2114 424 2447 480 damnatum
2474 425 2748 495 ejecistis,
2775 424 2875 496 qui
2901 422 3258 479 salutiferam
3281 422 3513 480 Domini
3546 436 3776 479 crucem

2119 514 2199 570 ita
2227 513 2465 584 delusit,
2502 527 2604 584 per
2635 527 2805 584 quam
2836 513 3108 568 videlicet
3137 513 3514 586 venerandam
3547 525 3774 568 crucem

2117 601 2310 658 omnia
2339 602 2488 658 dona
2517 601 2890 657 sacerdotalis
2920 600 3239 656 ministerii
3283 600 3690 671 perﬁciuntur,
3720 605 3780 656 et

2117 691 2301 747 sancti
2326 689 2688 760 baptismatis
2709 690 2995 746 lavacrum
3017 689 3432 746 sanctiﬁcatur.
3457 688 3617 744 Prad
3628 690 3779 745 ictus

2121 779 2316 849 itaque
2337 779 2498 834 Photi
2509 793 2576 835 us
2595 778 2782 835 laicus
2802 779 2990 850 homo,
3015 778 3067 833 si
3087 778 3299 849 regiam
3318 778 3470 832 viam
3493 777 3778 834 ambulas-

2121 872 2208 924 set
2249 871 2305 923 et
2349 867 2598 924 decretis
2643 872 2971 924 sanctorum
3018 868 3250 922 Patrum
3303 867 3658 939 inhasisset,
3705 868 3776 923 ad

2121 961 2336 1014 tantam
2379 956 2664 1012 insaniam
2701 969 2997 1028 nunquam
3034 955 3378 1012 devenisset.
3417 956 3782 1026 Quapropter

2121 1045 2222 1117 qui
2233 1045 2449 1102 Christi
2467 1045 2873 1114 humilitatem,
2891 1045 3268 1100 venerandam
3280 1044 3509 1100 scilicet
3522 1057 3778 1117 crucem,

2121 1139 2512 1206 contemnunt,
2570 1135 2826 1204 percussi
2875 1138 3013 1190 sunt
3055 1139 3323 1205 tanquam
3387 1134 3781 1206 primOgenita

2120 1223 2345 1296 Egypti
2375 1243 2388 1278 :
2423 1228 2561 1279 tunc
2598 1223 2748 1279 enim
2781 1223 3172 1280 Israelitarum
3216 1222 3618 1294 primogeniti,
3650 1237 3784 1279 cum

2122 1319 2314 1372 essent
2345 1312 2579 1386 signati,
2607 1312 2814 1369 servati
2847 1316 2984 1368 sunt
3012 1325 3078 1368 ac
3107 1309 3387 1368 custoditi
3413 1312 3620 1381 (Ea-od.
3655 1311 3782 1382 xu).

2121 1403 2230 1473 Qui
2265 1417 2396 1459 vero
2423 1407 2548 1458 erat
2577 1402 2677 1458 ille
2709 1402 2949 1473 sanguis
2981 1401 3116 1473 agni
3146 1401 3204 1456 in
3242 1401 3448 1456 limine
3481 1401 3788 1457 Israelita-—

2126 1506 2273 1564 rum,
2307 1493 2422 1548 nisi
2463 1505 2605 1548 crux
2647 1491 2934 1561 passionis
2976 1489 3195 1545 Christi
3237 1503 3362 1560 qua
3389 1490 3449 1545 in
3487 1488 3786 1546 frontibus

2039 1567 2092 1630 Β
2125 1581 2381 1656 fidelium
2429 1579 2786 1651 imprimitur
2810 1579 2840 1632 ‘I
2865 1579 3206 1648 Quicunque
3245 1577 3428 1651 igitur
3468 1579 3788 1635 salutarem

2127 1685 2352 1728 crucem
2379 1669 2744 1741 parvipendit
2765 1667 3089 1740 evangelico
3115 1680 3248 1723 ense
3271 1667 3652 1724 interimitur.
3675 1667 3786 1724 Sed

2128 1760 2199 1816 de
2247 1761 2450 1816 Photio
2513 1759 2744 1829 quidem
2785 1758 2868 1813 ita
2914 1771 3016 1813 vos
3064 1756 3431 1827 scripsistis:
3470 1756 3606 1812 illas
3649 1770 3788 1812 vero

2132 1848 2497 1919 imperatoris
2517 1846 2739 1902 litteras
2755 1859 2884 1902 cum
2905 1845 3260 1916 legissemus,
3283 1845 3508 1900 easdem
3525 1858 3558 1900 a
3575 1845 3790 1900 vestris

2128 1939 2326 2010 procul
2359 1937 2558 1993 abesse
2589 1939 3004 2005 comperimus.
3039 1936 3124 1990 Ita
3153 1935 3316 1990 enim
3355 1947 3415 1990 se
3445 1933 3735 1990 habebant
3761 1953 3778 1988 :

2132 2029 2283 2100 quod
2314 2027 2557 2084 Photius
2599 2025 2853 2096 quietam
2893 2024 3066 2079 vitam
3095 2023 3288 2095 elegit.
3329 2021 3692 2093 Quapropter
3721 2022 3783 2078 iu

2131 2117 2492 2174 dubitatione
2521 2125 2834 2170 versamur.
2876 2112 3120 2169 Multum
3149 2111 3302 2168 enim
3343 2112 3587 2168 interest
3609 2111 3788 2166 abre-

2133 2207 2431 2264 nuntiasse
2459 2209 2514 2260 et
2538 2203 2839 2274 expulsum
2871 2213 3014 2258 esse.
3042 2202 3157 2258 Nos
3177 2201 3362 2274 igitur
3385 2199 3604 2271 absque
3632 2199 3788 2256 dili-

2134 2295 2287 2368 genti
2332 2292 2715 2364 inquisitione
2753 2291 3152 2362 qualecunque
3187 2290 3478 2360 judicium
3527 2288 3790 2360 proferre

2136 2399 2247 2442 non
2279 2381 2988 2462 possumus..Quapmpter
3013 2393 3166 2436 nunc
3201 2379 3542 2436 sententiam
3575 2392 3790 2448 proro-

2133 2473 2423 2546 gavimus:
2441 2476 2498 2527 et
2522 2484 2668 2540 opus
2682 2474 2768 2526 est
2785 2468 3089 2538 utriusque
3107 2468 3288 2538 partis
3308 2465 3789 2539 religiosissimos

2133 2561 2433 2633 episcopos
2472 2559 2648 2630 mitti,
2687 2563 2774 2628 ut,
2819 2569 3094 2628 perpensa
3129 2557 3282 2612 omni
3328 2553 3698 2612 dubitatione
3731 2561 3790 2612 et

2132 2651 2390 2714 veritate,
2431 2648 2726 2719 utrimque
2761 2645 3064 2702 manifesta
3093 2646 3286 2702 dicere
3311 2645 3602 2716 possimus
3629 2645 3786 2716 quod

2132 2742 2283 2796 Deus
2306 2737 2570 2794 voluerit.
2604 2737 2855 2793 Romana
2883 2737 3036 2796 enim
3066 2736 3316 2793 Ecclesia
3348 2735 3534 2790 instar
3560 2733 3785 2804 speculi

2131 2831 2190 2884 et
2231 2825 2577 2896 exemplaris
2635 2825 2881 2896 reliquis
2940 2825 3218 2881 Ecclesiis
3263 2823 3661 2879 constituitur.
3717 2823 3789 2876 Et

445 2897 768 2988 STEPHANUS
803 2899 1129 2988 θρίωοριιξρ
1170 2913 1370 2956 servus
1408 2913 1702 2957 εθννοτιιῐη
1725 2900 1853 2972 Βθί,
1883 2899 2028 2956 uni‘
2053 2892 2104 2956 Ο
2134 2892 2517 2988 quodcunque
2539 2892 2834 2970 deﬁnierit
2857 2915 2918 2978 in
2942 2913 3351 2984 sempiternum
3383 2915 3574 2968 manet
3601 2911 3791 2967 incor-

377 2987 560 3044 versis
603 2983 891 3059 episcopis
926 2992 984 3044 et
1019 2987 1264 3058 reliquis
1303 2988 1555 3061 clericis,
1591 2993 1699 3045 etc.
1721 2996 1740 3010 ⁴

445 3075 738 3134 Catholica
774 3077 992 3134 Christi
1030 3081 1088 3134 et
1123 3077 1223 3134 Dei
1264 3077 1448 3135 nostri
1493 3078 1748 3135 Ecclesia
1787 3077 2024 3136 fundata

377 3178 552 3236 super
582 3165 800 3222 ﬁrmam
839 3171 1076 3238 petram,
1111 3171 1278 3237 apost
1316 3167 1359 3224 li
1394 3167 1664 3224 videlicet
1700 3167 1852 3224 Petri
1881 3180 2028 3223 con—

377 3251 704 3326 fessionem,
737 3255 873 3312 licet
902 3255 1174 3326 plurimis
1202 3255 1652 3326 tempestatibus
1667 3263 1724 3314 et
1751 3256 2029 3314 ﬂuctibus

375 3341 647 3414 agitetur,
695 3343 1084 3401 nihilominus
1117 3344 1492 3402 conﬁrmatur
1532 3351 1588 3402 et
1615 3350 1878 3416 augetur.
1917 3347 2030 3402 Nec

379 3430 594 3490 mirum
630 3431 684 3488 si
719 3431 958 3490 humani
995 3433 1222 3504 generis
1259 3434 1443 3490 hostis
1483 3433 1734 3490 membra
1763 3434 2031 3491 Ecclesia

381 3527 598 3579 tentare
624 3523 980 3594 aggreditur,
1013 3522 1116 3592 qui
1147 3528 1320 3592 caput
1355 3522 1542 3592 ipsum
1584 3522 1890 3578 Dominum
1922 3537 2036 3580 no-

449 3640 482 3672 α
523 3629 706 3698 Hujus
743 3628 1003 3698 epistola
1041 3634 1304 3684 contenta
1340 3641 1639 3684 recensens
1680 3628 2032 3687 Flodoardus

379 3699 420 3756 Ι.
446 3713 525 3768 1v,
545 3700 691 3770 Hist.
713 3698 1075 3770 Bhemensis,
1097 3698 1206 3754 ista
1228 3699 1435 3770 scribit
1457 3717 1470 3753 :
1495 3719 1520 3750 α
1544 3699 1869 3768 Stephanus
1890 3715 2032 3770 papa

377 3771 449 3826 ad
473 3769 775 3841 Fulconem
794 3768 1168 3841 Bhemensem
1193 3768 1916 3841 archiepiscopumscribit
1931 3768 2032 3841 pro

379 3838 694 3911 fI’eutboldo
747 3837 1091 3911 Lingonensi
1123 3837 1428 3911 episcOpo,
1475 3837 1812 3911 signiﬁcans
1853 3837 1948 3897 ad'
1974 3857 2034 3898 se

379 3909 559 3978 hujus
600 3909 978 4034 Linggnensis
1007 3909 1276 3966 Ecclesia
1309 3909 1724 3982 q’uerimbniam
1755 3913 2034 3982 pervenis«

379 3993 460 4034 se.
485 3979 637 4034 quod
669 3992 703 4034 ο
779 3985 915 4034 unte
936 3981 1084 4034 Issac
1104 3981 1186 4034 fa)
1205 3981 1494 4034 euiscouo.
1526 3983 1852 4034 inconsulto
1880 3985 2034 4034 clem

379 3993 460 4049 se,
485 3979 638 4052 quod
669 3979 915 4052 abeunte
936 3981 1084 4036 Issac
1104 3981 1186 4050 (α)
1205 3979 1494 4052 episcopo,
1526 3979 1852 4040 inconsulto
1880 3985 2034 4041 clero

385 4056 448 4136 et
467 4049 700 4136 P9P“!9a
727 4049 1127 4136 Balaam/bl
1155 4049 2037 4136 quémdainmonschumﬁqper

385 4122 458 4177 de
468 4119 678 4202 saeculo
692 4119 1007 4202 venientem
1027 4119 1085 4202 in
1100 4119 1430 4202 episcopum
1451 4125 1799 4202 Aurelianus
1817 4119 2038 4202 Ludgu-

389 4193 585 4266 nensis
621 4193 996 4266 ordinaverit,
1028 4193 1228 4266 eisque
1252 4193 1314 4251 vi
1341 4195 1502 4252 illata
1534 4196 1910 4266 praposuerit
1941 4193 2035 4253 ῑιο-

387 4261 660 4346 tantibus,
677 4275 789 4333 quo
800 4263 994 4346 divina
1007 4261 1303 4346 vocatione
1316 4261 1612 4346 hominum
1625 4261 1927 4346 excedente
1939 4269 2032 4338 (ο),

387 4348 458 4390 ne
487 4335 827 4406 infidipsum
873 4335 1253 4406 incurrerent,
1293 4337 1564 4392 concordi
1596 4342 1724 4394 voto
1759 4335 1948 4395 clerus
1975 4347 2032 4396 et

386 4405 637 4478 populus
662 4406 1041 4478 'i‘eutboldum
1075 4405 1264 4477 ipsius
1291 4407 1561 4478 Ecclesia
1583 4407 1890 4464 diaconum
1917 4410 2036 4466 eli-

387 4477 601 4549 gentes,
640 4477 711 4534 ab
746 4477 872 4548 ipso
903 4492 1062 4549 papa,
1092 4478 1327 4534 sibimet
1366 4477 1424 4532 in
1455 4479 1786 4548 episcopum
1827 4493 2037 4537 conse—

386 4548 871 4622 craripetierint:
902 4548 997 4604 sed
1027 4548 1126 4604 ille
1152 4549 1610 4622 uniuscujusque
1634 4550 1899 4622 Ecclesia
1921 4553 2032 4622 pri-

386 4618 659 4692 vilegium
689 4620 1092 4692 inconcussum
1115 4633 1338 4692 servare
1357 4618 1570 4690 volens,
1597 4621 1653 4676 id
1671 4634 1836 4692 agere
1854 4618 2038 4681 distu-

389 4687 546 4760 lerit,
573 4703 819 4760 eumque
844 4689 1078 4760 praefato
1101 4689 1413 4747 Aureliano
1435 4687 1736 4748 direxerit?
1765 4693 2036 4752 Scribens

341 4795 352 4801 -
387 4760 458 4816 ad
484 4773 634 4824 eum,
659 4765 722 4816 ut
747 4760 796 4816 si
818 4761 965 4832 cieri
989 4761 1302 4832 populique
1325 4767 1452 4820 vota
1483 4763 1543 4818 in
1573 4777 1702 4820 eum
1733 4767 2036 4822 cOncorda-

389 4836 535 4906 rent,
570 4837 640 4906 Aet
683 4831 832 4886 sacri
881 4845 1124 4888 canones
1171 4831 1260 4890 illi
1312 4847 1423 4906 non
1471 4834 1788 4906 obviarent,
1834 4850 2038 4894 manus

392 4901 528 4974 huic
569 4901 860 4972 imponere
902 4916 1258 4974 nequaquam
1308 4903 1582 4960 differret.
1625 4901 1786 4974 Quod
1822 4906 1945 4963 fieri
1983 4909 2032 4964 si

389 4973 539 5028 ratio
560 4974 906 5046 prohiberet,
925 4973 1082 5046 etidi
1091 4973 1256 5045 psum
1277 4975 1392 5033 sibi
1421 4973 1778 5046 rescriberet,
1803 4977 2034 5036 interim

390 5048 578 5099 tamen
607 5042 851 5100 alterum
885 5045 1035 5101 inibi
1065 5042 1334 5103 ordinare
1360 5047 1520 5104 nullo
1547 5049 1712 5103 modo
1739 5042 1800 5104 se
1825 5049 2038 5107 incon-

473 5200 504 5234 a
554 5186 708 5235 Anno
743 5187 946 5237 circiter
979 5188 1088 5236 880.

451 5185 524 5311 éb;
557 5249 808 5308 Robcrto,
841 5249 1088 5298 Sammart

475 5247 522 5316 ᾧ)
557 5249 808 5316 Rgbcrto,
841 5249 1269 5316 Summarthanis,
1311 5251 1562 5316 Vignerio
1591 5255 1787 5316 nostro,
1817 5253 2036 5316 aliisque

391 5311 760 5385 dicitur-“(dedo
789 5311 1086 5385 seuGEerlo,
1117 5327 1272 5385 quem
1301 5311 2039 5385 aiunthnqminarijmchartu-

388 5373 516 5422 lario
532 5375 560 5421 3
579 5373 830 5428 Stephani
845 5373 1174 5423 Divionensis
1193 5389 1328 5423 anno
1345 5378 1397 5426 4.
1426 5374 1753 5426 Carlomanni
1775 5377 1856 5426 die
1880 5378 2038 5428 Luna

388 5388 516 5422 rario
532 5388 560 5421 ιι
579 5388 668 5422 διο
709 5388 830 5422 nam
845 5388 1174 5423 umonensis
1193 5389 1328 5423 anno
1345 5388 1397 5426 ιι.
1426 5388 1753 5426 uariomanm
1775 5388 1856 5426 die
1880 5388 2038 5428 Luna

387 5434 652 5502 inuidus
671 5388 1004 5502 guliasanno
1025 5437 1134 5502 88g,
1161 5441 1212 5484 et
1230 5451 1354 5489 ann.
1387 5438 1496 5498 884,
1524 5437 1822 5502 interfuisse
1838 5443 2038 5502 synodo

389 5495 722 5548 Cubilonensi
747 5513 819 5549 xv
846 5499 1060 5548 Kalend.
1084 5495 1198 5548 ιω».
1225 5502 1276 5548 et
1297 5513 1454 5550 xvm.
1478 5495 1705 5552 Kalend.
1739 5495 1884 5552 Febr'
1900 5503 2037 5552 obti-

390 5561 564 5610 nuisse
581 5560 1030 5613 confirmationem
1041 5561 1176 5624 juris
1195 5563 1442 5614 cudenda
1458 5565 1678 5616 moneta
1698 5565 1834 5626 apud
1849 5564 2040 5626 Lingo-

2135 3011 2390 3077 ruptum,
2435 3010 2491 3060 et
2531 3004 2639 3059 hac
2678 3002 2750 3059 de
2799 3016 2973 3059 causa
3028 3001 3344 3059 sententias
3398 3014 3601 3074 magna
3648 3013 3787 3056 cum

2135 3095 2522 3167 inquisitione
2559 3091 2707 3149 ferre
2741 3093 2919 3149 decet.

2925 3183 2987 3238 V.

2137 3277 2168 3309 ³
2189 3280 2260 3322 AD
2291 3277 2576 3322 FULCONEM
2613 3275 2950 3319 RHEMENSEM
2981 3275 3446 3318 ABCHIEPISCOPUM
3473 3275 3578 3317 PRO
3607 3273 3790 3316 τευτ-

2546 3347 2714 3390 BOLDO
2744 3347 3068 3390 LINGONENSI
3100 3347 3368 3390 EPISCOPO.

2507 3435 2906 3502 Fragmentum.
2939 3462 3014 3474 —-
3046 3432 3233 3503 (Anno
3259 3429 3383 3486 889.
3385 3432 3412 3502 )

2210 3525 2326 3580 Nos
2351 3527 2540 3580 autem
2570 3521 2671 3592 qui
2703 3521 2962 3578 omnium
2988 3520 3370 3578 Ecclesiarum
3401 3520 3460 3575 in
3484 3518 3654 3574 beato
3675 3517 3792 3572 Pe-

2140 3629 2294 3688 sulto
2322 3634 2704 3700 prasumeret.
2737 3627 3036 3698 Simulque
3057 3633 3118 3700 et
3143 3627 3460 3700 Oirannum
3485 3625 3572 3700 (εἰ)
3598 3623 3790 3680 Seno-

2143 3697 2473 3776 galliensem
2505 3699 2835 3776 episcopum
2865 3697 3029 3776 a‘s’uo
3051 3699 3229 3776 latere
3253 3697 3535 3776 direxerit
3558 3708 3795 3750 exsecu-

2143 3769 2340 3844 torem.
2370 3769 2551 3844 Quem
2580 3769 3249 3844 deludens__A_urelianus_
3275 3769 3342 3844 ad
3373 3770 3792 3844 Pingonensem

2147 3837 2488 3916 praemiserit
2509 3841 2726 3916 urbem,
2753 3841 3050 3911 pollicitus
3069 3855 3129 3897 se
3150 3839 3434 3916 citissime
3452 3837 3796 3916 subsecutu-

2145 3910 2292 3972 i'um.
2325 3915 2448 3984 Quo
2478 3927 2608 3969 cum
2638 3910 3220 3983 diu’exspectaretur,
3254 3924 3354 3967 nec
3389 3911 3513 3982 ipse
3537 3910 3793 3984 advene—

2145 3987 2244 4056 rit,
2285 3980 2386 4042 nec
2430 3999 2601 4040 mora
2652 3999 2770 4056 sua
2805 3980 3034 4056 causam
3085 3980 3458 4056 innotescere,
3502 3980 3588 4056 vel
3633 3993 3795 4050 papa

2146 4052 2476 4114 remandare
2519 4055 2861 4126 praviderit.
2905 4055 3028 4124 Quo
3069 4054 3222 4126 circa
3263 4055 3466 4126 iterato
3512 4052 3798 4126 clerus_et

2147 4128 2396 4200 populus
2424 4121 2552 4182 cum
2579 4127 2804 4200 decreto
2833 4121 3003 4200 manu
3023 4125 3278 4200 omnium
3309 4125 3572 4200 roborato
3597 4121 3800 4200 prata-

2148 4193 2270 4256 ium
2296 4198 2538 4254 electum
2579 4199 2812 4252 Romam
2844 4197 3172 4252 remiserint
3207 4196 3416 4252 obnixe
3448 4194 3685 4250 sibimet
3711 4193 3798 4248 il—

2063 4235 2120 4298 D
2296 4235 2622 4325 cgdsEcrari
2655 4235 2908 4338 petentes
2935 4235 3463 4324 :ige’dm‘ecvtunc‘id
3495 4278 3665 4336 agere
3689 4277 3800 4338 ac-

2149 4340 2433 4413 quieverit
2447 4335 3042 4413 volens'Lugdunensi
3062 4337 3330 4413 Ecclesia
3359 4335 3632 4413 collatum
3651 4335 3802 4413 pri-

2148 4407 2420 4484 vilegium
2443 4407 2855 4484 immutilatum
2877 4410 3220 4484 consistere:
3245 4409 3486 4484 ideoque
3498 4409 3617 4478 jam
3634 4407 3800 4484 dicto

2145 4477 2456 4539 Auréiiano
2489 4481 2693 4536 iterato
2741 4481 3062 4537 rescribens
3115 4477 3488 4548 mandaverit,
3539 4485 3604 4534 ut
3653 4477 3800 4547 quia

2145 4553 2416 4612 concordi
2456 4557 2594 4630 voto,
2613 4551 2804 4630 clerus
2831 4557 2888 4608 et
2920 4552 3167 4624 populus
3193 4553 3308 4622 jam
3335 4551 3556 4630 dictum
3584 4549 3802 4630 diaco-

2147 4639 2274 4682 nem
2307 4623 2622 4694 expetebat,
2647 4629 2755 4694 aut
2785 4619 2974 4692 ipsum
2994 4619 3395 4688 consecraret,
3426 4626 3530 4677 aut
3559 4619 3710 4691 quid
3731 4619 3799 4674 in

2145 4711 2211 4753 eo
2245 4693 2705 4766 reprehensibile
2745 4695 3052 4766 judicaret,
3095 4694 3408 4766 rescribere
3457 4697 3796 4766 maturaret,

2144 4768 2249 4824 Sed
2289 4761 2341 4824 is
2371 4765 2552 4837 priori
2594 4761 2998 4837 inobédientia
3037 4761 3454 4837 contumaciam
3489 4761 3797 4837 adjiciens,

2147 4853 2258 4896 non
2299 4835 2484 4894 solum
2515 4835 2770 4892 oblatum
2813 4849 3166 4905 consecrare,
3206 4850 3309 4892 seu
3333 4836 3476 4907 quid
3513 4835 3573 4890 in
3603 4848 3670 4890 eo
3696 4845 3804 4907 re-

2147 4907 2535 4982 prehensibile
2557 4908 2844 4982 judicaret
2875 4908 2989 4982 sibi
3023 4903 3336 4963 rescribere
3351 4903 3801 4974 contempserit,

2143 4979 2338 5038 verum
2365 4981 2536 5036 etiam
2553 4987 2750 5034 contra
2775 4979 3080 5034 interdicta
3105 4984 3161 5034 et
3185 4993 3482 5036 sacrorum
3509 4989 3801 5033 canonum

2145 5057 2378 5122 statuta,
2408 5052 2707 5133 quemdam
2734 5051 2806 5120 (ε)
2839 5057 3194 5118 extraneum,
3225 5054 3283 5105 et
3309 5051 3494 5107 eidem
3529 5045 3803 5133 Ecclesia

3536 5119 3800 5193 ignotum

2146 5207 2333 5244 nenscs
2366 5196 2418 5242 et
2448 5192 2805 5241 Dabonenses.

2230 5255 2274 5317 c)
2305 5254 2456 5306 Circa
2489 5254 2642 5304 ﬁnem
2679 5255 2798 5303 anni
2831 5254 2940 5302 888.

2229 5319 2283 5378 α)
2311 5316 2614 5366 Otrannum.

2238 5331 2283 5366 ill
2311 5331 2614 5366 Utrunnum.

2229 5375 2287 5442 ej
2301 5379 2350 5427 Is
2375 5379 2512 5442 haud
2532 5379 2686 5442 dubie
2706 5378 2972 5440 Algrimus
2993 5381 3099 5430 sive
3128 5380 3583 5442 Argrimusquem
3605 5377 3676 5426 ait
3695 5375 3794 5442 Υἱ-

2149 5439 2358 5504 ειιεινῖιιε
2372 5440 2570 5504 in‘Chr.
2593 5439 2910 5502 Lingonensi
2931 5443 3136 5492 dedisse
3155 5439 3508 5491 Bczuensibiis
3525 5439 3800 5494 monachis

2146 5503 2481 5567 privilegium
2513 5503 2641 5566 Apr.
2671 5516 2808 5552 anno
2839 5505 2948 5554 889.
