4058 6154
202 180 319 256 797

1236 177 1598 248 EPISTOLIE,
1638 178 2036 234 DIPLOMATA
2077 181 2160 235 ET
2199 183 2609 244 PRIVILEGIA.

3517 178 3625 237 798

191 313 292 362 tro
312 303 700 376 apostolorum
728 302 988 372 principe
1003 315 1196 358 curam
1211 303 1588 373 suscepimus,
1606 302 1852 358 scientes
1877 303 1936 363 A
1965 303 2028 358 in
2053 304 2290 375 ﬁguram
2311 305 2670 375 septuaginta
2690 304 3110 372 discipulorum
3139 304 3352 374 scripta
3385 319 3496 362 non
3517 303 3630 362 du'

191 398 357 456 inter
406 394 706 463 episc0pos
753 405 865 446 non
899 390 1096 446 haberi
1127 405 1255 446 eum
1289 392 1388 462 qui
1423 405 1656 462 nequea
1701 391 1853 447 clero

189 484 424 540 electus
456 493 638 551 neque
666 493 700 534 a
738 479 948 548 pepulo
991 485 1077 534 est
1101 480 1390 549 expetitus
1417 499 1430 535 :
1457 494 1602 550 sape
1631 480 1852 535 dictum

190 570 579 628 Teutboldum
612 567 991 623 venerabilem
1022 567 1328 624 diaconum
1359 569 1614 639 ipsorum
1647 569 1859 623 lamen-

179 660 484 717 tabilibus
534 657 801 728 precibus
849 656 1112 712 inclinati
1164 657 1543 728 Lingonensis
1590 657 1854 712 Ecclesia

191 750 534 819 episcopum
562 746 1043 815 consecravimus,
1076 746 1360 818 condigna
1391 747 1671 802 sententia
1705 759 1854 815 pra-

191 835 624 894 varicatoribus
655 835 836 902 illata,
879 833 1014 888 licet
1043 837 1097 888 et
1143 835 1281 889 aliis
1321 835 1856 903 pravaricatoribus

192 927 423 983 fuerint
442 924 730 994 impediti.
756 923 1111 992 Quapropter
1137 928 1249 978 tua
1271 923 1631 994 injungimus
1647 923 1861 978 sancti-

195 1016 432 1084 monia,
469 1017 534 1069 ut
563 1013 657 1068 his
689 1012 904 1067 nostris
945 1011 1281 1081 apostolicis
1308 1011 1522 1067 litteris
1552 1012 1854 1082 perceptis.

196 1103 528 1177 postposita
548 1101 850 1169 dilatione,
883 1101 951 1155 ad
976 1100 1384 1171 Lingonensem
1413 1101 1648 1156 accedas
1675 1100 1862 1156 Eccle-

192 1194 371 1263 siam,
415 1197 472 1246 et
515 1190 774 1245 eumdem
823 1188 1200 1245 Teutboldum
1241 1202 1274 1244 a
1318 1189 1484 1244 nobis
1526 1189 1860 1245 solemniter

191 1284 602 1339 consecratum
621 1278 954 1348 episcopum
995 1278 1201 1332 exinde
1232 1277 1524 1344 revestias,
1564 1277 1861 1334 omnibus-

193 1385 311 1442 que
327 1366 788 1436 archiepiscopis
807 1365 1166 1435 etepiscopis
1189 1366 1531 1430 innotescas,
1560 1380 1660 1436 pro
1687 1370 1858 1421 tanta

192 1457 580 1516 contumacia
605 1454 824 1510 ultione
846 1468 949 1509 nos
980 1454 1234 1523 ejusdem
1264 1455 1531 1510 Ecclesia
1553 1455 1853 1524 specialem

190 1546 659 1606 sollicitudinem
687 1543 1026 1613 suscepisse,
1062 1556 1162 1612 pro
1192 1543 1336 1598 tanti
1370 1543 1587 1599 laboris
1618 1555 1860 1598 macera-

1964 391 2233 448 bitamus.
2267 395 2310 447 E
2337 393 2552 462 quibus
2582 390 2788 462 viginti
2819 395 3038 446 tantum
3065 392 3121 446 in
3145 392 3396 447 Ecclesia
3424 400 3624 449 sancta

1965 483 2212 538 Romana
2234 481 2536 550 habentur,
2564 482 2658 536 sed
2680 494 2793 550 quo
2807 480 3067 550 neglectu
3101 479 3323 548 reliqua
3339 479 3627 538 defuerint

1963 570 2295 642 ambiguum
2323 575 2438 626 est:
2472 570 2832 625 arbitrantur
2868 568 3021 623 enim
3054 567 3289 637 plurimi
3329 581 3393 624 ea
3435 568 3629 626 Antio-

1964 658 2144 715 cheno
2189 660 2405 715 inserta
2446 659 2714 714 concilio.

2719 783 2857 837 VIII.

2248 905 2316 946 AD
2346 906 2563 964 PAULUM
2602 903 2980 946 PLACENTINUM
3022 903 3341 945 EPISCOPUM.

2356 1001 2755 1066 Fragmentum.
2782 997 3057 1066 —{Anno
3080 993 3233 1068 889.)

2034 1100 2060 1138 ά
2088 1104 2218 1158 Loci
2247 1104 2429 1160 nostri
2462 1103 2849 1159 consideratio
2904 1117 3010 1159 nos
3049 1103 3337 1173 admonet,
3372 1102 3625 1160 rationis

1965 1193 2331 1262 auctoritate,
2363 1207 2489 1262 qua
2519 1207 2550 1248 a
2591 1192 3108 1262 pradecessoribus
3152 1192 3368 1248 nostris
3402 1192 3629 1250 utiliter

1965 1282 2157 1337 decisa
2190 1281 2409 1338 fuerint
2457 1281 2746 1350 roborare,
2773 1287 2832 1336 et
2879 1296 3005 1352 qua
3039 1295 3072 1336 a
3117 1281 3442 1337 temerariis
3474 1295 3628 1351 pra—

1967 1374 2192 1439 sumpta
2238 1369 2454 1426 fuerint
2518 1370 2575 1424 in
2632 1375 2898 1440 promptu
2961 1369 3346 1425 nihilominus
3394 1368 3622 1424 ulcisci.

1967 1458 2143 1513 Reum
2177 1457 2390 1527 quippe
2417 1464 2548 1513 ante
2573 1463 2938 1526 conspectum
2960 1457 3147 1513 divini
3177 1456 3400 1512 Judicis
3423 1470 3484 1511 se
3513 1470 3626 1512 no—

1969 1545 2117 1600 verit
2152 1559 2294 1614 esse,
2330 1547 2429 1616 qui
2485 1546 2696 1601 nititur
2750 1545 2976 1601 utiliter
3023 1545 3184 1600 ﬁnita
3216 1545 3537 1600 rescindere
3560 1557 3625 1602 ac

193 1638 358 1693 tione
398 1639 458 1690 et
499 1632 894 1704 oppressionis
936 1631 1110 1686 illata
1158 1631 1518 1687 revelatione.
1561 1629 1854 1700 Quidquid
1891 1627 1940 1688 B
1974 1634 2238 1690 roborata
2262 1635 2520 1704 quolibet
2555 1648 2701 1692 ausu
2732 1635 2964 1690 violare.
2998 1633 3387 1690 Ecclesiastici
3417 1633 3627 1702 quippe

191 1730 390 1782 autem
436 1724 586 1778 idem
619 1720 964 1777 venerabilis
987 1723 1290 1789 episcopus
1318 1719 1668 1776 Teutboldus
1696 1717 1860 1773 vobis

191 1829 264 1870 ex
297 1818 499 1868 nostra
539 1816 698 1881 parte
740 1809 1023 1877 retulerit,
1072 1809 1289 1864 credite
1309 1813 1365 1863 et
1406 1807 1629 1863 effectui
1655 1805 1862 1861 manci-

197 1918 338 1975 pare
370 1902 540 1959 nullo
562 1900 727 1956 modo
748 1898 1053 1968 ambigite:
1091 1902 1286 1967 utpote
1311 1902 1465 1953 tuam
1486 1895 1858 1953 reverentiam

193 1993 354 2050 circa
385 2005 496 2048 nos
523 1990 782 2046 devotam
817 1987 1130 2044 consistere
1158 1987 1465 2042 credimus.

988 2113 1076 2167 VI.

376 2237 452 2278 AD
485 2235 509 2261 ⁸
533 2233 892 2277 LEUTBERTUM
936 2232 1300 2274 MOGUNTINUM
1351 2230 1669 2273 EPISCOPUM.

599 2331 1001 2396 Fragmentum.
1019 2357 1092 2366 —
1106 2327 1292 2396 (Anno
1321 2323 1467 2398 889.)

269 2436 300 2479 δ
330 2435 697 2494 Consuluisti
728 2435 798 2492 de
828 2432 1149 2489 infantibus
1177 2432 1276 2502 qui
1329 2433 1386 2486 in
1423 2445 1540 2486 uno
1570 2430 1715 2486 lecto
1736 2430 1862 2485 dor-

196 2528 451 2584 mientes
474 2539 606 2580 cum
639 2521 974 2594 parentibus
1006 2521 1216 2576 mortui
1248 2519 1632 2589 reperiuntur,
1667 2523 1860 2574 utrum

196 2613 357 2671 ferro
393 2612 690 2682 candente,
723 2615 822 2666 aut
846 2623 995 2680 aqua
1026 2609 1293 2678 fervente,
1327 2622 1427 2664 seu
1459 2608 1575 2663 alio
1603 2606 1862 2678 quolibet

195 2703 470 2760 examine
504 2706 765 2771 parentes
789 2714 848 2755 se
875 2699 1180 2770 puriﬁcare
1207 2698 1448 2754 debeant
1477 2711 1573 2752 eos
1599 2711 1711 2752 non
1754 2710 1866 2766 op-

202 2792 508 2864 pressisse.
539 2789 801 2846 Monendi
825 2793 960 2844 sunt
990 2801 1233 2859 namque
1262 2792 1316 2842 et
1347 2787 1700 2857 protestandi
1756 2799 1866 2856 pa-

200 2887 420 2950 rentes,
446 2893 516 2935 ne
559 2883 671 2934 tam
727 2877 966 2933 tenellos
1002 2890 1192 2932 secum
1227 2877 1285 2931 in
1336 2889 1450 2931 uno
1490 2875 1634 2931 lecto
1678 2875 1866 2930 collo—

198 2976 377 3027 cent:
415 2983 485 3025 ne
515 2967 861 3040 negligentia
893 2966 1151 3037 qualibet
1182 2965 1546 3035 proveniente
1593 2980 1620 3020 s

197 3066 324 3129 tur,
354 3057 438 3112 vel
470 3055 889 3126 opprimantur,
939 3053 1088 3108 unde
1117 3053 1228 3122 ipsi
1263 3052 1565 3108 homicidii
1599 3052 1682 3107 rei
1717 3053 1868 3106 inve-

200 3149 452 3204 niantur
472 3157 496 3186 ο
527 3186 540 3199 .
569 3145 708 3223 Nam
756 3141 893 3197 ferri
934 3141 1250 3211 candentis,
1285 3141 1369 3196 vel
1401 3155 1564 3210 aqua
1593 3139 1865 3196 ferventis

197 3233 636 3291 examinatione
687 3229 1101 3287 confessionem
1151 3230 1480 3301 extorqueri
1525 3245 1555 3285 a
1583 3229 1859 3305 quolibet,

202 3324 364 3378 sacri
399 3335 511 3377 non
555 3325 787 3376 censent
826 3332 1108 3389 canones;
1139 3325 1205 3373 et‘
1223 3318 1369 3388 quod
1405 3327 1730 3374 sanctorum
1757 3319 1867 3372 Pa-

200 3422 363 3470 trum
418 3411 760 3467 documento
809 3408 1091 3464 sancitum
1157 3421 1267 3463 non
1316 3413 1418 3477 est,
1460 3406 1865 3476 superstitiosa

199 3500 619 3559 adinventione
682 3511 794 3554 non
861 3501 948 3551 est
1017 3497 1494 3566 prasumendum.
1545 3496 1865 3565 Spontanea

196 3591 360 3647 enim
406 3586 785 3658 confessione,
830 3586 915 3642 vel
956 3586 1191 3641 testium
1236 3584 1645 3655 approbatione
1669 3584 1870 3655 publi-

199 3685 334 3735 cata
377 3677 609 3745 delicta,
651 3675 849 3731 habito
896 3689 1010 3744 pra
1063 3675 1249 3730 oculis
1292 3674 1391 3728 Dei
1434 3674 1662 3744 timore,
1706 3687 1870 3728 com—

202 3767 402 3838 missa,
433 3771 570 3821 sunt
608 3764 876 3834 regimini
915 3768 1112 3818 nostro
1132 3763 1427 3832 judicare:
1463 3762 1686 3818 occulta
1714 3775 1866 3817 vero:

198 3864 254 3912 et
293 3854 588 3926 incognita
629 3853 718 3907 illi
763 3856 898 3907 sunt
946 3851 1340 3922 relinquenda,
1389 3851 1490 3922 qui
1529 3851 1687 3906 solus
1712 3850 1871 3905 novit

199 3945 378 4002 corda
405 3943 668 3998 ﬁliorum
703 3941 1020 3997 hominum.
1065 3941 1131 3995 lli
1183 3943 1368 3996 autem
1405 3941 1504 4010 qui
1531 3939 1866 4010 probantur,

198 4035 292 4091 vel
319 4033 666 4089 conﬁtentur
705 4030 804 4085 tali
834 4036 994 4086 reatu
1027 4043 1086 4085 se
1117 4029 1340 4098 noxios,
1377 4034 1476 4084 tua
1500 4043 1598 4084 eos
1628 4027 1871 4099 castiget

202 4122 566 4179 moderatio:
600 4120 736 4190 quia
765 4120 812 4174 si
847 4118 968 4188 ille,
992 4119 1093 4188 qui
1124 4124 1459 4187 conceptum
1494 4118 1553 4172 in
1583 4123 1743 4173 utero
1771 4131 1868 4186 per

201 4213 469 4267 abortum
501 4209 797 4278 deleverit,
833 4208 1123 4263 homicida
1163 4212 1286 4262 est:
1319 4207 1735 4278 quanto'magis
1766 4205 1864 4276 qui

201 4301 382 4358 unius
412 4299 616 4355 saltem
658 4298 776 4352 diei
818 4297 1120 4367 puerulum
1157 4277 1475 4367 peremerit,
1521 4295 1862 4353 homicidam
1890 4277 1945 4340 D

202 4404 262 4446 se
295 4403 417 4445 esse
442 4401 720 4444 excusare
746 4386 1010 4457 nequibit
1036 4384 1066 4440 Ἰ

982 4512 1096 4566 VII.

201 4636 273 4676 AD
300 4633 654 4677 LUYTHOBIUM
699 4614 1085 4692 [LUITBER’I‘UM]
1132 4630 1491 4672 MOGUNTINUM
1545 4628 1863 4672 EPlSCOPUM.

576 4729 981 4793 Fragmentum.
1019 4755 1093 4765 —
1135 4724 1324 4792 {Anno
1361 4722 1514 4791 889.)

567 4831 752 4908 [Apud
797 4834 1043 4902 Ivonem,
1091 4834 1178 4903 1V,
1207 4846 1329 4902 cap.
1361 4828 1512 4905 232.]

272 4944 602 4999 STEPHANUS
640 4941 954 4995 Luvruomo
996 4939 1333 5010 Moguntino
1360 4937 1648 5008 episcopo.

272 5048 544 5121 Capitula
570 5047 788 5102 Nicani
816 5046 1074 5114 concilii,
1100 5045 1431 5101 testimonio
1455 5044 1780 5115 Athanasii,
1797 5041 1868 5100 70

206 5155 592 5235 ignotum_,_in
619 5153 1228 5235 anguloordinatum,
1265 5151 1388 5235 illis
1430 5152 1686 5223 ingerere
1717 5166 1870 5235 pra:

204 5222 538 5298 sumpserit.
564 5227 635 5280 At
664 5222 726 5279 hi
756 5224 950 5298 potius
968 5223 1214 5298 laborem
1239 5222 1434 5298 subire
1460 5222 1629 5292 quam
1657 5222 1867 5292 subjici

207 5294 402 5368 ignoto
425 5299 729 5369 eligentes,
750 5296 818 5369 ad
842 5309 918 5369 se!
934 5294 1644 5369 redieru_nt,_imp_loran_tes
1675 5308 1742 5348 ne
1766 5309 1872 5363 pa—

207 5365 460 5426 terentur
488 5365 883 5425 ecclesiastica
899 5367 1033 5434 jura
1058 5365 1284 5420 violari.
1321 5383 1346 5413 »
1379 5365 1503 5419 SEv.
1545 5366 1664 5419 BIN.

277 5487 304 5517 δ
328 5475 686 5536 Consuluisti,
727 5469 783 5540 2,
818 5487 870 5541 q.
905 5469 958 5526 3.

1970 1721 2188 1794 vigoris
2248 1723 2388 1778 ordo
2444 1722 2842 1792 confunditur,
2893 1723 2941 1778 si
3007 1726 3106 1778 aut
3161 1728 3371 1777 temere
3419 1720 3630 1778 illicita

1972 1815 2412 1880 prasumantur,
2444 1817 2546 1866 aut
2585 1824 2696 1866 non
2742 1823 3008 1866 Concessa
3055 1811 3290 1879 impune
3329 1814 3621 1864 tenentur.

1969 1899 2214 1956 Proinde
2247 1899 2298 1954 si
2367 1898 2722 1969 negligenter
2785 1912 2849 1954 ea
2899 1912 3025 1968 qua
3073 1898 3218 1952 male
3275 1902 3629 1966 usurpantur

1969 1987 2316 2056 omittimus,
2357 2000 2624 2042 excessus
2653 1987 2802 2042 viam
2844 1986 3041 2056 procul
3083 1984 3262 2042 dubio
3302 1984 3440 2040 aliis
3480 1996 3624 2053 ape—

1971 2075 2174 2130 rimus.

2754 2145 2850 2198 IX.

2180 2267 2250 2308 AD
2281 2267 2544 2308 ROMANUM
2573 2265 3036 2308 ARCHIEPISCOPUM
3057 2263 3445 2317 RAVENNATEH,

2324 2360 2724 2427 Fragmentum.
2765 2388 2840 2398 —
2878 2357 3062 2427 (Anno
3119 2354 3271 2426 889.)

2186 2460 2368 2536 [Apud
2420 2465 2758 2522 Gratianum
2782 2467 2804 2519 Ι
2832 2466 2986 2518 Decr.
3019 2477 3181 2532 Lxm,
3215 2476 3264 2517 c.
3301 2458 3410 2536 42.]

2041 2571 2359 2626 STEPHANUS
2390 2572 2693 2642 episcopus
2719 2585 2916 2627 servus
2934 2583 3223 2626 servorum
3243 2569 3366 2639 Dei,
3398 2568 3628 2624 ROMANO

1971 2660 2403 2731 archiepiscopo
2430 2661 2760 2716 Ravennati.

2041 2751 2218 2805 Nosse
2246 2755 2399 2805 tuam
2432 2748 2846 2805 fraternitatem
2872 2748 3139 2804 volumus
3162 2747 3230 2802 ad
3264 2750 3489 2803 nostras
3518 2759 3632 2802 au-

1975 2852 2064 2894 res
2112 2838 2231 2894 fore
2286 2845 2614 2909 perventum
2658 2839 2989 2894 Imolensem
3044 2837 3375 2908 episcopum
3418 2835 3489 2890 ab
3527 2835 3631 2890 hac

1891 2952 1940 3014 C
1975 2927 2101 2983 luce
2132 2927 2426 2999 migrasse,
2454 2929 2513 2982 in
2559 2928 2728 2996 cujus
2752 2926 3105 2982 successoris
3125 2925 3402 2982 electione
3433 2923 3630 2994 populi

1974 3015 2318 3071 divisionem
2371 3016 2697 3086 provenisse
2737 3015 3086 3072 audivimus.
3121 3014 3281 3084 Quod
3319 3012 3456 3084 quia
3485 3025 3635 3082 sape

1974 3105 2307 3176 contingere
2329 3104 2472 3160 solet
2488 3103 2901 3174 (quarentibus
2917 3102 3167 3173 singulis
3194 3116 3319 3172 qua
3345 3115 3446 3156 sua
3469 3105 3625 3171 sunt,

1976 3206 2086 3247 non
2120 3207 2244 3263 qua
2273 3194 2401 3247 Jesu
2424 3191 2661 3264 Christi)
2693 3205 2802 3246 non
2825 3191 2963 3247 adeo
2997 3191 3291 3266 miramur.
3322 3190 3630 3243 Verumta—

1975 3294 2099 3336 men
2135 3281 2192 3335 in
2227 3281 2334 3336 hoc
2360 3285 2514 3336 tuam
2540 3280 2853 3350 plurimum
2880 3284 3102 3349 oportet
3127 3277 3390 3333 adhiberi
3420 3276 3632 3332 sollici-

1973 3370 2256 3441 tudinem,
2291 3375 2352 3425 ut
2383 3374 2689 3424 convocato
2709 3368 2880 3438 clero,
2909 3373 2965 3422 et
2989 3366 3219 3437 populo,
3248 3365 3383 3420 talis
3406 3365 3486 3420 ibi
3518 3365 3634 3420 eli-

1976 3463 2142 3530 gatur
2173 3473 2271 3528 per
2303 3458 2401 3512 Dei
2433 3452 2907 3520 misericordia'm,
2954 3455 3051 3510 cui
3085 3454 3235 3509 sacri
3260 3467 3369 3508 non
3401 3452 3634 3508 obvient

1976 3561 2239 3603 canones.
2292 3547 2659 3602 Sacerdotum
2706 3545 2919 3615 quippe
2949 3547 3035 3599 est
3075 3541 3314 3598 electio:
3361 3547 3416 3596 et
3447 3540 3634 3595 ﬁdelis

1979 3635 2174 3707 populi
2202 3649 2514 3691 consensus
2539 3634 2901 3689 adhidendus
2930 3639 3036 3702 est,
3071 3631 3206 3702 quia
3231 3629 3522 3686 docendus
3548 3635 3634 3684 est

1982 3726 2247 3796 populus,
2285 3738 2397 3780 non
2431 3723 2676 3794 sequcnd
2689 3737 2770 3777 us.

2769 3849 2840 3903 Χ.

2143 3972 2212 4012 ΑΒ
2237 3970 2540 4012 DOMINICUM
2571 3969 2938 4011 RAVENNATEM
2978 3964 3460 4008 ARCHIEPISCOPUM.

2357 4067 2756 4130 Fragmentum.
2791 4092 2859 4101 -—
2873 4060 3066 4165 (“Anno
3103 4057 3255 4130 890.)

1978 4172 2263 4241 Signiﬁcat
2317 4188 2372 4227 se
2424 4185 2761 4241 consecrasse
2811 4169 3148 4222 Placentinis
3191 4168 3538 4241 episcopum;
3575 4168 3636 4220 in

2049 4240 2219 4296 nihilo
2251 4249 2429 4297 tamen
2477 4243 2611 4295 velle
2659 4256 2714 4293 se
2730 4240 2856 4308 juri
2881 4240 3316 4293 Itcwcnnatensis
3361 4244 3635 4307 metropo—

2051 4316 2213 4368 litani
2251 4318 2482 4384 ofﬁcere.

2046 4426 2367 4480 STEPHANUS
2416 4421 2739 4491 episc0pus,
2780 4431 2980 4473 servus
3024 4429 3316 4471 servorum
3347 4414 3469 4481 Dei,
3518 4428 3632 4470 rev.

1978 4513 2344 4569 sanctissimo
2371 4509 2646 4565 confratri
2691 4513 2884 4564 nostro
2914 4507 3182 4560 DOMINICO
3204 4502 3636 4574 archiepiscopo

1975 4603 2029 4657 S.
2067 4603 2270 4656 Raven.
2305 4598 2591 4655 Ecclesia.

2048 4690 2254 4745 Divina
2286 4688 2573 4757 majestas,
2605 4684 2890 4756 pastorale
2920 4682 3310 4739 ministerium
3335 4680 3519 4738 nobis.
3544 4722 3556 4735 .
3581 4722 3594 4735 .
3619 4721 3633 4737 .

1979 4776 2432 4834 sollicitudinem
2453 4779 2883 4846 gerentes,cura
2906 4772 3192 4843 pervigili,
3209 4776 3465 4826 nostrum
3480 4783 3642 4840 aposp

1980 4867 2216 4925 tolicum
2235 4865 2560 4934 impendere
2572 4861 2908 4933 suﬁragium
2925 4879 2939 4931 ;
2967 4861 3184 4916 idcirco
3195 4859 3452 4915 omnium
3466 4872 3642 4914 sanc-

1979 4961 2048 5011 ta
2074 4954 2171 5010 Dei
2203 4953 2465 5009 Ecclesia
2498 4951 2753 5006 ﬁdelium
2781 4938 3053 5021 agnoscat
3083 4948 3312 5018 notitia,
3345 4947 3481 5018 quia
3506 4961 3637 5005 cum

1978 5045 2268 5099 Ravennas
2310 5041 2596 5109 Ecclesia,
2643 5053 2742 5110 per
2787 5038 3013 5094 obitum
3077 5037 3314 5094 Romani
3352 5037 3638 5109 quondam

1978 5131 2395 5201 archiepiscopi
2419 5130 2672 5200 ejusdem
2696 5127 2961 5183 Ecclesia
2984 5128 3237 5198 viduata,
3262 5127 3389 5183 sine
3416 5132 3642 5197 pastore

2050 5254 2078 5295 ι)
2105 5254 2246 5308 Male
2276 5254 2335 5308 in
2367 5253 2542 5309 editis
2579 5253 2953 5322 Humbertum.
2988 5254 3096 5318 lvo,
3125 5251 3292 5322 epist.
3324 5247 3411 5304 74.

2052 5337 2076 5366 c
2109 5326 2242 5379 Vide
2270 5325 2654 5380 Alexandrum
2684 5325 2773 5390 Ill,
2805 5337 2890 5393 ep.
2935 5321 3000 5378 49
3027 5319 3225 5393 prima
3249 5334 3450 5390 appen.
3481 5319 3630 5388 apud

1983 5397 2184 5463 Labbe,
2218 5404 2354 5452 tom.
2389 5399 2533 5464 Xlll,
2570 5394 2773 5466 p.432.

2052 5469 2076 5506 ἀ
2099 5469 2228 5537 Cap.
2265 5470 2391 5522 Loci
2427 5464 2708 5539 nostr—£335,
2750 5483 2803 5538 (ι.
2836 5464 2889 5521 9.
