4060 6150
471 143 668 209 799⁸

1859 140 2196 198 STEPHANI
2235 141 2429 198 PAPIE
2466 144 2511 200 V

3730 155 3824 212 800

472 273 831 341 consisteret,
877 272 1124 339 repente.
1160 271 1217 324 et
1269 273 1464 324 sancta
1499 266 1827 323 Placentina
1855 266 2132 336 Ecclesia,
2157 267 2216 326 A
2243 267 2623 335 apostolicum
2655 267 2979 325 subsidium
3002 269 3112 325 visi
3133 269 3345 326 fuimus
3367 270 3653 344 impartiri,
3684 277 3751 333 ita
3777 287 3825 336 ut

475 359 640 415 illius
667 357 1040 428 suﬁ'raganea,
1065 369 1096 411 a
1117 369 1222 412 suo
1255 360 1479 426 pastore
1512 355 1798 426 quondam
1824 354 1999 410 Paulo
2018 355 2133 423 epi.

474 460 645 516 scOpo
680 445 905 501 exstitit
944 445 1248 500 denudata.
1280 443 1636 512 Quapropter
1668 443 1914 498 diversis
1945 441 2130 496 Italici

475 536 635 608 regni
660 533 1072 591 ﬂuctuantibus
1102 531 1388 602 procellis,
1423 532 1558 602 quia
1591 546 1690 601 per
1713 531 1962 586 eamdem
1994 543 2138 585 san-

474 629 622 679 ctam
685 623 1059 677 Ravennatem
1124 619 1437 675 Ecclesiam
1509 619 1740 688 proprio
1799 617 2132 672 destitutam

477 716 723 781 pastore,
772 710 897 780 ipsa
937 714 1131 764 sancta
1174 707 1498 763 Placentina
1529 707 1780 762 Ecclesia
1808 706 1878 761 de
1910 711 2134 776 pastore

479 799 716 868 proprio
749 797 1060 854 remedium
1088 795 1461 865 recuperandi
1492 795 1728 850 minime
1751 793 1998 863 adipisci
2030 805 2137 847 va—

479 886 667 957 lebat;
693 887 761 942 ad
791 886 1162 957 apostolicam
1193 885 1402 948 sedem,
1445 889 1820 953 nostrumque
1849 879 2134 952 apostoli-

478 988 629 1045 cum,
660 979 856 1044 utpote
874 974 944 1029 ad
976 976 1147 1042 caput
1195 971 1453 1028 omnium
1491 969 1898 1039 Ecclesiarum,
1929 975 1986 1023 et
2010 979 2138 1022 ma—

479 1069 644 1133 trem,
695 1061 980 1132 refugium
1010 1061 1120 1116 visi
1166 1064 1319 1116 sunt.
1347 1101 1359 1114 .
1389 1101 1402 1114 .
1430 1101 1442 1113 .
1467 1100 1479 1112 .
1503 1100 1516 1113 .
1547 1099 1559 1111 .
1611 1057 1813 1114 fecisse
1842 1055 2140 1113 offerentes

481 1151 649 1208 nobis
670 1151 965 1222 proprium
988 1150 1251 1220 electum,
1290 1147 1638 1205 Bernardum
1670 1148 1919 1217 nomine,
1952 1148 2142 1206 diaco.

481 1243 652 1295 natus
681 1238 867 1295 ofﬁcio
911 1243 1182 1308 utentem,
1234 1242 1290 1293 et
1317 1242 1684 1308 suggerentes
1735 1249 1847 1292 una
1873 1251 2002 1292 cum
2033 1236 2142 1291 de—

481 1332 636 1385 creto
659 1328 730 1383 ab
773 1328 859 1383 eis
890 1328 948 1382 in
979 1340 1105 1384 eum
1141 1325 1308 1394 facto,
1341 1328 1494 1382 hunc
1535 1339 1568 1380 a
1595 1325 1765 1381 nobis
1791 1324 1906 1380 sibi
1933 1338 2142 1380 conse—

480 1417 631 1474 crari
672 1417 1013 1487 antistitem,
1065 1429 1132 1471 ne
1182 1416 1304 1485 ipsa
1331 1415 1581 1471 Ecclesia
1615 1415 1718 1470 diu
1751 1414 1875 1469 sine
1918 1417 2142 1483 pastore

480 1507 926 1574 annihilaretur,
963 1511 1018 1562 et
1061 1506 1354 1577 eligentes,
1387 1509 1558 1575 atque
1605 1507 1854 1574 petentes
1881 1501 2139 1572 accphali

2245 355 2593 412 Bernardum
2639 357 2970 418 diaconum.
3018 363 3300 427 pastorem
3337 366 3592 432 vestrum,
3631 379 3715 433 per
3739 382 3825 423 no-

2245 447 2420 498 stram
2459 446 2944 501 consecrationem
2980 447 3440 504 institueremus:
3475 457 3527 505 et
3568 450 3681 507 ideo
3707 454 3823 510 ﬁde-

2246 529 2397 585 litati
2454 533 2712 588 omnium
2769 539 3020 589 vestrum
3052 534 3409 606 injungimus
3438 541 3491 591 et
3517 537 3825 598 decernentes

2247 620 2560 691 sancimus,
2595 625 2660 676 ut
2688 627 2801 677 tam
2854 622 2976 692 ipse
3023 624 3342 679 Bernardus
3371 639 3641 696 quamque
3673 643 3827 686 omnes

2245 707 2573 764 decessores
2616 709 2706 764 sui
2738 709 2796 764 in
2825 715 3161 780 perpetuum
3202 711 3309 766 sub
3337 712 3662 770 Ravennatis
3685 717 3832 773 Eccle-

2247 795 2349 850 sia
2380 795 2713 865 pontiﬁcatu
2737 797 2961 866 plenam
2990 797 3405 854 observantiam
3427 806 3692 872 totamque
3717 805 3831 860 ﬁde-

2249 882 2468 939 litatem
2518 884 2768 940 viriliter
2823 886 3130 956 custodiat,
3187 892 3245 942 et
3291 901 3442 944 more
3469 895 3829 948 antecessorum

2247 972 2392 1041 ejus,
2425 973 2832 1030 devotissimus
2876 980 2990 1030 tam
3035 975 3176 1047 ipse,
3220 988 3389 1046 quam
3415 991 3737 1035 successores
3759 983 3829 1038 sui

2249 1061 2520 1132 existant,
2567 1061 2917 1118 observando
2963 1064 3022 1118 in
3054 1063 3323 1120 omnibus
3350 1066 3596 1121 omnium
3624 1066 3833 1126 obedien-

2251 1149 2413 1220 tiam,
2443 1163 2781 1221 omnemque
2810 1151 3281 1207 consuetudinem
3317 1157 3522 1208 sancta
3550 1154 3833 1213 Ravennatis

2250 1237 2539 1308 Ecclesia,
2572 1239 2810 1309 suisque
2837 1239 3310 1310 archiepiscOpis,
3344 1239 3552 1310 absque
3579 1243 3712 1297 omni
3734 1257 3832 1299 con-

2254 1326 2618 1397 tradictione,
2643 1327 2730 1381 vel
2765 1327 3043 1396 molestia,
3081 1335 3248 1398 prout
3278 1327 3725 1400 irrefragabiliter
3748 1331 3836 1401 pol-

2257 1413 2457 1470 licitus
2485 1419 2588 1470 est.
2645 1417 2786 1471 Nam
2821 1416 2871 1470 si
2921 1415 3061 1486 ipse,
3109 1416 3194 1471 vel
3225 1417 3442 1486 aliquis
3466 1417 3701 1474 decessor
3720 1420 3831 1488 ejus,

2253 1508 2355 1557 aut
2378 1503 2596 1574 aliquis
2616 1509 2890 1575 vestrum,
2925 1510 3037 1559 tam
3063 1505 3134 1560 de
3153 1506 3489 1561 sacerdotali
3507 1506 3687 1562 ordine
3703 1521 3832 1578 quam

480 1602 538 1652 et
569 1594 890 1666 vagabundi
938 1595 1281 1650 incederent.
1327 1595 1442 1649 Nos
1487 1597 1697 1662 autem,
1747 1597 1811 1648 ut
1857 1592 2138 1669 diximus,
2172 1590 2222 1650 B
2254 1591 2324 1646 de
2350 1591 2538 1647 laicali
2566 1599 2737 1662 catu,
2777 1599 3150 1665 contemptor,
3183 1594 3267 1650 vel
3314 1598 3678 1667 transgressor
3711 1609 3839 1667 appa-

482 1697 612 1741 cum
657 1683 926 1753 pr0prius
975 1681 1450 1752 metropolitanus
1485 1682 1724 1751 deesset,
1767 1681 1910 1736 satis
1955 1681 2026 1736 ab
2053 1682 2144 1744 eis

483 1773 688 1845 rogati,
732 1772 1066 1842 pradictum
1097 1771 1442 1827 Bernardum
1485 1771 1544 1825 in
1575 1770 1768 1826 eadem
1807 1770 2143 1826 Placentina

486 1861 744 1917 Ecclesia
792 1861 1161 1930 pravidimus
1188 1873 1518 1916 consecrare
1559 1859 1913 1930 epis00pum,
1941 1859 2142 1915 dantes

483 1949 576 2006 illi
621 1949 683 2005 in
736 1950 1022 2006 mandatis
1076 1954 1248 2019 atque
1306 1949 1572 2019 jubentes
1635 1961 1918 2018 expresse,
1971 1953 2035 2004 ut
2081 1949 2140 2005 in

482 2039 636 2094 omni
682 2037 1036 2107 subjectione
1079 2043 1136 2093 et
1161 2037 1434 2094 ﬁdelitate
1481 2051 1540 2094 se
1591 2037 1698 2094 sub
1742 2039 1873 2108 jure
1935 2041 2142 2093 sancta

482 2127 826 2184 Ravennatis
854 2127 1121 2185 Ecclesia
1153 2128 1493 2193 observaret,
1544 2128 1681 2198 quia
1703 2128 1789 2184 sic
1825 2127 1991 2184 nobis
2014 2128 2146 2198 pla-

483 2217 646 2289 cuit;
678 2218 756 2273 ita
795 2218 1040 2290 scilicet,
1081 2223 1144 2275 ut
1195 2231 1415 2275 omnem
1461 2218 1840 2274 obedientiam
1885 2231 2147 2274 omnem-

485 2321 596 2379 que
625 2307 983 2364 devotionem
1009 2313 1179 2378 atque
1204 2309 1676 2365 consuetudinem
1721 2313 1778 2364 et
1813 2323 2003 2378 usum,
2037 2323 2148 2364 an-

485 2401 794 2452 tecessores
837 2395 1040 2451 fecisse
1088 2395 1422 2468 probantur,
1469 2400 1526 2450 et
1572 2397 1694 2465 ipse
1729 2397 1926 2452 devote
1954 2397 2150 2453 adim-

490 2484 644 2552 plere
687 2490 904 2558 satagat
958 2485 1016 2540 in
1061 2489 1254 2540 sancta
1298 2486 1618 2541 Ravennate
1664 2483 1934 2542 Ecclesia.
1986 2486 2144 2543 Unde

486 2571 753 2627 volumus
768 2578 824 2628 et
843 2586 875 2627 a
907 2573 1170 2642 prasenti
1197 2581 1392 2628 octava
1418 2573 1733 2630 indictione
1757 2574 2136 2647 decernimus,

487 2658 746 2715 eumdem
805 2665 1055 2716 sanctam
1117 2661 1492 2717 Ravennatem
1545 2663 1851 2719 Ecclesiam
1922 2663 2138 2720 nullam

485 2746 757 2817 deinceps
817 2760 918 2818 pro
955 2747 1148 2804 eadem
1204 2763 1236 2804 a
1284 2749 1452 2806 nobis
1511 2751 1939 2807 consecratione
1997 2765 2144 2806 con-

487 2850 664 2893 cessa.
693 2877 705 2890 .
733 2877 745 2891 .
770 2877 783 2891 .
819 2838 1071 2908 perpeti;
1112 2839 1208 2894 sed
1241 2853 1273 2894 a
1300 2839 1485 2911 nobis,
1533 2840 1864 2911 nostrisque
1905 2854 2142 2896 succes—

489 2923 721 2979 soribus
763 2924 1136 2994 pontiﬁcibus
1162 2926 1333 2981 sit...
1361 2967 1374 2981 .
1402 2968 1414 2981 .
1449 2928 1798 2985 omnimodis
1826 2946 1842 2998 ;
1874 2929 2138 3000 quinimo
2168 2920 2217 2982 C

489 3011 682 3068 eadem
727 3013 1000 3082 pradicta
1041 3020 1236 3071 sancta
1265 3015 1592 3073 Placentina
1635 3019 1887 3074 Ecclesia
1919 3018 1978 3074 in
2017 3020 2135 3088 jus,

487 3107 545 3156 et
573 3101 1077 3172 consecrationem,
1101 3109 1270 3174 atque
1290 3103 1538 3160 debitam
1563 3105 1968 3177 obedientiam,
1995 3108 2143 3177 ejus-

489 3188 617 3244 dem
642 3203 789 3259 sape
809 3190 978 3246 dicta
1007 3195 1215 3246 sancta
1237 3192 1579 3249 Ravennatis
1616 3195 1902 3264 Ecclesia,
1936 3210 2143 3267 quem-

489 3276 792 3334 admodum
819 3278 1149 3349 antiquitus
1178 3278 1358 3337 fuisse
1389 3282 1683 3354 recolitur,
1716 3284 1986 3340 omnibus
2014 3299 2142 3341 con~

491 3365 661 3420 sistat
702 3366 1094 3438 temporibus:
1156 3369 1408 3427 volentes
1455 3372 1916 3444 uniuscujusque
1944 3374 2042 3442 jus
2087 3379 2143 3429 et

492 3453 858 3528 privilegium
909 3457 1175 3515 Ecclesia
1207 3458 1623 3515 indiminutum
1654 3461 1871 3531 haberi,
1905 3467 1960 3516 et
1989 3462 2145 3517 irre-

491 3539 850 3614 fragabiliter
894 3545 1198 3601 custodiri.
1229 3547 1436 3617 Script.
1469 3561 1568 3617 per
1598 3562 1826 3604 manum
1854 3550 2140 3605 Benedicti

490 3631 712 3688 Notarii
765 3637 822 3686 et
862 3631 1158 3687 scriniarii
1231 3641 1439 3690 sancta
1495 3635 1650 3691 sedis
1699 3637 2027 3707 apostolica
2081 3639 2141 3695 in

494 3732 684 3775 mense
701 3718 937 3788 Martio,
974 3719 1290 3775 indictione
1311 3736 1484 3792 supra
1515 3724 1727 3793 scripta
1753 3732 1963 3781 octava.
1999 3728 2142 3782 Bene

492 3806 690 3863 valete.
718 3808 840 3861 Dat.
867 3813 1044 3863 octav.
1080 3808 1201 3862 Kal.
1235 3809 1443 3880 April.,
1472 3825 1571 3880 per
1597 3826 1824 3868 manum
1861 3815 2146 3873 Zacharia

492 3894 595 3950 Dei
670 3895 878 3964 pietate
951 3896 1270 3964 primicerii
1345 3905 1553 3956 sancta
1624 3901 1778 3958 sedis
1819 3905 2147 3973 apostolica

494 3995 664 4053 anno,
711 3985 824 4038 Deo
863 3985 1134 4055 pr0pitio,
1183 3987 1550 4056 pontiﬁcatus
1599 3991 1827 4047 Domini
1877 3993 2150 4068 Stephani

497 4071 705 4129 summi
740 4073 1030 4143 pontiﬁcis
1059 4080 1114 4130 et
1146 4076 1488 4134 universalis
1519 4093 1694 4151 papa,
1743 4096 1845 4152 pro
1875 4086 2154 4140 sacratis-

496 4163 643 4218 sima
685 4163 834 4219 beati
872 4163 1018 4220 Petri
1064 4165 1310 4236 apostoli
1355 4167 1529 4237 sede;
1563 4170 1787 4241 quinto,
1830 4171 1950 4226 Ind.
1981 4171 2019 4227 8
2047 4189 2156 4230 su-

498 4253 715 4324 prascri
723 4257 834 4324 pta.

1274 4328 1369 4382 XI.

743 4439 814 4480 AD
851 4438 1064 4481 CLERUM
1107 4440 1173 4482 ΕΤ
1217 4440 1464 4481 POPULUM
1508 4439 1902 4485 PLACENTINUM.

884 4545 1284 4610 Fragmentum.
1306 4572 1380 4583 —
1396 4543 1584 4614 (Anno
1611 4542 1734 4601 890.
1736 4547 1763 4616 )

495 4649 604 4702 Dat
638 4648 754 4702 illis
770 4650 1073 4718 pontiﬁcem
1099 4649 1460 4712 Bernardum,
1496 4653 1830 4708 commendat
1847 4629 2169 4711 submissio—I

852 4734 974 4773 nem
1017 4721 1427 4790 metropolitano
1471 4723 1792 4780 Ravennati.

567 4824 888 4881 Srsramus
927 4826 1230 4897 episcopus
1267 4841 1464 4886 servus
1491 4843 1783 4887 servorum
1812 4833 1934 4904 Dei,
1977 4835 2158 4890 omni-

499 4911 609 4968 bus
655 4915 1068 4987 sacerdotibus,
1097 4921 1266 4987 atque
1281 4917 1601 4988 judicibus,
1635 4921 1806 4992 clero,
1838 4927 1894 4977 et
1923 4923 2154 4998 populo,

500 5018 601 5061 seu
632 5004 910 5062 universa
933 5005 1292 5078 generalitati
1323 5007 1625 5064 Placentia
1645 5012 2152 5096 commorantibus,

500 5094 762 5150 salutem.

570 5183 831 5253 Qualiter
871 5189 1064 5240 sancta
1117 5185 1410 5242 Ravennas
1438 5187 1689 5243 Ecclesia
1745 5188 1968 5258 privata
2012 5204 2154 5259 pro—

502 5273 629 5345 prio
661 5278 903 5343 pastore,
937 5273 997 5328 in
1027 5273 1244 5330 obitum
1277 5277 1450 5332 vestri
1481 5277 1756 5347 episcopi,
1790 5277 2021 5332 viduata
2047 5279 2161 5333 exi-

499 5367 694 5433 steret,
722 5376 820 5418 vos
861 5375 1025 5418 nosse
1055 5377 1154 5434 per
1181 5365 1372 5420 omnia
1403 5365 1650 5435 scimus;
1684 5365 1778 5420 sed
1806 5365 1874 5420 ad
1923 5367 2161 5437 supple—

501 5458 772 5524 mentum,
806 5457 862 5508 et
890 5452 1336 5510 sublevationem
1369 5459 1566 5510 vestra
1601 5453 1870 5510 Ecclesia
1904 5463 2158 5512 nostrum

2256 1681 2441 1736 ruerit
2470 1695 2568 1750 per
2591 1681 3062 1750 inobedientiam,
3082 1682 3350 1738 sacerdos
3375 1683 3472 1754 qui
3496 1684 3762 1751 exstiterit,
3786 1697 3837 1739 ex

2252 1769 2354 1825 Dei
2385 1771 2817 1839 omnipotentis,
2863 1775 3309 1842 sanctorumque
3336 1772 3696 1842 apostolorum
3720 1773 3834 1827 Petri

2251 1863 2308 1914 et
2332 1857 2514 1914 Pauli.
2563 1865 2620 1914 et
2669 1864 2865 1914 nostra
2907 1859 3222 1929 apostolica
3265 1862 3616 1931 auctoritate,
3665 1866 3838 1916 maneat

2252 1961 2391 2017 susp
2411 1962 2586 2004 ensus
2605 1961 2639 2003 a
2660 1948 2893 2018 proprio
2917 1949 3260 2019 ministerio,
3276 1963 3572 2021 quousque
3587 1949 3838 2005 solutionis

2253 2037 2496 2109 gratiam
2521 2051 2554 2092 a
2595 2039 2916 2094 Ravennate
2939 2038 3381 2109 archiepisc0po
3407 2038 3709 2110 perceperit.
3736 2037 3840 2093 Lai-

2255 2141 2358 2182 cus
2378 2140 2528 2197 vero,
2553 2127 2651 2198 qui
2673 2126 3063 2182 contradictor
3090 2127 3444 2198 apparuerit;
3469 2141 3500 2183 a
3515 2127 3636 2183 vino
3653 2131 3701 2181 et
3712 2129 3838 2180 cocto

2257 2230 2573 2287 suspensus
2601 2217 2832 2286 existat,
2853 2231 3153 2287 quousque
3177 2217 3246 2272 ad
3281 2217 3563 2288 pradicta
3590 2213 3841 2272 solutionis

2260 2308 2501 2379 gratiam
2556 2307 2890 2377 pervenerit.
2926 2306 3168 2377 Insuper
3196 2313 3400 2363 noscat
3425 2321 3483 2363 se
3513 2311 3688 2362 nostro
3712 2307 3840 2359 Late-

2260 2396 2488 2452 ranensi
2519 2396 2734 2466 palatio
2762 2396 3218 2467 quinquelibras
3241 2397 3376 2452 auri
3409 2395 3582 2452 obrizi
3602 2407 3707 2450 esse
3729 2405 3840 2448 com-

2255 2487 2602 2555 positurum,
2652 2491 2708 2541 et
2750 2485 3130 2540 anathematis
3177 2485 3415 2541 vinculo
3467 2484 3754 2548 innodatus,
3791 2480 3831 2534 in

2251 2587 2432 2629 avum
2462 2576 2804 2644 permaneat.
2829 2573 2983 2628 Hanc
3010 2577 3259 2628 nostram
3285 2571 3582 2644 epistolam
3608 2569 3682 2625 vel
3705 2566 3836 2624 testi-

2251 2663 2571 2720 ﬁcationem
2614 2667 2868 2717 sanctam
2917 2662 3296 2719 Ravannatem
3349 2661 3641 2718 Ecclesiam
3677 2656 3837 2713 habere

2249 2751 2631 2810 decernimus.

3009 2821 3130 2879 XII.

2355 2944 2612 2987 EPISTOLA
2651 2944 2720 2986 AD
2751 2944 3041 2987 EPISCOPOS
3069 2944 3386 2987 PROVINCIE
3421 2939 3751 2987 COLONIENSIS.

2885 3038 3072 3108 (Anno
3101 3035 3224 3094 890.
3225 3039 3254 3109 )

2316 3154 2505 3229 [Apud
2535 3153 2915 3227 Lappenberg,
2958 3155 3425 3296 €a%gufg$CMS
3454 3143 3838 3209 Urkundenbuch.

2323 3324 2647 3380 Srnrumus
2681 3323 3004 3394 episcOpus,
3043 3337 3240 3380 servus
3274 3337 3564 3381 servorum
3600 3320 3705 3386 Dei,
3733 3327 3843 3371 reve-

2253 3414 2584 3470 rentissimo
2631 3417 2686 3469 et
2733 3413 3097 3470 sanctissimo
3159 3411 3441 3470 confratri
3492 3415 3668 3468 nostro
3706 3406 3842 3461 illini-

2252 3516 2456 3572 MANNO,
2507 3501 2946 3573 Agrippinensis
3003 3501 3254 3557 Colonia
3293 3500 3722 3570 archiepiscopo,
3769 3503 3841 3545 seu

2253 3590 2678 3647 venerabilibus
2724 3593 2996 3646 FRANCONI
3043 3591 3393 3663 Tungrensi,
3439 3590 3693 3646 ODIBALDO
3735 3583 3844 3636 Tra‘

2246 3680 2509 3749 jectensi,
2569 3679 2886 3734 WonrsLlllo
2937 3678 3553 3750 Mimigernafardensi,
3611 3677 3840 3730 Dauocolil

2253 3767 2681 3838 Mimidonensi,
2713 3769 2995 3822 Ecrnmno
3019 3766 3485 3839 Osnabruggensi
3505 3759 3840 3836 episc0pis....-

2256 3861 2335 3914 De
2394 3864 2597 3913 catero
2655 3855 2977 3911 Bremensis
3018 3854 3284 3910 Ecclesia
3333 3856 3522 3910 sedem
3579 3846 3846 3922 Agrippina:

2257 3947 2505 4003 Colonia
2535 3943 2846 4013 subjectam
2876 3943 2935 3998 in
2959 3942 3366 3998 ecclesiastica
3385 3940 3688 4012 disciplina
3705 3930 3845 3990 oﬁicio

2263 4034 2442 4091 fuisse
2507 4033 2847 4104 scripsistis,
2909 4032 3076 4102 cujus
3127 4032 3266 4088 ﬁnes
3313 4031 3574 4088 barbaris
3607 4025 3846 4094 contiguas

2264 4122 2531 4195 gentibus
2560 4121 2952 4194 signiﬁcastis.
2986 4121 3165 4190 Quam
3192 4121 3262 4176 ob
3293 4135 3414 4176 rem
3444 4115 3690 4176 Guntarii
3713 4121 3847 4182 quon-

2266 4215 2394 4270 dam
2444 4211 2888 4268 benevolentiam
2917 4224 2952 4266 a
3006 4211 3138 4265 sede
3169 4211 3489 4280 apostolica
3536 4218 3683 4264 usum
3724 4196 3844 4271 pallii

2184 4277 2241 4339 Ῑ)
2270 4301 2599 4372 promereri,
2649 4307 2714 4356 ut
2749 4299 2982 4354 verbum
3011 4299 3110 4354 Dei
3159 4277 3499 4354 honoratius
3523 4293 3786 4366 pradicare
3807 4289 3847 4337 el

2267 4404 2371 4447 suo
2409 4389 2842 4459 archiepiscopo
2899 4402 3118 4458 parere,
3165 4401 3264 4442 vos
3294 4387 3611 4457 scripsisse,
3653 4380 3847 4449 legentes

2265 4479 2524 4548 risimus;
2559 4477 2752 4532 mirati
2783 4477 3142 4547 prudentiam
3181 4481 3424 4531 vestram
3464 4466 3730 4535 arbitrari,
3765 4469 3844 4515 non

2262 4569 2332 4624 ad
2361 4567 2672 4623 ministerii
2705 4566 3107 4636 sacratissimi,
3136 4567 3232 4621 sed
3263 4566 3334 4621 ad
3357 4560 3642 4621 sacularis
3655 4550 3848 4636 dignita-

2262 4657 2339 4713 tis
2365 4656 2857 4713 honoriﬁcentiam
2898 4655 3061 4726 pallii
3097 4632 3274 4711 rusum
3327 4669 3428 4724 pro
3472 4632 3847 4738 libitticuilibef

2263 4745 2465 4802 tribui.
2497 4744 2730 4800 Scilicet
2775 4744 2826 4800 si
2861 4725 3155 4814 provincia
3197 4748 3253 4799 et
3283 4737 3638 4813 suﬁraganei,
3683 4725 3847 4822 quiuis

2265 4835 2478 4904 praeit,
2509 4835 2685 4904 deest,
2706 4812 2956 4905 quali—ter
2984 4846 3150 4887 usum
3181 4830 3342 4901 pallii
3377 4812 3848 4911 promeruitt‘lmlfi'

2265 4938 2436 4997 guum
2465 4923 2731 4980 habetur.
2778 4925 3176 4977 Verumtamen
3205 4926 3267 4975 ut
3296 4920 3588 4976 auferatur
3609 4907 3848 4976 ambigui-

2265 5019 2352 5067 tas
2376 5016 2431 5066 et
2454 5011 2612 5079 justo
2632 5009 2891 5065 examine
2924 5008 3209 5063 rectitudo
3241 5007 3505 5075 libretur,
3537 4997 3848 5058 utrarumque

2217 5171 2222 5176 η
2267 5099 2515 5170 partium
2559 5098 2970 5166 disceptatores
3015 5097 3075 5152 in
3117 5101 3364 5151 nostram
3413 5088 3743 5176 prasentialu
3776 5087 3846 5176 ’νς

2268 5168 2391 5244 nire
2429 5199 2869 5252 commonemus,
2922 5191 2988 5240 ut
3037 5184 3278 5240 liberius
3333 5196 3458 5253 qua
3515 5179 3652 5234 ratio
3691 5168 3846 5259 dictat.

2267 5276 2461 5348 agnita
2505 5274 2760 5342 veritate,
2807 5273 3121 5342 apostolica
3151 5285 3388 5328 censura
3427 5267 3709 5329 decernat;
3747 5261 3848 5348 qulﬂ

2268 5347 2323 5421 et
2347 5364 2414 5419 ad
2443 5377 2571 5418 eum
2611 5362 2884 5417 similiter
2926 5362 3286 5432 scripsimus.
3330 5357 3498 5414 Nulla
3547 5356 3718 5421 itaque
3739 5347 3850 5398 ralw

2266 5454 2429 5526 sinit,
2461 5454 2705 5509 duorum
2729 5450 2820 5507 liti
2835 5451 2903 5506 ad
2923 5450 3100 5508 unius
3117 5463 3303 5506 vocem
3323 5449 3604 5518 imponere
3620 5440 3844 5495 ﬁnem..."
