4058 6154
207 309 310 366 801

977 446 1124 501 XIII.

649 562 720 603 AD
773 563 1190 608 ZUENTOPOLCUI
1249 569 1450 612 REGEK.

214 625 332 704 [Ex
363 633 645 690 Wilhelm
673 637 1087 712 _Wat_tenbach,
1113 643 1374 712 Beitmge
1424 661 1522 699 zur
1573 645 1880 702 Geschichte

651 707 748 760 der
778 707 1154 766 Christilichen
1194 707 1448 790 Kirche.)

282 791 614 849 STEPHANUS
654 796 960 868 episcopus
990 813 1187 858 servus
1229 817 1521 861 servorum
1561 807 1683 877 Dei,
1709 809 1884 863 luen-

209 895 446 936 TOPOLCO
473 883 594 954 regi
627 883 975 942 Sclavorum.

281 987 436 1056 Quia
468 993 522 1043 te
543 989 662 1045 zelo
693 989 823 1046 ﬁdei
856 998 1182 1051 sanctorum
1207 999 1597 1067 apostolorum
1621 1001 1874 1072 principi

210 1076 378 1131 Petro
409 1076 685 1132 videlicet
715 1080 875 1150 regni
908 1082 1158 1139 caelestis
1179 1085 1486 1158 clavigero,
1512 1089 1668 1144 omni
1699 1090 1880 1146 devo-

209 1163 372 1219 tione
395 1163 700 1235 devovisti,
733 1168 973 1240 ejusque
992 1171 1272 1229 vicarium
1305 1189 1418 1244 pra:
1447 1178 1674 1234 cunctis
1701 1177 1881 1248 hujus

210 1252 510 1324 ﬁuctivagi
545 1254 741 1310 saeculi
776 1257 1140 1329 principibus
1165 1263 1541 1334 principalem
1575 1272 1876 1336 patronum

208 1339 464 1410 elegisti,
490 1342 731 1413 ejusque
755 1349 811 1400 te
839 1360 966 1401 cum
1001 1349 1348 1416 primatibus
1365 1365 1431 1408 ac
1457 1353 1683 1425 reliquo
1713 1359 1879 1410 terra:

212 1429 429 1498 p0pulo
461 1431 704 1487 tuitioni
739 1434 955 1504 pariter
973 1439 1344 1516 commisisti:
1375 1443 1670 1499 continuis
1705 1445 1880 1513 preci-

208 1517 322 1573 bus
357 1519 540 1574 Deum
583 1519 864 1578 bonorum
895 1526 1152 1582 omnium
1185 1527 1514 1600 largitorem
1553 1546 1875 1604 exoramus,

209 1612 274 1662 ut
310 1608 505 1676 ipsius
552 1610 836 1667 muniaris
885 1614 1177 1688 snﬁ'ragio,
1232 1618 1292 1672 in
1341 1621 1508 1689 cujus
1542 1636 1712 1677 manu
1742 1628 1878 1678 sunt

207 1696 405 1751 omnia
433 1697 568 1765 jura
593 1711 894 1770 regnorum
927 1710 1209 1772 quatenus
1233 1707 1358 1774 ejus
1382 1708 1628 1766 vallatus
1653 1710 1877 1765 auxilio

1252 323 1618 397 EPISTOLIE,
1659 326 2056 386 DIPLOMATA
2092 331 2179 386 ΕΤ
2215 333 2626 392 PRIVILEGIA.

1901 453 1960 514 A
1993 455 2174 531 nullo,
2217 459 2406 517 Filius
2433 473 2466 516 a
2497 462 2679 532 Patre,
2709 463 2964 534 Spiritus
3015 472 3249 525 sanctus
3276 469 3347 524 ab
3373 475 3639 542 utroque,

3534 342 3643 404 802

1992 549 2170 605 unius
2197 551 2449 619 ejusdem
2482 551 2820 608 substantiae
2861 556 3028 625 cujus
3052 557 3216 612 Pater
3238 563 3294 613 et
3322 558 3506 615 Filius
3533 567 3637 616 est.

1989 636 2059 692 Et
2090 638 2207 694 haec
2237 645 2431 695 sancta
2481 641 2756 711 Trinitas,
2785 657 2956 714 unus,
3005 649 3061 699 et
3109 659 3295 716 verus,
3340 648 3490 702 Deus
3535 653 3640 717 est,

1992 740 2118 796 qua:
2149 741 2250 782 nec
2289 728 2460 785 initio
2494 729 2720 800 incipit,
2762 735 2862 787 aut
2911 732 3021 788 ﬁne
3048 732 3360 804 clauditur,
3392 748 3492 790 nec
3521 735 3645 792 loco

1989 815 2512 889 comprehenditur,
2564 833 2665 874 nec
2695 824 2944 890 tempore
2995 821 3268 878 variatur.
3303 823 3466 878 Pater
3490 823 3644 879 enim

1991 903 2150 962 solus
2178 905 2248 961 de
2271 906 2388 962 alio
2419 921 2530 964 non
2556 917 2660 976 est,
2687 915 2744 965 et
2776 909 2903 966 ideo
2938 909 3097 966 solus
3123 911 3416 983 ingenitus
3443 911 3648 982 appel—

1992 993 2164 1065 latur,
2197 995 2383 1066 Filius
2430 1001 2619 1052 autem
2649 997 2720 1052 de
2767 999 2930 1055 Patre
2958 999 3340 1069 sempiternus
3369 999 3554 1056 Filius
3590 1005 3648 1056 et

1992 1081 2119 1139 ideo
2140 1083 2369 1154 genitus
2399 1084 2636 1156 dicitur,
2681 1086 2936 1156 Spiritus
2963 1101 3094 1144 vero
3123 1092 3356 1144 sanctus
3380 1087 3567 1144 Patris
3590 1093 3649 1144 et

1988 1170 2124 1226 Filii
2155 1176 2242 1228 est
2263 1173 2516 1242 Spiritus
2542 1175 2668 1230 sine
2688 1175 2807 1232 ullo
2845 1176 3165 1247 intervallo,
3199 1175 3298 1232 ubi
3328 1175 3487 1233 nulla
3512 1182 3649 1232 tem-

1989 1272 2127 1328 pora
2148 1275 2388 1331 quaeque
2419 1261 2630 1318 habent
2659 1263 2823 1334 prius
2849 1265 2934 1320 vel
2969 1266 3275 1335 posterius,
3305 1270 3441 1321 sunt
3479 1265 3648 1336 cogi—

1990 1347 2194 1403 tanda:
2231 1354 2288 1404 et
2317 1350 2444 1406 ideo
2479 1364 2577 1406 nec
2609 1351 2923 1424 ingenitus,
2963 1366 3064 1409 nec
3091 1355 3338 1424 genitus.
3379 1353 3476 1408 sed
3506 1367 3647 1423 pro-

1987 1438 2193 1492 cedens
2208 1437 2446 1509 dicitur,
2483 1452 2582 1494 nec
2625 1440 2740 1496 dno
2768 1445 2955 1510 patres
2983 1455 3082 1497 nec
3111 1442 3227 1498 duo
3257 1441 3366 1497 ﬁlii
3399 1441 3644 1497 credan-

1989 1528 2100 1579 tur.
2135 1524 2294 1594 Quod
2321 1526 2456 1581 Filii
2484 1527 2564 1582 sit
2585 1527 2841 1597 Spiritus
2869 1530 3183 1599 apostolus,
3215 1534 3272 1585 et
3298 1529 3357 1584 in
3397 1542 3648 1602 evange-

1989 1612 2123 1668 lista
2151 1619 2422 1669 testatur:
2458 1615 2520 1669 Si
2538 1617 2661 1684 quis
2685 1615 2954 1684 Spiritum
2990 1617 3191 1672 Christi
3215 1632 3326 1672 non
3345 1617 3525 1680 habet,
3559 1618 3646 1671 hic

1987 1717 2095 1755 non
2121 1707 2198 1757 est
2227 1704 2382 1772 ejus;
2424 1710 2480 1759 et
2510 1704 2722 1761 Paulus
2741 1706 3037 1775 apostolus
3070 1706 3220 1777 quod
3255 1706 3442 1763 Patris
3470 1705 3647 1761 Filii-

204 1789 262 1838 et
293 1784 824 1844 interventionibus
861 1792 1247 1859 apostolorum
1282 1795 1610 1866 principum
1637 1798 1788 1853 Petri
1821 1804 1877 1853 et
1904 1784 1956 1846 Β
1989 1796 2098 1860 que
2145 1791 2226 1846 sit
2267 1791 2523 1861 Spiritus
2575 1797 2848 1849 testatur:
2889 1795 2994 1850 Vos
3039 1800 3220 1850 autem
3258 1811 3367 1849 non
3413 1797 3540 1850 estis
3584 1795 3647 1848 in

209 1872 373 1927 Pauli
415 1879 475 1928 et
504 1888 539 1928 a
561 1875 871 1933 diabolicis
903 1881 1184 1938 muniaris
1217 1883 1472 1954 insidiis,
1505 1892 1561 1941 et
1590 1887 1874 1956 corporali

207 1961 493 2031 sospitate
517 1961 747 2033 laeteris,
774 1971 838 2021 ut
857 1967 1048 2022 anima
1069 1973 1126 2024 et
1145 1983 1382 2040 corpore
1404 1976 1566 2028 tutus
1581 1973 1874 2029 abaaterno

201 2051 405 2118 judice
437 2051 608 2107 bonis
627 2055 899 2122 Operibns
923 2057 1244 2127 decoratus,
1288 2065 1556 2130 perpetua
1600 2060 1876 2117 felicitate

207 2140 469 2195 doneris.
504 2141 621 2197 Nos
658 2142 827 2198 etiam
860 2145 960 2214 qui
987 2146 1114 2214 ejus
1142 2148 1518 2204 vicariatione
1555 2148 1871 2222 fungimur,

206 2226 466 2284 debitam
498 2228 953 2288 sollicitudinem
987 2248 1088 2304 pro
1118 2240 1172 2290 te
1196 2241 1474 2308 gerentes,
1516 2238 1576 2292 in
1609 2252 1877 2308 quocun—

209 2328 319 2386 que
346 2315 678 2387 indigneris
701 2319 950 2392 negotio,
985 2321 1044 2376 in
1076 2321 1167 2377 his
1197 2337 1323 2394 qua:
1351 2324 1421 2379 ad
1444 2324 1682 2380 salutem
1719 2330 1874 2381 tuam

207 2404 524 2475 pertinent,
569 2408 685 2462 Deo
713 2407 1050 2480 auxiliante,
1093 2417 1466 2480 protectorem
1521 2413 1776 2470 invenies
1815 2415 1876 2470 in

207 2492 504 2548 omnibus.
539 2494 713 2563 Quem
747 2495 818 2551 ob
869 2497 1001 2553 ﬁdei
1042 2498 1382 2570 dignitatem
1437 2516 1564 2558 cum
1607 2503 1877 2559 omnibus

209 2581 332 2636 tuis
373 2579 667 2652 ﬁdelibus,
697 2583 856 2639 nulla
897 2590 1178 2643 terrarum
1210 2587 1522 2646 obsistente
1551 2591 1872 2660 intercapi—

205 2669 371 2739 dine,
403 2668 815 2738 spiritualibus
842 2672 999 2730 ulnis
1030 2676 1194 2745 quasi
1224 2682 1554 2746 praesentem
1584 2679 1876 2749 amplecti-

208 2771 344 2812 mur
363 2769 560 2813 amore
591 2764 653 2814 ut
673 2759 1035 2830 spiritualem
1069 2763 1274 2820 ﬁlium.
1305 2765 1488 2837 Igitur
1512 2766 1648 2837 quia
1669 2767 1879 2824 ortho—

206 2845 375 2902 doxa:
400 2847 532 2902 ﬁdei
555 2849 824 2905 anhelare
850 2855 903 2906 te
933 2851 1128 2908 studio
1143 2853 1495 2926 audivimus,
1523 2861 1578 2910 et
1606 2862 1762 2912 certo
1795 2857 1881 2912 in-

207 2934 371 2990 dicio
403 2948 473 2990 ex
526 2935 632 2992 hoc
673 2939 1062 3011 agnoscimus,
1099 2943 1249 3011 quod
1301 2943 1371 2998 ad
1429 2947 1664 2999 matrem
1695 2949 1878 3014 tuam,

209 3027 470 3078 sanctam
512 3023 782 3081 videlicet
835 3028 1145 3084 Romanam
1204 3030 1535 3101 Ecclesiam,
1588 3045 1882 3088 recurrere

207 3111 480 3182 voluisti,
507 3127 635 3182 qua:
664 3120 836 3184 caput
859 3122 946 3172 est
975 3117 1233 3174 omnium
1262 3119 1644 3176 Ecclesiarum
1673 3121 1882 3179 collato

211 3201 331 3256 sibi
368 3201 674 3274 privilegio
703 3205 761 3259 in
794 3204 955 3262 beato
986 3207 1149 3263 Petro
1180 3208 1442 3278 principe
1470 3209 1881 3278 apostolorum,

212 3289 311 3344 cui
344 3301 486 3344 suas
522 3304 655 3346 oves
682 3307 848 3349 verus
885 3299 1075 3364 pastor
1123 3296 1415 3352 commisit
1443 3296 1673 3353 dicens:
1725 3299 1805 3351 Tu
1833 3313 1887 3358 es

210 3379 412 3432 Petrus
449 3383 502 3431 et
529 3395 694 3450 super
731 3381 870 3440 hanc
905 3387 1117 3452 petram
1167 3384 1441 3454 aediﬁcabo
1489 3385 1805 3448 Ecclesium,
1837 3388 1890 3440 et

206 3475 390 3538 porta
428 3469 602 3534 inferi
635 3485 745 3524 non
779 3472 1157 3540 praevalebunt
1185 3473 1448 3527 adversus
1491 3490 1643 3539 eam;
1695 3478 1887 3543 portas

217 3558 418 3622 inferi,
469 3573 567 3615 ora
612 3559 987 3615 orthodoxam
1023 3560 1189 3616 ﬁdem
1227 3561 1748 3632 blasphemantinm
1777 3576 1888 3632 ap-

216 3649 479 3718 pellans;
530 3661 656 3718 qua:
691 3654 924 3703 auctore
961 3649 1190 3704 Christo
1252 3663 1448 3706 omnes
1505 3651 1746 3707 haereses
1780 3652 1888 3706 de—

216 3737 457 3807 struxit,
491 3741 546 3790 et
587 3734 920 3793 vacillantes
954 3751 1149 3793 omnes
1182 3737 1239 3792 in
1278 3739 1386 3794 ﬁde
1414 3739 1686 3795 solidavit
1713 3740 1889 3795 Crea-

216 3825 365 3881 toris
387 3824 484 3880 sui
518 3823 742 3878 munita
762 3825 1004 3894 auxilio,
1023 3826 1249 3882 dicente
1271 3827 1512 3883 Domino
1535 3832 1728 3884 nostro
1755 3829 1888 3886 Jesu

215 3913 492 3968 Christo:
527 3911 733 3980 Simon,
751 3927 863 3966 ecce
893 3912 1130 3968 Satanas
1157 3917 1357 3984 capetit
1397 3931 1490 3970 vos
1516 3921 1578 3970 ut
1623 3917 1890 3972 cribraret

217 4004 360 4056 sicut
411 4002 674 4055 triticum.
719 4001 831 4068 Ego
873 4007 1054 4056 autem
1095 4005 1286 4070 rogavi
1316 4019 1420 4073 pro
1461 4009 1510 4058 te
1557 4020 1624 4059 ne
1677 4005 1892 4075 deﬁciat

217 4091 354 4160 fides
417 4095 540 4153 tua,
576 4094 626 4143 et
669 4094 728 4144 tu
758 4089 1058 4159 aliquando
1092 4107 1378 4147 conversus
1402 4097 1660 4163 conﬁrma
1685 4097 1890 4162 fratres

219 4184 360 4233 tuos.
412 4177 582 4247 Quis,
616 4191 771 4249 rogo,
813 4178 929 4234 nisi
977 4179 1279 4250 insipiens,
1317 4180 1374 4236 in
1421 4186 1642 4238 tantum
1685 4183 1894 4238 audeat

219 4266 603 4336 blasphemia:
629 4265 920 4322 baratrum
958 4269 1133 4340 mergi
1158 4273 1224 4325 ut
1249 4270 1400 4325 Petri
1427 4270 1590 4326 ﬁdem
1615 4268 1893 4325 infamet?

223 4371 326 4428 pro
382 4368 499 4426 quo
542 4354 786 4410 Verbum
842 4356 943 4412 Dei
990 4360 1047 4412 ln
1097 4358 1326 4414 duobus
1357 4359 1582 4414 naturis
1617 4360 1888 4428 existens,

1985 1893 2168 1940 carne,
2208 1879 2304 1933 sed
2325 1881 2386 1932 in
2428 1879 2671 1950 Spiritu;
2725 1883 2776 1934 si
2800 1886 2979 1936 tamen
3016 1882 3254 1952 Spiritus
3295 1884 3396 1937 Dei
3434 1883 3648 1937 habitat

1985 1967 2048 2019 in
2069 1966 2238 2020 vobis.
2265 1967 2335 2022 Et
2358 1967 2565 2023 iterum
2593 1973 2657 2022 ut
2681 1969 2865 2024 Patris
2887 1969 2967 2025 sit
2986 1969 3258 2039 Spiritus,
3283 1969 3647 2026 lucidissime

1985 2053 2300 2124 distinguit
2327 2055 2558 2110 dicens:
2581 2054 2736 2120 Quod
2757 2058 2808 2110 si
2831 2057 3071 2126 Spiritus
3095 2057 3214 2125 ejus
3239 2058 3338 2126 qui
3360 2059 3647 2112 suscitavit

1983 2145 2166 2197 Iesum
2185 2160 2222 2196 a
2243 2145 2472 2198 mortuis
2508 2144 2720 2198 habitat
2740 2146 2798 2198 in
2834 2145 3005 2208 vobis,
3031 2147 3326 2215 viviﬁcavit
3354 2149 3405 2200 et
3431 2149 3646 2200 morta—

1988 2230 2065 2285 lia
2092 2247 2318 2301 corpora
2365 2236 2563 2287 vestra.
2607 2232 2677 2288 Ut
2723 2246 2852 2289 vero
2900 2233 3034 2289 Filii
3080 2233 3160 2289 sit
3185 2233 3458 2304 Spiritus,
3494 2233 3645 2290 idem

1986 2319 2199 2376 Paulus
2229 2325 2501 2376 testatur:
2553 2320 2819 2386 Quoniam
2859 2326 3038 2376 autem
3067 2323 3195 2376 estis
3222 2322 3327 2392 filii
3351 2323 3470 2384 Dei,
3495 2321 3647 2376 misit

1985 2409 2128 2462 Deus
2169 2407 2436 2478 Spiritum
2463 2409 2594 2462 Filii
2621 2411 2710 2462 sui
2746 2411 2804 2463 in
2860 2409 3027 2463 corda
3069 2413 3278 2479 nostra,
3324 2409 3648 2464 clamantem

1985 2495 2164 2566 Abba,
2192 2500 2368 2566 pater.
2403 2496 2475 2551 Ut
2497 2509 2530 2551 a
2559 2497 2722 2552 Patre
2752 2498 3018 2567 procedat
3054 2497 3180 2568 ipsa
3208 2497 3430 2552 Veritas
3458 2496 3642 2552 dicit:

1987 2585 2226 2654 Spiritus
2267 2586 2366 2654 qui
2409 2601 2444 2638 a
2472 2586 2634 2639 Patre
2656 2586 2922 2655 procedit,
2958 2587 3051 2640 ille
3092 2601 3175 2640 me
3203 2585 3544 2654 clariﬁcauit.
3579 2585 3648 2638 Ut

1987 2687 2020 2728 a
2044 2673 2194 2730 Filio
2222 2674 2488 2744 procedat
2509 2675 2704 2730 eadem
2734 2675 2958 2731 Veritas
2983 2679 3264 2730 testatur:
3295 2673 3397 2729 Ille
3419 2688 3502 2728 me
3526 2672 3652 2726 cla-

1987 2762 2243 2832 riﬁcabit,
2268 2763 2402 2831 quia
2426 2763 2492 2816 de
2519 2778 2632 2817 meo
2662 2763 2906 2833 accipiet.
2947 2761 3116 2818 Absit
3133 2761 3285 2818 enim
3307 2766 3373 2818 ut
3394 2759 3649 2831 Spiritus

1990 2856 2224 2906 sanctus
2264 2850 2531 2906 credatur
2562 2851 2633 2907 de
2655 2852 2820 2907 Patre
2869 2850 2928 2906 in
2950 2849 3186 2916 Filium,
3221 2855 3279 2907 et
3301 2849 3372 2906 de
3405 2848 3557 2904 Filio
3577 2846 3646 2902 ad

1991 2938 2459 2995 sanctiﬁcandam
2477 2945 2797 2996 creaturam
2815 2939 2981 3009 quasi
3006 2938 3354 3009 quibusdam
3373 2936 3650 3010 gradibus

1993 3026 2315 3097 procedere,
2346 3027 2442 3082 sed
2493 3027 2967 3097 quemadmodum
3017 3027 3090 3083 de
3139 3029 3322 3098 Patre,
3367 3026 3446 3082 ita
3497 3031 3554 3081 et
3579 3026 3650 3083 de

1994 3115 2143 3171 Filio
2173 3114 2346 3170 simul
2380 3115 2648 3185 procedit.
2699 3115 2843 3185 Quis
2870 3115 3023 3170 enim
3055 3115 3284 3186 negabit
3307 3128 3430 3170 esse
3455 3114 3652 3183 Spiri—

1998 3208 2119 3258 tum
2137 3208 2395 3258 sanctum
2421 3203 2638 3258 vitam?
2659 3210 2713 3259 et
2727 3203 2822 3259 cui
2840 3203 2957 3258 vita
2983 3203 3166 3258 Pater.
3190 3203 3306 3257 vita
3326 3201 3406 3256 sit
3427 3201 3648 3266 Filius;

1998 3290 2153 3346 sicut
2203 3291 2365 3346 Pater
2411 3291 2584 3346 vitam
2625 3291 2793 3347 habet
2830 3291 2888 3346 in
2935 3291 3260 3360 semetipso,
3295 3290 3380 3345 sic
3407 3289 3568 3345 dedit
3595 3294 3652 3346 et

1998 3379 2147 3435 Filio
2192 3379 2366 3433 vitam
2416 3379 2675 3434 habitare
2732 3378 2792 3433 in
2853 3379 3176 3447 semetipso.
3232 3379 3358 3432 Haec
3415 3376 3523 3432 tibi
3580 3377 3652 3433 de

1999 3467 2200 3523 multis
2232 3481 2411 3537 pauca
2439 3467 2658 3523 dixisse
2678 3465 2982 3537 sufﬁciant,
3011 3479 3136 3536 qua:
3157 3470 3212 3521 te
3240 3465 3456 3535 absque
3474 3463 3655 3520 ambi-

2000 3555 2218 3627 guitate
2245 3555 2441 3628 lingua
2472 3555 2729 3612 conﬁteri
2756 3559 2812 3610 et
2839 3555 3009 3611 corde
3036 3557 3259 3624 Oportet
3276 3554 3524 3623 credere,
3553 3551 3649 3608 sed

1999 3658 2110 3700 non
2143 3644 2295 3700 ultra
2323 3645 2476 3700 vires
2493 3644 2838 3700 examinare.
2867 3641 3014 3710 Quia
3035 3642 3178 3699 solis
3201 3641 3458 3712 corporei
3489 3640 3654 3697 radio

1999 3733 2296 3790 oculorum
2321 3733 2936 3803 retunditurintuitus,
2960 3737 3175 3802 quanto
3195 3731 3378 3804 magis
3400 3729 3656 3786 ineffabi-

2000 3822 2077 3879 lis
2104 3823 2340 3879 deitatis
2369 3821 2631 3878 claritate
2672 3826 2897 3877 terrena
2939 3833 3098 3877 mens
3123 3819 3470 3877 retunditur.
3499 3820 3655 3874 Hanc

2001 3911 2166 3968 ﬁdem
2195 3925 2227 3966 a
2280 3911 2521 3967 Domino
2553 3910 2611 3967 in
2660 3910 2920 3981 apostolo
2956 3918 3012 3967 et
3051 3909 3330 3981 apostolis
3359 3907 3655 3964 fundatam

2001 4004 2196 4056 sancta
2236 4000 2520 4056 catholica
2553 4004 2609 4055 et
2649 3999 2966 4069 apostolica
2994 4001 3246 4056 Romana
3286 4001 3440 4054 tenet
3457 3995 3658 4053 Eccle—

2000 4089 2120 4164 sia:
2177 4101 2347 4159 quam
2379 4093 2442 4144 tu
2476 4093 2539 4144 ut
2585 4087 2828 4144 ﬁrmiter
2859 4093 3052 4144 teneas
3083 4100 3396 4156 monemus,
3447 4097 3660 4142 exora-

2002 4190 2131 4233 mus
2150 4181 2206 4232 et
2235 4176 2624 4233 testiﬁcamus.
2667 4177 2728 4232 In
2755 4190 2867 4246 qua
2896 4181 2952 4231 et
2970 4175 3344 4245 Wichingnm
3376 4186 3658 4230 veneran—

2001 4267 2138 4322 dum
2185 4266 2516 4337 episcopum
2563 4269 2621 4320 et
2649 4264 3053 4320 charissimum
3097 4262 3438 4320 confratrem
3469 4261 3659 4318 eccle-

2002 4355 2237 4411 siastica
2265 4355 2527 4411 doctrina
2571 4354 2863 4410 eruditum
2892 4353 3227 4423 reperimus,
3268 4356 3326 4407 et
3356 4351 3482 4407 ideo
3525 4363 3652 4406 eum

223 4445 378 4516 quod
432 4449 639 4498 natura
692 4443 839 4498 servi
887 4450 1074 4500 autem
1117 4451 1319 4502 natura
1349 4447 1598 4504 contulit
1633 4447 1886 4503 deitatis.
1917 4431 1974 4494 D
2003 4443 2169 4500 vobis
2197 4445 2266 4499 ad
2295 4445 2595 4516 regendam
2622 4442 2737 4498 sibi
2761 4441 3123 4498 commissam
3152 4455 3183 4496 a
3209 4441 3322 4496 Deo
3346 4438 3655 4495 Ecclesiam

219 4533 402 4588 Tuam
457 4530 814 4586 devotionem
875 4532 1292 4603 amplectimur,
1343 4534 1618 4591 volentem
1672 4535 1893 4592 discere

226 4626 308 4690 nt,
351 4619 719 4689 prudentiam
767 4624 921 4676 tuam
965 4621 1142 4693 digna
1179 4623 1512 4680 attollamus
1545 4623 1733 4694 laude,
1767 4635 1893 4693 qua:

226 4723 338 4765 non
372 4707 524 4763 alibi
576 4707 792 4780 vagari,
825 4710 920 4765 sed
958 4710 1137 4780 ipsam
1189 4727 1314 4782 quae
1357 4719 1530 4782 caput
1557 4718 1643 4768 est
1666 4711 1895 4768 studuit

225 4795 554 4865 consulere,
583 4809 615 4851 a
665 4810 777 4866 qna
807 4797 977 4852 etiam
1009 4811 1202 4855 omnes
1235 4799 1501 4856 Ecclesia:
1525 4803 1896 4870 sumpserunt

226 4884 555 4941 exordium.
613 4885 1011 4943 Verumtamen
1069 4887 1499 4946 fundamentum
1558 4889 1689 4945 ﬁdei
1721 4902 1895 4959 super

228 4973 377 5044 quod
410 4985 577 5029 suam
610 4971 878 5031 Christus
907 4976 1215 5033 constituit
1243 4977 1553 5033 Ecclesiam
1586 4978 1738 5034 istud
1771 4983 1888 5034 est:

225 5062 361 5117 Tres
399 5065 557 5117 certe
587 5074 837 5130 persona:
873 5063 1269 5132 subsistentes,
1317 5066 1522 5134 Patris,
1567 5072 1623 5122 et
1656 5067 1813 5137 Filii,
1841 5072 1899 5123 et

229 5150 486 5220 Spiritus
525 5151 709 5206 sancti
741 5158 1032 5208 coaeternaz
1061 5153 1174 5210 sibi
1211 5159 1347 5210 sunt
1383 5160 1440 5211 et
1468 5155 1804 5226 coaaquales,
1841 5161 1898 5211 et

234 5239 476 5296 istarum
503 5238 684 5294 trium
709 5255 1072 5309 personarum
1101 5257 1212 5298 una
1235 5249 1322 5299 est
1341 5245 1526 5300 deitas
1545 5251 1768 5314 natura,
1784 5258 1896 5301 una

233 5328 579 5396 substantia,
610 5341 722 5383 una
759 5330 1056 5402 divinitas,
1111 5345 1224 5386 una
1267 5333 1550 5401 majestas.
1585 5335 1647 5388 In
1679 5333 1896 5404 quibus

239 5417 497 5486 personis
549 5415 825 5473 discretio
850 5425 935 5474 est
961 5433 1073 5474 non
1114 5419 1399 5490 confusio,
1449 5421 1750 5476 distinctio
1783 5435 1892 5477 non

240 5505 542 5576 separatio.
575 5505 1016 5562 Distinctionem
1053 5508 1204 5576 dico,
1239 5509 1377 5578 quia
1404 5509 1519 5565 alia
1539 5515 1625 5565 est
1655 5523 1896 5580 persona

237 5593 436 5665 Patris,
464 5592 584 5649 alia
615 5592 775 5664 Filii,
807 5593 922 5650 alia
949 5595 1204 5665 Spiritus
1237 5596 1459 5669 sancti;
1486 5598 1650 5654 Pater
1686 5597 1839 5654 enim
1863 5610 1895 5652 a

2004 4532 2352 4603 remisimus,
2395 4533 2532 4602 quia
2586 4531 2982 4588 ﬁdelissimum
3037 4543 3163 4586 eum
3210 4527 3340 4596 tibi,
3385 4533 3441 4583 et
3472 4540 3573 4598 pro
3602 4531 3659 4582 te

2001 4622 2146 4678 satis
2170 4621 2487 4678 sollicitum
2510 4621 2570 4676 in
2601 4619 2871 4678 omnibus
2885 4618 3238 4691 agnovimus.
3271 4617 3447 4687 Quem
3477 4615 3656 4673 velnti

2003 4710 2364 4782 spiritualem
2411 4716 2646 4782 patrem,
2695 4715 2752 4766 et
2799 4709 3094 4781 pr0prium
3145 4711 3428 4778 pastorem
3478 4704 3658 4778 digno

2005 4801 2220 4856 honore
2245 4805 2302 4856 et
2328 4798 2520 4854 debita
2551 4799 2865 4854 reverentia
2903 4798 3127 4854 sincera
3166 4803 3353 4853 mente
3394 4794 3656 4865 recipite,

2005 4894 2191 4945 tenete
2217 4893 2272 4944 et
2300 4886 2736 4958 amplectimini,
2769 4886 2908 4957 quia
2944 4887 3003 4942 in
3029 4900 3096 4943 eo
3119 4885 3444 4942 exhibitnm
3473 4883 3663 4940 hono—

2007 4991 2125 5034 rem
2147 4977 2377 5032 Christo
2400 4974 2718 5046 conferitis,
2747 4975 2874 5045 ipso
2901 4975 3161 5030 dicente:
3193 4975 3297 5040 Qui
3323 4988 3416 5028 vos
3443 4973 3659 5044 recipit,

2004 5082 2088 5122 me
2112 5068 2318 5136 recipit.
2343 5067 2414 5120 Et
2441 5066 2538 5134 qui
2558 5080 2641 5119 me
2667 5065 2878 5133 recipit,
2905 5064 3098 5133 recipit
3118 5078 3239 5118 eum
3267 5065 3364 5133 qui
3384 5078 3467 5117 me
3487 5061 3656 5116 misit.

2008 5159 2133 5226 Ipse
2165 5156 2358 5225 itaque
2381 5154 2639 5210 omnium
2658 5152 3180 5209 ecclesiasticorum
3218 5151 3576 5224 negotiorum
3602 5152 3662 5205 et
3765 5208 3776 5213 _

2007 5244 2322 5302 oﬁiciorum
2351 5243 2551 5299 habeat
2581 5257 2798 5306 curam,
2835 5247 2891 5297 et
2917 5243 3017 5298 Dei
3059 5242 3321 5298 timorem
3372 5253 3486 5310 prae
3514 5252 3662 5294 ocu—

2007 5333 2084 5389 lis
2127 5333 2340 5388 habens
2365 5332 2656 5402 dispenset
2703 5332 2918 5399 eadem,
2951 5331 3086 5401 quia
3126 5336 3183 5386 et
3213 5344 3314 5400 pro
3364 5329 3454 5382 his
3477 5332 3534 5381 et
3559 5339 3659 5396 pro

2007 5420 2309 5476 animabus
2333 5422 2624 5478 commissi
2656 5421 2769 5477 sibi
2805 5419 3001 5490 populi
3027 5420 3148 5489 ipse
3190 5416 3524 5473 redditurus
3543 5413 3657 5468 erit

2006 5509 2274 5565 districto
2302 5511 2489 5580 judici
2520 5510 2814 5566 rationem.
2848 5511 2927 5563 De
2951 5506 3173 5576 jejunio
3215 5505 3408 5573 itaque
3446 5501 3598 5556 scias
3625 5513 3660 5555 a

2008 5597 2150 5670 lege,
2192 5599 2507 5669 prephetis,
2539 5603 2596 5655 et
2625 5597 2695 5654 ab
2726 5596 2852 5666 ipso
2884 5593 3125 5652 Domino
3155 5592 3217 5649 in
3249 5587 3548 5660 Evangelie
3566 5601 3660 5660 ap-
