4060 6150
465 311 570 367 803
1847 297 2181 358 STEPHANI
2219 302 2413 358 nam
2451 308 2494 361 v
3727 310 3813 368 set

468 433 791 505 probatum.
826 435 1044 502 Moyses
1070 443 1315 500 namque
1338 434 1401 484 ut
1423 429 1599 500 legem
1633 428 1934 497 acciperet,
1969 441 2120 497 qua—
2149 425 2207 485 A
2235 441 2365 483 vero
2392 444 2493 498 pro
2527 430 2936 486 contemnenda
2978 429 3260 485 catholica
3292 430 3396 487 ﬁde
3425 433 3519 500 qui
3549 433 3752 508 indixit,
3774 439 3818 492 in

465 522 733 592 draginta
760 520 965 576 diebus
989 524 1044 574 et
1067 518 1331 574 noctibus
1359 518 1657 586 jejunavit.
1691 516 1845 571 Elias
1874 517 1972 586 qui
2005 530 2127 572 caa—

466 610 584 666 lum
635 610 848 666 orando
899 608 1129 676 clausit,
1165 612 1228 663 ut
1266 619 1377 662 non
1437 606 1656 675 plueret
1689 619 1870 661 annos
1911 610 2028 659 tres
2067 610 2125 660 et

467 712 709 762 menses,
733 712 851 764 sex,
879 703 935 753 et
960 711 1190 752 rursum
1218 696 1432 751 orando
1456 695 1702 765 aperuit,
1732 699 1786 749 et
1805 694 2009 750 caelum
2032 695 2126 764 de-

466 791 554 846 dit
582 789 853 858 pluviam,
887 792 942 842 et
981 793 1131 842 terra
1173 785 1335 840 dedit
1364 784 1610 840 fructum
1645 798 1832 854 suum,
1867 783 2124 853 quadra—

467 876 629 948 ginta
659 876 865 932 diebus
890 879 946 930 et
976 873 1242 930 noctibus
1262 873 1562 943 jejunavit.
1596 871 1809 928 Auctor
1829 876 1884 927 et
1907 871 2028 940 ipse
2051 870 2122 925 le-

465 965 555 1034 gis
579 966 741 1020 Jesus
769 964 1034 1019 Christus
1058 963 1337 1018 Dominus
1363 966 1554 1016 noster
1590 959 1968 1030 quadraginta
1987 959 2122 1014 die—

465 1053 573 1108 bus
597 1056 653 1108 et
682 1051 948 1109 noctibus
980 1051 1277 1121 jejunavit.
1309 1051 1367 1105 Si
1397 1050 1528 1120 quis
1556 1063 1688 1105 vero
1716 1049 2004 1118 jejunium
2038 1061 2119 1103 re-

465 1141 687 1213 probat,
741 1141 1002 1210 reprobet
1046 1147 1100 1196 et
1143 1141 1480 1209 orationem,
1506 1145 1561 1194 et
1611 1138 1967 1208 blasphemet
1994 1149 2118 1192 esse

465 1229 677 1285 malum
725 1228 1009 1284 daemones
1038 1229 1193 1299 ejici,
1236 1228 1461 1283 dicente
1491 1227 1768 1282 Domino:
1812 1229 1924 1280 Hoc
1948 1239 2118 1293 genus

463 1331 571 1370 non
613 1317 834 1385 ejicitur
882 1318 993 1371 nisi
1037 1319 1097 1370 in
1139 1318 1382 1370 oratione
1421 1320 1471 1369 et
1497 1315 1734 1383 jejunio.
1768 1315 2116 1392 Prazceptum

463 1402 674 1474 quippe
693 1392 781 1460 est
813 1405 1089 1473 jejunare,
1118 1404 1214 1459 sed
1249 1403 1460 1474 quibus
1509 1401 1713 1457 diebus
1744 1401 1821 1456 sit
1840 1402 2118 1471 jejunan-

460 1492 620 1555 dum,
667 1492 947 1562 quibusve
972 1492 1386 1563 prandendum,
1436 1497 1714 1561 praecepto
1740 1489 1968 1546 Domini
2027 1488 2113 1544 vel

461 1581 850 1652 apostolorum
878 1595 991 1637 non
1022 1587 1110 1637 est
1135 1568 1448 1636 diﬁinituvm
1478 1580 1812 1649 assertione,
1842 1579 1936 1634 sed
1971 1579 2118 1633 anti-

462 1684 573 1742 qua
623 1672 853 1727 Patrum
893 1669 1310 1726 consuetudine
1363 1674 1515 1725 tenet
1555 1668 1829 1739 Ecclesia,
1873 1667 2011 1737 quia
2059 1670 2116 1722 et

2234 525 2403 586 caput
2435 519 2778 575 redundabit
2823 520 2964 588 ejus.
3018 520 3097 574 Tu
3138 524 3324 574 autem
3369 510 3678 590 et‘populus
3716 531 3821 581 tuus

2234 607 2415 660 sancti
2437 606 2691 676 Spiritus
2710 607 2935 676 judicio
2959 607 3126 662 eritis
3153 607 3395 678 innoxii,
3426 609 3475 663 si
3498 613 3665 664 tamen
3689 612 3819 668 ﬁdem

2235 707 2402 763 quam
2436 695 2680 750 Romana
2716 695 2988 766 praedicat
3028 695 3281 751 Ecclesia
3310 696 3600 752 tenueritis
3633 699 3823 755 inviola-

2232 781 2446 838 biliter.
2489 784 2694 840 Divina
2747 791 2936 840 autem
2985 784 3169 840 ofﬁcia
3197 790 3254 840 et
3294 797 3452 840 sacra
3503 788 3736 856 mysteria
3769 803 3819 844 ac

2231 872 2538 928 missarum
2567 874 2845 930 solemnia
2876 888 3002 944 quae
3034 873 3183 929 idem
3215 873 3531 929 Methodius
3549 875 3817 933 Sclavorum

2231 959 2430 1030 lingu".
2454 961 2738 1017 celebrare
2763 963 3145 1032 praesumpsit,
3172 962 3320 1032 quod
3350 975 3418 1017 ne
3444 962 3672 1018 ulterius
3697 962 3820 1020 face-

2231 1055 2316 1105 ret
2354 1064 2526 1120 supra
2575 1052 3030 1108 sacratissimum
3084 1051 3232 1106 beati
3279 1052 3430 1106 Petri
3459 1065 3652 1122 corpus
3687 1053 3819 1122 jura-

2229 1144 2415 1195 mento
2442 1140 2780 1203 ﬁrmaverat,
2814 1142 2903 1196 sui
2931 1140 3170 1210 perjurii
3199 1144 3417 1196 reatum
3449 1140 3824 1209 perhorrescen-

2227 1232 2311 1282 tes
2338 1227 2497 1284 nullo
2522 1229 2686 1285 modo
2711 1230 2981 1298 deinceps
3005 1244 3037 1284 a
3067 1228 3329 1299 quolibet
3355 1235 3720 1298 praasumatur.
3742 1231 3818 1286 Dei

2227 1327 2471 1386 namque
2515 1322 2823 1387 nostraque
2863 1317 3179 1386 apostolica
3212 1317 3552 1373 auctoritate
3595 1318 3686 1372 sub
3706 1331 3820 1372 ana-

2228 1406 2496 1461 thematis
2521 1407 2753 1462 vinculo
2777 1405 3199 1469 interdicimus,
3215 1413 3448 1474 excepto
3471 1405 3607 1476 quod
3631 1407 3689 1460 ad
3718 1407 3822 1460 sim-

2228 1493 2398 1562 plicis
2429 1493 2629 1563 populi
2662 1499 2719 1548 et
2749 1507 2858 1549 non
2889 1493 3270 1564 intelligentis
3289 1493 3698 1550 aediﬁcationem
3719 1495 3820 1549 atti-

2227 1587 2340 1650 net,
2365 1583 2413 1637 si
2448 1581 2761 1653 Evangelii,
2799 1582 2888 1636 vel
2927 1581 3194 1651 apostoli,
3223 1582 3509 1651 expositio
3536 1582 3601 1638 ab
3619 1583 3820 1638 eruditis

2225 1670 2416 1726 eadem
2454 1671 2650 1742 lingua
2672 1671 3068 1733 annuntietur.
3111 1675 3167 1726 et
3209 1671 3491 1742 largimur
3512 1677 3565 1727 et
3596 1672 3821 1727 exhorta—

462 1760 719 1828 priorum
757 1759 1025 1814 instituta
1065 1763 1122 1813 et
1150 1758 1504 1814 consuetudo
1550 1758 1827 1826 majorum
1861 1771 1961 1825 pro
1998 1756 2113 1826 lege
2143 1758 2196 1819 Β
2227 1773 2374 1830 mur,
2394 1758 2468 1829 ﬁet
2498 1765 2560 1815 ut
2603 1758 3068 1830 frequentissime
3094 1760 3193 1815 ﬁat
3218 1766 3630 1830 monemus,'ut
3670 1761 3819 1816 omnis

460 1847 698 1902 tenenda
746 1852 899 1903 sunt.
948 1848 1161 1917 Quarta
1191 1845 1335 1902 feria
1383 1846 1756 1916 jejunandum
1811 1849 1916 1916 est,
1975 1844 2112 1915 quia

458 1936 821 1992 considerato
864 1935 1170 2006 Evangelio
1198 1939 1401 2006 quarta
1439 1935 1668 1990 Sabbati
1693 1934 1872 1990 Judaai
1914 1933 2116 1989 consi-

460 2023 603 2080 lium
633 2025 912 2091 inierunt,
937 2030 1000 2080 ut
1022 2026 1209 2080 Jesum
1232 2024 1365 2079 dolo
1395 2027 1652 2079 tenerent
1679 2028 1735 2078 et
1765 2023 2110 2078 occiderent.

456 2111 621 2169 Sexta
642 2117 830 2168 autem
856 2113 1084 2168 Sabbati
1109 2116 1259 2168 recte
1278 2112 1501 2181 jejunio
1527 2113 1853 2181 deputatur,
1885 2114 2116 2180 propter

455 2201 769 2257 Dominicis
817 2201 1104 2272 passionis
1157 2201 1552 2256 reverentiam.
1601 2199 1845 2255 Sabbato
1887 2211 2114 2270 quoque

457 2289 844 2345 nihilominus
886 2290 1262 2360 jejunandum
1305 2293 1392 2343 est
1441 2293 1672 2357 propter
1728 2287 2111 2343 renovandam

457 2379 786 2433 memoriam
819 2378 901 2432 rei
935 2382 1124 2449 gestae,
1161 2377 1299 2446 quia
1345 2376 1622 2446 discipuli
1660 2376 1966 2431 Dominum
1995 2375 2114 2431 hu—

458 2479 619 2521 mane
663 2465 1050 2536 intelligentes
1087 2479 1153 2521 eo
1183 2466 1278 2521 die
1326 2465 1384 2519 in
1430 2465 1694 2535 sepulcro
1725 2465 2108 2534 quiescentem

453 2553 780 2608 doluerunt.
822 2554 1091 2620 Quintam
1137 2567 1267 2609 vero
1317 2552 1518 2608 feriam
1563 2554 1796 2623 quidam
1837 2552 2107 2608 arbitrati

454 2646 591 2696 sunt
617 2655 740 2697 esse
787 2641 1127 2698 dissolutam
1173 2643 1308 2712 quia
1350 2656 1415 2697 eo
1463 2643 1558 2698 die
1589 2642 1982 2698 reconciliatio
2031 2643 2109 2698 sit

456 2729 875 2799 paenitentiam,
908 2733 963 2784 et
991 2742 1056 2786 eo
1084 2729 1179 2784 die
1208 2733 1467 2784 sanctum
1497 2730 1749 2786 chrisma
1779 2731 2102 2792 conﬁcitur,

452 2821 508 2872 et
535 2830 600 2872 eo
641 2817 737 2873 die
763 2818 1104 2888 Redemptor
1130 2831 1260 2873 cum
1294 2818 1606 2888 discipulis
1643 2819 1906 2889 manavit,
1939 2823 1994 2873 et
2018 2818 2105 2874 eis

452 2912 866 2962 sacramentum
901 2907 992 2962 sui
1020 2906 1279 2976 corporis
1321 2912 1376 2961 et
1403 2906 1707 2978 sanguinis
1748 2907 2013 2978 tradidit,
2039 2921 2105 2962 eo

449 2991 544 3050 die
564 2993 894 3049 videntibus
923 2994 1233 3064 discipulis
1256 2996 1323 3050 ad
1348 2995 1520 3051 caelos
1540 2997 1816 3051 ascendit.
1847 2995 2100 3052 Domini-

2227 1845 2424 1917 lingua
2457 1846 2650 1902 laudet
2689 1847 2887 1918 Deum,
2920 1851 2976 1902 et
3021 1846 3367 1902 conﬁteatur
3404 1847 3476 1903 ei.
3506 1848 3819 1903 Contumaces

2223 1939 2411 1989 autem
2440 1939 2497 1990 et
2535 1934 2944 2006 inobedientes,
2985 1934 3344 1991 contentioni
3385 1939 3440 1990 et
3477 1936 3716 1991 seandalo
3741 1935 3820 1989 in-

2224 2023 2513 2094 sistentes,
2565 2028 2693 2093 post
2723 2023 2962 2092 primam
2991 2028 3047 2079 et
3073 2024 3385 2079 secundam
3427 2023 3815 2080 admonitionem

2223 2111 2272 2166 si
2307 2125 2366 2166 se
2392 2111 2628 2167 minime
2651 2112 3024 2182 correxerint,
3051 2112 3217 2181 quasi
3245 2112 3592 2169 zizaniorum
3611 2112 3820 2167 semina-

2221 2205 2373 2256 tores
2397 2200 2468 2255 ab
2498 2201 2764 2256 Ecclesiae
2793 2200 3010 2271 gremio
3037 2201 3210 2270 abjici
3243 2201 3567 2262 sancimus:
3591 2207 3641 2256 et
3659 2215 3717 2256 ne
3734 2213 3818 2255 una

2219 2289 2344 2345 ovis
2387 2289 2644 2345 morbida
2685 2293 2867 2344 totum
2900 2302 3122 2360 gregem
3154 2290 3523 2358 contaminet,
3555 2295 3722 2345 nostro
3748 2287 3819 2340 vi-

2220 2391 2354 2450 gore
2393 2376 2668 2433 refrenari
2716 2383 2772 2434 et
2826 2392 2859 2434 a
2905 2378 3111 2434 vestris
3150 2378 3370 2435 ﬁnibus
3407 2378 3592 2449 procul
3631 2374 3813 2432 excludi

2221 2467 2605 2537 praecipimus.

2970 2574 3117 2629 XIV.

2499 2694 2568 2735 AD
2596 2694 2843 2736 AMELIUM
2884 2694 3221 2736 UCETIENSEM
3262 2666 3572 2737 uiscerum.

2854 2790 3039 2859 (Anno
3075 2787 3172 2845 894
3188 2792 3227 2860 .)

2391 2893 2586 2969 [Apud
2613 2899 2676 2951 D.
2704 2898 2975 2967 Bouquet.
2990 2939 3005 2968 ,
3025 2897 3242 2952 Recueil
3269 2897 3365 2953 des
3384 2898 3669 2956 historiam.

2598 3011 2605 3024 -
2886 2990 3021 3041 tom.
3057 2985 3189 3055 IX.]

449 3094 551 3138 cus
577 3086 728 3138 certe
756 3082 880 3137 dies
907 3088 1137 3152 propter
1169 3084 1610 3139 resurrectionis
1637 3083 1877 3156 gloriam
1908 3090 1963 3140 et
1988 3086 2103 3140 ad—
2133 3068 2182 3132 C
2283 3092 2857 3148 DeclaratGirbertum
2883 3094 3306 3150 Nemausensem
3337 3095 3626 3162 episcopum
3650 3103 3816 3144 excom-

449 3176 678 3228 ventum
706 3172 889 3227 sancti
915 3172 1166 3241 Spiritus
1190 3171 1405 3228 laetitiae
1430 3181 1793 3231 consecratus
1813 3179 1916 3230 est.
1949 3176 2103 3238 Duos

450 3259 549 3330 qui
582 3267 893 3325 remanent,
936 3261 1170 3330 proprio
1202 3261 1664 3332 uniuscujusque
1708 3263 2102 3335 relinquamus

447 3347 727 3419 arbitrio;
769 3349 829 3405 in
867 3349 1081 3420 quibus
1115 3351 1170 3405 id
1201 3349 1612 3406 observandum
1647 3365 1864 3421 censeo,
1905 3356 1971 3406 ut
1999 3353 2098 3422 qui

449 3438 755 3493 manducat
780 3451 893 3494 non
915 3439 1347 3494 manducantem
1378 3453 1489 3495 non
1520 3443 1769 3510 spernat,
1796 3445 1854 3495 et
1872 3441 1971 3510 qui
1988 3455 2098 3496 non

449 3527 754 3583 manducat
801 3527 1233 3582 manducantem
1267 3540 1379 3582 non
1422 3528 1664 3598 judicet,
1719 3533 1782 3583 ut
1810 3529 2095 3599 quidquid

441 3614 689 3684 agimus,
728 3615 787 3669 in
844 3614 1027 3685 gloria
1071 3613 1189 3670 Dei'
1224 3613 1518 3670 faciamus.
1547 3616 1835 3683 Jejunium
1874 3616 2100 3673 scilicet

443 3703 593 3772 quod
625 3704 883 3771 Quatuor
911 3703 1248 3770 Temporum
1277 3702 1516 3774 dicitur,
1549 3704 1775 3774 antiqui
1799 3705 1991 3760 Patres
2015 3719 2100 3760 ce-

447 3790 782 3846 lebrandum
799 3803 911 3845 non
933 3788 1147 3844 frustra
1165 3795 1495 3858 sanxerunt,
1514 3791 1738 3846 dicente
1757 3793 2087 3848 Psalmista:

439 3878 762 3932 Benedic-am
817 3879 1104 3931 Dominum
1137 3879 1198 3930 in
1248 3880 1395 3932 omni
1441 3883 1693 3949 tempore,
1744 3885 1808 3937 ut
1845 3882 2094 3953 singulis

442 3964 768 4036 quibusque
797 3965 1150 4035 temporibus
1179 3965 1315 4022 anni
1345 3967 1722 4026 humiliemus
1753 3971 2002 4026 animam
2031 3971 2089 4026 in

436 4053 678 4123 jejunio.
724 4054 900 4109 Primi
927 4055 1122 4125 itaque
1153 4056 1368 4113 mensis
1390 4057 1678 4127 jejunium
1723 4059 2001 4115 Dominus
2031 4060 2091 4116 in

438 4142 650 4212 Exodo,
703 4142 916 4213 quarti,
949 4143 1179 4213 septimi
1220 4150 1277 4200 et
1299 4145 1507 4201 decimi
1543 4146 1825 4215 jejunium
1858 4160 1956 4216 per
1983 4149 2094 4202 Za—

438 4229 691 4285 chariam
734 4231 1060 4302 prophetam
1101 4232 1375 4289 celebrari
1410 4235 1694 4304 praecepit,
1730 4234 1893 4304 utqui
1930 4236 2086 4290 omni

440 4323 689 4390 tempore
712 4320 782 4376 de
805 4321 1198 4377 misericordia
1221 4322 1574 4378 conﬁdamus
1593 4323 1934 4391 paenitendo.
1963 4325 2090 4381 H320

2564 3185 2900 3237 municatum
2927 3183 3020 3244 iri,
3061 3184 3173 3236 nisi
3203 3184 3509 3253 resipiscat.

2281 3271 2597 3326 STEPHANUS
2644 3272 2967 3341 episcopus,
3000 3283 3197 3326 servus
3224 3284 3515 3326 servorum
3539 3268 3650 3339 Dei,
3682 3279 3812 3322 reve-

2213 3359 2540 3416 rentissimo
2569 3364 2626 3416 et
2654 3359 3020 3416 sanctissimo
3047 3359 3264 3414 Amano
3293 3359 3572 3429 episcopo.

2279 3448 2438 3505 Scias
2470 3449 2606 3520 quia
2663 3462 2727 3504 ea
2759 3463 2884 3519 quae
2915 3447 3196 3502 mandasti
3246 3448 3588 3516 audivimus,
3626 3448 3674 3500 et
3713 3447 3809 3497 sta-

2210 3538 2448 3608 tuimus,
2475 3545 2644 3607 prout
2665 3536 3003 3608 suggessisti
3021 3541 3076 3592 et
3101 3535 3301 3606 petisti
3327 3555 3342 3606 ;
3369 3541 3426 3592 et
3447 3533 3694 3605 epistolas
3709 3541 3809 3586 ecce

2207 3626 2548 3695 scripsimus
2595 3631 2709 3681 tam
2762 3625 3194 3694 archiepiscopo
3253 3624 3550 3680 Teudardo
3585 3633 3729 3692 quam
3765 3620 3809 3672 et

2205 3713 2402 3768 comiti
2451 3713 2756 3784 Richardo,
2826 3719 2882 3768 et
2936 3712 3259 3768 vicecomiti
3324 3712 3487 3768 illius
3557 3706 3803 3764 Alberico:

2205 3802 2540 3858 mandamus
2599 3802 2932 3858 intimantes
2987 3801 3321 3857 Girbertum
3371 3801 3679 3872 episcopum
3714 3793 3807 3849 fore

2202 3892 2775 3961 excommunicatum,
2820 3891 2933 3947 nisi
2984 3891 3296 3961 resipuerit
3353 3897 3409 3947 et
3436 3890 3504 3945 ab
3561 3884 3806 3942 invasione

2201 3979 2443 4035 abbatia:
2475 3985 2680 4036 nostrae
2712 3994 2769 4036 se
2790 3980 3173 4049 subtraxerit;
3206 3985 3283 4048 et,
3313 3984 3376 4036 ut
3401 3978 3506 4034 tt'bi
3537 3990 3647 4033 eam
3671 3974 3806 4029 liceat

2202 4069 2482 4124 securiter
2522 4069 2768 4124 retinere
2799 4068 2904 4124 sub
2937 4073 3129 4123 nostra
3179 4066 3514 4123 defensione
3552 4065 3614 4120 ad
3655 4071 3808 4131 regen-

2199 4155 2335 4212 dum
2367 4159 2424 4211 et
2458 4156 2811 4220 salvandum,
2853 4161 2907 4211 et
2950 4169 3137 4211 annue
3161 4155 3400 4211 solitum
3431 4165 3649 4210 censum
3677 4149 3806 4204 beato

2199 4245 2361 4300 Petro
2391 4245 2649 4314 apostolo
2706 4244 3094 4315 dirigendum.
3156 4244 3238 4298 Tu
3292 4257 3423 4299 vero
3465 4247 3578 4297 esto
3626 4247 3805 4304 semper

2199 4332 2488 4388 sollicitus
2511 4333 2581 4388 de
2604 4338 2797 4389 nostra
2829 4332 3102 4388 ﬁdelitate
3127 4345 3238 4402 qua
3261 4346 3369 4388 nos
3391 4330 3565 4402 magis
3585 4334 3632 4383 te
3655 4324 3806 4380 fovere

438 4407 545 4463 tibi
576 4410 645 4465 de
668 4409 891 4479 jejunio
915 4423 1092 4480 Pauca
1118 4411 1337 4466 diXisse
1357 4409 1661 4477 δυίῗὶοίεληῐτ
1688 4412 1946 4480 quarm/i8
1970 4413 2088 4482 phl-
2115 4405 2169 4466 D
2201 4420 2258 4476 in
2292 4422 2516 4478 cunctis
2546 4422 2831 4492 volumus,
2859 4427 2914 4478 et
2938 4428 2999 4476 ut
3023 4422 3210 4491 ipsum
3241 4434 3475 4476 censum
3507 4417 3730 4486 dirigere
3751 4423 3802 4465 ne

437 4496 583 4552 rima
607 4499 724 4553 dici
761 4503 990 4568 possent
1011 4499 1138 4566 ejus
1165 4498 1443 4568 mysterii,
1474 4512 1597 4568 quae
1630 4512 1783 4554 nunc
1810 4513 2089 4569 exponere

436 4597 544 4640 non
565 4591 651 4641 est
662 4591 770 4640 tem
780 4583 961 4655 poris.’
974 4587 1086 4641 Hoc
1108 4591 1291 4640 tamen
1309 4585 1590 4656 jejunium
1611 4587 1722 4642 Deo
1743 4602 1854 4657 pra:
1865 4591 2088 4645 caeteris

431 4673 1009 4742 acceptabilecredito
1033 4691 1045 4727 :
1069 4672 1726 4745 dissolvecolligationes
1747 4676 2083 4749 impietatis,

431 4759 583 4815 solve
624 4758 930 4816 fasciculos
962 4761 1354 4832 deprimentis,
1387 4762 1615 4818 dimitte
1639 4777 1736 4819 eos
1788 4764 1886 4836 qui
1939 4779 2087 4821 con-

433 4848 601 4903 fracti
635 4853 772 4904 sunt
801 4849 1034 4921 liberos,
1076 4854 1132 4905 et
1172 4863 1336 4906 omne
1375 4864 1523 4907 onus
1560 4851 1878 4923 disrumpe.
1920 4853 2080 4923 Quod

433 4936 527 4993 his
572 4937 964 4994 adornandum
1017 4945 1104 4995 est
1151 4940 1498 4996 monilibus:
1534 4940 1750 5012 Frange
1801 4942 2079 4998 esurienti

432 5039 627 5095 panem
662 5030 824 5083 tuum
867 5034 923 5085 et
951 5042 1156 5101 egenos
1199 5042 1483 5100 vagosque
1541 5029 1716 5084 induc
1757 5030 1817 5085 in
1849 5030 2080 5086 domum

430 5119 604 5171 tuam.
633 5116 744 5171 llas
773 5117 922 5172 scias
958 5119 1070 5172 Deo
1099 5116 1474 5187 acceptabiles
1509 5117 1812 5188 lampades,
1866 5118 2080 5186 quibus

423 5204 710 5273 jejunium
738 5205 1129 5260 adornandum
1161 5210 1245 5261 est
1272 5206 1531 5276 quotidie
1568 5212 1629 5260 ut
1659 5208 1770 5261 Deo
1802 5207 1877 5261 sit
1911 5207 2081 5275 placi-

428 5298 568 5348 tum.
599 5295 950 5350 Methodium
981 5308 1222 5364 namque
1243 5295 1665 5366 superstitioni,
1700 5310 1809 5351 non
1840 5296 2079 5351 aediﬁca-

425 5385 593 5446 tioni.
621 5384 973 5440 contentioni
1014 5397 1126 5438 non
1194 5383 1314 5452 paci
1372 5384 1729 5440 insistentem
1778 5385 2076 5442 audientes

426 5475 737 5544 plurimum
762 5473 951 5528 mirati
977 5487 1213 5540 sumus;
1237 5477 1292 5528 et
1321 5473 1370 5528 si
1407 5474 1486 5528 ita
1516 5479 1620 5543 est,
1645 5474 2071 5544 utaudivimus,

425 5563 890 5636 superstitionem
929 5563 1055 5634 ejus
1086 5560 1315 5633 penitus
1363 5561 1715 5618 abdicamus.
1760 5562 2074 5619 Anathema

2199 4511 2616 4578 praetermittas.
2664 4510 2939 4580 Optamus
2971 4514 3022 4565 te
3051 4509 3108 4564 in
3147 4509 3380 4564 Christo
3404 4506 3599 4562 valere.

2958 4635 3076 4689 XV.

2406 4755 2475 4797 AD
2521 4754 2838 4797 GIRBERTUM
2867 4753 3264 4796 NEMAUSENSEM
3307 4749 3619 4795 EPISCOPUII.

2831 4828 3018 4897 (Anno
3053 4825 3207 4897 891.)

2338 4934 2530 5011 [Apud
2561 4938 2626 4993 D.
2669 4937 2967 5006 Bouquet.,
3001 4935 3215 4990 Rceueil
3253 4935 3348 4988 des
3395 4930 3682 4993 historiam,

2665 5027 2668 5029 ’
2869 5028 3004 5080 tom.
3047 5022 3168 5093 IX.]
3628 5101 3664 5104 ᾉ

2264 5117 2442 5170 Monet
2467 5121 2528 5170 ut
2554 5116 2767 5169 nullam
2790 5116 2900 5168 vim
2927 5115 3136 5180 inferat
3172 5110 3498 5166 monasterio
3526 5105 3580 5160 S.
3606 5094 3794 5167 Egidii,

2258 5205 2578 5260 STEPHANUS
2625 5204 2948 5274 episcopus,
2996 5215 3193 5257 servus
3221 5211 3510 5255 servorum
3541 5191 3654 5258 Dei,
3691 5186 3797 5240 GH“

2187 5309 2360 5351 nsero
2385 5295 2674 5365 episcopo.

2256 5363 2616 5455 Apostolatui
2674 5387 2868 5439 nostro
2913 5381 3153 5437 relatum
3185 5385 3269 5434 est
3321 5375 3492 5446 quod,
3552 5373 3605 5426 in
3656 5363 3794 5458 rebus

2187 5475 2429 5530 abbatia:
2474 5478 2682 5530 nostrae
2709 5485 2834 5541 quae
2880 5472 2934 5526 s.
2971 5467 3194 5540 ‘Aagidii
3224 5471 3329 5534 est,
3371 5476 3495 5534 quae
3534 5474 3564 5514 τί
3613 5459 3793 5548 ηρειτξε

2184 5562 2664 5632 antecessoribus,
2711 5560 2798 5616 vel
2825 5575 2857 5616 a
2906 5559 3074 5616 nobis
3109 5554 3326 5612 Amelio
3357 5545 3657 5608 Uzeticensi
3684 5545 3792 5608 8P"

3965 255 3967 320 ι
