4058 6154
416 314 525 374 807
1783 312 2119 370 STEPHANI
2155 313 2350 370 PAPJE
2388 317 2432 372 V
3733 319 3846 377 808

1170 439 1322 495 XXI.
2099 437 2160 497 Α
2920 443 3097 500 XXV.

999 560 1068 622 AD
1101 559 1394 601 summum
1419 555 1449 586 ιι
1478 584 1492 599 .

2341 581 2680 627 QUEBIMONIA
2713 581 2971 624 EGILMARI
3012 582 3248 624 EPISCOPI
3281 549 3580 624 CSNABRUG.
3616 582 3688 623 AD

1064 652 1250 721 (Anno
1279 649 1432 722 894.)

2737 652 3059 696 STEPHANUM
3091 655 3286 696 PAPAM.

492 759 764 830 Nunquid
782 773 891 816 non
906 760 1096 816 omnia
1108 759 1418 815 chrismata
1431 756 1803 814 sacerdotalis
1816 754 2073 826 mysterii
2826 748 3011 818 (Anno
3039 746 3139 803 894
3152 752 3194 820 .)

423 845 2074 934 crucisﬁguraperﬁciuntur?Nunquidbaptismatisunda,
2190 853 2372 931 [Apud
2439 857 2680 926 Emam,
2747 857 2973 924 Βερεετα
3030 857 3078 918 ι,
3148 855 3275 910 cod,
3345 859 3491 926 Dim.
3562 873 3613 928 ρ,
3685 855 3841 934 35η

425 937 539 992 nisi
587 949 756 992 cruce
820 935 1177 992 sanctiﬁcata
1222 939 1448 1005 peccata
1494 933 1981 999 relaxantur?Et,
2011 937 2078 987 ut

423 1029 625 1080 catera
656 1029 918 1094 praterea
930 1038 1074 1094 mus,
1104 1023 1231 1080 sine
1258 1023 1453 1080 crucis
1481 1021 1780 1094 signaculo
1813 1021 1949 1092 quis
1976 1033 2078 1075 sa-

421 1111 663 1168 cerdotii
691 1112 904 1184 gradus
941 1111 1201 1167 ascendit
1227 1111 1256 1165 τ

2258 985 2499 1041 Domino
2536 981 2900 1039 sanctissimo
2933 987 2990 1037 et
3031 983 3271 1054 egregia
3305 984 3634 1038 sanctitatis
3677 985 3845 1054 apice

2188 1071 2683 1144 prastantissimo,
2730 1082 2886 1142 papa
2913 1069 3216 1143 STEPHANO,
3259 1072 3505 1142 exiguus
3542 1086 3842 1130 servorum

2185 1163 2401 1221 Christi
2434 1179 2650 1238 servus,
2676 1169 2997 1222 EGILMARUS
3017 1161 3480 1233 Osnaburgensis
3507 1162 3840 1232 episcopus,

1162 1272 1340 1326 xxu,
2187 1267 2318 1310 cum
2363 1256 2519 1310 omni
2571 1255 2840 1326 subjecta
2899 1250 3362 1325 congregationis
3418 1255 3642 1305 caterva
3693 1264 3842 1306 vera

2187 1340 2486 1399 felicitatis
2531 1343 2800 1414 implorat
2841 1355 3128 1400 coronam.

2256 1432 2402 1488 Dum
2451 1433 2824 1488 orthodoxam
2873 1430 3089 1487 Christi
3134 1427 3466 1497 Ecclesiam,
3518 1428 3841 1498 apostolica

793 1524 1194 1591 Fragmentum.
1226 1551 1300 1562 —
1325 1520 1514 1590 (Anno
1553 1519 1706 1592 89f.)
2188 1519 2558 1576 institutione
2601 1519 2898 1576 fundatam
2927 1524 2984 1575 et
3012 1533 3043 1574 a
3071 1517 3287 1574 sanctis
3328 1517 3602 1572 Patribus
3631 1517 3846 1574 ﬁrmis-

423 1627 606 1700 [Apud
637 1628 996 1700 Gratianum,
1027 1631 1232 1684 Decret.
1264 1641 1327 1697 ll,
1359 1632 1503 1698 part.
1531 1623 1584 1698 3,
1613 1630 1812 1698 quast.
1841 1623 1897 1698 3,
1920 1640 1968 1682 c.
1994 1623 2072 1695 3.]

2200 1608 2331 1664 sime
2363 1607 2682 1664 roboratam
2712 1607 2870 1663 rabie
2913 1605 3373 1676 persequentium
3410 1609 3467 1660 et
3495 1604 3698 1662 fraude
3729 1606 3842 1661 ini-

455 1694 602 1772 A-nte
629 1718 775 1772 litem
795 1694 1145 1771 contestatam
1166 1694 1426 1770 violenter
1443 1694 2031 1770 ablata—restituantur.
2057 1694 2068 1695 ί
2107 1763 2153 1772 _
2189 1710 2431 1767 quorum
2451 1696 2713 1752 ἀοῙθωυε
2739 1695 3101 1763 dilaniata“):
3125 1708 3191 1750 ac
3213 1707 3310 1764 ρετ
3339 1694 3444 1750 hoc
3467 1695 3662 1764 Ροῐίυδ
3683 1695 3845 1764 t313i“

491 1805 726 1875 Oportet
747 1809 812 1860 ut
837 1803 1086 1875 primum
1106 1817 1205 1860 vos
1226 1809 1341 1860 tam
1365 1803 1436 1858 de
1459 1802 1678 1858 invasis
1703 1801 2064 1871 civitatibus,

2200 1763 2316 1841 iam
2350 1785 2654 1855 minusque
2686 1787 2745 1839 in
2775 1784 2977 1840 divino
3016 1782 3178 1839 cultu
3214 1763 3512 1847 fervidam,
3547 1763 3834 1854 geminus,

421 1897 478 1950 et
509 1871 894 1958 monasteriis,
934 1898 990 1947 et
1016 1890 1250 1962 mansis,
1281 1905 1448 1964 quam
1478 1890 1548 1946 de
1573 1889 1821 1961 reliquis
1850 1902 2076 1962 genera-
2185 1880 2384 1964 Ϋθεῐΐω
2410 1875 2641 1944 Pietatis
2661 1875 2793 1943 iura
2825 1888 2949 1964 ειιξξθ
2973 1886 3142 1964 Ρθηθξ
3161 1873 3337 1927 Deum
3365 1877 3504 1964 διξηῐ
3535 1871 3840 1964 Ψῖι-ηίῖθεω

424 1981 558 2037 liter
585 1981 755 2037 rebus
777 1980 1160 2037 redinvesturi
1189 1960 1448 2036 faciatis:
1480 1979 1617 2050 quia
1639 1960 1742 2034 nec
1761 1960 1902 2034 nudi
1929 1990 2076 2033 con-

2200 1963 2568 2032 leposcimus,
2590 1968 2653 2018 ut
2674 1976 2777 2018 nos
2798 1961 3013 2032 quibus
3036 1961 3230 2016 ovium
3255 1973 3392 2016 cura
3407 1960 3843 2016 Dominicarum

423 2069 673 2142 tendere,
722 2083 825 2126 nec
868 2069 1116 2126 inermes
1160 2068 1419 2125 inimicis
1453 2047 1557 2124 nos
1587 2065 1860 2123 debemus
1892 2078 2079 2136 oppo—
2187 2051 2492 2142 οοῐῐιῐξιίεδᾶ
2531 2056 2650 2142 θδῐν-
2684 2049 2891 2142 “llr-ir?
2927 2054 2984 2142 (ξι
3021 2047 3676 2142 εάςῖυνβνὲβίςηθ-ηξίηίν
3721 2063 3840 2142 (11ξο

431 2171 583 2214 nere.
662 2134 672 2142 ’
1931 2134 1948 2136 “
1970 2134 1986 2136 “
2189 2151 2284 2194 eas
2305 2138 2375 2194 ab
2400 2152 2592 2194 errore
2619 2138 2784 2194 devio
2813 2137 2882 2193 ad
2906 2137 3057 2192 viam
3087 2134 3350 2191 veritatis
3374 2142 3430 2190 et
3447 2135 3517 2191 ad
3545 2135 3737 2190 lumen
3763 2136 3838 2192 de

1150 2245 1354 2302 xxm,
2189 2227 2442 2284 tenebris
2474 2227 2742 2283 reducere
2781 2239 3056 2296 queamus
3087 2243 3102 2294 ;
3137 2225 3286 2295 quod
3321 2228 3458 2279 tunc
3492 2229 3643 2279 recte
3676 2223 3759 2293 ﬁt,
3789 2224 3840 2279 si

2192 2316 2442 2387 pravitas
2482 2316 2541 2370 in
2586 2315 2922 2372 rectitudem
2967 2317 3350 2377 convertatur,
3399 2327 3524 2382 qua
3556 2312 3689 2368 ideo
3736 2312 3844 2368 diu

2189 2405 2338 2474 apud
2373 2417 2476 2460 nos
2503 2418 2599 2474 per
2623 2403 2810 2458 varias
2857 2401 3237 2474 negligentias
3281 2400 3530 2470 pullulat
3561 2401 3700 2471 quia
3745 2413 3846 2470 per

803 2494 1209 2560 Fragmentum.
1239 2521 1313 2532 —
1339 2491 1526 2561 (Anno
1551 2487 1705 2560 891.)
2192 2493 2405 2548 multos
2430 2498 2582 2548 retro
2623 2505 2804 2547 annos
2829 2496 3020 2546 sancta
3062 2490 3313 2560 synodus
3343 2489 3582 2544 minime
3606 2503 3842 2561 congre-

646 2598 829 2667 [Αριιά
876 2601 1121 2669 Ivonem,
1165 2600 1376 2652 Decreti
1411 2611 1537 2668 vm,
1578 2610 1702 2666 cap.
1742 2591 1858 2668 59.]

2200 2585 2317 2653 gata
2347 2580 2496 2637 hanc
2535 2594 2644 2636 non
2691 2584 2921 2636 resecat.
2968 2579 3126 2634 Unde
3167 2579 3370 2634 audire
3417 2579 3692 2650 dignetur
3722 2591 3846 2633 san-

2188 2669 2447 2724 ctissima
2487 2668 2775 2724 industria
2825 2673 3008 2724 vestra
3061 2667 3308 2724 rationis
3352 2667 3719 2734 sententiam,
3765 2665 3840 2721 de

2187 2756 2356 2824 cujus
2395 2756 2778 2812 controversia
2827 2755 3090 2826 quatitur
3127 2754 3579 2824 pusillanimitas
3619 2759 3838 2809 nostra.

491 2846 815 2901 STEPHAst
839 2846 1146 2900 Tnsonosm
1174 2844 1460 2915 episcOpo.
2187 2843 2466 2898 Primitus
2495 2843 2566 2899 de
2589 2843 2844 2914 dicimis,
2893 2842 3106 2913 quibus
3156 2842 3519 2898 subditorum
3551 2848 3840 2898 catervam

496 2933 846 3004 Nunquidne
887 2933 1113 2990 duabus
1153 2933 1326 2989 simul
1364 2931 1593 3003 sponsis
1633 2929 1845 2986 nubere
1883 2929 2079 2985 barba-
2190 2945 2418 3002 pascere
2444 2931 2736 3002 debemus,
2767 2937 2965 2987 contra
2990 2931 3088 3001 jus
3111 2932 3449 2987 canonicum
3473 2936 3529 2986 et
3549 2930 3635 2985 fas
3665 2930 3843 2986 eccle-

431 3021 610 3078 ricam
651 3027 870 3094 gentem
925 3022 1170 3078 instruis
1205 3021 1234 3076 ‘?
1265 3019 1614 3092 Nunquidne
1657 3023 2076 3075 sacramentum
2188 3021 2486 3078 siasticum
2511 3020 2727 3090 injusto
2747 3021 2950 3076 ordine
2969 3034 3002 3075 a
3025 3020 3191 3076 nobis
3213 3033 3310 3090 per
3331 3020 3440 3074 vim
3465 3019 3713 3089 ablatis;
3738 3033 3841 3089 pro

426 3110 695 3168 Ecclesia
723 3114 1094 3180 exponentem
1123 3109 1457 3180 Apostolum
1491 3122 1601 3164 non
1636 3107 1827 3179 legisti
1855 3125 1867 3161 :
1896 3108 2076 3161 Erunt
2108 3109 2158 3172 Ο
2189 3125 2301 3181 qua
2331 3123 2461 3165 vero
2497 3123 2556 3164 re
2593 3109 2713 3165 sint
2743 3109 2964 3180 ablata,
2989 3114 3044 3164 et
3082 3108 3232 3164 unde
3277 3109 3618 3178 processerit
3649 3109 3839 3180 origo,

423 3199 532 3254 duo
559 3201 620 3252 in
657 3214 820 3253 carne
849 3198 1114 3253 una?An
1141 3197 1384 3253 forsitan
1423 3196 1510 3252 tui
1537 3195 1764 3252 codices
1789 3193 1934 3251 falso
1960 3199 2076 3251 tres
2191 3203 2256 3254 ut
2279 3198 2654 3268 decimarum,
2703 3197 2916 3268 quibus
2958 3197 3354 3254 tantummodo
3385 3197 3753 3266 episcopatus
3774 3197 3838 3252 in

688 1408 758 1452 AD
786 1409 1071 1452 GIRARDUH
1105 1407 1401 1451 EPISCOPUH
1437 1407 1797 1451 LEODIENSEH.

759 2384 838 2426 AD
879 2382 1300 2425 THEODOSIUH
1351 2380 1736 2424 EPISCOPUH.

503 2720 660 2786 Quod
694 2721 838 2775 nulli
870 2721 1028 2775 liceat
1061 2721 1201 2775 duas
1239 2721 1434 2775 habere
1475 2721 1747 2788 legitimas
1784 2731 1981 2772 uxores

333 3308 340 3318 ε
422 3287 482 3342 in
522 3300 692 3343 carne
737 3299 848 3343 una
886 3292 1166 3342 asserunt
1195 3285 1453 3341 ?Desine
1486 3285 1604 3354 jam
1643 3284 1746 3339 tali
1791 3283 2077 3339 tabescere
2186 3287 2430 3344 Saxonia
2478 3293 2614 3342 sunt
2655 3286 2980 3354 constituti,
3027 3299 3138 3340 non
3185 3285 3300 3340 nisi
3343 3291 3544 3356 quarta
3590 3299 3723 3354 pars
3765 3286 3836 3342 ad

424 3375 671 3447 ignavia,
704 3381 762 3431 et
788 3375 948 3432 disce
977 3375 1233 3446 paternis
1263 3374 1496 3430 obedire
1531 3374 1770 3446 regulis,
1807 3386 1876 3428 ne
1907 3373 2074 3427 inve—
2186 3374 2674 3447 Osnabrugensem
2716 3375 3025 3430 Ecclesiam
3067 3374 3128 3429 in
3169 3373 3384 3429 honore
3411 3375 3468 3428 S.
3501 3374 3651 3428 Petri
3683 3374 3839 3443 prin-

423 3465 611 3520 niaris
640 3467 886 3521 statutos
913 3478 946 3520 a
980 3464 1244 3521 Patribus
1289 3463 1566 3519 terminos
1610 3461 1957 3533 transgredi,
1985 3458 2072 3515 vel
2186 3464 2337 3534 cipis
2351 3463 2738 3533 apostolorum
2757 3468 3137 3519 consecratam
3160 3463 3453 3533 inserviat,
3477 3463 3647 3531 cujus
3663 3463 3836 3517 etiam

421 3565 523 3622 per
545 3552 920 3609 ambitionem
949 3551 1020 3607 de
1052 3551 1253 3621 majori
1285 3551 1353 3606 ad
1387 3551 1656 3619 majorem
1690 3548 1936 3604 transire
1964 3549 2079 3602 Ec-
2188 3567 2291 3609 nos
2317 3553 2626 3608 servitores
2647 3567 2867 3623 sumus,
2894 3565 3027 3608 cum
3049 3557 3264 3608 catera
3286 3547 3475 3622 partes
3497 3552 3744 3620 majores
3769 3565 3836 3606 ex

419 3640 678 3703 clesiam,
716 3641 867 3711 quod
906 3644 1216 3695 tentantem
1262 3639 1410 3694 laica
1453 3638 1628 3694 etiam
1674 3635 2078 3693 communione
2187 3641 2508 3712 quantitate
2555 3645 2612 3696 et
2642 3654 2878 3696 numero
2913 3641 2982 3696 ad
3026 3641 3277 3696 eamdem
3325 3641 3516 3695 sedem
3542 3653 3611 3694 ex
3641 3639 3840 3697 debito

421 3727 574 3782 sacri
617 3729 844 3797 privant
882 3740 1146 3782 canones.
2189 3729 2557 3800 pertinentes,
2606 3730 2757 3786 inter
2795 3729 3102 3787 monachos
3141 3729 3526 3798 Huxilienses,
3563 3728 3664 3784 ubi
3698 3724 3840 3780 nova

2184 3817 2421 3873 Corbeia
2445 3817 2517 3873 ab
2540 3818 2627 3874 eis
2674 3819 2976 3888 vocitatur,
3019 3825 3075 3874 et
3112 3819 3334 3889 puellas
3371 3816 3836 3881 Herivordenses,

1150 3867 1349 3924 xm
2185 3867 3332 3977 maga;satiassatias
3351 3867 3597 3977 asa;
3614 3867 3840 3973 ξιξ-ὧ

617 4006 688 4047 an
723 4003 1054 4048 ιλιωειιτυιι
1097 4003 1529 4046 canonansnssn
1569 4003 1884 4046 EPISCOPUM.
2185 3995 2521 4065 episcopatu
2567 3997 2914 4065 pertinentia
2957 3995 3213 4065 subjecta
3257 4001 3412 4064 sunt,
3461 3999 3518 4049 et
3563 3992 3840 4049 ecclesias

793 4101 1192 4166 Frag-mentum.
1223 4127 1297 4138 _
1323 4097 1510 4166 (Anno
1553 4095 1706 4169 894,)
2187 4083 2557 4154 baptismales
2577 4086 2642 4141 N.
2666 4099 2789 4155 qua
2817 4084 2981 4154 prius
2999 4084 3355 4154 episcOpatui
3382 4095 3617 4138 annexa
3644 4081 3842 4149 subju-

2191 4177 2333 4243 gata
2379 4179 2560 4244 erant,
2607 4187 2734 4244 qua
2768 4174 2886 4242 jam
2931 4187 3043 4228 non
3083 4172 3459 4242 requirimus,
3495 4172 3590 4227 sed
3636 4171 3835 4226 saltem

2189 4261 2442 4316 decimas
2467 4267 2684 4317 tantum
2707 4261 2898 4318 debite
2929 4262 3276 4331 pertinentes
3299 4261 3368 4316 ad
3397 4275 3499 4315 nos
3525 4259 3686 4316 reddi
3713 4273 3838 4330 qua

493 4345 852 4406 Srnsrnanns
908 4346 993 4418 (IV
1015 4346 1086 4420 b)
1134 4349 1426 4403 mussare
1484 4347 1752 4418 episcopo
1817 4348 2083 4404 Cenoma-
2189 4349 2392 4406 ablata
2417 4355 2572 4420 sunt,
2603 4350 2945 4422 ﬂagitamus.
2980 4352 3104 4406 Hac
3130 4350 3380 4405 veridica
3406 4349 3553 4404 ratio
3583 4354 3690 4403 est.

435 4438 620 4496 nensi.
2105 4448 2160 4509 ι)
2259 4439 2398 4494 Cum
2416 4439 2655 4506 dudum,
2683 4439 2938 4508 inquam,
2969 4452 3207 4510 magnus
3223 4437 3661 4494 etadmirabilis
3685 4437 3839 4506 prin-

494 4531 655 4585 Lecta
692 4527 936 4598 epistola
963 4539 997 4581 a
1021 4524 1326 4582 sanctitate
1352 4529 1452 4581 tua
1480 4523 1648 4581 nobis
1675 4525 1915 4596 directa,
1948 4541 2075 4597 qua
2185 4542 2318 4598 ceps
2363 4527 2600 4582 Carolus
2643 4528 2745 4599 qui
2791 4533 3008 4598 gentem
3062 4527 3399 4584 Saxonicam
3453 4539 3553 4596 per
3599 4532 3834 4581 strenua

601 4213 784 4297 [Apud
806 4224 1050 4292 Ivonem,
1079 4223 1290 4276 Βρονεεὶ
1317 4228 1474 4291 parte
1500 4235 1560 4292 x,
1591 4235 1714 4292 cap.
1753 4217 1898 4295 186.]

425 4617 573 4672 hanc
620 4615 911 4687 feminam,
973 4613 1202 4670 nomine
1260 4613 1683 4686 ilildegaidam,
1741 4615 1895 4672 ﬁlios
1937 4629 2074 4672 suos
2184 4615 2463 4672 bellorum
2505 4617 2839 4686 certamina,
2871 4619 2984 4672 Deo
3023 4615 3499 4684 adminiculante,
3545 4614 3620 4670 ad
3670 4613 3831 4669 ﬁdem

422 4703 785 4760 interfecisse
817 4709 873 4760 et
913 4706 1238 4772 septennem
1283 4702 1677 4771 paenitentiam
1707 4703 1895 4774 egisse
1925 4702 2076 4760 fate-
2181 4704 2641 4760 Christianitatis
2661 4705 3023 4775 converterit,
3047 4704 3343 4775 synodalis
3370 4710 3543 4774 atque
3567 4700 3832 4759 canonici

421 4789 612 4853 batur,
659 4790 820 4845 valde
857 4788 1171 4844 doluimus.
1218 4789 1376 4846 Unde
1416 4790 1554 4861 quia
1595 4791 1879 4846 mandasti
1908 4796 1972 4846 ut
1994 4791 2076 4846 vi-
2178 4792 2616 4862 jurisconsultis
2637 4793 2898 4865 singulos
2917 4793 3171 4863 ejusdem
3194 4792 3507 4863 provincia
3526 4792 3835 4862 episcOpa-

422 4891 581 4934 scera
606 4878 839 4948 pietatis
867 4878 920 4933 ei
954 4877 1352 4949 praberemus,
1385 4879 1651 4936 volumus
1670 4883 1726 4935 et
1751 4880 2074 4936 misericor-
2184 4887 2279 4936 tus
2297 4895 2364 4936 ex
2383 4882 2733 4938 decimarum
2759 4882 3070 4952 stipendiis
3094 4881 3517 4949 constituisset,
3539 4881 3678 4950 quia
3698 4880 3834 4936 aliis

421 4965 574 5022 diter
629 4967 983 5034 mandamus,
1047 4972 1110 5023 ut
1154 4967 1338 5022 sacris
1401 4966 1835 5039 festivitatibus,
1881 4969 1938 5024 id
1986 4974 2072 5026 est
2185 4969 2267 5024 ibi
2302 4975 2555 5039 pastores
2573 4975 2629 5026 et
2652 4971 2906 5041 episcOpi
2929 4971 3192 5026 donariis
3220 4970 3492 5026 carebant
3517 4970 3671 5025 unde
3704 4982 3832 5038 pau-

423 5055 740 5110 reverenda
776 5055 1130 5124 Nativitatis,
1158 5061 1214 5111 et
1244 5055 1429 5111 sancti
1455 5056 1704 5128 Pascha,
1737 5063 1911 5128 atque
1941 5059 2075 5114 Pen-
2184 5057 2344 5114 latim
2369 5059 2625 5115 roborari
2663 5058 3074 5115 Christianitas
3100 5059 3401 5129 potuisset,
3434 5063 3511 5129 et,
3542 5062 3672 5127 post
3709 5058 3830 5126 ejus

425 5147 690 5210 tecostes,
728 5149 786 5198 et
812 5142 1034 5198 Natalis
1074 5143 1476 5212 Apostolorum
1517 5158 1741 5200 sacrum
1784 5160 1992 5216 corpus
2015 5151 2075 5201 et
2183 5160 2495 5216 excessum,
2524 5147 2682 5204 ﬁlius
2711 5147 2836 5216 ejus
2862 5147 3020 5204 bona
3051 5148 3338 5203 memoria
3379 5145 3706 5202 Ludovicus
3729 5145 3826 5200 diu

421 5230 760 5301 sanguinem
778 5231 1004 5285 Domini
1028 5231 1209 5286 nostri
1230 5233 1359 5287 Jesn
1377 5232 1592 5288 Christi
1611 5245 1835 5289 sumere
1850 5233 2070 5301 debeat,
2186 5241 2396 5291 sancta
2408 5236 2673 5292 Ecclesia
2696 5242 3036 5308 propagator
3060 5236 3360 5308 viguisset,
3385 5235 3605 5290 accidit
3628 5241 3691 5291 ut
3717 5240 3826 5289 tres

420 5319 699 5376 etdiebus
719 5319 850 5374 vita
867 5319 1059 5374 suain
1077 5321 1421 5376 monasterio
1442 5327 1665 5377 retrusa
1682 5322 2071 5378 monachicam
2186 5325 2295 5380 ﬁlii
2327 5327 2474 5395 ejus,
2508 5325 2758 5397 maligno
2803 5325 2894 5381 usi
2933 5325 3201 5396 consilio,
3243 5338 3373 5380 eum
3420 5325 3479 5379 in
3509 5323 3820 5380 custodiam

422 5409 599 5464 Vitam
641 5407 984 5480 regulariter
1016 5409 1206 5463 ducat
2184 5415 2494 5486 mitterent,
2518 5415 2613 5471 cui
2640 5413 2885 5471 consilio
2908 5429 3019 5471 una
3039 5415 3467 5484 conspiratione
3488 5425 3818 5470 consensum

492 5548 523 5578 α
553 5531 1040 5610 Illud_Stilianum
1066 5532 1334 5610 dature}:
1359 5534 1506 5610 cod._
1528 5535 1731 5610 Vatia,
1768 5541 1918 5608 apud
1944 5541 2074 5598 Cor—
2252 5538 2281 5581 ι»
2330 5541 2437 5595 Pro
2489 5540 2758 5609 Stephano
2815 5540 2917 5603 IV,
2975 5539 3277 5610 legendum
3317 5536 3573 5595 arbitror
3610 5535 3820 5604 Stepha-

426 5610 674 5661 rectores
713 5605 1013 5661 Romanos.
1058 5603 1190 5674 Cap.
1237 5605 1506 5675 Nunquid
1534 5607 1600 5662 de
1645 5603 1824 5682 ConsC,
1857 5611 1992 5668 dist.
2021 5610 2074 5670 5.
2182 5626 2287 5666 nus
2320 5612 2413 5666 VI.
2443 5603 2624 5666 lusi.
