4060 6150
223 253 336 311 809

1247 253 1612 323 EPISTOLIE,
1653 251 2045 308 DIPLOMATA
2083 253 2175 307 ET
2213 254 2623 312 PRIVILEGIA.

3528 258 3636 318 840

223 385 284 436 et
341 379 695 449 adjutorium
755 379 1038 450 praedicta
1090 380 1246 437 sedis
1292 385 1500 437 nostra
1558 379 1617 434 in
1668 379 1881 434 honore
1907 379 2499 456 Asideantdecimas
2531 382 3096 455 pradictiepiscOpii
3127 389 3326 442 contra
3349 388 3447 456 jus
3475 402 3639 445 cano-

228 468 415 525 sancti
462 468 615 524 Petri
664 469 909 539 apostoli
955 469 1230 525 dedicata
1278 469 1603 539 episcOpus,
1650 468 1881 524 nomine

225 558 554 627 Goswinus,
598 558 863 628 prabuit,
908 558 988 614 ita
1019 563 1083 614 ut
1117 572 1445 615 mucronem
1474 558 1545 614 ab
1574 572 1639 615 eo
1672 557 1885 613 violen-

228 651 318 703 ter
355 647 478 716 ipse
516 646 884 719 discingeret.
926 647 1066 704 Cum
1105 653 1294 705 autem
1338 663 1543 705 rursus
1583 663 1651 704 ex
1690 648 1883 703 eadem

227 736 513 807 custodia,
546 737 657 792 Deo
686 736 928 809 volente,
964 750 1062 807 per
1085 738 1446 807 adjutorium
1482 737 1590 793 ﬁlii
1634 738 1760 807 ejus
1792 736 1887 791 bo-

232 824 482 895 monymi
508 824 781 881 Ludovici
805 840 937 881 cum
962 826 1177 882 honore
1203 826 1273 881 ad
1296 839 1533 898 regnum
1554 829 1880 893 remeasset,

230 914 542 984 pradictus
589 914 913 986 episcopus,
965 929 1083 971 sua
1127 915 1379 986 perﬁdia
1421 920 1477 971 et
1523 913 1885 970 inﬁdelitatis

227 1003 519 1073 conscius,
560 1003 629 1059 ad
671 1004 995 1062 coenobium
1035 1004 1322 1061 Vuldense
1366 1002 1724 1077 confugiens,
1773 1016 1887 1059 mo-

231 1093 520 1150 nasticum
543 1092 805 1149 habitum
826 1095 1161 1167 assumpsit,
1185 1098 1242 1150 et
1263 1094 1434 1151 semel
1459 1094 1522 1150 in
1543 1107 1692 1150 anno
1714 1093 1888 1149 laten-

234 1186 326 1238 ter
347 1182 535 1252 ipsius
554 1182 921 1254 episcopatus
942 1184 1128 1240 locum
1154 1184 1403 1240 invisere
1422 1182 1657 1239 solebat.
1681 1182 1888 1253 Sicque

230 1272 582 1344 episcOpalis
608 1287 746 1329 cura
790 1274 916 1329 sine
957 1274 1197 1344 praesule
1239 1279 1296 1330 et
1326 1278 1544 1329 rectore
1576 1286 1638 1329 ea
1686 1276 1891 1343 tempe-

233 1367 383 1418 state
402 1361 747 1417 remanebat.
771 1362 1006 1418 Interim
1023 1376 1055 1418 a
1078 1363 1279 1419 multis
1303 1363 1614 1436 invaditur,
1643 1361 1884 1433 rapitur,

233 1452 594 1523 dispergitur
614 1456 672 1507 et
689 1451 1031 1522 dissipatur,
1054 1453 1252 1517 donec,
1284 1456 1412 1522 post
1435 1450 1730 1507 mitissimi
1756 1464 1892 1520 pra-

235 1540 343 1596 fati
389 1541 660 1597 Ludovici
714 1541 998 1611 principis
1044 1556 1359 1614 excessum,
1418 1555 1547 1597 cum
1596 1540 1785 1595 valida
1835 1544 1891 1595 et

237 1630 566 1700 periculosa
594 1644 751 1702 regn.
773 1630 1119 1701 disceptatio
1147 1632 1297 1687 inter
1318 1636 1433 1687 tres
1454 1630 1608 1686 ﬁlios
1632 1628 1893 1685 immine-

1994 470 2209 533 nicum,
2254 474 2312 526 et
2355 472 2505 541 quod
2562 471 2813 542 primum
2858 473 2919 529 in
2969 472 3339 531 fundamento
3384 476 3638 545 ejusdem

1991 559 2259 615 Ecclesia
2307 573 2340 615 a
2387 558 2621 631 prafato
2667 573 2868 634 magno
2914 561 3135 635 Carolo,
3185 563 3541 633 coepiscopis
3585 569 3641 622 et

1994 648 2270 704 canonico
2342 648 2570 705 decreto
2646 654 2770 706 erat
2852 653 3161 720 statutum,
3252 656 3317 707 ut
3389 656 3644 708 maneret

1995 742 2213 809 ratum,
2287 739 2394 794 hoc
2469 739 2615 796 miro
2680 744 2736 796 et
2804 739 3131 796 detestabili
3199 740 3385 810 modo,
3459 740 3643 812 quali-

1995 830 2082 883 ter
2114 840 2147 882 a
2176 827 2634 899 Magontiacense
2673 829 2917 886 alterius
2946 829 3216 886 diacesis
3247 829 3489 900 prasule
3524 828 3647 886 fore

1996 921 2168 987 queat
2199 917 2452 988 irritum,
2494 918 2844 990 ignoramus.
2889 919 3047 976 Unde
3084 932 3156 974 an
3188 919 3294 975 hoc
3325 918 3474 989 quod
3515 932 3647 975 con-

1996 1006 2241 1062 trarium
2267 1006 2557 1062 canonica
2581 1008 2914 1064 auctoritati
2942 1004 3188 1079 videtur,
3216 1020 3287 1064 an
3316 1006 3465 1063 illud
3492 1008 3644 1079 quod

1996 1094 2340 1167 regulariter
2377 1109 2446 1151 ex
2487 1097 2730 1153 decimis
2772 1098 2935 1167 prius
2971 1101 3251 1154 statutum
3288 1101 3395 1168 est,
3434 1102 3648 1154 restau-

1996 1185 2176 1241 rando
2209 1184 2532 1257 roboretur,
2563 1200 2662 1242 vos
2685 1186 2964 1257 judicate,
2996 1187 3226 1243 domine
3251 1187 3415 1243 Pater
3442 1186 3649 1243 beatis-

1998 1274 2159 1330 sime.
2206 1276 2425 1330 Interea
2462 1275 2782 1344 supradicti
2824 1279 3204 1347 accusatores,
3241 1276 3342 1347 qui
3383 1289 3490 1335 me.
3533 1288 3646 1331 non

1999 1368 2185 1420 tamen
2224 1364 2283 1419 in
2317 1364 2639 1435 prasentia,
2680 1366 2750 1421 de
2785 1365 3123 1422 inﬁdelitate
3161 1366 3314 1438 regis
3353 1378 3649 1422 accusave-

2002 1458 2158 1524 runt,
2187 1459 2505 1510 asserentes
2532 1468 2618 1509 me
2640 1454 2746 1511 hoc
2769 1455 2912 1510 velle
2931 1455 3226 1511 destruere
3251 1455 3401 1527 quod
3426 1454 3649 1526 priores

1999 1542 2246 1615 Augusti
2273 1542 2359 1599 vel
2387 1556 2546 1615 reges
2573 1548 2909 1617 sanxerunt,
2938 1544 3006 1599 ad
3035 1544 3311 1601 rationem
3339 1558 3428 1601 me
3450 1544 3647 1600 venire

2001 1631 2422 1704 compulerunt,
2445 1633 2582 1689 dum
2603 1646 2795 1689 coram
2815 1630 3056 1689 Arnulfo
3078 1633 3340 1704 principe
3364 1636 3421 1688 et
3439 1632 3650 1703 episco-

234 1723 345 1788 ret,
394 1722 450 1773 et
492 1719 595 1774 uni
639 1733 707 1774 ex
753 1719 864 1791 his,
917 1719 1141 1775 scilicet
1182 1720 1309 1790 ejus
1353 1719 1663 1790 aquivoco,
1716 1715 1970 1786 hujusB
2003 1720 2091 1791 pis
2132 1733 2348 1793 novem,
2392 1734 2635 1791 quorum
2681 1721 2798 1777 hac
2842 1725 2978 1778 sunt
3021 1721 3273 1795 nomina,
3316 1721 3650 1778 Williberto

236 1807 456 1863 divisio
488 1808 547 1862 in
579 1811 788 1864 sortem
809 1809 1051 1879 cederet,
1081 1809 1315 1880 quidam
1341 1809 1466 1878 ejus
1492 1808 1680 1864 ﬁdelis
1704 1818 1893 1862 comes

235 1896 594 1968 ditissimus,
623 1896 813 1953 Cobbo
844 1902 1229 1968 nuncupatus,
1271 1899 1342 1954 de
1371 1897 1643 1968 pradicto
1681 1896 1895 1967 episco-

237 1991 382 2057 patu
416 1986 699 2057 quidquid
731 1986 916 2043 voluit
954 2000 1119 2059 agere
1147 1988 1408 2058 adeptus,
1443 2000 1712 2059 germano
1740 1987 1887 2057 ejus,

239 2075 477 2130 nomine
504 2075 731 2147 Werin,
766 2075 825 2131 in
859 2075 1204 2132 monasterio
1232 2076 1562 2132 Huxiliensi
1592 2079 1730 2132 tunc
1760 2079 1894 2131 tem-

244 2164 412 2236 poris
447 2164 669 2236 abbate,
700 2170 757 2221 et
795 2179 986 2222 serore
1013 2167 1138 2235 ejus
1178 2166 1237 2222 in
1274 2166 1597 2237 puellarum
1634 2165 1894 2222 canobio

243 2255 652 2311 Herivordensi
683 2254 976 2311 abbatissa
1003 2255 1364 2328 degentibus,
1398 2259 1676 2326 quantum
1715 2254 1900 2311 voluit

242 2344 325 2399 de
365 2344 607 2399 decimis
645 2359 774 2415 qua
802 2345 871 2401 ad
915 2347 1174 2401 eumdem
1222 2346 1613 2415 episcopatum
1660 2344 1903 2414 pertine-

246 2432 411 2503 bant,
455 2434 604 2489 tradi
654 2432 791 2490 fecit
826 2434 895 2489 ad
940 2434 1133 2490 eadem
1179 2433 1523 2489 monasteria
1564 2434 1624 2488 in
1657 2433 1901 2489 alterius

245 2523 526 2595 parochia
550 2523 906 2595 alteriusque
925 2524 1160 2580 diacesi
1183 2524 1518 2589 constituta,
1548 2528 1752 2593 prater
1776 2537 1902 2593 syn-

253 2612 437 2669 odum
475 2616 531 2667 et
566 2613 975 2669 conscientiam
1017 2612 1435 2683 episcoporum.
1482 2613 1621 2668 Cum
1668 2611 1900 2667 interim

243 2700 572 2758 Gozbertus
610 2701 915 2771 episcopus
948 2702 1020 2757 de
1058 2706 1222 2773 gente
1250 2701 1536 2757 Sueonum
1576 2698 1708 2772 (quo
1751 2698 1905 2756 ordi-

241 2794 428 2847 natus
468 2790 607 2863 erat)
650 2790 1044 2861 persecutione
1087 2791 1303 2860 ejectus
1345 2794 1510 2859 esset,
1566 2788 1903 2845 necessitate

239 2878 589 2949 compulsus
633 2878 968 2949 pradictum
1006 2878 1326 2935 Cobbonem
1365 2879 1532 2948 adiit,
1576 2892 1689 2949 quo
1734 2878 1906 2947 impe-

2001 1809 2331 1881 Agrippina
2373 1808 2623 1866 Colonia
2659 1810 3112 1883 archiepiscopo,
3156 1809 3275 1866 Arn
3312 1811 3654 1867 Wircibur-

2003 1911 2191 1970 gense,
2223 1897 2529 1954 Odilbaldo
2556 1899 2875 1968 Trectense,
2908 1900 3169 1971 Drogone
3198 1899 3515 1972 Mindense,
3546 1900 3653 1955 Go-

2003 1987 2247 2042 dethanc
2284 1987 2569 2059 Spirense,
2609 1987 2906 2043 Wicberto
2932 1987 3482 2059 Hildensummense,
3522 1987 3651 2043 Wi-

2006 2075 2166 2132 berto
2194 2076 2491 2148 Ferdense,
2516 2075 2720 2133 Evulfo
2740 2077 3292 2146 Holmorsteddense,
3317 2078 3521 2135 Bisone
3539 2077 3653 2132 Pa—

2006 2165 2444 2237 tharburnense,
2482 2179 2714 2223 causam
2746 2166 3144 2236 hujuscemodi
3181 2166 3397 2239 negotii
3430 2167 3491 2223 in
3527 2179 3653 2222 me-

2007 2256 2105 2312 dio
2149 2254 2480 2328 proferrem,
2524 2255 2756 2312 obnixis
2794 2255 3064 2326 precibus
3105 2256 3167 2312 in
3203 2270 3396 2313 amore
3439 2254 3649 2313 summi

2010 2346 2258 2415 pastoris
2288 2350 2347 2400 et
2377 2345 2667 2415 pontiﬁcis
2694 2346 2826 2402 Jesu
2849 2345 3066 2402 Christi
3097 2346 3265 2416 cujus
3298 2346 3503 2402 vicarii
3528 2360 3656 2403 esse

2008 2437 2343 2506 creduntur,
2380 2441 2436 2492 et
2467 2436 2524 2492 S.
2558 2436 2709 2492 Petri
2741 2436 2987 2507 apostoli
3023 2436 3395 2508 omniumque
3424 2442 3655 2493 sancto-

2012 2540 2139 2580 rum
2185 2524 2402 2581 honore
2447 2524 2729 2595 postulavi
2780 2529 2846 2581 ut
2886 2526 3200 2582 secundum
3243 2525 3658 2598 conscriptum,

2012 2614 2162 2685 quod
2185 2627 2375 2671 coram
2397 2614 2482 2670 eis
2505 2614 2615 2687 legi
2645 2613 2753 2670 feci
2776 2618 2832 2670 et
2852 2614 3002 2685 quod
3033 2628 3204 2685 penes
3231 2627 3335 2671 nos
3357 2614 3653 2684 habemus,

2013 2709 2068 2760 et
2083 2706 2239 2774 justa
2260 2704 2485 2775 judicia
2512 2709 2570 2760 et
2591 2705 2868 2760 canonica
2895 2705 3059 2775 scita,
3084 2709 3233 2760 recte
3253 2705 3323 2760 de
3348 2704 3454 2760 hoc
3479 2718 3661 2778 nego—

2015 2794 2098 2850 tio
2112 2794 2502 2864 respondendo
2514 2794 2901 2850 decernerent.
2925 2793 2999 2849 At
3013 2793 3123 2866 illi,
3140 2793 3385 2850 scientes
3395 2794 3661 2851 volunta-

2015 2886 2127 2938 tem
2156 2881 2441 2951 principis
2482 2885 2539 2937 et
2572 2882 2951 2953 quorumdam
2990 2882 3289 2954 comitum,
3330 2887 3387 2938 et
3425 2896 3495 2939 ne
3531 2896 3660 2939 eum

244 2973 467 3039 trante,
509 2972 565 3023 et
606 2982 735 3040 rege
772 2968 1134 3038 concedente,
1188 2968 1441 3038 suscepit
1487 2966 1906 3039 gratulabunde
1950 3042 1963 3043 ί
2016 2968 2366 3026 offenderent
2394 2970 2728 3039 renitentes,
2758 2970 2842 3025 nil
2872 2971 2942 3026 de
2967 2984 3138 3027 causa
3171 2970 3391 3041 prolata
3418 2985 3662 3043 respon-

247 3057 516 3114 eumdem
563 3057 978 3128 episcopatum,
1036 3057 1299 3127 decimis,
1344 3057 1496 3114 unde
1547 3055 1905 3112 solummodo
1934 3042 1984 3104 C
2015 3058 2148 3114 dere
2180 3063 2686 3129 prasumpserunt,
2725 3059 2819 3115 sed
2859 3058 3090 3128 penitus
3127 3072 3259 3116 cum
3291 3042 3662 3130 responsione
3774 3042 3787 3049 ’

252 3146 614 3204 constitutus
642 3151 746 3220 est,
787 3147 1034 3203 maxima
1063 3160 1133 3202 ex
1172 3151 1331 3217 parte
1363 3151 1686 3217 vacuatum,
1726 3158 1907 3215 eoque

252 3233 483 3291 favente
524 3240 580 3291 et
610 3237 847 3292 timente
887 3249 955 3291 ne
1000 3234 1145 3292 forte
1188 3236 1263 3307 ei,
1299 3236 1368 3291 ad
1412 3235 1563 3305 quod
1603 3234 1909 3290 ordinatus

250 3336 373 3379 non
404 3329 544 3395 erat,
582 3323 928 3396 auferretur,
974 3338 1080 3381 suo
1110 3328 1361 3394 tempore
1395 3324 1521 3379 sine
1548 3322 1743 3393 aliqua
1781 3334 1912 3378 con-

252 3412 606 3469 tradictione
648 3414 728 3470 ita
774 3415 1104 3484 permansit.
1157 3413 1485 3485 Egilbertus
1527 3426 1659 3468 vero
1706 3412 1913 3482 praede-

253 3515 453 3558 cessor
478 3509 534 3558 et
559 3503 933 3573 coepiscopus
959 3508 1151 3559 noster
1174 3502 1374 3559 crebro
1401 3516 1502 3571 pro
1530 3502 1656 3572 ipso
1684 3500 1911 3573 negotio

253 3591 649 3647 Guntharium
671 3598 727 3647 et
744 3591 1143 3648 Willibertum
1165 3591 1631 3662 archiepiscopos
1650 3589 1915 3661 interpel—

258 3678 422 3751 lavit,
450 3686 510 3736 et
540 3681 718 3737 variis
747 3680 1249 3752 occupationibus,
1284 3681 1498 3752 quibus
1528 3685 1722 3736 sancta
1751 3692 1914 3750 syno-

256 3770 370 3825 dus
398 3783 501 3839 per
521 3770 688 3843 longa
716 3774 1002 3826 transacta
1026 3775 1281 3840 tempora
1307 3784 1418 3827 non
1440 3774 1528 3827 est
1551 3772 1910 3842 congregata,

258 3860 651 3933 obstantibus,
706 3874 879 3917 causa
921 3859 1203 3918 ﬁnetenus
1241 3874 1353 3917 non
1391 3865 1478 3917 est
1513 3858 1909 3917 determinata.

256 3950 328 4006 At
358 3963 494 4007 vero
513 3964 643 4006 cum
672 3950 818 4006 mihi
847 3950 1087 4022 indigno
1107 3949 1361 4020 ejusdem
1387 3950 1751 4020 episcopatus
1775 3959 1914 4002 cura

258 4039 470 4096 fuisset
511 4040 790 4109 injuncta,
833 4042 890 4094 et
920 4039 1070 4095 inter
1102 4038 1292 4095 varias
1322 4039 1724 4111 negligentias,
1770 4050 1915 4109 quas

258 4130 604 4201 perlongum
643 4133 730 4184 est
757 4128 1077 4191 enucleare.
1118 4128 1314 4198 plures
1350 4128 1622 4184 ecclesias
1662 4128 1917 4185 inconse-

256 4225 473 4288 cratas,
507 4217 836 4288 aliquantas
865 4216 1038 4272 etiam
1079 4216 1416 4273 homicidiis
1454 4216 1794 4287 perpetratis
1834 4216 1917 4271 in-

254 4307 462 4379 fectas,
512 4306 805 4377 variisque
835 4305 1138 4376 spurcitiis
1167 4310 1223 4361 et
1252 4305 1493 4377 ﬂagitiis
1522 4305 1757 4361 minime
1788 4319 1917 4374 pur-

2016 3148 2294 3203 canonica
2320 3147 2379 3202 in
2409 3160 2601 3203 amore
2622 3147 2723 3203 Dei
2752 3147 2928 3218 petita
2948 3147 3184 3217 justitia
3213 3147 3359 3203 mihi
3388 3148 3665 3221 denegata

2017 3241 2121 3292 est.
2153 3237 2362 3307 Sicque
2389 3236 2678 3293 adulando
2708 3236 2981 3307 principi,
3018 3238 3222 3306 jussus
3253 3250 3380 3293 sum
3410 3236 3481 3293 ab
3514 3249 3581 3293 eo
3610 3236 3663 3292 si

2018 3325 2146 3394 ejus
2180 3325 2423 3395 gratiam
2456 3324 2657 3380 vellem
2684 3324 2891 3381 habere
2923 3325 3250 3396 propitiam,
3283 3325 3523 3395 ejusque
3556 3338 3666 3395 po—

2022 3414 2212 3470 testati
2238 3427 2349 3470 non
2375 3413 2742 3485 contrairem,
2770 3418 2834 3493 ut
2852 3414 2972 3470 hae
2998 3414 3058 3469 in
3083 3413 3326 3469 decimis
3345 3418 3402 3469 et
3421 3412 3668 3483 reliquis

2022 3502 2418 3572 hujuscemodi
2442 3502 2691 3574 negotiis
2714 3502 3042 3574 querulosis
3065 3502 3258 3558 omnia
3281 3500 3665 3571 permitterem

2023 3591 2142 3648 fore
2191 3592 2344 3649 sicut
2394 3591 2606 3663 inveni,
2654 3605 2892 3663 meaque
2933 3590 3227 3661 compulsa
3277 3589 3665 3660 interpellatio

2023 3686 2243 3737 cassata
2276 3685 2380 3737 est.
2418 3681 2522 3736 Sed
2553 3694 2621 3736 ne
2654 3680 2760 3737 hoc
2786 3680 3091 3750 impetrare
3115 3679 3298 3751 quivi,
3336 3684 3400 3735 ut
3423 3692 3669 3735 accusa-

2023 3775 2174 3827 tores
2211 3770 2268 3825 in
2299 3770 2601 3840 prasentia
2625 3769 3036 3826 exhiberentur
3059 3774 3116 3825 et
3149 3782 3322 3825 causa
3349 3773 3500 3824 recte
3523 3780 3669 3824 exa—
3749 3758 3762 3769 ’

2025 3860 2361 3915 minaretur.
2389 3861 2458 3915 Et
2485 3863 2674 3929 patres
2698 3858 3124 3930 benignissimi,
3150 3858 3265 3914 nisi
3293 3871 3468 3929 super
3492 3857 3669 3926 hujus

2025 3949 2429 4005 controversia
2451 3949 2832 4019 quarimonia
2846 3949 3134 4005 dexteram
3151 3947 3399 4017 justitia
3419 3947 3673 4019 porriga-

2025 4038 2121 4110 tis,
2166 4052 2267 4094 nec
2310 4037 2633 4108 episcopale
2672 4036 3062 4093 ministerium
3101 4037 3171 4092 ad
3209 4033 3672 4093 Christianitatis

2024 4126 2441 4184 observantiam
2476 4126 2712 4196 quimus
2741 4139 3020 4197 exercere,
3054 4139 3155 4181 nec
3185 4125 3436 4182 claustra
3469 4137 3674 4182 mona-

2024 4215 2210 4286 sterii,
2257 4229 2383 4286 qua
2412 4227 2513 4270 nec
2546 4213 2743 4284 aliqua
2782 4213 2977 4269 inveni
3013 4217 3242 4284 propter
3280 4213 3577 4285 penuriam
3618 4216 3678 4269 et

2023 4304 2375 4360 decimarum
2425 4302 2887 4375 abstractionem,
2929 4303 3246 4373 emendare,
3289 4316 3415 4373 qua
3456 4315 3676 4372 nuper—

252 4404 424 4471 gatas
456 4396 817 4467 reperissem,
851 4396 909 4451 in
944 4394 1155 4467 quibus
1195 4394 1597 4465 praedictorum
1640 4400 1917 4450 monaste—
1938 4391 1995 4454 D
2026 4392 2170 4449 rime
2189 4393 2469 4463 capimus
2492 4396 2841 4464 construere,
2876 4404 3059 4462 neque
3081 4391 3299 4447 clerum
3323 4391 3392 4447 ad
3419 4391 3518 4446 Dei
3545 4404 3676 4446 ser-

252 4489 490 4544 riorum
522 4485 817 4557 subjugati
847 4485 917 4541 de
959 4485 1122 4557 plaga
1160 4484 1515 4541 Occidentali
1551 4485 1915 4540 advenientes

254 4574 587 4647 presbyteri
621 4574 826 4646 ignoti,
859 4575 928 4629 de
955 4588 1199 4645 quorum
1230 4573 1656 4631 consecratione
1679 4573 1918 4646 ambigi-

255 4680 416 4729 mus,
464 4662 652 4720 omcia
695 4662 1001 4736 celebrant,
1050 4678 1120 4720 ne
1169 4663 1251 4718 ibi
1292 4664 1491 4719 divina
1537 4663 1805 4734 mysteria
1846 4661 1917 4717 ab

258 4754 417 4827 ipsis
445 4751 876 4809 celebrarentur
908 4752 1221 4808 inhibendo
1253 4752 1549 4823 interdixi,
1589 4753 1767 4808 donec
1795 4764 1913 4821 vos,

254 4840 630 4900 venerabiles
656 4842 851 4897 Patres
877 4845 934 4897 et
964 4841 1267 4914 magistros
1296 4855 1469 4912 super
1498 4842 1604 4897 hac
1633 4855 1693 4897 re
1719 4854 1921 4897 consu-

264 4934 476 4989 lerem.
510 4930 689 4999 Quam
727 4929 800 4987 ob
828 4944 1055 4987 causam
1089 4930 1250 4986 illico
1281 4930 1538 5001 pradicti
1572 4929 1833 4987 monachi
1863 4933 1920 4985 et

255 5020 480 5093 puella
502 5019 573 5074 ad
590 5031 758 5074 aures
780 5019 1063 5089 principis
1092 5019 1316 5075 Arnulﬁ
1350 5019 1770 5076 accusationem
1792 5032 1921 5074 con-

256 5120 351 5169 tra
395 5107 679 5165 canonica
719 5108 937 5164 sancita
974 5109 1323 5179 detulerunt,
1364 5107 1679 5165 deferentes
1723 5110 1922 5179 prace-

256 5207 456 5271 ptum,
494 5201 561 5251 ut
588 5196 774 5266 aiunt,
815 5210 848 5253 a
880 5197 1165 5254 Ludovico
1200 5210 1329 5268 rege
1356 5203 1413 5253 et
1440 5198 1669 5254 Rabano
1699 5201 1923 5270 Magon-

256 5290 530 5344 tiacense
574 5284 815 5340 alterius
861 5287 1129 5355 pontiﬁce
1174 5286 1440 5342 diacesis
1478 5291 1777 5357 statutum,
1824 5286 1918 5343 sed

258 5391 384 5433 non
438 5372 622 5430 certis
671 5373 1176 5430 testiﬁcationibus
1228 5374 1360 5430 ﬁdei
1413 5375 1919 5446 accommodatum,

258 5465 414 5536 quia
450 5461 851 5518 fraudulenter
884 5463 1106 5519 dicitur
1150 5463 1222 5519 ab
1267 5463 1412 5534 ipsis
1451 5464 1664 5535 ﬁctum,
1706 5468 1770 5520 ut
1810 5462 1922 5534 ipsi

256 5554 400 5609 sine
432 5555 633 5608 nostra
662 5550 918 5608 dictione
955 5551 1042 5607 vel
1080 5552 1278 5623 aliqua
1316 5553 1770 5610 contradictione
1800 5567 1923 5623 pos-

640 5669 873 5725 PATROL.
917 5667 1169 5724 CXXIX.

2025 4483 2233 4539 vitium
2275 4496 2502 4552 pascere
2530 4481 2844 4539 velebimus
2878 4486 2934 4538 et
2961 4481 3189 4552 vestire,
3225 4481 3321 4536 sed
3356 4480 3672 4552 cogendum

2025 4572 2207 4629 variis
2224 4571 2499 4628 arumnis
2518 4562 2773 4644 dispergi
2795 4571 3119 4628 dolebimus
3141 4584 3251 4627 non
3276 4583 3439 4640 posse
3468 4583 3674 4626 rursus

2025 4660 2377 4733 congregari.
2396 4662 2555 4731 Ecce,
2586 4662 2778 4716 Patres
2805 4660 3043 4732 egregii,
3071 4663 3156 4717 tot
3173 4659 3342 4715 annis
3367 4658 3675 4715 transactis

2026 4752 2277 4820 tempore
2316 4749 2790 4820 pradecessorum
2841 4763 3095 4806 meorum
3139 4746 3385 4819 prafata
3421 4747 3678 4804 ecclesia

2030 4839 2434 4896 inconsecrata
2464 4838 2740 4894 hactenus
2765 4842 3113 4910 permanent,
3150 4842 3207 4895 et
3235 4841 3434 4894 contra
3462 4836 3678 4894 volun-

2031 4933 2200 4984 tatem
2223 4932 2497 5001 nostram,
2516 4928 2654 4999 quia
2670 4927 3006 4998 prohibetur
3025 4928 3084 4982 in
3104 4926 3423 4984 canonibus
3437 4926 3676 4997 jubente

2029 5017 2151 5090 lege
2182 5016 2399 5088 divina,
2446 5017 2750 5073 missarum
2784 5014 2970 5073 oﬁlcia
3013 5015 3162 5072 inibi
3204 5015 3567 5073 celebrantur
3600 5013 3674 5071 ab

2029 5106 2125 5161 his
2170 5106 2239 5161 de
2282 5120 2525 5177 quorum
2570 5106 2936 5163 ordinatione
2979 5104 3300 5163 dubitatur.
3353 5105 3597 5163 Decima
3641 5114 3677 5157 a

2029 5197 2198 5253 nobis
2232 5196 2536 5265 tolluntur,
2571 5196 2821 5266 parvitas
2856 5200 3048 5253 nostra
3082 5210 3197 5254 non
3225 5195 3588 5254 mediocriter
3614 5193 3673 5248 in

2031 5286 2299 5343 omnibus
2337 5299 2461 5356 qua
2483 5286 2658 5358 digna
2683 5289 2819 5342 sunt
2846 5286 3241 5343 emendatione
3264 5282 3671 5351 contemnitur,

2032 5375 2170 5446 quia
2202 5375 2282 5430 ibi
2306 5388 2484 5431 unum
2510 5372 2813 5432 foraminis
2841 5376 3064 5433 aditum
3091 5374 3366 5431 inimicus
3395 5370 3675 5429 invenerit

2036 5463 2290 5520 intrandi
2309 5462 2598 5520 offendens
2616 5466 2685 5521 ad
2712 5465 2909 5521 caulas
2932 5466 3124 5521 ovium
3148 5464 3338 5518 hostes
3358 5456 3672 5518 exhibebit.

2029 5553 2189 5611 Unde
2208 5566 2308 5609 vos
2336 5567 2571 5610 summa
2595 5554 2752 5612 sedis
2773 5553 3102 5624 apostolica
3122 5554 3432 5619 auctorem,
3454 5559 3559 5601 ceu
3582 5547 3679 5602 to—

3326 5663 3399 5722 26
