4060 6150
481 275 544 334 84
558 273 580 331 4
1857 261 2084 316 ΞΤΕΡΗΑ

2227 260 2422 315 ΡΑΡᾸΞ
2467 262 2507 316 V
3739 267 3823 324 842

481 402 603 458 tius
630 393 1088 454 Christianitatis
1116 395 1287 462 caput
1330 391 1679 456 invocamus,
1712 390 1765 442 et
1797 385 1897 456 qui
1934 397 2123 441 coram
2155 385 2216 445 A
2943 386 3166 440 XXVII.

480 487 764 547 altaribus
778 485 835 540 in
850 483 1170 554 pavimento
1185 478 1453 550 prostrati
1469 476 1785 567 patrocinia
1800 479 2126 530 sanctorum
2485 524 2842 566 PRMLEGIUM
2871 524 2970 565 PR0
3002 523 3250 565 ECCLESIA
3276 524 3561 567 PLACFVTIN

483 529 616 592 ξυνα·
635 529 835 542 ενι-νυ·
852 529 942 554 r'"
961 529 1167 580 ---·ν-·τῖ
1188 529 1238 550 r-
1256 529 1358 535 ⁷-⁷-
1374 529 1452 533 -π-
1469 529 1621 578 ἶν’-ς’
1641 529 1722 531 ’ίπ
1762 529 1784 530 ⁷⁷
2485 529 2842 566 PRIVILEGIUM
2871 529 2970 565 PRO
3003 529 3250 565 ECCLESIA
3277 529 3618 569 PLACENTI‘NA.

483 577 876 647 imploramus,
907 577 970 628 ut
995 570 1202 626 salutis
1225 572 1282 623 et
1305 570 1629 623 sanctitatis
1657 569 1857 619 vestrae
1889 575 2130 633 prospe-
2883 619 2905 647 ί
2921 618 3064 647 Amm
3100 615 3198 647 om
3245 620 3252 647 ι

483 615 559 634 ω.
607 615 876 639 unum“,
911 615 970 628 μ.
995 615 1201 626 mu..-”
1228 615 1281 623 ν-
1305 615 1626 623 --------_---
1671 615 1853 619 .--ηπ
1889 615 2083 633 τψτ-

483 615 626 724 ritas
678 662 992 734 proteletur
1049 664 1104 715 et
1157 658 1216 712 in
1274 661 1549 712 aeternum
1607 653 1791 724 gloria
1843 659 1898 707 et
1948 664 2128 706 cornu
2318 724 2368 734 Η
2881 618 3065 687 {Anno
3099 615 3252 688 894-}

482 724 730 812 vestrum
756 751 1053 818 dilatetur,
1073 746 1314 818 pedibus
1337 743 1570 814 pietatis
1583 748 1779 798 vestrae
1794 746 1978 796 mente
1991 753 2085 809 pro

2316 724 2334 800 f
2346 727 2504 797 Apud
2534 727 2750 798 Campi,
2791 728 2932 780 Hist.
2970 727 3028 780 di
3052 727 3226 789 Pia.c.,
3256 730 3388 782 tom.
3424 731 3463 797 l,
3495 741 3612 799 pag.
3641 725 3773 805 ω]

479 843 685 907 νοιυῐίτ
707 839 954 910 Petimus
978 841 1040 892 ιη
1059 849 1231 905 super
1257 834 1360 889 hac
1387 847 1446 888 re
1459 831 1596 901 (111ίά
1619 831 1787 885 Doms
1804 828 2128 884 faCiBYldllm
2308 833 2630 889 STEPllANUS
2661 835 2984 905 episcopus,
3023 847 3221 889 servus
3246 847 3530 890 servorum
3571 836 3680 904 Dei,
3719 851 3833 892 reve-

481 934 561 991 sit
585 929 884 999 censeatis,
907 931 1010 982 aut
1034 930 1228 981 utrum
1259 921 1366 978 sub
1391 919 1810 976 taciturnitatis
1837 918 1985 973 nodo
2005 916 2132 972 cal-
2241 924 2571 980 remissimo
2597 929 2652 979 et
2681 923 3050 979 sanctissimo
3076 924 3370 978 BERMRDO
3393 924 3646 994 episcopo
3668 934 3833 982 sancta

482 1036 610 1080 care
643 1026 698 1076 et
728 1017 962 1076 silentio
999 1016 1117 1070 haec
1150 1013 1291 1069 talia
1327 1016 1556 1082 propter
1598 1008 1864 1066 scandala
1899 1007 2130 1063 vitanda
2239 1012 2582 1069 Placentinae
2611 1012 2894 1083 Ecclesiae,
2933 1018 2989 1068 et
3020 1027 3118 1082 per
3161 1018 3214 1068 te
3253 1013 3312 1067 in
3345 1012 3533 1069 eodem
3565 1015 3830 1071 venerabili

483 1124 734 1185 premere
753 1107 1077 1173 debeamus,
1110 1103 1195 1160 vel
1222 1116 1376 1172 spem
1403 1099 1775 1169 recuperandi
1802 1112 1870 1154 ex
1889 1097 2132 1154 decimis
2239 1104 2532 1173 episcopio
2565 1103 2623 1158 in
2649 1109 3007 1173 perpetuum.

483 1201 811 1268 habeamus,
831 1194 1250 1268 sequendumve
1273 1190 1438 1248 nobis
1459 1190 1556 1261 sit,
1580 1193 1645 1246 ut
1670 1189 1740 1244 de
1768 1188 1871 1243 hac
1891 1200 2132 1243 censura
2310 1193 2368 1248 Si
2395 1194 2860 1250 consacerdotum
2894 1191 3251 1264 fratrumque
3274 1198 3593 1249 nostrorum
3619 1194 3720 1263 piis
3739 1210 3838 1264 sup-

483 1287 957 1360 ηοωδὶιιεῐίιίαῐη
984 1283 1108 1341 ﬁeri
1127 1281 1520 1348 Υθειᾶῐηθηιυε,
1551 1278 1611 1334 in
1637 1275 1938 1348 υΐορὶὶῐιιιο
1963 1274 2132 1331 ῐιοδίε
2242 1281 2657 1352 plicationibus
2697 1281 3062 1353 impertimur
3099 1295 3418 1352 assensum,
3446 1287 3499 1337 et
3523 1283 3684 1337 Deum
3708 1282 3837 1339 nobis

481 1379 780 1437 enucleare
809 1379 1142 1444 certumque
1176 1369 1360 1427 facere
1386 1368 1658 1440 dignetur
1683 1365 2017 1422 beatissima
2044 1377 2134 1434 pa-
2244 1372 2558 1442 propitium
2587 1370 2850 1443 facimus,
2883 1375 2957 1442 et,
2994 1371 3119 1440 ipso
3155 1369 3400 1442 favente,
3443 1385 3536 1427 eos
3556 1377 3730 1427 contra
3749 1372 3842 1426 dia.

484 1469 726 1528 ternitas
745 1471 952 1538 vestra,
976 1475 1146 1535 quam
1167 1471 1501 1518 conservare
1524 1457 1796 1528 dignetur
1823 1452 2134 1510 ineffabilis
2244 1462 2358 1518 bon
2390 1461 2658 1524 insidias,
2705 1475 2774 1516 ne
2805 1475 2939 1532 grex
2978 1461 3316 1516 Dominicus
3360 1460 3609 1529 laedatur,
3654 1461 3840 1516 solum-

485 1558 668 1630 pietas
687 1555 1052 1627 sempiterna.
2244 1553 2422 1608 tiores
2465 1552 2778 1622 reddimus,
2822 1551 2957 1621 quia
2997 1556 3180 1606 status
3209 1556 3263 1606 et
3296 1551 3479 1606 honor
3513 1551 3841 1606 Ecclesiarum

2243 1642 2370 1712 Dei,
2402 1640 2615 1712 quibus
2640 1640 2750 1711 ipsi
2774 1640 3058 1696 divinitus
3083 1653 3323 1710 praeesse
3345 1640 3620 1710 videntur,
3647 1653 3844 1695 commu-

1207 1701 1406 1758 XXVI-
2166 1715 2218 1776 Β
2250 1731 2342 1788 nis
2360 1701 2622 1787 omnium
2651 1701 2939 1800 profectus
2961 1735 3065 1801 est,
3083 1701 3150 1785 .et
3175 1730 3500 1786 communis
3525 1701 3707 1800 utique
3723 1729 3846 1785 salus

2246 1827 2302 1876 et
2327 1821 2530 1893 gloria.
2559 1821 2628 1875 Et
2659 1820 2806 1889 ideo,
2841 1819 2978 1890 quia
2999 1819 3267 1888 specialis
3310 1825 3410 1875 tua
3448 1819 3662 1875 devotio
3693 1819 3742 1874 in
3777 1817 3847 1872 his

914 1878 1209 1925 RESPONSIO
1236 1876 1497 1919 STEPHAM
1526 1873 1698 1932 PAM’
2249 1925 2375 1981 quae
2416 1910 2516 1972 Dei
2557 1914 2692 1966 sunt
2737 1873 2956 1964 haerens
2999 1923 3029 1963 a
3061 1908 3229 1964 nobis
3266 1910 3502 1979 expetit,
3558 1915 3617 1964 ut
3643 1912 3846 1964 sanctam

559 2035 884 2092 STEPHANUS
903 2031 1110 2085 sancta:
1130 2023 1460 2096 apostolica:
1480 2027 1536 2078 et
1556 2018 1907 2078 universalis
1925 2017 2142 2073 Roma—
2250 2001 2634 2096 Placentina")
2662 1998 2976 2096 Εοοιθδίδῐη
3009 1997 3117 2054 ειη)
3149 2005 3345 2053 ηοδῐνὲί
3373 1998 3670 2068 δροεῐοιὶοῖι
3693 1996 3845 2052 δυεεῖ-

406 2127 410 2132 ’
491 2085 1485 2190 naeEcclesiteepiscopus,EciLuAno
1514 2105 2144 2167 venerabiliOsnabur—
2255 2104 2516 2190 Ρθΐθῐηξιδ
2542 2087 2810 2190 ξξιίῐίίξηξί,
2839 2093 3009 2190 mille
3041 2091 3246 2188 ξιοδῑνο.
3271 2086 3575 2158 ρΐίνίιθὲίο
3607 2085 3850 2141 stabilire-

493 2213 687 2288 gensis
713 2174 980 2267 Ecclesia;
1008 2206 1275 2277 episcopo
1307 2202 1366 2258 in
1404 2201 1646 2257 Domino
1682 2199 1944 2255 salutem.
2256 2177 2714 2288 ωυδόοίηβηῐξὶηί
2758 2178 2870 2277 Ρθο
2899 2177 3095 2288 (ilignis
3136 2176 3587 2288 Ρθῐίῑίξξιὶῢιιδοδ
3639 2174 3847 2288 ιξίεξεηξί

563 2305 847 2360 Bonorum
873 2262 1109 2366 operu-m
1127 2299 1182 2350 et
1203 2262 1599 2363 spiritualium
1620 2288 1946 2344 studiorum
1967 2286 2146 2340 Deum
2257 2284 2406 2326 nona
2429 2267 2745 2324 indictione
2769 2266 2826 2321 in
2858 2265 3050 2321 eadem
3084 2272 3274 2321 sancta
3300 2266 3622 2321 Placentina
3646 2262 3852 2320 Ecclesia

495 2397 784 2451 auctorem
806 2354 928 2446 esse
953 2399 1066 2442 non
1090 2354 1333 2440 dubium
1356 2384 1458 2435 est.
1492 2378 1650 2434 Unde
1679 2377 1862 2432 laetari
1894 2389 1981 2430 me
2011 2373 2151 2430 fece-
2257 2359 2679 2420 COﬂﬁPmamUS.
2717 2370 2782 2412 ac
2826 2354 3156 2411 stabilimus
3203 2356 3401 2411 omnia
3443 2354 3735 2425 privilegia,
3779 2366 3852 2406 seu

496 2485 636 2538 runt
664 2478 966 2547 scriptura:
995 2478 1107 2529 tua:
1135 2485 1203 2526 ex
1228 2469 1376 2525 bono
1411 2467 1605 2523 studio
1640 2469 1696 2521 et
1723 2480 1792 2520 ex
1820 2463 2149 2533 integritate
2258 2449 2481 2506 debitas
2506 2445 2913 2516 exhibitiones,
2948 2449 3006 2500 et
3028 2446 3492 2501 consecrationes
3535 2440 3855 2500 monasterio-

497 2569 631 2627 fidei
656 2572 714 2624 et
745 2535 1069 2622 devotionis
1093 2566 1226 2629 tuae,
1253 2558 1348 2615 sed
1380 2571 1449 2612 ex
1479 2555 1788 2611 afﬂictione
1819 2559 1917 2610 tua
1947 2564 2150 2623 magna
2260 2553 2385 2595 rum
2424 2539 2679 2594 omnium
2724 2541 2837 2591 tam
2884 2535 3138 2591 virorum
3173 2549 3346 2605 quam
3396 2535 3715 2605 puellarum,
3762 2544 3855 2600 quae

497 2671 567 2726 ex
599 2660 755 2726 parte
780 2651 1027 2721 tristari,
1059 2624 1232 2718 super
1257 2659 1369 2718 quo
1395 2650 1460 2700 tu
1491 2647 1839 2713 conquestus
1863 2655 1924 2697 es
1953 2646 2008 2696 et
2036 2654 2154 2695 cre-
2260 2628 2573 2685 constituta
2593 2627 2651 2682 in
2673 2626 2928 2696 ejusdem
2945 2624 3210 2680 Ecclesiae
3241 2625 3517 2695 parochia
3539 2637 3652 2680 esse
3667 2632 3859 2678 noscun-

498 2712 661 2803 brior
683 2743 752 2800 ad
787 2755 888 2798 nos
919 2712 1103 2796 sermo
1132 2712 1574 2792 commeantium
1604 2712 1857 2802 perlatus
1883 2734 1985 2786 est.
2028 2731 2150 2785 Non
2262 2725 2390 2787 tur;
2416 2732 2516 2774 seu
2540 2724 2816 2786 praecepta
2841 2720 2897 2771 et
2916 2716 3294 2771 instrumenta
3318 2712 3854 2784 chartarum,etjura,

777 2830 1009 2902 quidem
1035 2825 1107 2882 ab
1129 2825 1251 2881 illis
1270 2822 1484 2895 quibus
1513 2797 1822 2878 sus-tentari
1849 2823 1904 2874 et
1935 2819 2149 2890 portari
2263 2809 2382 2906 site
2409 2807 2750 2862 traditiones
2779 2819 2921 2875 quas
2940 2817 2972 2860 3
3008 2803 3413 2860 deceSSOPibUS
3445 2803 3646 2859 nostris
3669 2797 3859 2871 Pontm‘

502 2893 675 2994 atque
705 2893 974 2978 honorari
1013 2893 1304 2981 debuisti,
1322 2917 1408 2969 tot
1434 2925 1498 2967 ac
1529 2914 1734 2979 tantas,
1779 2909 2050 2992 innocens
2091 2911 2157 2963 ut
2263 2897 2448 2961 cibus,
2483 2896 2568 2952 vel
2607 2909 2639 2950 a
2681 2893 3203 2950 Christianissimis
3243 2893 3695 2963 imperatoribus,
3735 2901 3860 2944 seua

505 2975 1226 3079 crEdimus,oppressiones
1249 3001 1486 3073 perpeti.
1507 2975 1788 3055 Mandasti
1812 2985 1964 3053 enim
1989 2995 2157 3052 nobis
2184 3026 2231 3087 Ο
2265 2986 2518 3058 regibus,
2545 2985 2630 3040 vel
2651 2984 2887 3056 reginis,
2907 2989 3007 3041 aut
3036 2997 3068 3038 a
3085 2983 3395 3039 catholicis
3415 2981 3722 3039 hominibus
3738 2975 3862 3048 quid-

505 3066 1044 3157 sanctitatem-t-uam
1065 3107 1099 3150 a
1120 3066 1463 3150 Godescalco
1485 3102 1641 3145 novae
1667 3085 1917 3143 Corbeiae
1955 3084 2160 3143 abbate
2185 3066 2231 3087 υ
2267 3076 2406 3146 quid
2440 3075 2564 3145 ipsa
2603 3073 2855 3129 Ecclesia
2893 3073 3048 3142 juste
3093 3073 3408 3142 promereri
3448 3072 3642 3143 potuit,
3675 3066 3862 3139 paciﬁco

505 3192 562 3245 et
585 3185 968 3244 Hervordense
991 3179 1282 3238 abbatissa
1314 3177 1685 3248 ipsorumque
1715 3173 2042 3230 fautoribus
2069 3186 2162 3228 va-
2261 3165 2392 3235 jure
2432 3163 2740 3234 possideat,
2771 3163 2851 3218 ita
2895 3168 2977 3231 ut,
3012 3161 3234 3218 nullius
3271 3161 3552 3232 impulsu,
3585 3158 3862 3225 nulliusque

507 3275 616 3332 riis
652 3269 1082 3330 calamitatibus
1119 3265 1311 3324 vexari
1339 3245 1418 3321 “et
1458 3245 1756 3333 dilaniari,
1809 3267 1866 3317 et
1897 3261 2047 3331 apud
2084 3260 2160 3315 fi—
2269 3253 2521 3310 infausta
2573 3252 2832 3322 audacia,
2879 3252 3102 3307 nullius
3144 3251 3318 3307 etiam
3354 3250 3560 3320 favore,
3588 3249 3664 3305 vel
3701 3245 3863 3319 gratia,

509 3364 653 3422 lium
681 3366 941 3419 nostrum
963 3355 1270 3414 Arnulfum
1306 3349 2159 3419 crebrisaccus'ttionibusplus
2270 3343 2516 3415 quilibet
2553 3348 2849 3412 tyrannus,
2883 3355 3089 3398 comes.
3117 3341 3314 3410 judex,
3355 3341 3440 3397 vel
3472 3337 3754 3409 cujuslibet
3776 3332 3866 3388 rei—

505 3465 668 3525 aequo
691 3448 979 3521 infamari,
1005 3446 1315 3504 Ecclesiam
1360 3448 1516 3499 tuam
1539 3442 1665 3498 suis
1698 3439 1934 3496 dotibus
1955 3444 2010 3494 et
2032 3438 2160 3494 tide-
2269 3432 2512 3503 publica;
2537 3436 2785 3501 exactor,
2809 3435 3006 3486 contra
3026 3431 3123 3499 jus
3150 3429 3261 3485 sibi
3293 3431 3624 3500 antiquitus
3644 3424 3865 3482 traditum

509 3515 1061 3600 liumoblationibus
1079 3532 1410 3606 exspoliari.
1438 3529 1937 3600 lnde,frater,noli
1959 3528 2156 3584 mirari
2267 3528 2323 3578 et
2355 3523 2626 3577 hactenus
2647 3524 3062 3587 conservatum,
3097 3533 3217 3574 eam
3264 3519 3569 3577 molestare
3597 3515 3864 3586 praesumat,

507 3632 557 3690 si
585 3637 640 3687 te
666 3630 979 3686 membrum
1003 3600 1257 3680 malivoli
1285 3627 1340 3676 et
1369 3619 1536 3689 impii
1557 3623 1996 3689 persequuntur,
2028 3630 2156 3672 cum
2267 3614 2367 3667 aut
2417 3609 2815 3680 praejudicium
2863 3607 3089 3679 inferat,
3141 3607 3226 3664 vel
3259 3608 3390 3664 sine
3439 3612 3626 3664 nostro
3653 3600 3867 3662 consultu

507 3722 696 3790 ipsum
717 3717 1011 3774 Christum
1039 3716 1210 3782 caput
1224 3712 1479 3765 nostrum
1505 3707 1624 3762 sint
1651 3705 1953 3776 persecuti,
1982 3704 2157 3760 sicuti
2269 3700 2669 3770 quoquomodo
2711 3699 3083 3755 dehonestare
3117 3703 3422 3768 pertentet.
3470 3701 3535 3754 Et
3561 3698 3607 3753 si
3638 3689 3866 3754 fortassis,

505 3781 631 3878 ipsa
650 3806 872 3863 Veritas
899 3802 984 3858 ait
1013 3818 1026 3854 :
1061 3781 1122 3854 Si
1141 3802 1357 3868 patrem
1384 3795 1628 3863 familias
1662 3793 1956 3848 Beelzebud
1992 3809 2162 3847 voca—
2271 3790 2417 3859 quod
2467 3789 2696 3858 penitus
2735 3788 3129 3859 abhorremus,
3165 3787 3447 3858 quislibet
3477 3781 3869 3843 consecrationes

502 3867 717 3957 verunt,
749 3895 952 3962 quanto
989 3867 1164 3955 magis
1195 3886 1508 3940 domesticos
1550 3888 1667 3951 ejus
1696 3881 1912 3950 (Matth.
1952 3895 2011 3948 Χ,
2048 3879 2155 3953 25).
2270 3879 2768 3948 monasteriorum,
2800 3878 2886 3933 vel
2922 3877 3330 3933 monacharum
3365 3879 3427 3932 in
3457 3877 3695 3947 ejusdem
3715 3867 3870 3926 Eccle-

505 3983 636 4039 Noli
669 3981 913 4037 multum
943 3976 1158 4045 vexari,
1191 3973 1311 4030 noli
1343 3972 1587 4042 turbari,
1626 3972 1721 4028 sed
1748 3971 2071 4028 confortare
2099 3972 2159 4027 in
2267 3967 2368 4022 siae
2399 3967 2669 4038 parochia
2690 3966 3130 4022 consistentium
3157 3967 3225 4021 ad
3258 3966 3501 4022 alteram
3534 3965 3706 4022 sedem
3734 3964 3870 4015 trans-

505 4071 748 4128 Domino
769 4075 824 4126 et
851 4069 909 4125 in
943 4065 1194 4138 potentia
1219 4062 1456 4119 virtutis
1477 4063 1620 4131 ejus.
1651 4062 1765 4117 Nos
1785 4075 1918 4117 vero
1937 4061 2006 4117 ad
2030 4076 2161 4130 sup-
2271 4055 2416 4111 ferre
2453 4056 2734 4127 voluerit;
2789 4056 2872 4111 vel
2905 4056 2954 4110 si
2998 4055 3281 4126 fortassis,
3327 4057 3481 4126 quod
3514 4054 3674 4123 absit,
3711 4064 3738 4104 a
3764 4045 3872 4118 qui—

507 4162 852 4233 plementum
888 4136 1092 4213 fratres
1127 4160 1184 4210 et
1236 4151 1601 4222 coepiscopos
1643 4156 1869 4207 nostros
1909 4150 2161 4219 amplius
2269 4145 2508 4202 busdam
2567 4145 2730 4217 quasi
2788 4143 3117 4214 potentibus
3164 4145 3364 4200 saeculi
3425 4144 3652 4200 decima:
3684 4136 3869 4193 minime

508 4228 2164 4322 quamquinquagintavocavimus,cumquibusregulari—
2268 4236 2600 4291 tradantur:
2653 4234 2734 4305 hi,
2802 4234 2916 4289 nisi
2987 4233 3343 4302 resipuerint
3391 4232 3687 4298 admoniti,
3734 4228 3870 4282 donec

507 4345 594 4397 ter
614 4338 910 4396 tractando
926 4334 1301 4402 decrevimus,
1331 4345 1458 4402 quae
1477 4337 1533 4386 et
1554 4329 1748 4400 qualia
1766 4327 1875 4383 tibi
1896 4335 1950 4384 et
1973 4334 2156 4385 tecum
2187 4382 2239 4402 ﬂ
2268 4324 2540 4379 canonice
2583 4323 2774 4380 omnia
2831 4323 3147 4393 emendent,
3195 4322 3264 4377 ab
3307 4322 3579 4378 Ecclesiae
3621 4312 3869 4374 liminibus

506 4427 876 4502 litigantibus
911 4437 1180 4495 responsa
1207 4421 1588 4488 remittamus,
1620 4418 1756 4488 quia
1784 4431 1895 4474 una
1927 4418 2162 4474 eadem-
2187 4382 2241 4442 D
2269 4414 2601 4470 censuimus
2627 4427 2749 4468 esse
2786 4412 3108 4482 pellendos:
3137 4382 3465 4482 quominus
3486 4417 3541 4468 et
3567 4412 3733 4466 honor
3755 4399 3873 4459 debi-

509 4500 740 4592 quevdie
767 4517 1000 4573 illorum
1025 4513 1248 4568 litteras
1279 4522 1450 4578 super
1473 4507 1677 4562 iisdem
1709 4507 1958 4578 negotiis
1981 4507 2154 4563 simul
2265 4510 2381 4574 tus,
2413 4510 2468 4559 et
2496 4503 2658 4574 vigor
2687 4500 3109 4558 ecclesiasticus
3145 4501 3220 4571 ei,
3255 4501 3413 4558 sicut
3451 4501 3722 4562 condecet,
3756 4504 3871 4563 pnt-

506 4586 637 4665 cum
667 4601 1185 4673 tuissuscepimus.
1216 4597 1318 4653 llis
1340 4596 1494 4652 enim
1524 4595 1788 4665 epistolis
1809 4595 1870 4651 in
1899 4596 2156 4652 omnium
2264 4593 2485 4662 beatur,
2553 4596 2609 4647 et
2664 4591 2977 4647 canonicus
3024 4591 3162 4646 ordo
3240 4590 3512 4646 illibatus
3567 4589 3663 4644 hac
3721 4586 3865 4640 nostra

507 4696 804 4753 audientia
826 4691 1129 4764 praelectis,
1157 4686 1386 4757 multas,
1412 4690 1477 4743 ut
1498 4685 1670 4757 nosti,
1694 4685 2086 4756 querimonias
2101 4693 2156 4741 et
2262 4681 2574 4752 apostolica
2614 4681 2990 4750 prteceptione
3021 4679 3080 4734 in
3130 4684 3472 4749 perpetuum
3514 4677 3862 4735 conservetur:

509 4763 1098 4855 oppressionessuper
1119 4776 1352 4833 illorum
1375 4774 1692 4832 temeritate
1712 4773 2155 4831 tuacontinebat
2262 4773 2331 4827 Et
2372 4770 2422 4826 si
2451 4769 2588 4841 quid
2637 4769 3029 4825 inordinatum
3081 4768 3139 4823 in
3187 4768 3462 4838 praadicta
3513 4763 3746 4823 Ecclesia
3777 4765 3869 4814 esse

510 4845 682 4943 iri-se,
710 4870 806 4927 sed
841 4877 897 4926 et
931 4845 1165 4924 illorum
1207 4879 1319 4922 non
1358 4864 1547 4920 minor
1575 4867 1697 4920 erat
1722 4863 2055 4919 lamentatio
2083 4863 2153 4918 de
2260 4861 2647 4933 dignoscetur,
2678 4873 2711 4913 a
2747 4863 2843 4914 tua
2871 4857 3229 4926 providentia
3254 4861 3310 4912 et
3335 4855 3724 4913 sollicitudine
3741 4845 3869 4904 ordi—

509 4967 582 5017 te.
611 4960 968 5030 Quapropter
995 4954 1379 5012 necessarium
1405 4965 1526 5008 esse
1553 4951 1831 5009 duximus
1865 4955 1946 5022 ut,
1978 4964 2154 5006 remo-
2263 4953 2432 5005 uetur
2458 4953 2650 5004 nostra
2691 4945 3025 5016 plenissima
3067 4945 3416 5001 auctoritate
3453 4947 3722 5013 suscepta,
3750 4947 3870 5007 quo-

509 5049 590 5106 tis
625 5025 1215 5119 tergiversationibus,
1263 5041 1524 5098 veritatis
1571 5039 2002 5096 elucubratione
2044 5039 2157 5096 ad—
2264 5038 2419 5094 niam
2444 5038 2548 5093 hoc
2571 5050 2735 5092 nosse
2753 5035 3152 5106 unusquisque
3177 5034 3404 5105 poterit.
3427 5034 3586 5103 Quod
3613 5032 3659 5087 si
3683 5025 3869 5099 posthac

511 5107 1034 5196 miniculumtibia
1064 5107 1618 5202 nobisimpendatur
1638 5136 1809 5202 atque
1839 5130 1909 5184 ab
1935 5136 2151 5200 aposto-
2265 5127 2582 5198 postposita
2648 5126 2876 5180 Patrum
2935 5124 3149 5196 regula,
3235 5123 3605 5194 neglectaque
3653 5107 3868 5189 presenti

508 5228 623 5286 lica
648 5227 778 5284 sede
817 5224 1177 5296 suffragetur,
1219 5236 1289 5277 ne
1321 5223 1379 5277 in
1421 5221 1600 5277 totius
1624 5220 1889 5275 Ecclesiae
1925 5223 2158 5288 pertur—
2267 5216 2694 5285 interdictione,
2725 5220 2923 5270 contra
2956 5214 3061 5268 hoc
3092 5218 3347 5268 nostrum
3380 5208 3700 5281 pontificale
3723 5205 3875 5259 decre-

511 5318 798 5376 bationem
850 5314 967 5369 hazc
1002 5293 1320 5382 impudens
1364 5309 1630 5380 procedat
1681 5308 1944 5376 intentio,
1997 5316 2052 5363 et
2094 5321 2158 5363 ea
2267 5312 2388 5362 tum
2439 5303 2736 5376 peregerit,
2775 5303 2996 5359 noverit
3028 5315 3087 5357 se
3122 5301 3457 5358 districtius
3487 5293 3865 5355 vindicandum.

512 5422 638 5483 quae
663 5421 694 5462 a
719 5403 935 5462 sanctis
955 5399 1464 5472 praedecessoribus
1488 5397 1702 5454 nostris
1721 5397 1939 5454 dudum
1972 5397 2159 5467 prohi-
2265 5393 2373 5462 Qui
2405 5407 2536 5449 vero
2566 5397 2760 5448 custos
2801 5398 2856 5447 et
2882 5391 3210 5446 observator
3249 5389 3424 5458 hujus
3472 5387 3651 5444 nostri
3679 5386 3870 5453 aposto-

511 5468 632 5555 bita
658 5496 902 5565 fuerant,
933 5468 1121 5548 denuo
1151 5489 1510 5545 reviviscunt.
1541 5487 1746 5543 Abbati
1772 5501 1901 5543 vero
1935 5486 2158 5543 litteras
2269 5483 2367 5540 lici
2397 5481 2684 5552 privilegii
2713 5479 2909 5551 fuerit,
2941 5478 3357 5535 benedictionis
3391 5477 3632 5548 gratiam
3659 5480 3708 5528 et
3729 5468 3869 5560 [υἱεεῇ

511 5589 637 5646 suis
675 5583 1078 5659 respondentes
1117 5577 1447 5636 remisimus
1482 5576 1542 5632 in
1576 5577 1693 5632 haec
1727 5575 1914 5634 verba.
1961 5617 1974 5631 .
2023 5617 2034 5630 .
2080 5616 2093 5630 .
2142 5617 2153 5629 .
2269 5573 2577 5631 ricordiam
2607 5586 2640 5628 a
2686 5571 2928 5629 Domino
2967 5576 3163 5628 nostro
3203 5570 3331 5625 Jesu
3362 5567 3599 5624 Christo
3642 5552 3868 5626 consequi
