4058 6154
189 281 304 339 813
1214 284 1581 354 EPISTOLAS,
1623 281 1866 339 DlPLOM

1970 284 2018 339 Α
2056 284 2140 339 ΕΤ
2178 285 2583 342 PRIVILEGIA.
3489 296 3597 361 8h.

188 412 495 463 mereatur.
523 406 582 462 Si
630 407 763 477 quis
790 413 999 464 autem.
1032 409 1181 479 quod
1230 409 1401 481 absit,
1450 423 1710 481 magnus,
1759 410 1843 465 vel
1878 406 1936 468 A
1952 414 2121 478 petua
2180 410 2526 481 perfruatur.
2576 413 2852 471 Caeterum
2887 431 3019 473 vero
3058 417 3164 475 hoc
3218 420 3600 480 deliberantes

190 509 403 565 parvus
428 493 598 551 homo
629 495 774 551 hanc
804 502 1053 553 nostram
1081 498 1453 567 apostolicam
1493 499 1843 554 sanctionem
1951 500 2304 557 secernimus
2332 508 2394 558 ut
2422 504 2695 575 congruis
2717 506 3071 575 temporibus
3093 514 3298 565 nostrae
3316 511 3603 571 sollicitu-

190 584 250 638 in
286 591 489 655 totum,
522 585 644 641 sive
671 586 728 641 in
762 592 919 656 parte
954 587 1168 644 violare
1193 589 1513 651 tentaverit,
1542 596 1597 644 et
1626 602 1738 644 non
1785 588 1841 643 in
1945 587 2073 642 dini
2104 589 2505 647 ecclesiasticae
2548 592 2868 658 intimetur,
2902 596 3151 665 qualiter
3178 599 3384 670 religio
3414 614 3605 662 mona-

188 674 463 732 omnibus
512 675 873 747 custodierit,
915 677 1060 732 sciat
1110 692 1169 733 se
1210 678 1590 735 anathematis
1614 678 1847 735 vinculo

192 763 608 834 innodandum,
641 769 698 820 et
746 778 778 821 a
826 779 998 838 regno
1022 766 1121 822 Dei
1170 766 1558 837 alienandum,
1604 767 1720 823 nisi
1754 780 1849 823 re—

190 852 418 922 spuerit
439 859 497 909 et
526 853 749 924 plenam
781 852 1230 911 satisfactionem
1257 856 1585 927 praebuerit,
1615 869 1852 912 exuren-

191 942 351 998 dum.

257 1032 553 1103 Scriptum
623 1048 724 1104 per
779 1047 1011 1091 manum
1058 1036 1348 1093 Anastasii
1393 1036 1607 1093 notarii
1656 1035 1852 1109 regio-

191 1121 343 1177 narii
390 1125 448 1177 et
496 1122 793 1179 scriniarii
836 1124 891 1180 S.
926 1125 989 1179 Β.
1038 1126 1123 1195 E.,
1166 1125 1227 1181 in
1276 1139 1466 1183 mense
1519 1124 1847 1196 Februario,

190 1210 515 1268 indictione
557 1226 730 1283 supra
760 1214 975 1285 scripta
1001 1228 1167 1272 nona.
1198 1216 1342 1272 Bene
1370 1216 1567 1272 valete.

264 1302 409 1356 Data
434 1315 492 1356 1v
522 1302 646 1357 Kal.
680 1304 916 1360 Martias
945 1318 1044 1375 per
1070 1319 1298 1362 manum
1327 1305 1611 1362 Zachariae
1642 1304 1853 1375 primi-

192 1391 334 1447 cerii
393 1396 603 1448 sanctae
655 1394 809 1450 sedis
858 1396 1206 1466 apostolicae,
1278 1396 1594 1467 imperante
1644 1396 1853 1452 domno

195 1481 464 1552 piissimo
487 1482 747 1555 Angusto
776 1484 963 1541 Vuido
991 1500 1023 1542 a
1048 1487 1158 1542 Deo
1196 1492 1465 1543 coronato
1494 1498 1716 1557 magno,
1746 1498 1853 1554 pa—

192 1571 359 1628 ciﬁco
393 1572 758 1645 imperatore,
788 1586 938 1629 anno
976 1575 1183 1645 primo,
1210 1581 1265 1632 et
1295 1579 1421 1645 post
1454 1588 1603 1631 anno
1647 1573 1852 1645 primo,

194 1660 521 1717 indictione
567 1674 733 1718 nona.

902 1753 1153 1812 XXVIII.

410 1854 770 1899 PRIVILEGIUM
822 1857 1016 1900 HUOGGI
1061 1858 1251 1900 ABBATI
1312 1857 1636 1901 CONCESSUM.

838 1933 1023 2003 (Anno
1060 1931 1212 2007 891.)

376 2043 571 2117 [Apud
603 2045 845 2115 Dronke,
897 2045 1011 2099 cod.
1044 2044 1278 2114 Diplom.
1308 2044 1494 2106 Fuld.,
1516 2038 1673 2116 292.]

263 2154 618 2222 Summus,
672 2167 869 2209 servus
947 2165 1240 2208 servorum
1314 2150 1565 2221 Domini,
1650 2150 1853 2203 HUOGGI

197 2242 476 2315 religioso
506 2242 697 2298 abbati
720 2240 1066 2297 venerabilis
1095 2240 1429 2297 monasterii
1468 2238 1695 2295 Domini
1727 2236 1860 2293 Sal-

195 2333 436 2403 vatoris,
476 2336 531 2387 et
558 2346 657 2402 per
685 2345 813 2387 eum
852 2330 909 2386 in
937 2331 1131 2386 eodem
1162 2328 1472 2385 venerabili
1515 2325 1859 2384 monasterio

197 2421 750 2491 suceessoribnsque
786 2420 910 2477 suis
942 2419 1248 2476 abbatibus
1269 2419 1331 2474 in
1357 2423 1711 2489 perpetuum.

265 2512 562 2568 Summam
590 2515 847 2582 gerentes
868 2508 1319 2566 sollicitudinem
1349 2507 1604 2564 omnium
1636 2517 1861 2561 venera-

198 2601 415 2657 bilium
446 2600 724 2671 locorum,
751 2603 1028 2671 quantum
1054 2613 1121 2655 ex
1145 2599 1345 2654 divino
1370 2596 1659 2668 adjutorio
1682 2594 1861 2665 possi-

199 2690 408 2746 bilitas
421 2690 614 2759 datur,
631 2690 702 2746 de
716 2702 914 2745 eorum
931 2688 1246 2745 stabilitate
1267 2691 1519 2759 satagere
1541 2684 1854 2741 studemus.

198 2778 598 2849 Hocjnamque
630 2778 824 2835 studio
852 2782 909 2834 et
945 2777 1144 2834 divina
1169 2776 1429 2847 placatur
1453 2773 1773 2844 clementia,
1807 2778 1863 2828 et

200 2870 329 2927 laus
350 2868 623 2924 Ecclesia:
639 2867 853 2923 Christi
886 2870 1247 2939 procuratur.
1270 2867 1409 2920 Nam
1439 2863 1647 2935 potiori
1673 2869 1729 2919 et
1758 2875 1862 2921 nos

202 2957 423 3015 fiducia
453 2971 558 3029 pro
604 2956 958 3028 impetranda
1005 2955 1179 3012 venia.
1198 2954 1543 3011 delictorum
1591 2957 1860 3009 :eternam

205 3048 480 3118 pietatem
512 3045 789 3102 audemus
819 3044 1143 3116 implorare.
1165 3045 1235 3100 Et
1268 3044 1394 3098 ideo
1421 3041 1735 3098 reverentia
1765 3045 1864 3096 tua
1894 3061 1943 3125 ο

204 3136 524 3207 postulavit
567 3149 599 3191 a
639 3135 805 3191 nobis
844 3139 1126 3205 quatenus
1149 3134 1266 3204 jam
1295 3132 1515 3189 dictum
1543 3129 1867 3186 venerabile

202 3225 624 3283 monasterium
656 3224 885 3281 Domini
914 3223 1258 3292 ~Salvatoris,
1290 3236 1324 3278 a
1348 3226 1543 3278 sancto
1575 3217 1867 3276 Bonifacio

201 3315 646 3385 archiepiscOpo
671 3319 1063 3369 constructum
1093 3313 1150 3367 in
1171 3312 1294 3368 loco
1322 3312 1421 3383 qui
1449 3316 1683 3366 vocatur
1703 3309 1872 3364 Boco-

205 3405 303 3461 nia
316 3417 456 3477 erga
470 3404 653 3474 ripam
677 3402 935 3460 ﬂuminis
950 3402 1148 3471 Fulda,
1175 3400 1467 3473 privilegii
1482 3400 1576 3456 sed
1587 3398 1637 3455 is
1648 3401 1871 3468 aposto-

206 3495 337 3551 licae
356 3492 680 3549 munimine
699 3493 1017 3561 decoretur,
1044 3496 1108 3548 ut
1123 3490 1231 3547 sub
1242 3488 1651 3560 jurisdictione
1664 3491 1871 3543 sancta:

210 3588 451 3651 nostrae,
480 3580 575 3638 cui
594 3582 709 3638 Deo
721 3585 952 3637 auctore
968 3580 1342 3649 deservimus,
1373 3577 1641 3634 Ecclesiae
1665 3575 1872 3633 consti-

208 3679 405 3730 tntum
425 3671 653 3727 nullius
671 3670 918 3728 ulterius
937 3669 1203 3726 Ecclesiae
1218 3666 1733 3739 jurisdictionibus
1747 3664 1876 3722 sub-

210 3763 509 3817 mittatur.
533 3762 612 3816 De
637 3774 750 3830 qua
776 3772 837 3815 re
866 3758 982 3829 piis
1009 3757 1319 3814 desideriis
1345 3757 1464 3814 tuis
1489 3755 1739 3812 faventes
1770 3754 1875 3810 hac

206 3856 410 3908 nostra
456 3849 775 3921 apostolica
824 3848 1170 3906 auctoritate
1226 3846 1283 3903 id
1328 3847 1478 3918 quod
1545 3844 1875 3915 exposcitur

206 3940 440 3998 effectui
494 3939 905 4011 mancipamus,
961 3938 1274 3995 secundum
1330 3934 1620 4007 privilegii
1668 3934 1873 3990 seriem

208 4030 363 4101 quod
398 4029 473 4084 ab
520 4035 878 4084 antecessore
907 4034 1104 4083 nostro
1135 4026 1312 4081 beate
1344 4024 1629 4080 memoriae
1654 4022 1874 4078 Marino

207 4119 395 4188 hujus
422 4117 589 4173 almae
618 4117 772 4172 sedis
794 4116 1036 4188 prmsule
1068 4114 1215 4170 inibi
1250 4112 1659 4184 perpetualiter
1683 4114 1876 4167 statu-

208 4212 337 4263 tum
371 4206 542 4263 nobis
587 4206 883 4262 ostendere
913 4204 1173 4277 sategisti
1203 4245 1215 4257 .
1258 4204 1327 4259 Et
1362 4203 1490 4258 ideo
1520 4213 1739 4257 omnem
1766 4214 1878 4256 cu—

203 4295 459 4367 juslibet
488 4294 755 4350 Ecclesiae
797 4295 1144 4352 sacerdotem
1195 4292 1256 4348 in
1287 4290 1519 4362 praefato
1561 4288 1874 4345 venerabili

1951 676 2095 733 stica
2117 680 2367 751 regulari
2392 681 2591 738 habitu
2622 683 2910 755 dirigatur
2938 687 3356 760 concordiaque
3387 705 3600 750 conve-

1950 760 2137 822 nienti~
2185 768 2575 828 ecclesiastico
2627 773 2823 829 studio
2879 776 3255 848 mancipetur,
3305 793 3375 836 ne
3432 779 3597 855 forte,

1953 854 2102 925 quod
2146 854 2315 928 absit,
2375 858 2482 914 sub
2521 859 2696 930 hujus
2739 861 3030 935 privilegii
3082 865 3319 924 obtentu
3370 854 3602 928 animus

1950 958 2295 1017 gressusque
2318 948 2689 1006 rectitudinis
2713 956 2911 1008 vestrae
2930 966 2964 1009 a
2993 968 3189 1012 norma
3216 956 3465 1026 justitize
3483 959 3604 1016 ali-

1950 1048 2064 1104 quo
2086 1036 2251 1091 modo
2270 1040 2685 1110 retorqueatur,
2704 1046 2761 1097 et
2782 1054 2963 1113 neque
2984 1045 3125 1117 regi,
3142 1059 3323 1117 neque
3338 1048 3606 1120 episcopo

1950 1124 2212 1197 cuilibet,
2236 1126 2321 1182 vel
2338 1129 2558 1200 comiti,
2579 1130 2779 1187 velalii
2800 1145 3014 1205 magnae
3034 1148 3331 1207 parvaeque
3350 1152 3603 1208 personae

1953 1211 2180 1271 licitum
2212 1216 2291 1272 sit
2311 1219 2627 1289 quamlibet
2650 1221 2765 1277 vim
2787 1220 3020 1296 inferre,
3042 1224 3163 1283 sive
3188 1226 3439 1299 aliquam
3457 1244 3605 1288 con—

1954 1306 2289 1362 troversiam
2343 1306 2525 1365 facere
2573 1310 2631 1366 in
2700 1311 2888 1383 rebus,
2932 1313 3017 1370 vel
3062 1314 3306 1374 familiis
3347 1320 3602 1390 ejusdem

1955 1396 2255 1465 saepedicti
2270 1398 2613 1455 venerabilis
2627 1403 2981 1458 monasterii.
3005 1404 3608 1480 Statuentesapostoli-

1955 1496 2019 1539 ca
2037 1497 2276 1541 censura
2296 1485 2659 1544 decernimus
2684 1502 2783 1561 per
2803 1490 2977 1561 hujus
2996 1493 3209 1553 decreti
3234 1498 3415 1553 nostri
3439 1500 3611 1571 pagi-

1958 1587 2107 1645 nam,
2146 1581 2209 1631 ut
2239 1576 2572 1647 quicunque
2608 1579 2922 1649 cujuslibet
2946 1583 3216 1640 Ecclesiae
3247 1587 3488 1645 antistes
3522 1590 3607 1647 vel

1958 1678 2303 1736 quacunque
2325 1667 2562 1736 praedita
2581 1658 2818 1739 persona
2831 1670 3133 1744 dignitate,
3155 1675 3301 1733 hanc
3312 1677 3605 1751 privilegii

1884 1739 2142 1811 Bnostri
2196 1756 2615 1828 auctoritatem,
2672 1773 2842 1830 quam
2901 1739 3273 1836 prmrogativa
3312 1739 3611 1838 principis

1956 1843 2346 1914 apostolorum
2373 1844 2686 1919 firmamus,
2719 1852 2993 1908 temerare
3027 1856 3475 1927 praesumpserit,
3508 1870 3612 1913 nec

1956 1933 2073 1989 cito
2095 1934 2207 1989 reci
2217 1934 2418 2007 piscat,
2440 1935 2737 1993 anathema
2761 1939 2860 2011 sit,
2880 1944 2935 1996 et
2964 1941 3107 1997 iram
3128 1943 3228 1998 Dei
3257 1944 3558 2001 incurrens
3578 1958 3613 2000 a

1957 2029 2108 2079 caatu
2158 2024 2417 2079 omnium
2471 2030 2798 2083 sanctorum
2846 2031 3094 2087 extorris
3143 2033 3372 2104 existat,
3422 2040 3477 2091 et
3525 2036 3613 2091 ni-

1958 2111 2278 2168 hilominus
2290 2111 2508 2183 praefati
2526 2117 2853 2173 monasterii
2872 2118 3128 2191 dignitas
3146 2134 3178 2177 a
3191 2121 3360 2178 nobis
3383 2122 3612 2180 indulta

1958 2201 2367 2271 perpetualiter
2392 2202 2665 2260 inviolata
2698 2214 3038 2279 permaneat,
3079 2210 3393 2280 apostolica
3423 2219 3616 2269 aucto.

1959 2288 2129 2345 ritate
2155 2289 2436 2347 roborata.
2467 2291 2575 2361 Qui
2607 2298 2796 2350 autem
2826 2300 3020 2353 custos
3039 2299 3347 2372 exstiterit,
3381 2300 3607 2362 benedic

1957 2378 2203 2434 ctionem
2245 2386 2301 2435 et
2329 2381 2571 2452 gratiam
2592 2396 2625 2439 a
2654 2383 2894 2441 Domino
2918 2392 3321 2458 consequatur.

2028 2467 2319 2537 Scriptum
2370 2482 2467 2539 per
2503 2484 2731 2527 manum
2772 2473 3035 2547 Gregorii
3068 2477 3363 2535 scriniarii
3400 2486 3610 2537 sancta:

1960 2556 2222 2612 Romanae
2251 2557 2516 2614 Ecclesiae
2539 2559 2599 2615 in
2621 2574 2809 2617 mense
2833 2563 3002 2635 Maio,
3038 2564 3354 2623 indictione
3381 2566 3434 2623 8.
3468 2569 3616 2627 Bene

1961 2644 2157 2701 valete.
2214 2648 2417 2703 Datum
2467 2663 2521 2703 1v
2573 2648 2696 2705 Kal.
2728 2651 2885 2707 Junii
2919 2666 3018 2723 per
3066 2667 3294 2712 manum
3342 2656 3615 2728 Stephani

1963 2735 2347 2792 secundicerii
2374 2741 2583 2793 sanctae
2621 2738 2777 2795 sedis
2799 2742 3147 2814 apostolicae,
3171 2756 3319 2800 anno
3348 2746 3446 2801 Dei
3475 2760 3617 2817 pro-

1964 2823 2110 2894 pitio
2132 2825 2499 2894 pontificatus
2523 2827 2718 2884 domni
2748 2829 2931 2885 nostri
2956 2830 3228 2902 Stephani
3252 2834 3460 2891 summi
3484 2849 3630 2906 pon-

1961 2912 2138 2968 tificis
2168 2920 2224 2969 et
2252 2914 2598 2972 universalis
2628 2930 2783 2988 papae
2809 2918 2868 2975 in
2891 2921 3281 2980 sacratissima
3310 2925 3441 2983 sede
3464 2924 3617 2983 beati

1963 3003 2113 3058 Petri
2145 3004 2387 3073 apostoli
2414 3004 2502 3066 69.
2526 3006 2857 3077 indictione
2883 3010 2937 3065 8.

2685 3162 2892 3218 XXIX.

2109 3293 2469 3338 PRIVILEGIUM
2490 3297 2592 3339 PRO
2612 3298 2955 3343 MONASTERIO
2983 3302 3169 3345 SANCTI
3192 3304 3468 3349 LIUDGERI.

2607 3411 2793 3480 (Anno
2828 3410 2927 3469 894
2943 3415 2981 3485 .)

2494 3536 2512 3606 [
2523 3536 2753 3609 Eccard,
2798 3553 2921 3611 pag.
2977 3538 3099 3617 29.}

2043 3660 2365 3717 STEPHANUS
2404 3663 2728 3736 episcopus,
2769 3679 2967 3723 servus
2994 3680 3285 3724 servorum
3314 3670 3436 3740 Dei,
3464 3672 3607 3729 Hann

1975 3763 2062 3807 nu.
2089 3750 2360 3824 religioso
2397 3752 2589 3809 abbati
2631 3754 2979 3813 venerabilis
3006 3758 3338 3814 monasterii
3368 3759 3424 3815 S.
3456 3761 3632 3818 Liud-

1975 3840 2093 3913 geri
2128 3845 2184 3897 et
2214 3855 2312 3913 per
2350 3846 2405 3899 te
2437 3842 2621 3899 eidem
2669 3844 2981 3902 venerabili
3014 3847 3359 3904 monasterio
3398 3848 3458 3906 in
3490 3864 3627 3921 per-

1975 3935 2226 4000 petuum.

2044 4020 2281 4090 Quoties
2310 4034 2374 4077 ea
2399 4033 2432 4076 a
2474 4020 2641 4077 nobis
2667 4022 2901 4079 concedi
2935 4024 3318 4093 postulantur,
3352 4042 3478 4098 quae
3505 4029 3622 4100 piis

1975 4114 2030 4165 et
2054 4108 2480 4166 venerabilibus
2511 4111 2654 4167 locis
2681 4117 3024 4185 congruunt,
3048 4114 3209 4170 decet
3248 4129 3353 4173 nos
3380 4117 3628 4176 libenter

1975 4199 2282 4256 concedere
2310 4206 2366 4256 et
2389 4200 2538 4255 votis
2569 4200 2972 4273 religiosorum
2997 4204 3312 4273 apostolica
3334 4208 3629 4266 sanctione

1978 4284 2181 4346 favere.
2214 4290 2283 4345 Et
2310 4288 2436 4345 ideo
2456 4289 2808 4361 religiositas
2839 4296 2935 4346 tua
2964 4295 3157 4349 nostro
3178 4296 3464 4365 suggessit
3482 4309 3630 4367 apo-

209 4384 569 4441 monasterio
588 4383 867 4440 ditionem
894 4381 1210 4454 quamlibet
1231 4380 1459 4450 habere,
1484 4383 1585 4434 aut
1612 4378 1878 4434 auctori—
1900 4428 1954 4454 n
1979 4377 2237 4449 stolatui,
2267 4383 2551 4449 quatenus
2582 4378 2731 4434 idem
2760 4379 3096 4448 praedictum
3122 4382 3445 4439 venerabile
3497 4399 3626 4441 mo-

1900 4428 1955 4489 D

208 4480 390 4531 tatem
419 4478 625 4545 praeter
662 4472 847 4529 sedem
882 4471 1274 4543 apostolicam,
1328 4477 1383 4525 et
1428 4469 1759 4539 episcopum
1814 4467 1875 4522 in
1901 4467 1954 4489 ν
1980 4467 2294 4525 nasterium
2331 4481 2461 4523 cum
2493 4467 2760 4524 omnibus
2812 4469 3083 4524 canonice
3110 4475 3167 4525 et
3214 4470 3474 4542 legaliter
3512 4473 3628 4529 sibi

209 4566 388 4634 cujus
410 4562 649 4619 dioecesi
702 4562 850 4618 idem
903 4559 1227 4617 venerabile
1276 4557 1682 4615 monasterium
1732 4569 1879 4612 con-

209 4658 504 4710 structum
521 4666 644 4708 esse
659 4651 1042 4723 dignoscitur,
1061 4650 1157 4706 cui
1178 4648 1469 4705 licentiam
1486 4646 1876 4717 concedimus,

210 4747 442 4798 tantum
471 4754 602 4796 cum
626 4739 1027 4811 opportunitas
1056 4736 1426 4794 consecrandi
1449 4736 1654 4793 altaris
1678 4734 1875 4805 fuerit,

213 4830 599 4901 prohibemus
620 4829 701 4885 ita
742 4834 823 4898 ut,
861 4828 976 4884 nisi
1003 4826 1073 4882 ab
1101 4826 1302 4882 abbate
1334 4824 1665 4881 monasterii
1702 4821 1880 4880 fuerit

215 4920 530 4989 invitatus,
553 4933 656 4974 nec
677 4919 983 4974 missarum
1006 4916 1219 4972 ibidem
1259 4914 1677 4973 solemnitatem
1709 4912 1881 4985 quis-

214 5010 372 5081 piam
428 5013 740 5079 praasumat
784 5006 1111 5064 omnimodo
1152 5004 1457 5075 celebrare,
1491 5008 1556 5060 ut
1603 5000 1875 5073 profecto,

208 5099 381 5169 juxta
426 5096 487 5152 id
520 5097 671 5169 quod
721 5096 1039 5166 subjectum
1090 5092 1417 5166 apostolicae
1446 5092 1566 5149 sedi
1613 5091 1881 5147 firmitate

214 5186 515 5259 privilegii
540 5186 826 5257 consistit,
862 5186 1201 5242 inconcusse
1228 5185 1486 5241 dotatum
1514 5186 1872 5253 permaneat:

219 5277 365 5333 locis
394 5276 572 5333 etiam
602 5280 659 5331 et
692 5275 879 5347 rebus,
909 5281 1021 5331 tam
1056 5275 1143 5330 eis
1166 5287 1311 5345 quas
1336 5274 1605 5329 moderno
1633 5277 1879 5341 tempore

220 5373 374 5423 tenet
402 5366 490 5423 vel
539 5366 811 5437 possidet,
864 5379 1031 5436 quam
1066 5378 1207 5437 quas
1255 5363 1471 5420 futuris
1500 5361 1871 5432 temporibus,

224 5454 285 5510 in
332 5457 468 5525 jure
508 5454 699 5526 ipsius
747 5453 1099 5525 monasterii,
1152 5453 1349 5510 divina
1409 5452 1589 5521 pietas
1631 5449 1877 5505 voluerit

222 5556 431 5616 augere
450 5558 521 5601 ex
540 5543 715 5600 donis
738 5547 796 5598 et
814 5541 1224 5613 oblationibus,
1242 5540 1595 5611 decimisque
1622 5537 1876 5594 ﬁdelium

1979 4556 2401 4628 pertinentibus
2430 4560 2487 4612 et
2518 4556 2914 4627 adjacentibus
2941 4558 3255 4628 apostolica
3285 4561 3630 4619 auctoritate

1980 4645 2356 4716 muniremus,
2411 4646 2886 4716 quemadmodum
2939 4662 2972 4703 a
3011 4647 3128 4718 piis
3161 4648 3624 4722 imperatoribus,

1979 4735 2263 4792 Ludovico
2294 4734 2519 4791 scilicet
2547 4741 2603 4790 et
2626 4735 2827 4792 Carolo
2859 4741 3032 4807 atque
3059 4736 3301 4795 Arnulfo
3336 4739 3630 4813 religiosis

1979 4824 2264 4895 quondam
2294 4823 2572 4895 Augustis
2615 4838 2714 4894 per
2741 4825 3068 4897 augustalia
3120 4840 3318 4884 eorum
3351 4836 3628 4903 princepta

1980 4913 2266 4970 munitum
2298 4912 2742 4984 roboratnmque
2768 4927 2892 4969 esse
2918 4914 3299 4985 dignoscitur.
3330 4918 3514 4994 Hujus
3546 4922 3628 4979 rei

1980 5001 2165 5074 gratia
2213 5006 2368 5057 tuam
2436 5000 2855 5073 suggestionem
2917 5016 3227 5075 congruam
3279 5004 3400 5064 fore
3439 5009 3635 5080 praevi-

1977 5093 2194 5163 dentes,
2248 5097 2433 5147 ratum
2475 5090 2750 5147 duximus
2785 5104 2956 5149 aures
2986 5098 3211 5151 nostras
3241 5096 3361 5155 tuis
3396 5112 3630 5156 accom—

1980 5181 2209 5238 modare
2267 5178 2554 5251 precibus,
2607 5180 2706 5252 qui
2741 5181 3116 5240 universalem
3154 5198 3364 5243 normae
3404 5201 3623 5259 curam,

1977 5270 2175 5326 divina
2217 5268 2560 5341 suffragante
2612 5270 2815 5342 gratia,
2876 5273 3197 5344 suscepisse
3242 5275 3623 5347 dignoscitur.

1978 5358 2332 5431 QuaprOpter
2390 5359 2445 5414 id
2489 5359 2675 5428 ipsum
2721 5375 2945 5417 sacrum
3000 5352 3413 5420 monasterium
3451 5364 3626 5432 hujus

1979 5449 2275 5519 praesentis
2298 5448 2586 5520 privilegii
2607 5450 2788 5505 nostri
2811 5451 3183 5522 sanctionem
3202 5451 3626 5521 praelibavimus

1979 5537 2319 5609 munientes,
2364 5538 2726 5595 decernimus
2764 5552 2795 5594 a
2826 5539 3090 5608 praesenti
3123 5552 3270 5595 nona
3308 5538 3625 5596 indictione

231 5632 450 5706 ubique
481 5633 669 5691 ullius
709 5645 962 5704 personae
989 5630 1442 5689 contradictione
1474 5627 1740 5686 firmitate
1769 5641 1890 5699 per-
1980 5634 2044 5685 ut
2069 5625 2217 5684 nulli
2246 5627 2511 5697 potestati
2543 5640 2644 5683 nec
2673 5626 2915 5683 cuilibet
2946 5639 3159 5697 magna:
3180 5639 3477 5698 parvaeque
3508 5642 3632 5699 per-
