4058 6154
470 297 580 356 815

1851 288 2188 346 STEPHANI
2227 288 2421 344 ΡΑΡᾸΞ
2461 292 2504 346 V

3768 290 3865 348 816

469 443 622 486 some
660 438 1000 498 quacunqua
1025 422 1308 495 dignitate
1348 420 1597 490 praedita:
1628 417 1712 473 fas
1764 417 1842 471 sit
1880 428 2110 486 quoquo
2139 434 2199 495 Α
2232 414 2659 485 monasterium,
2683 415 2778 470 cui
2808 415 2932 485 ipsa
2959 429 3197 485 praeesse
3217 415 3798 488 dignosceris,{sit11m
3820 419 3872 473 in

478 517 807 574 modoillud
839 514 1102 570 invadere
1133 512 1217 567 vel
1243 511 1346 566 alii
1375 509 1755 576 commodare,
1808 519 1908 561 nec
1936 505 2117 575 quid—

467 621 638 680 quam
676 606 747 661 de
785 603 1019 660 famulis
1061 602 1145 658 vel
1175 601 1391 657 mansis
1446 611 1660 654 necnon
1714 596 1893 651 servis
1921 601 1977 649 et
2009 607 2120 648 an—

467 696 644 766 cillis,
675 693 800 748 litis
827 697 883 747 et
913 691 1132 761 liberis,
1158 689 1276 744 sive
1307 687 1619 758 quidquam
1645 685 1715 740 de
1745 683 1914 740 rebus
1945 682 2119 737 mobi-

467 784 625 841 libus
644 783 730 838 vel
759 779 1155 836 immobilibus
1175 778 1357 848 deque
1376 775 1554 831 cultis
1578 782 1633 830 et
1654 773 1895 828 incultis
1919 784 2120 826 memo-

471 873 581 928 rati
609 868 938 926 monasterii
971 866 1084 922 sibi
1106 865 1398 921 vindicare
1422 869 1524 918 aut
1551 861 1717 917 alteri
1743 862 1955 916 donare
1985 871 2120 927 pras-

470 963 678 1017 sumat.
729 958 823 1014 sed
869 971 998 1012 cum
1038 954 1307 1011 omnibus
1358 951 1528 1008 rebus
1563 959 1620 1006 et
1658 947 2119 1020 possessionibus

466 1064 533 1107 ac
562 1046 956 1106 oblationibus
979 1050 1034 1100 et
1063 1041 1406 1110 redditibus,
1441 1054 1566 1110 quae
1591 1039 1863 1094 canonice
1882 1043 1939 1092 et
1968 1036 2120 1107 legi-

469 1139 606 1194 time
639 1137 786 1193 inibi
812 1137 965 1206 data,
1005 1133 1210 1204 largita
1241 1135 1377 1187 sunt
1403 1133 1460 1185 et
1500 1129 1709 1184 donata
1738 1139 1803 1181 ac
1849 1125 2119 1194 deinceps

465 1221 988 1292 donabuntur,juri
1015 1234 1080 1274 ac
1111 1218 1355 1275 utilitati
1391 1215 1588 1272 crebro
1617 1213 1760 1270 dicti
1785 1211 2117 1268 monasterii

466 1321 522 1371 et
554 1313 758 1370 usibus
779 1314 894 1367 Deo
923 1309 1070 1366 inibi
1109 1306 1512 1364 famulantium
1550 1304 1874 1375 perenniter
1902 1300 2118 1358 conﬁr-

469 1417 690 1459 mamus
715 1400 822 1458 sub
853 1404 950 1456 tua
988 1399 1210 1455 ditione
1233 1396 1435 1467 degere
1463 1395 1532 1450 ad
1574 1392 1881 1464 regendum
1907 1405 1972 1446 ac
2022 1403 2119 1445 re—

468 1492 748 1564 gulariter
781 1488 1248 1559 dispensandum.
1293 1486 1409 1539 Imo
1447 1496 1744 1539 censemus
1791 1480 1937 1536 nulli
1971 1479 2120 1535 ﬁde—

466 1581 610 1636 lium
649 1580 873 1635 licitum
908 1577 1027 1633 fore
1061 1574 1376 1646 quamlibet
1413 1585 1584 1642 super
1613 1570 1867 1640 ejusdem
1917 1582 2117 1624 mona-

467 1669 629 1726 sterii
676 1668 934 1724 bomines
978 1666 1258 1722 ditionem
1289 1662 1495 1718 habere
1511 1665 1612 1716 aut
1647 1660 1712 1715 ad
1755 1658 1982 1729 aliquas
2010 1671 2120 1712 ex-

468 1760 724 1816 actiones
747 1762 946 1814 contra
971 1756 1249 1811 rationem
1275 1751 1612 1822 compellere
1635 1749 1720 1805 vel
1747 1749 2113 1820 distringere,

2231 504 2525 558 territorio
2549 505 2857 560 diceceseos
2903 519 3041 577 suae,
3093 519 3222 561 cum
3249 506 3520 561 omnibus
3563 507 3875 575 suisjustis

2229 593 2596 662 pertinentiis
2615 599 2672 648 et
2699 595 3058 663 adjacentiis,
3087 595 3261 664 hujus
3289 596 3660 651 auctoritatis
3685 605 3874 654 nostra:

2230 680 2532 752 privilegio
2566 683 2937 738 muniremus.
2962 684 3141 752 Cujus
3171 684 3548 753 postulationi
3589 683 3779 741 favere
3804 687 3877 742 ni-

2230 774 2428 839 tentes,
2460 771 2744 841 przecipue
2771 787 2900 828 cum
2935 773 3192 828 omnium
3229 773 3309 828 sit
3336 773 3724 830 Ecclesiarum
3751 791 3877 833 cura

2235 857 2400 914 nobis
2443 860 2767 929 commissa,
2804 861 2908 916 hoc
2934 861 3315 931 apostolicum
3349 869 3610 920 nostrum
3659 865 3873 933 privile-

2231 947 2388 1018 gium
2411 947 2534 1003 ﬁeri
2556 949 2931 1019 decrevimus,
2952 964 3052 1020 per
3065 950 3213 1021 quod
3241 956 3298 1006 et
3323 950 3376 1005 id
3409 951 3598 1022 ipsum
3626 967 3878 1010 veneran-

2227 1037 2362 1092 dum
2389 1038 2796 1094 monasterium
2825 1037 3181 1110 roboramus,
3209 1047 3264 1095 et
3292 1040 3609 1110 apostolica
3641 1044 3879 1099 auctori-

2228 1129 2341 1180 tate
2370 1125 2516 1180 inibi
2546 1128 2615 1182 ad
2661 1127 3131 1183 sustentationem
3157 1129 3500 1185 ancillarum
3538 1130 3640 1186 Dei
3673 1132 3879 1187 conﬁr—

2229 1228 2449 1271 mamus
2477 1230 2672 1272 omnes
2693 1231 2800 1287 res,
2829 1232 2953 1288 qua:
2977 1232 3007 1272 a
3033 1218 3163 1287 jure
3192 1219 3450 1288 praedicti
3473 1220 3736 1290 episcopi
3759 1235 3873 1277 cum

2226 1303 2420 1359 eodem
2477 1309 2614 1361 sunt
2666 1307 3010 1362 monasterio
3057 1313 3413 1363 commutata:
3471 1308 3761 1379 legaliter,
3805 1310 3874 1365 vel

2227 1406 2354 1462 qua:
2373 1406 2405 1448 a
2433 1392 2700 1450 ﬁdelibus
2732 1401 2787 1450 et
2811 1397 2987 1451 Deum
3019 1396 3359 1452 timentibus
3379 1403 3514 1453 sunt
3542 1398 3624 1452 ibi
3667 1399 3878 1454 collata

2226 1482 2295 1537 ad
2330 1497 2494 1538 usum
2522 1487 2577 1538 et
2619 1483 2928 1539 utilitatem
2964 1485 3287 1540 earumdem
3332 1487 3876 1557 sanctimonialium,

2228 1583 2329 1625 nec
2356 1585 2463 1627 non
2495 1578 2550 1627 et
2578 1573 2830 1629 decimas
2848 1575 3030 1630 eidem
3052 1573 3284 1643 praefato
3307 1577 3658 1632 monasterio
3677 1591 3882 1634 annua-

2229 1659 2362 1715 liter
2384 1661 2627 1730 persolvi
2654 1676 2970 1735 censemus,
3009 1679 3134 1735 qua:
3155 1665 3224 1719 de
3259 1665 3493 1720 statutis
3523 1665 3687 1721 villis
3707 1667 3881 1722 eidem

2228 1746 2354 1803 dari
2382 1750 2742 1820 persolvique
2762 1751 2973 1806 debent
2991 1751 3302 1822 episcopali
3330 1751 3505 1807 simul
3537 1757 3594 1808 et
3622 1755 3877 1824 synodali

469 1811 1098 1915 aﬁprzefatis
1122 1811 1565 1912 imperatoribus
1589 1841 1878 1908 Deumque
1904 1811 2118 1892 timeo-'-
2147 1811 2199 1870 Β
2229 1811 2473 1892 decreto.
2508 1839 2624 1894 Imo
2651 1811 2714 1894 et
2735 1840 3001 1896 consultu
3027 1811 3098 1896 ut
3127 1811 3347 1897 intuitu
3378 1856 3579 1897 sumus
3605 1811 3882 1898 statutum

471 1935 631 1990 tibus
653 1945 919 1990 concessa
964 1931 1220 1987 existunt
1266 1933 1436 1999 atque
1467 1926 1706 1996 ﬁrmata,
1746 1925 1823 1980 ita
1854 1937 1958 1980 nos
1987 1937 2116 1980 cum

469 2024 615 2094 ipsis
656 2021 955 2093 praeceptis
983 2016 1385 2091 augustalibus
1412 2015 1603 2071 omnia
1644 2019 1708 2069 ut
1736 2027 1799 2069 ea
1825 2013 2120 2069 continere

465 2109 992 2178 videnturascripta
1006 2103 1503 2162 inviolabiliterab
1516 2102 1784 2159 omnibus
1797 2106 2006 2157 sancta:
2018 2101 2117 2157 Dei

462 2199 730 2256 Ecclesiae
760 2197 1028 2254 ﬁdelibus
1065 2193 1380 2265 apostolica
1409 2192 1752 2248 auctoritate
1782 2190 2002 2245 ﬁrmata
2027 2189 2120 2245 ob-

463 2289 735 2346 servanda
769 2285 1154 2358 praecipimus,
1189 2286 1504 2338 statuentes
1540 2279 1892 2336 decernendo
1919 2283 1983 2334 ut
2015 2278 2113 2348 qui

466 2376 766 2434 temerario
786 2389 953 2443 ausu,
997 2373 1149 2444 quod
1182 2385 1293 2427 non
1319 2375 1601 2440 Optamus,
1631 2373 1825 2425 contra
1855 2369 1960 2424 hoc
2009 2382 2118 2423 no—

463 2471 646 2521 strum
667 2462 1044 2534 apostolicum
1069 2459 1435 2530 privilegium
1461 2458 1544 2512 ire
1563 2457 1649 2512 vel
1666 2470 1830 2528 agere
1852 2469 2116 2526 praesum-

463 2553 661 2623 pserit,
715 2557 772 2606 et
825 2551 886 2606 in
926 2554 1043 2605 toto
1091 2549 1176 2603 vel
1207 2562 1275 2603 ex
1322 2551 1499 2616 parte,
1547 2546 1697 2616 quod
1755 2559 2112 2616 nequaquam

461 2641 584 2697 ﬁeri
618 2640 971 2705 mandamus,
1023 2635 1336 2706 infringere
1381 2635 1682 2690 tentaverit
1725 2634 1831 2689 hoc
1862 2635 2010 2704 quod
2043 2635 2108 2689 ad

459 2730 684 2786 laudem
727 2729 828 2784 Dei
887 2724 1298 2794 omnipotentis
1329 2727 1384 2778 et
1427 2723 1798 2778 stabilitatem
1857 2723 2111 2792 ejusdem

459 2817 792 2874 monasterii
829 2829 892 2871 ac
938 2813 1343 2869 monachorum
1387 2812 1860 2867 sustentationem
1899 2812 1968 2866 ad
2002 2825 2113 2866 no-

457 2912 590 2962 stra:
621 2904 898 2961 mercedis
912 2908 1277 2973 augmentum
1303 2901 1502 2957 divino
1527 2900 1662 2956 tacti
1690 2913 1879 2956 amore
1909 2900 2115 2955 statui-

457 3009 604 3062 mus,
634 2993 856 3050 noverit
879 3007 939 3048 se
959 2990 1564 3048 excommunicandum
1597 2997 1670 3060 et,
1702 2989 1815 3045 nisi
1836 2988 2109 3045 obediens

453 3082 650 3154 fuerit,
673 3083 1032 3138 anathemate
1048 3079 1366 3137 feriendum
1395 3098 1408 3148 ;
1437 3080 1537 3150 qui
1559 3093 1689 3135 vero
1715 3083 1908 3134 custos
1934 3077 2112 3133 fuerit

2229 1930 2315 1981 est
2342 1930 2398 1980 et
2430 1928 2702 1983 canonice
2723 1928 3072 1994 ordinatum,
3103 1929 3253 2000 quod
3289 1930 3339 1985 si
3373 1930 3452 1985 ita
3476 1944 3566 1986 res
3602 1945 3664 1986 se
3699 1931 3879 2002 habet,

2231 2013 2472 2086 infringi
2492 2029 2602 2071 non
2615 2016 2799 2087 debet,
2825 2031 2894 2072 ne
2911 2017 3203 2087 synodalis
3215 2025 3271 2073 et
3289 2019 3605 2075 canonicus
3617 2020 3789 2091 vigor
3807 2061 3818 2073 .
3837 2062 3849 2074 .
3867 2062 3878 2074 .

2232 2145 2243 2157 .
2270 2143 2317 2156 ..
2348 2103 2485 2166 ...in
2508 2103 2737 2174 praefata
2752 2110 2945 2160 sancta
2963 2105 3426 2162 Padrabunnensi
3447 2107 3714 2179 ecclesia,
3740 2109 3885 2166 sicut

2230 2197 2504 2248 statutum
2549 2207 2675 2249 esse
2711 2195 3112 2265 comperimus,
3145 2195 3237 2251 cui
3261 2195 3540 2252 deeodem
3567 2211 3694 2253 ven.
3738 2213 3880 2255 mon.

2229 2297 2423 2339 curam
2454 2297 2577 2339 esse
2608 2284 2925 2354 reperimus
2961 2289 3274 2341 statuentes
3303 2287 3619 2355 apostolica
3643 2302 3883 2344 censura

2226 2371 2607 2439 decernimus,
2639 2377 2703 2427 ut
2747 2372 2893 2428 nulli
2940 2372 3196 2428 ﬁdelium
3224 2373 3308 2429 fas
3348 2375 3429 2429 sit
3452 2390 3685 2447 quoquo
3725 2378 3883 2433 modo

2225 2466 2422 2516 contra
2441 2462 2614 2531 hujus
2637 2461 2925 2533 privilegii
2955 2467 3162 2518 nostrai
3191 2464 3652 2521 conﬁrmationis
3677 2468 3882 2522 seriem

2225 2549 2317 2620 pie
2346 2555 2403 2604 et
2433 2551 2885 2607 misericorditer
2902 2565 2934 2606 a
2960 2551 3126 2607 nobis
3148 2553 3560 2625 promulgatam
3584 2568 3766 2626 agere
3795 2562 3883 2611 aut

2223 2639 2524 2694 temerario
2545 2652 2690 2694 ausu
2715 2639 2785 2695 de
2809 2639 3078 2695 omnibus
3099 2655 3224 2710 qua:
3254 2641 3434 2696 eidem
3469 2656 3619 2697 mon.
3646 2657 3882 2715 sumque

2222 2725 2648 2797 congregationi
2683 2727 2942 2798 legaliter
2976 2727 3186 2784 tradita
3220 2734 3356 2784 sunt
3380 2729 3465 2784 vel
3507 2744 3791 2787 concessa
3819 2732 3884 2787 si-

2223 2812 2395 2883 bique
2426 2827 2456 2868 a
2482 2815 2648 2870 modo
2666 2822 2720 2870 et
2749 2815 3019 2886 deinceps
3045 2817 3315 2873 tradenda
3341 2817 3425 2873 vel
3459 2818 3730 2890 legitimo
3760 2822 3880 2890 jure

2220 2904 2557 2961 conferenda
2593 2904 2818 2976 aliquid
2851 2905 3109 2961 minuere
3137 2906 3222 2962 vel
3253 2905 3496 2975 auferre,
3544 2909 3656 2964 sibi
3705 2913 3879 2967 etiam

2219 2993 2496 3063 deripere,
2527 2993 2720 3063 potius
2745 2998 2931 3050 autem
2956 2994 3024 3049 ad
3050 2993 3357 3051 utilitatem
3374 2997 3617 3053 Domino
3649 2999 3789 3056 illic
3813 3000 3883 3056 fa-

2221 3080 2565 3136 mulantium
2605 3083 2766 3137 ﬁrma
2804 3087 3079 3151 potestate
3115 3082 3452 3154 consistant,
3500 3099 3701 3141 earum
3739 3088 3880 3145 bono

453 3186 520 3229 ac
545 3143 892 3244 observator,
937 3143 1491 3226 benedictionem'a-c
1516 3167 1753 3237 gratiam
1787 3180 2110 3237 consequa-
2139 3143 2187 3204 Ο
2221 3183 2345 3239 quae
2375 3183 2527 3225 nunc
2571 3170 2853 3226 habentur
2889 3171 2968 3226 vel
3017 3177 3154 3227 sunt
3178 3173 3332 3241 juste
3379 3175 3789 3245 conquirenda
3822 3221 3834 3232 .
3867 3219 3878 3230 .

452 3266 566 3318 tur.
599 3261 889 3330 Scriptum
909 3273 1008 3330 per
1030 3272 1259 3314 manum
1289 3256 1552 3328 Gregorii
1582 3255 1878 3312 scriniarii
1897 3261 2107 3312 sancta:

452 3351 717 3407 Romanae
741 3349 1030 3419 Ecclesia},
1072 3348 1131 3402 in
1169 3361 1357 3403 mense
1382 3345 1549 3401 Maio.
1595 3345 1912 3402 indictione
1934 3359 2102 3401 nona.

521 3440 561 3510 -ὶ-
591 3439 734 3495 Bene
755 3439 951 3495 valete.
987 3439 1026 3507 1'-

517 3529 658 3584 Data
678 3542 732 3583 IV
760 3528 881 3583 Kal.
902 3526 1156 3596 Juliiper
1181 3538 1410 3580 manum
1424 3522 1694 3593 Stephani
1719 3521 2104 3578 secundicerii

449 3621 658 3673 sancta:
687 3616 841 3671 sedis
869 3614 1217 3684 apostolicae,
1246 3625 1415 3681 anno,
1434 3612 1546 3666 Deo
1576 3611 1847 3680 propitio,
1879 3610 2108 3679 pontiﬁ-

446 3711 610 3761 catus
638 3703 832 3760 domni
878 3701 1148 3772 Stephani
1181 3700 1390 3756 summi
1442 3698 1733 3768 pontiﬁcis
1777 3705 1833 3754 et
1864 3698 2107 3754 univer—

448 3793 592 3848 salis
617 3805 773 3862 papaa
812 3791 872 3846 in
903 3789 1290 3844 sacratissima
1320 3786 1451 3842 sede
1494 3786 1644 3842 beati
1672 3787 1821 3842 Petri
1854 3787 2099 3856 apostoli

448 3885 627 3952 sexto,
661 3878 980 3935 indictione
1001 3875 1054 3932 8.
1085 3875 1280 3933 Amen.

1150 3976 1156 3982 ’
1177 4000 1361 4056 xxx.

659 4141 1020 4186 PRIVILEGIUM
1047 4140 1150 4182 PRO
1188 4139 1533 4182 MONASTERIO
1564 4140 1881 4182 HERTIENSI.

1093 4251 1279 4322 (Anno
1302 4249 1456 4323 891.)

875 4373 1136 4453 [Eccard,
1177 4377 1340 4440 ibid.,
1387 4389 1495 4447 pag
1552 4372 1674 4446 38.]

444 4599 594 4670 quod
617 4599 795 4654 situm
820 4600 906 4651 est
937 4595 997 4650 in
1028 4594 1169 4648 loco.
1254 4632 1266 4644 .
1346 4633 1358 4645 .
1436 4591 1619 4648 Hersi.
1703 4633 1715 4646 .
1797 4634 1808 4646 .
1889 4634 1902 4647 .
1985 4636 1997 4649 .
2081 4634 2094 4649 .

442 4692 499 4743 et
546 4701 646 4756 per
709 4691 764 4741 te
820 4685 880 4739 in
937 4682 1131 4739 eodem
1177 4693 1300 4736 ven.
1364 4694 1577 4737 monas.
1632 4682 1692 4737 in
1738 4689 2091 4753 perpetuum.

441 4778 664 4848 Quanto
681 4789 785 4830 nos
802 4787 903 4843 pro
919 4771 1145 4842 piorum
1164 4777 1218 4826 et
1238 4770 1649 4827 venerabilium
1667 4772 1920 4828 locorum
1943 4780 2099 4832 statu

442 4863 860 4938 augmentando
876 4860 1247 4918 sollicitiores
1263 4860 1588 4930 existimus,
1608 4866 1664 4917 et
1683 4862 1753 4917 ad
1772 4875 1969 4919 eorum
1991 4866 2104 4921 uti-

446 4951 640 5014 litates
698 4953 1075 5025 proﬁciendas
1127 4957 1396 5022 perpetuo
1448 4951 1834 5021 pastoralibus
1878 4954 2104 5026 vigiliis

447 5045 793 5114 insistimus,
827 5047 982 5098 tanta
1003 5041 1171 5096 nobis
1200 5047 1421 5096 aeterna).
1452 5043 1935 5098 remunerationis
1967 5059 2103 5114 prte-

448 5136 565 5192 mia
592 5147 658 5189 eo
701 5131 978 5203 largiente
1029 5130 1447 5200 conquirimus,
1501 5131 1601 5200 qui
1654 5130 1841 5186 dixit:
1898 5133 2102 5190 Beatus

450 5237 648 5282 servus
680 5221 798 5287 ille,
829 5233 993 5290 quem
1014 5233 1143 5274 cum
1175 5219 1392 5274 venerit
1412 5219 1688 5274 Dominus
1716 5221 1996 5277 invenerit
2028 5225 2104 5280 vi'

395 5349 404 5356 ι
446 5314 738 5387 gilantem.
777 5311 841 5367 Et
862 5308 989 5364 ideo
1014 5307 1282 5364 omnibus
1312 5310 1519 5362 sancta:
1548 5307 1645 5362 Dei
1679 5309 1942 5364 Ecclesia:
1973 5311 2103 5368 ﬁde-

446 5403 605 5459 libus
632 5406 803 5471 atque
825 5396 1038 5453 nostris
1061 5400 1256 5450 notum
1279 5395 1403 5450 ﬁeri
1437 5395 1721 5467 volumus,
1744 5399 2099 5470 suggessisse

451 5501 646 5550 nostro
665 5486 1009 5559 apostolatui
1043 5484 1300 5540 Bisonem
1329 5485 1861 5542 reverendissimum
1881 5489 2098 5545 Padra-

449 5581 833 5637 brunnensem
880 5576 1233 5647 episcopum,
1274 5579 1554 5646 quatenus
1599 5576 1934 5646 praedictum
1965 5594 2086 5648 ven.

1988 4513 2183 4573 ._.D

2217 3258 2376 3327 Nam,
2401 3258 2501 3328 qui
2534 3259 2738 3314 timore
2756 3259 2856 3314 Dei
2883 3261 3219 3332 postposito,
3255 3261 3392 3317 huic
3417 3264 3883 3323 conﬁrmationis

2219 3350 2423 3401 nostra:
2447 3347 2748 3419 privilegio
2776 3349 2834 3404 in
2863 3354 2981 3406 toto
3003 3349 3086 3405 vel
3110 3350 3350 3420 ingparte
3375 3353 3664 3410 contraire
3691 3370 3886 3427 reper-

2217 3439 2331 3505 tus,
2362 3435 2623 3506 illudque
2646 3451 2756 3494 non
2778 3437 3077 3510 integriter
3093 3439 3390 3496 observare
3419 3441 3730 3501 distulerit
3762 3460 3858 3502 san
3885 3480 3902 3492 -

2215 3528 2303 3578 cta
2338 3564 2349 3576 .
2387 3565 2399 3576 .
2440 3525 2592 3581 .cito
2649 3525 2978 3583 admonitus
3023 3528 3351 3598 resipuerit,
3396 3531 3726 3600 apostolico
3769 3549 3883 3590 mu-

2214 3625 2384 3668 crone
2435 3611 2768 3671 feriendus.
2817 3617 3049 3687 ...qui
3094 3624 3282 3673 autem
3341 3625 3537 3675 custos
3595 3611 3785 3678 fuerit
3824 3632 3892 3678 et.

2213 3700 2559 3772 observator,
2593 3717 2624 3758 a
2645 3705 2802 3773 justo
2822 3705 3018 3774 judice
3043 3706 3284 3762 Domino
3321 3708 3436 3763 Deo
3467 3715 3665 3766 nostro
3711 3713 3880 3767 mise-

2215 3788 2525 3846 ricordiam
2555 3798 2959 3863 consequatur.

2282 3878 2570 3950 Scriptum
2611 3896 2710 3951 per
2743 3896 2972 3940 manum
2999 3884 3260 3956 Gregorii
3310 3886 3610 3944 scriniarii
3663 3897 3881 3947 sanctae

2213 3966 2494 4025 Romanae
2522 3970 2789 4027 Ecclesiae
2816 3971 2876 4027 in
2905 3987 3093 4030 mense
3113 3973 3281 4045 Maio,
3326 3975 3443 4032 ind.
3482 3991 3649 4035 nona.

2934 4062 2974 4131 οξη
2995 4063 3140 4117 Bene

2946 4154 3126 4212 valete
3151 4157 3190 4227 ~1-

2922 4298 3130 4354 XXXI.

2424 4430 2784 4476 PRIVILEGIUM
2813 4434 2910 4476 PTO
2941 4434 3282 4479 MONASTERIO
3311 4438 3647 4482 ALEXANDRI.

2851 4527 3037 4598 (Anno
3071 4527 3226 4602 894.)

2387 4651 2574 4722 [Apud
2598 4653 2830 4725 Eccard,
2857 4655 2985 4727 hisi,
3011 4672 3134 4724 yen.
3152 4660 3334 4727 princ.
3361 4659 3498 4724 Sam,
3524 4657 3685 4732 217].

2279 4776 2599 4833 STEPHANUS
2622 4779 2945 4850 episcOpus,
2978 4794 3176 4838 servus
3205 4797 3496 4840 servorum
3528 4785 3652 4857 Dei,
3686 4789 3874 4844 omni-

2211 4865 2320 4921 bus
2350 4872 2557 4923 sanctze
2592 4868 2692 4923 Dei
2718 4869 2985 4925 Ecclesiae
3015 4869 3283 4927 ﬁdelibus
3316 4873 3615 4942 praesentis
3641 4875 3876 4931 scilicet

2213 4959 2270 5011 et
2289 4953 2471 5011 futuri
2506 4956 2795 5025 temporis.

2283 5045 2423 5099 Cum
2465 5049 2658 5100 nostro
2691 5046 3036 5115 apostolatui
3072 5047 3364 5105 incumbat
3391 5052 3648 5108 omnium
3679 5053 3875 5109 Eccle-

2213 5137 2429 5188 siarum
2474 5133 2928 5190 sollicitudinem
2971 5149 3182 5207 gerere,
3215 5138 3487 5196 debemus
3520 5141 3595 5196 iis
3616 5141 3716 5211 qui
3767 5155 3874 5210 pro

2211 5224 2627 5294 augmentando
2662 5223 2897 5279 servitio
2942 5225 3041 5279 Dei
3070 5226 3452 5297 studuerunt,
3487 5229 3554 5284 ad
3601 5229 3870 5285 effectum

2211 5312 2325 5367 voti
2377 5313 2468 5367 sui
2509 5325 2802 5368 assensum
2833 5318 2888 5368 et
2907 5313 3260 5383 adjutorium
3310 5318 3545 5373 omnino
3591 5317 3866 5388 pnebere.

2207 5401 2562 5470 Quapropter
2602 5401 2871 5456 omnibus
2917 5402 3183 5459 Ecclesia:
3237 5405 3505 5462 ﬁdelibus
3549 5412 3746 5462 notum
3789 5408 3871 5463 sit

2208 5491 2358 5561 quod
2390 5489 2734 5545 venerabilis
2785 5491 3019 5560 quidam
3060 5492 3394 5550 Walbertus
3434 5495 3745 5566 collegium
3805 5497 3869 5553 in

2208 5581 2417 5636 honore
2437 5579 2618 5635 sancti
2645 5579 2952 5636 Alexandri
2979 5582 3245 5648 martyris
3275 5585 3602 5641 construxit
3621 5586 3673 5640 in
3705 5599 3865 5658 pago
