4060 6150
211 281 313 339 847

1221 276 1591 348 EPISTOLE,
1631 273 2029 332 DIPLOMATA
2067 277 2152 332 ET
2191 275 2602 332 PRIVILEGEA.

3514 271 3624 330 818

212 408 352 478 Leri,
387 407 444 462 in
467 405 593 462 loco
613 405 712 476 qui
745 406 964 462 dicitur
987 403 1397 460 Wildeshusen
1417 403 1700 472 :ejusdem
1731 414 1860 456 con—
1890 402 1943 460 A
1972 401 2260 470 episcOpo,
2295 399 2416 469 ipse
2436 400 2629 454 venire
2648 399 2936 455 distulisti
2962 404 3018 454 et
3037 412 3068 454 a
3094 403 3148 454 te
3167 398 3425 457 directis.
3447 403 3620 470 prout

210 495 545 554 structionis
571 495 966 564 intentionem,
1012 498 1068 549 et
1107 493 1356 564 qualiter
1385 492 1454 547 ad
1493 491 1642 546 idem
1675 491 1857 545 colle-

209 587 362 658 gium
389 585 458 639 de
487 583 655 638 rebus
683 583 806 639 suis
852 588 1066 652 partem
1089 581 1425 653 assignavit,
1471 585 1597 650 post
1633 579 1856 635 obitum

207 675 477 744 ejusdem,
502 672 843 727 venerabilis
861 671 974 726 viri
1003 672 1160 727 ﬁlius
1178 677 1232 726 et
1259 669 1603 726 venerabilis
1625 670 1858 739 episco-

209 779 312 834 pus
336 762 472 817 Wih
485 761 702 816 ibertus
715 761 786 816 de
797 761 1070 816 Verdensi
1095 760 1345 816 Ecclesia
1359 759 1524 815 nobis
1545 758 1852 830 suggessit,

207 851 539 908 transmissa
584 850 750 906 nobis
801 850 1028 921 pagina,
1082 850 1142 904 in
1189 864 1301 921 qua
1345 849 1748 906 continebatur
1803 854 1860 903 et

207 947 392 998 votum
419 941 602 1011 patris
617 941 762 1009 ejus,
793 939 1128 1010 plenissime
1146 939 1390 1010 digesta,
1421 945 1477 994 et
1505 936 1858 1007 subscriptio

207 1031 662 1103 propinquorum
726 1029 852 1098 ejus
905 1028 1164 1084 omnium
1230 1029 1300 1084 ad
1364 1026 1855 1083 conﬁrmationem

203 1120 455 1191 ejusdem
500 1119 636 1175 voti.
683 1120 752 1174 Et
796 1118 933 1190 quia
969 1119 1117 1174 idem
1165 1117 1512 1174 venerabilis
1548 1115 1854 1187 episcOpus

207 1211 384 1279 ipsam
435 1208 858 1264 institutionem
903 1205 1123 1278 praefati
1186 1207 1416 1279 collegii
1464 1205 1525 1260 in
1581 1203 1851 1275 praedicta

203 1299 396 1354 charta
421 1297 699 1369 digestam
730 1309 762 1351 a
784 1295 950 1352 nobis
974 1295 1301 1352 conﬁrmari
1331 1295 1519 1365 petiit,
1543 1293 1855 1348 statuimus

203 1393 370 1457 atque
397 1386 500 1442 hac
523 1393 714 1442 nostra
735 1387 1078 1442 auctoritate
1099 1385 1206 1441 sub
1227 1385 1413 1442 divini
1443 1384 1654 1455 judicii
1688 1383 1855 1439 obte—

203 1476 446 1533 statione
470 1475 758 1545 jubemus,
792 1480 874 1544 ut,
910 1489 1009 1530 nec
1039 1475 1363 1544 episcopus,
1406 1488 1508 1529 nec
1538 1473 1756 1544 aliquis
1784 1472 1855 1528 de

202 1565 536 1636 cognatione
564 1565 707 1634 ejus,
735 1563 820 1618 vel
850 1565 1048 1634 aliqua
1070 1577 1308 1633 persona
1339 1563 1459 1618 sive
1502 1575 1704 1632 magna
1734 1561 1854 1616 sive

203 1668 389 1726 parva,
438 1654 544 1709 hoc
591 1654 798 1708 audeat
851 1652 1186 1724 infringere.
1231 1652 1388 1722 Quod
1436 1652 1486 1707 si
1519 1652 1848 1722 quisquam,

1973 489 2084 559 ipsi
2104 488 2448 558 fatebantur,
2468 488 2899 544 vicariationem
2921 493 3075 542 tuam
3103 487 3172 542 ad
3199 487 3483 557 integrum
3506 503 3619 544 non

1969 578 2333 650 commisisti,
2360 579 2525 634 ﬁnem
2557 578 2848 647 imponere
2880 582 3048 632 tantae
3077 576 3170 630 liti
3201 575 3515 645 noluimus,
3549 590 3621 632 ne

1968 667 2265 737 quippiam
2308 681 2660 738 przepropcre
2724 666 2981 722 sanxisse
3027 664 3372 721 videremur.
3409 664 3512 719 Sed
3557 669 3621 720 ut

1968 757 2050 811 rei
2090 757 2300 812 veritas
2345 758 2402 812 in
2457 757 2756 812 clariorem
2806 757 2988 812 lucem
3033 759 3311 826 erumpat,
3357 753 3619 828 Folkoni,

1971 846 2282 901 venerabili
2375 846 2713 903 Rhemen‘sis
2786 844 3089 918 (Ecclesiae)
3164 844 3616 917 archiepiscopo,

1970 935 2332 1006 scripsimus,
2357 941 2422 992 ut
2447 941 2641 992 nostra
2661 937 2783 992 vice
2803 936 2954 1006 apud
2974 935 3318 1007 Vangionem
3338 936 3617 1006 synodum

1969 1028 2236 1080 convocet
2267 1039 2454 1081 mense
2482 1025 2761 1096 Augusto,
2810 1025 2867 1080 in
2899 1024 3303 1095 Assumptione
3327 1024 3426 1080 Dei
3450 1025 3622 1096 geni-

1969 1112 2136 1167 tricis
2163 1112 2412 1184 virginis
2432 1113 2624 1168 Maria:
2644 1111 2851 1168 futurae
2872 1114 2984 1168 Deo
3003 1113 3253 1183 propitio
3278 1112 3513 1168 decimae
3538 1113 3622 1167 in-

1966 1200 2265 1272 dictionis,
2296 1201 2363 1257 ad
2397 1216 2566 1273 quam
2595 1208 2750 1258 tuam
2782 1203 3150 1258 reverentiam
3192 1209 3246 1258 et
3277 1201 3617 1259 Sunderoldi

1963 1290 2310 1345 venerabilis
2338 1290 2778 1360 archiepiscopi,
2826 1294 3202 1361 utrorumque
3226 1290 3621 1361 suﬂ‘raganeo-

1966 1392 2092 1433 rum
2117 1383 2173 1432 et
2193 1377 2278 1432 alii
2290 1379 2447 1434 nium
2476 1379 2970 1434 sanctissimorum
2993 1379 3389 1449 episcoporum
3411 1381 3615 1433 cmtnm

1964 1467 2266 1523 convenire
2311 1481 2622 1523 monemus.
2668 1468 2774 1523 Cui
2818 1473 2873 1522 et
2919 1469 3176 1524 eumdem
3221 1467 3613 1538 Adalgarium,

1965 1556 2488 1613 reverentissimum
2529 1560 2880 1630 episcopum,
2918 1559 3191 1615 interesse
3232 1559 3612 1628 injunximus,

1965 1652 2247 1715 quatenus
2278 1645 2422 1703 facta
2451 1648 2597 1704 inibi
2621 1649 2970 1706 examinatio
3001 1649 3138 1719 quid
3171 1648 3382 1718 cuique
3405 1647 3619 1703 debea-

200 1742 350 1814 quod
383 1756 495 1798 non
538 1747 819 1812 optamus,
866 1748 1064 1798 contra
1117 1742 1222 1798 hoc
1261 1747 1519 1800 nostrum
1562 1744 1852 1800 decretum
1880 1741 1930 1801 B
1963 1740 2059 1790 tur
2101 1736 2379 1806 ostendat,
2431 1737 2659 1795 nullum
2722 1745 2908 1795 tamen
2967 1739 3222 1809 imponat
3283 1736 3611 1792 terminum.

199 1831 390 1886 venire
420 1831 740 1900 tentaverit,
765 1830 910 1886 sciat
929 1843 988 1886 se
1025 1831 1085 1886 in
1109 1831 1205 1887 die
1224 1833 1438 1902 judicii
1470 1833 1852 1892 anathematis

200 1933 471 1975 mucrone
546 1918 1002 1988 percutiendum,
1063 1924 1234 1990 atque
1291 1926 1576 1991 perpetuae
1637 1921 1848 1978 ultioni

200 2021 356 2063 reum
382 2005 671 2062 diabolica
704 2011 855 2062 sorte
902 2007 1308 2063 damnandum.
1341 2009 1617 2080 Optamus
1663 2023 1758 2066 vos
1789 2011 1849 2066 in

196 2095 426 2150 Christo
455 2094 597 2150 bene
635 2094 840 2150 valere.
868 2096 1008 2150 Data
1051 2097 1284 2153 Kalend.
1324 2098 1504 2170 Junii,
1535 2098 1854 2155 indictione

198 2198 362 2240 nona.

908 2296 1140 2352 XXXII.

413 2455 483 2496 AD
521 2455 893 2500 HERIMANNUM
923 2454 1295 2499 COLONIENSEM
1320 2455 1633 2499 EPISCOPUM.

837 2565 1019 2636 (Anno
1066 2565 1164 2623 894
1180 2566 1214 2639 .)

265 2723 452 2800 [Apud
531 2728 912 2801 Lappenberg,
982 2730 1438 2798 Hamburg-isches
1520 2728 1854 2785 Urit-unden—

803 2819 958 2892 bach,
1017 2835 1069 2890 p.
1132 2817 1247 2891 78.]

260 2978 590 3034 Srarnauus
629 2980 952 3055 episcopus,
985 2996 1185 3039 servus
1215 2996 1505 3039 servorum
1536 2981 1658 3051 Dei,
1688 2993 1853 3037 reve—

195 3068 533 3124 rentissimo
579 3074 634 3124 et
677 3071 1043 3129 sanctissimo
1095 3071 1371 3128 confratri
1424 3076 1637 3142 nostro,
1670 3072 1852 3125 HERI-

193 3169 402 3225 mmo,
448 3157 777 3229 Agrippina:
804 3159 1051 3217 Coloniae
1075 3160 1528 3231 archiepiscopo.

261 3246 502 3304 Litteris
546 3249 665 3304 tuis
708 3249 888 3306 multa
919 3252 1249 3321 prolixitate
1296 3249 1713 3308 ﬂuctuantibus
1742 3248 1850 3305 sub

190 3335 474 3393 brevitate
503 3339 841 3408 respondere
872 3342 1265 3411 pravidemus,
1301 3341 1457 3412 quia,
1489 3339 1848 3395 diversarum

188 3425 620 3495 provinciarum
660 3441 791 3484 cum
834 3429 903 3484 ad
949 3430 1134 3485 sedem
1172 3429 1544 3501 apostolicam
1595 3428 1718 3484 sine
1750 3429 1851 3482 in-

188 3514 559 3571 termissione
628 3517 800 3574 varia:
886 3521 1184 3576 conﬂuunt
1266 3519 1631 3591 quaestiones,
1706 3531 1848 3588 quas

189 3599 314 3657 sine
338 3604 716 3673 responsione
742 3606 958 3663 solvere
989 3621 1099 3664 non
1130 3613 1371 3680 oportet,
1406 3608 1519 3665 nisi
1555 3607 1850 3665 succincta

188 3690 554 3760 responderit
582 3693 872 3764 schedula,
900 3695 1043 3765 ipsis
1067 3695 1238 3751 etiam
1265 3695 1512 3751 notariis
1536 3699 1851 3750 verteretur

191 3778 247 3833 in
355 3781 641 3837 nausiam.
731 3783 1000 3853 Quereris
1092 3787 1447 3842 Bremensem
1542 3784 1852 3840 Ecclesiam

186 3867 527 3940 Agrippinae
576 3870 826 3927 Colonia:
877 3873 1000 3928 sedi
1064 3872 1244 3930 fuisse
1297 3873 1629 3942 subjectam,
1685 3871 1852 3940 cujus

189 3958 462 4014 Ecclesia:
487 3959 732 4016 antistes
761 3975 943 4032 nuper
970 3963 1040 4018 ad
1075 3976 1176 4019 nos
1200 3962 1459 4032 dirigens
1489 3967 1545 4016 et
1571 3974 1722 4016 nunc
1753 3974 1853 4030 per

187 4052 365 4102 semet
413 4049 706 4114 accedens,
746 4051 1014 4108 Ecclesia:
1066 4066 1182 4107 sua:
1226 4050 1530 4122 privilegia
1573 4062 1606 4104 a
1663 4055 1716 4104 te
1763 4048 1848 4103 vel

187 4141 549 4192 antecessore
577 4143 675 4194 tuo
703 4145 940 4210 questus
969 4144 1054 4195 est
1083 4140 1296 4196 violare
1313 4140 1526 4196 conari.
1545 4141 1622 4193 De
1651 4137 1852 4193 Eccle~

186 4223 413 4281 siarum
457 4228 650 4298 itaque
699 4228 1024 4300 privilegio,
1059 4228 1206 4298 quod
1237 4237 1517 4285 terrarum
1550 4226 1851 4298 longitudo

186 4312 500 4370 obnubilat
546 4322 603 4371 et
650 4319 1054 4386 preteritorum
1107 4319 1338 4373 Patrum
1382 4316 1696 4373 auctoritas
1738 4327 1850 4370 non

1876 3068 1927 3131 C

1959 1823 2174 1880 Deinde
2214 1828 2489 1894 utrosque
2534 1842 2650 1897 vos,
2687 1829 2736 1884 si
2778 1828 3024 1884 facultas
3051 1825 3325 1898 suppetit,
3355 1823 3617 1894 alioquin

1962 1919 2042 1974 ita
2071 1932 2104 1974 a
2157 1916 2319 1974 vobis
2359 1917 2623 1988 utrisque
2655 1917 2973 1974 instructos
3013 1918 3229 1989 legatos
3266 1919 3336 1974 ad
3365 1922 3616 1974 nostram

1962 2007 2320 2079 praesentiam
2374 2007 2642 2079 jubemus
2695 2007 2954 2078 dirigite,
3019 2007 3396 2063 vicariatione
3433 2012 3620 2063 vestra

1965 2097 2271 2154 commissa
2300 2103 2364 2153 ut
2405 2097 2765 2168 disceptandi
2797 2103 2853 2152 et
2880 2096 3238 2153 deliberandi
3261 2095 3507 2152 habeant
3537 2095 3616 2151 li-

1966 2185 2342 2256 beralitatem,
2387 2186 2524 2256 quia
2561 2191 2618 2242 et
2654 2186 2722 2242 ad
2770 2186 2877 2242 hoc
2929 2185 3467 2242 reverendissimum
3500 2184 3628 2241 Fol-

1967 2275 2166 2330 konem
2194 2276 2497 2345 praesidere
2526 2275 2674 2330 inibi
2704 2275 3090 2344 instituimus,
3122 2279 3186 2330 ut
3208 2273 3462 2330 veridica
3491 2275 3617 2345 ejus

1966 2363 2280 2419 assertione
2311 2377 2409 2434 per
2451 2369 2748 2420 strenuum
2796 2363 3142 2433 episcopalis
3169 2363 3396 2419 ordinis
3427 2362 3616 2419 virum

1968 2465 2200 2508 noscere
2229 2452 2516 2508 valeamus
2547 2451 2628 2508 rei
2654 2451 2972 2522 veritatem,
3005 2451 3199 2508 omnia
3241 2451 3619 2523 ambiguitate

1965 2541 2300 2613 postposita,
2334 2545 2390 2598 et
2416 2542 2514 2612 ita,
2555 2542 2669 2596 Deo
2705 2538 2948 2611 fovente,
2977 2539 3316 2611 deliberare,
3344 2545 3409 2596 ut
3439 2539 3620 2596 nullis

1964 2633 2117 2689 ultra
2170 2630 2525 2702 temporibus
2564 2630 2635 2686 de
2687 2629 2794 2686 hoc
2833 2629 3217 2686 necessarium
3269 2629 3348 2685 sit
3403 2632 3620 2686 vertere

1965 2721 2357 2794 quaestionem.

2566 2864 3021 2927 APPENDIX.

2122 3034 2433 3080 EPISTULA
2487 3034 2571 3077 AD
2599 3032 2881 3091 SELVAM,
2925 3034 3335 3079 ERMEMIRUM
3374 3035 3455 3078 ET

2593 3112 3012 3158 FRODOINUM.

2473 3228 2758 3299 Stephano
2783 3230 2827 3285 V
2854 3227 3091 3284 tributa.

1952 3393 2282 3452 Inscribitur
2304 3394 2364 3446 in
2394 3391 2512 3445 VV.
2561 3388 2656 3444 CC.
2683 3407 2694 3444 :
2724 3389 3094 3444 PRIVILEGIUM
3124 3403 3191 3443 DE
3220 3401 3612 3446 ancumrtsco-

2028 3478 2164 3520 PATU
2193 3478 2258 3518 DE
2301 3465 2650 3530 TERRAGONA,
2701 3476 2822 3514 cum
2847 3461 3029 3529 potius
3061 3460 3294 3514 dicenda
3331 3463 3404 3515 sit
3436 3463 3612 3517 decla-

2027 3538 2192 3591 matio
2230 3535 2494 3603 quaepiam
2529 3536 2626 3585 aut
2645 3532 2911 3585 sententia
2956 3532 3065 3584 lata
3109 3533 3170 3584 in
3209 3533 3448 3598 gratiam
3473 3534 3616 3589 Nar-

2036 3609 2281 3661 bonensis
2294 3604 2684 3672 archiepiscopi
2709 3605 3034 3657 concinnata
3061 3603 3123 3657 in
3158 3604 3613 3659 Tarraconensem

2034 3681 2278 3747 aliosque
2300 3675 2567 3745 prwsules
2601 3675 2896 3742 Hispanos.

2178 3799 2359 3871 [Apud
2399 3798 2604 3869 Mansi,
2639 3797 2998 3853 Concilio-rum
3039 3802 3190 3854 tomo
3234 3795 3395 3872 VIII.)

2031 3928 2370 3993 STEPHANUS,
2453 3905 2665 3980 servus
2724 3935 3015 3978 servorum
3088 3923 3211 3992 Dei,
3269 3922 3486 3995 SELV‘E,
3559 3929 3615 3980 et

1958 4018 2256 4072 Enusmno
2286 4020 2456 4084 atque
2485 4015 2760 4068 Fnonomo
2789 4010 3218 4068 Barcinonensi.

2030 4140 2287 4206 Noveris,
2323 4138 2577 4207 inquam,
2625 4135 2872 4207 noveris,
2903 4134 3062 4207 S_elva
3102 4133 3294 4204 frater,
3332 4136 3382 4191 si
3415 4134 3502 4191 fas
3524 4141 3610 4192 est

1962 4211 2212 4267 fraterno
2244 4205 2296 4265 te
2322 4205 2510 4264 vocari
2559 4205 2763 4262 debere
2791 4205 3086 4277 vocabulo,
3119 4207 3269 4276 quod
3296 4221 3363 4261 ex
3396 4221 3613 4277 praece-

1965 4290 2061 4354 pto
2102 4279 2509 4354 gloriosissimi
2541 4284 2598 4333 et
2639 4276 2915 4354 catholici
2946 4276 3309 4354 imperatoris
3331 4290 3354 4314 ι
3395 4276 3612 4354 Οᾱλοηὶε

1967 4347 2147 4424 nuper
2176 4352 2424 4424 venerim
2455 4352 2676 4417 Trecas,
2709 4347 3020 4424 concilium
3045 4348 3190 4402 inibi
3218 4349 3289 4424 de
3321 4349 3522 4424 multis
3546 4362 3612 4424 ac

187 4402 542 4475 manifestat,
567 4409 773 4500 temere
788 4407 1166 4500 judicandum
1193 4420 1294 4476 pro
1319 4405 1494 4500 libiiu
1510 4406 1850 4476 cujusquam
1879 4425 1932 4487 D
1963 4402 3117 4500 δῇᾌξ-έίξξέίέῦί-ειὶίιξιίιέίηθςοιὶἰῇωρ
3158 4418 3412 4500 νειμ]ῳὲ
3432 4402 3616 4500 οᾳέρξζ

185 4505 298 4550 non
325 4509 650 4552 censemus.
680 4496 968 4568 Scriptum
997 4497 1210 4568 quippe
1239 4501 1329 4552 est
1358 4515 1370 4551 :
1422 4496 1655 4550 Causam
1689 4511 1852 4565 quam

184 4587 515 4657 nesciebam,
577 4585 1036 4657 dil(ig)cntissime
1096 4587 1489 4656 inuestigabam
1536 4586 1675 4657 (Job.
1726 4599 1846 4654 xxx,

186 4672 289 4748 40).
321 4675 455 4745 Qua
493 4690 594 4746 pro
626 4690 686 4732 re
725 4691 838 4732 non
881 4683 1196 4734 atramento
1224 4683 1277 4734 et
1308 4677 1556 4748 pellibus
1583 4676 1700 4731 haec
1722 4675 1853 4729 dis-

181 4765 380 4821 cussis
428 4765 785 4822 concedenda
839 4772 942 4837 est,
1008 4767 1103 4823 sed
1153 4767 1476 4822 alternandi
1537 4761 1856 4834 sermo(ci)—-

184 4854 429 4909 natione
473 4853 582 4908 sub
620 4855 842 4912 cautela
881 4862 936 4911 et
977 4857 1258 4928 diligendi
1305 4853 1725 4910 examinatione
1773 4851 1856 4907 li-

182 4941 433 4998 branda.
491 4943 650 5000 Unde
679 4951 902 5016 Oportet
932 4953 1204 5016 utrosque
1243 4959 1342 5001 vos
1385 4944 1444 4999 in
1476 4948 1726 4998 nostram
1754 4955 1855 4997 ve—

180 5035 310 5090 nire
355 5036 723 5106 praesentiam
749 5041 807 5092 et
848 5037 1119 5107 synodica
1150 5036 1244 5091 his
1273 5035 1610 5091 deﬁnitione
1654 5031 1860 5087 termi-

192 5118 335 5180 num
375 5126 675 5195 inponere,
723 5139 792 5181 ne
823 5125 1112 5182 ulterialis
1139 5125 1392 5181 rediviva
1436 5123 1695 5195 quolibet
1724 5123 1858 5181 odio

185 5211 509 5271 fraternam
559 5214 892 5270 charitatem
921 5213 1197 5271 obfuscet.
1232 5213 1398 5270 Nefas
1429 5216 1640 5285 quippe
1668 5220 1773 5280 est,
1806 5214 1857 5269 si

194 5305 275 5374 hi,
331 5307 443 5374 qui
496 5305 556 5359 in
605 5304 835 5375 specula
866 5305 1042 5374 positi
1073 5310 1210 5360 sunt
1259 5310 1315 5360 et
1343 5304 1489 5360 alios
1522 5304 1738 5360 lumine
1766 5305 1858 5360 sui

188 5393 446 5465 exempli
479 5395 784 5450 accendere
811 5394 1016 5449 debent
1045 5392 1113 5448 ad
1142 5394 1508 5449 dilectionem
1550 5394 1862 5448 ducatum-

191 5499 304 5554 que
359 5483 613 5554 praebere
641 5484 709 5539 ad
751 5483 1060 5553 justitiam,
1113 5481 1337 5551 lupinis
1365 5497 1424 5537 se
1453 5481 1742 5537 morsibus
1773 5482 1864 5537 la-

196 5573 391 5630 niant.
441 5575 651 5630 Verum
696 5573 852 5644 quia,
881 5572 1142 5627 veniente
1179 5570 1504 5643 Adalgario,
1549 5570 1860 5626 venerabili

1964 4497 2155 4566 scopis
2175 4503 2230 4551 et
2255 4488 3211 4566 consacerdotibuspontificalibus
3244 4488 3451 4566 infulis
3477 4490 3612 4545 insi.

1962 4559 2144 4651 εηὶῖίξ
2189 4561 2898 4651 αυίηέῐυδςίηίὲξ.ἀυίὶῐ)ἓιὲν
2944 4559 3614 4651 (ἔὲἔῖθῖμέωμΞἮδὲἓὲῊῐέ

1967 4631 2371 4694 interfuerunt
2427 4631 2693 4691 concilio.
2749 4635 2886 4687 Nam
2953 4645 3082 4686 cum
3135 4632 3206 4687 de
3267 4631 3612 4701 quibusdam

1965 4708 2374 4767 ecclesiasticis
2437 4707 2631 4762 causis
2675 4719 2708 4760 a
2744 4704 2910 4759 nobis
2980 4702 3230 4759 sollicite
3269 4708 3615 4760 tractaretur

1966 4782 2191 4851 riteque
2240 4779 2489 4850 qualiter
2531 4791 2590 4832 se
2639 4775 2842 4851 habere
2883 4773 3154 4851 deberent
3206 4773 3615 4851 disponeretur

1967 4844 2119 4909 inter
2148 4844 2349 4906 uetera
2375 4862 2500 4919 quae
2521 4861 2553 4901 a
2579 4845 2758 4919 nobis
2781 4846 2940 4914 justo
2963 4844 3615 4919 decernebanturatque

1968 4923 2367 4981 statuebantur
2391 4916 2648 4989 judicio,
2672 4923 2902 4971 ventum
2927 4920 3014 4970 est
3036 4917 3106 4971 ad
3139 4921 3256 4989 tuae
3285 4916 3618 4989 insolentis-

1970 4998 2129 5051 simaa
2158 4987 2450 5063 nimisque
2476 4991 2942 5063 praasumptuosee
2969 4987 3314 5063 arrogantia:
3346 4988 3610 5063 indecen-

1971 5068 2262 5124 tissimum
2288 5058 2627 5120 dedecorum
2649 5059 2915 5123 dedecus,
2949 5073 3061 5128 quo
3098 5058 3296 5114 inflato
3335 5059 3610 5115 elationis

1971 5145 2083 5197 tua;
2108 5136 2400 5194 stomacho
2423 5132 2718 5199 rebellare,
2752 5130 2867 5185 imo
2899 5129 3163 5184 resistere
3196 5130 3614 5200 praesumpsisti

1969 5212 2068 5267 Dei
2081 5207 2492 5279 omnipotentis
2506 5201 2831 5279 perpetuard
2842 5201 3190 5279 ispositioni.
3206 5202 3400 5258 volens
3412 5201 3621 5279 ipsius,

1971 5272 2412 5353 sanctorumque
2427 5272 2827 5353 apostolorum
2839 5274 2964 5343 ejus
2982 5273 3271 5353 instituta,
3291 5272 3624 5353 specialiter

1973 5353 2111 5409 vero’
2149 5345 2506 5407 beati'Petri
2587 5345 2831 5415 apostoli
2899 5345 3214 5401 convellere
3267 5357 3333 5399 ac
3396 5345 3626 5415 penitus

1974 5437 2260 5481 evacuare.
2319 5421 2575 5490 Denique
2617 5413 2684 5490 ut
2711 5417 2973 5490 ejusdem
2999 5417 3087 5490 rei
3119 5428 3346 5490 causam
3380 5413 3625 5490 tibiex—

1980 5509 2181 5569 ponam
2212 5482 2558 5569 diligenter,
2611 5482 2906 5569 ipsijoiim
2937 5501 2970 5541 a
2998 5487 3239 5569 Domino
3276 5489 3470 5569 nostro
3491 5482 3620 5569 gesti

1963 5551 2191 5627 Christo
2234 5551 2583 5620 universalis
2613 5551 2888 5629 Ecclesia,
2922 5571 3034 5612 non
3062 5556 3246 5612 solum
3279 5551 3626 5624 generaliter

263 5748 286 5777 ι
314 5736 472 5806 Quid
507 5737 781 5794 Trecense
827 5750 983 5794 conc.
1042 5749 1172 5793 cum
1220 5733 1433 5804 Odone,
1475 5737 1531 5788 et
1576 5745 1852 5804 quorsum
1894 5726 2248 5802 imperator?
2273 5727 2398 5781 Haec
2423 5721 2614 5778 omnia
2642 5720 2804 5776 valde
2833 5719 3113 5787 suspecta.
