4058 6154
423 292 532 352 849

1633 303 1686 358 s.
1727 301 2059 358 STEPHANI
2096 303 2159 358 v.
2201 299 2564 372 EPlSTOLE,
2607 299 2751 356 ETC.

3720 291 3832 350 820

417 429 484 482 ut
511 425 752 500 caeteris,
785 425 879 481 sed
903 425 1072 500 etiam
1097 423 1425 500 specialiter
1446 440 1560 497 prae
1580 426 1850 500 omnibus
1871 440 2070 498 coapo~
2095 428 2146 488 A
2181 427 2276 500 gio
2303 425 2689 500 nihilominus
2711 421 2882 494 paulo
2899 425 3028 500 post
3042 424 3199 491 gesta
3216 419 3398 500 fuisse
3429 423 3846 500 memorantur,

420 497 764 570 stolisejus
819 497 1143 570 commissa,
1197 501 1252 551 et
1309 497 1475 554 illius
1526 499 1646 556 sedi
1695 499 1911 554 credita
1961 497 2066 570 est,

421 569 575 626 sicut
601 567 774 640 habes
820 568 1098 637 scriptum
1149 585 1162 622 :
1211 571 1291 623 Tu
1329 584 1384 622 es
1417 571 1628 630 Petrus,
1670 575 1720 624 et
1744 585 1908 640 super
1933 567 2072 624 hanc

412 645 630 712 petram
650 639 925 708 aediﬁcabo
949 640 1245 712 Ecclesium
1266 656 1436 694 meam
1461 641 1654 709 (Math.
1682 639 1825 712 XVI):
1845 644 1912 696 Et
1938 642 2072 697 item

419 725 549 768 cum
581 711 1030 782 interrogaretur
1057 711 1128 785 ab
1157 725 1242 781 eo,
1271 716 1398 781 post
1427 711 1896 785 resurrectionem
1929 714 2074 785 ejus,

417 795 490 838 an
520 795 649 838 eum
679 781 911 845 amaret,
945 781 1115 838 tertio
1144 786 1496 838 contestatus
1541 789 1627 840 est
1655 783 1726 840 ab
1755 781 2080 841 eodem’DoL

420 854 598 928 mino,
627 857 696 928 ut
721 857 976 928 pasceret
1001 867 1130 908 oves
1157 853 1282 923 ejus
1306 857 1525 923 (Joann.
1558 855 1697 928 xxi).
1731 857 1851 926 Qua
1870 860 2078 912 aucto-

421 925 594 981 ritate
624 923 782 998 idem
818 923 1021 998 fultus,
1061 929 1118 980 et
1156 939 1513 998 successores
1553 923 1718 982 illius
1755 923 1883 998 post
1920 941 2072 998 eum,

421 1009 644 1066 semper
671 995 1075 1068 eeclesiastica
1088 996 1318 1068 negotia
1349 997 1664 1066 disponunt
1693 995 1864 1068 atque
1895 995 2072 1054 deter;

424 1065 671 1140 minanti
687 1066 770 1120 Tu
801 1071 988 1140 autem
1011 1065 1200 1121 adhue
1233 1065 1594 1140 perseverans
1615 1068 1674 1140 in
1700 1065 1926 1140 malitia
1948 1074 2067 1140 tua,

422 1139 628 1212 plenus
659 1136 909 1212 insania,
936 1149 1046 1212 non
1071 1141 1136 1192 ut
1155 1137 1384 1212 sapiens
1409 1139 1503 1194 sed
1527 1139 1869 1212 desipientis
1891 1136 2069 1212 more,

421 1207 720 1268 existimas
731 1208 829 1263 Dei
847 1207 1044 1262 azterni
1061 1207 1696 1282 constitutionem,qui,
1713 1207 2071 1282 utscriptum

420 1287 527 1353 est,
561 1284 745 1354 mutat
774 1283 1028 1354 tempora
1049 1283 1106 1354 et
1133 1283 1349 1344 aetates,
1381 1281 1654 1354 transfert
1694 1296 1864 1354 regna
1905 1281 2077 1354 atque

419 1349 744 1420 constituit,
791 1349 963 1404 etiam
1008 1350 1328 1420 priscorum
1363 1352 1588 1408 decreta
1626 1349 1941 1410 convellere
1981 1349 2085 1409 Pa-

417 1429 595 1494 trum,
621 1422 757 1496 dum
781 1421 1219 1496 Terraconensis
1247 1423 1511 1496 Ecclesiae
1527 1425 2078 1496 archiepiscOpatum

422 1496 481 1551 in
515 1493 678 1567 tuum
703 1493 802 1567 jus
835 1493 1200 1567 ecclesizeque
1229 1499 1358 1567 tum
1381 1495 1680 1566 subripere
1717 1493 1962 1566 moliris,
1981 1496 2079 1567 qui

419 1565 714 1622 Dominica
735 1564 1120 1633 dispositione
1145 1565 1202 1620 in
1228 1564 1618 1622 Narbonensis
1637 1567 1901 1623 Ecclesia:
1933 1564 2084 1624 tran-

417 1639 507 1710 sit
527 1636 827 1710 ditionem,
861 1635 1370 1710 non_subreptione
1399 1637 1484 1693 vel
1507 1637 1779 1695 violentia
1804 1639 2080 1710 qualibet.

419 1709 515 1768 sed
547 1707 842 1779 voluntate
869 1711 924 1762 et
948 1705 1227 1779 electione
1257 1725 1269 1762 :
1306 1715 1479 1779 atque
1507 1705 1932 1767 contraditibne
1963 1724 2080 1767 om-

2184 492 2327 570 ?juaa,
2357 503 2422 554 ut
2451 497 2686 566 videris,
2711 492 2948 570 prorsus
2981 495 3230 570 ignoras.
3255 495 3400 570 Nam
3421 492 3471 570 si
3500 504 3564 570 ea
3590 494 3844 570 proiecto

2183 562 2398 636 nosses,
2425 570 2648 624 :cstimo
2675 562 2837 638 quod
2870 579 2980 621 non
3009 562 3076 638 ad
3108 571 3221 620 tam
3249 563 3496 635 turgidze
3523 562 3846 638 inﬂationis

2183 633 2503 697 vecordiam
2561 633 2850 694 animatus
2899 637 3194 706 suspirare
3253 633 3507 705 unquam
3576 633 3840 706 auderes.

2185 715 2346 768 Nunc
2370 725 2596 782 quoque
2634 710 2770 780 quia
2798 710 2908 766 huc
2949 705 3130 782 usque
3165 711 3220 762 te
3261 706 3580 774 latuerunt,
3609 719 3642 760 a
3678 705 3845 782 nebis

2186 783 2316 854 tibi,
2365 777 2699 854 licet'brevi
2736 785 2793 836 et
2819 777 3230 854 compendiose
3263 791 3543 854 sermone,
3567 777 3844 854 _veridico

2185 848 2391 923 tamen,
2424 853 2743 910 intimanda
2773 857 2930 922 sunt,
2954 848 3032 907 'ut
3058 864 3170 906 non
3199 850 3473 923 deinceps
3503 848 3649 923 talia
3675 861 3846 923 agere

2185 919 2515 997 praesumas.
2563 924 2633 979 Ut
2669 924 2829 997 enim
2857 919 3144 997 quomodo
3172 921 3379 997 eadem
3403 919 3494 997 res
3522 933 3600 997 se
3618 919 3838 997 habeat,

2181 991 2472 1055 evidenter
2490 995 2810 1051 ostendam:
2844 991 2972 1050 cum
2999 993 3198 1048 beatus
3223 991 3520 1063 apostolus
3549 995 3609 1046 et
3636 991 3838 1063 doctor

2183 1069 2437 1142 gentium
2469 1067 2680 1123 Paulus
2711 1067 2885 1142 Rema
2915 1079 3185 1142 egressus
3208 1061 3540 1142 Hispaniam
3576 1061 3847 1142 petediea-

2183 1133 2363 1196 fionis
2403 1151 2575 1195 causa
2637 1133 3114 1207 proﬁcisceretur,
3163 1133 3330 1207 juxta
3359 1134 3535 1207 equod
3583 1134 3732 1207 idem
3777 1133 3842 1207 in

2185 1210 2441 1286 Epistola
2478 1223 2580 1266 sua
2613 1204 2777 1279 prius
2799 1208 3084 1286 _Romanis
3105 1204 3214 1286 'qt_1i
3245 1204 3631 1286 credideram,
3667 1204 3846 1286 signi.

2189 1276 2470 1352 ﬁeaverat,
2533 1276 2848 1351 assumptis
2903 1292 3093 1352 secum
3131 1276 3478 1352 ‘Triophime
3530 1276 3840 1352 Ephesino,

2191 1367 2407 1409 necnon
2445 1347 2502 1407 et
2545 1347 2996 1422 prudentissimo
3039 1350 3163 1422 viro
3188 1348 3408 1422 Sergie
3449 1347 3646 1408 Paulo.
3699 1360 3844 1418 quos

2194 1423 2342 1481 idem
2369 1429 2533 1479 antea
2546 1420 2820 1479 lucratus
2851 1422 3040 1478 fuerat
3065 1420 3334 1490 Christo;
3367 1420 3656 1490 Torquato
3688 1431 3845 1488 quo—

2233 1509 2322 1565 ue,
2377 1496 2654 1564 Secundo,
2713 1500 2770 1565 et
2817 1491 3118 1565 Endalatio
3161 1489 3242 1565 [in
3279 1489 3718 1565 editioneeard.
3775 1490 3846 1544 de

2246 1561 2432 1640 guirre
2465 1561 2781 1640 Endelvio].
2815 1568 2887 1640 et
2906 1561 3256 1640 quibusdam
3290 1562 3446 1629 aliis,
3487 1561 3844 1640 Cisalpinam

2191 1637 2500 1694 Ecclesiam
2533 1635 2828 1708 postquam
2855 1635 3435 1708 devenit,Arela_tem,
3463 1647 3590 1704 quae
3609 1639 3696 1688 est
3719 1645 3846 1708 me-

2193 1709 2435 1780 tropolis
2484 1704 2798 1780 provincia,
2856 1707 3200 1780 quantocius
3246 1704 3440 1761 adiit:
3481 1717 3728 1780 cumque
3781 1704 3842 1758 in

421 1754 847 1852 insessam
863 1754 2076 1852 (sit;{aai‘geiaiamsa‘ﬁttiinmisi}.
2111 1754 2164 1816 Β
2190 1754 3756 1852 sataesatae“alienaaai‘a'aassasaamassis
3781 1754 3844 1828 ei

419 1857 475 1909 et
496 1849 842 1923 ignobilium
862 1867 876 1918 ;
899 1848 1193 1924 praecipue
1209 1863 1438 1924 quoque
1453 1848 1883 1924 episcoporum,
1901 1848 1967 1908 ac
1991 1867 2079 1908 co-

420 1920 626 1995 mitum
655 1925 829 1995 atque
857 1920 1258 1995 etiamregum
1313 1920 1675 1995 Francorum?
1701 1923 1770 1978 ad
1799 1920 1944 1995 quos
1967 1923 2075 1980 cel-

418 1993 612 2052 situdo
628 1991 989 2064 principatus
999 1991 1254 2061 ejusdem
1277 1996 1440 2048 terrm
1462 1994 1792 2062 specialiter
1805 1991 2070 2064 pertinet.

417 2065 571 2122 Adeo
599 2063 840 2134 enimet
864 2063 969 2119 hac
1006 2063 1337 2120 conditione
1377 2064 1476 2134 jus
1509 2066 1772 2122 Ecclesiae
1800 2063 2077 2122 Terraco—

419 2135 614 2193 nensis
640 2135 704 2190 in
727 2133 1066 2206 obsequium
1099 2135 1345 2191 ditionis
1383 2133 1767 2193 Narbonensis
1812 2138 2077 2193 Ecclesiae

419 2207 652 2278 transit,
676 2211 742 2278 ut
767 2218 1054 2278 nunquam
1087 2219 1120 2261 a
1141 2206 1496 2276 subjectione
1531 2208 1696 2265 illius
1737 2209 1859 2265 ullo
1891 2213 2073 2278 pacto,

421 2278 608 2336 ullave
638 2277 859 2333 ratione
888 2277 1148 2333 recedere
1177 2281 1366 2348 queat,
1403 2279 1575 2336 etiam
1605 2280 1656 2336 si
1686 2277 2078 2336 Terracouen-

420 2351 504 2406 sis
527 2349 834 2421 provinciae
861 2348 1464 2422 metrOpolisiEcclesia
1485 2351 1547 2406 in
1575 2351 1877 2422 pristinam
1906 2349 2077 2408 refor-

422 2425 609 2502 metur
637 2423 1024 2502 staturamueo
1055 2421 1206 2502 qugd
1237 2421 1906 2502 NarbonensisEcciesia
1931 2428 2078 2480 tuto-

422 2492 506 2548 ris
531 2491 655 2548 loco
686 2503 906 2565 semper
936 2488 1114 2546 fuerit
1140 2491 1392 2548 Eccesiis
1419 2493 1712 2565 praedictis
1739 2494 2073 2565 dimceseos,

423 2576 550 2634 quae
579 2561 954 2634 vastationem
977 2574 1326 2634 paganorum
1351 2561 1588 2619 evadere
1614 2564 1711 2619 vix
1744 2561 2070 2634 potuerunt;

419 2631 596 2690 Porro
615 2632 732 2700 jam
763 2631 919 2687 dicta
948 2631 1282 2705 metropolis
1303 2633 1362 2688 in
1396 2635 1700 2705 antiquum
1732 2631 1924 2691 redeat
1951 2639 2079 2691 sta-

421 2709 565 2777 tum,
587 2708 644 2759 et
662 2706 882 2777 cunctae
909 2703 1162 2772 ejusdem
1189 2704 1456 2777 dimeesis
1477 2703 1742 2762 Ecclesia:
1762 2719 1889 2777 quae
1916 2707 2079 2777 prius

421 2775 515 2848 illi
545 2775 852 2848 paruerant
874 2777 1228 2848 revertantur
1249 2775 1319 2848 ed
1346 2777 1728 2846 mancipatum
1760 2775 2078 2848 obsequelm

424 2844 592 2903 illius
608 2845 772 2914 juxta
802 2844 1218 2901 catholicorum
1249 2846 1480 2902 Patrum
1502 2844 2071 2904 determinationem:

423 2919 552 2988 ipsa
572 2919 759 2988 tamen
793 2915 1144 2988 metrOpolis,
1177 2917 1492 2973 secundum
1524 2919 1789 2974 Romana:
1812 2920 2078 2976 Ecclesiae

463 2986 761 3044 ontiﬁcum
788 2986 1071 3062 instituta
1113 2990 1284 3062 atque
1306 2989 1628 3062 apostolica
1659 2990 1981 3062 privilegia,
2016 2993 2078 3048 in

467 3071 534 3114 ac
548 3071 770 3132 semper
787 3057 1177 3132 Narbonensis
1193 3057 1457 3132 Ecclesiae
1478 3057 1700 3132 ditione
1719 3075 1784 3118 ac
1809 3057 2078 3132 pei'pe'tuo

424 3127 706 3202 famulatu
727 3127 1166 3202 succumbat,ut
1193 3131 1382 3202 omnis
1405 3131 1504 3202 qui
1528 3127 1892 3200 pontiﬁcatus
1909 3127 2082 3190 illius

423 3198 871 3274 arcemjsortitus
899 3200 1029 3270 erit,
1046 3198 1327 3274 electione
1342 3198 1444 3259 toti
1456 3198 1808 3260 us‘Ecclesiaa
1827 3205 2080 3274 ejusdem

425 3271 566 3347 cieri
593 3276 648 3326 et
668 3270 889 3342 populi,
919 3272 1224 3347 nonprius
1249 3272 1368 3330 ulla
1393 3274 1615 3347 ratione
1643 3270 1964 3347 ordinetur,
1993 3276 2080 3332 vel

467 3358 601 3414 cor.,
622 3340 1004 3418 censecretur.
1025 3340 1424 3418 j‘conferatur,
1443 3345 1624 3402 donec
1647 3347 1930 3418 praadictze
1953 3340 2084 3402 Nar-

463 3413 698 3487 onensis
721 3413 986 3487 Ecclesiae
1017 3413 1260 3485 pontiﬁx
1289 3413 1541 3487 veniens,
1577 3413 1868 3475 consecret
1913 3432 2084 3474 eum-

424 3485 680 3559 dem_qu_i
707 3484 924 3559 electus
953 3483 1223 3559 fueritin
1253 3483 1763 3559 archipraa'sulatus
1785 3489 2074 3546 honorem.

424 3555 669 3631 Quodsi
693 3556 892 3626 aliqua
933 3555 1272 3631 diﬁicultate
1301 3555 1632 3631 com—pulsus
1659 3559 1854 3615 venire
1884 3561 2082 3631 nequi-

424 3627 574 3686 verit
602 3627 672 3682 ad
703 3627 1150 3701 consecrandum
1183 3627 1493 3701 praelibataa
1539 3631 1914 3700 metropoleos
1948 3627 2082 3701 cpi-

427 3710 684 3773 sccpum,
721 3699 912 3773 mittat
949 3697 1220 3773 viee__sua
1281 3699 1547 3773 aliquem
1589 3715 1658 3756 ex
1703 3697 2078 3773 s‘uﬁ'raganeis

429 3767 892 3844 suis‘episeepis,
921 3769 1022 3844 qui
1053 3769 1364 3844 diiigenter
1383 3767 1642 3844 eamdem
1677 3786 1792 3826 rem
1825 3767 2073 3844 peragat,

429 3839 531 3912 qui
559 3837 618 3912 in
647 3837 794 3893 solio
821 3837 1136 3912 pentiﬁcaii
1159 3837 1458 3912 collocare,
1489 3847 1546 3896 et
1571 3837 2080 3900 inthroni’zare‘soL

429 3909 724 3982 lemniter_
757 3913 992 3982 satagat.
1057 3909 1318 3982 Undeiet
1359 3909 1518 3982 idem
1567 3913 1668 3982 qui
1713 3920 2080 3972 consecratus

431 3979 630 4050 fuerit,
652 3977 845 4050 minus
859 3977 1066 4050 debitae
1083 3979 1422 4038 obedientiaa
1442 3977 1794 4041 Narbonensi
1813 3986 2080 4043 Ecclesiae

433 4049 656 4128 semper
684 4049 750 4128 iii
762 4049 1032 4107 omnibus
1055 4052 1239 4128 cedat,
1270 4057 1493 4128 tantum
1525 4061 1638 4128 uta
1657 4057 1908 4114 Romano
1933 4073 2083 4128 pon—

430 4119 587 4204 tiﬁce
617 4119 854 4204 pallium
868 4135 1026 4204 _eum
1071 4123 1360 4204 privilegii
1392 4127 1734 4204 aucioritate
1775 4119 2076 4199 suscipiat.

429 4193 840 4271 Semperenim
867 4193 1306 4271 Terraconensis
1332 4195 1606 4271 pontifex,
1639 4198 1828 4255 clerus
1853 4193 2082 4271 queque

431 4271 492 4346 et
515 4262 766 4346 pep‘ul'us
793 4265 1002 4346 omnis,
1036 4265 1088 4346 si
1109 4279 1206 4346 res
1236 4262 1360 4338 ipsa
1385 4262 1646 4346 effectum
1673 4262 1888 4346 capiet,
1907 4262 2084 4346 remi-

433 4334 584 4392 nisci
605 4334 911 4408 debebunt,
937 4334 1338 4406 quodillarum
1371 4334 1772 4408 parochiarum
1793 4334 2078 4408 Ecclesiae,

2186 1851 2542 1908 annuntians
2566 1847 2946 1922 regnum'Dei,
2975 1855 3032 1905 et
3055 1849 3227 1922 multi
3245 1862 3344 1922 per
3368 1848 3497 1922 ejus
3515 1847 3842 1922 doctrinam

2185 1916 2658 1980 converterentur
2677 1923 2746 1977 ad
2777 1916 3093 1990 Christum,
3129 1916 3367 1990 reliquit
3403 1916 3490 1974 ibi
3519 1919 3590 1974 ad
3622 1916 3844 1974 conﬁr—

2186 1995 2421 2050 mandas
2458 2007 2652 2049 eorum
2691 1993 2793 2062 qui
2823 1991 3186 2048 crediderant
3223 1992 3446 2047 animas
3486 1996 3840 2062 mentesque,

2183 2066 2557 2138 Traphimum
2598 2078 2627 2119 a
2655 2060 2819 2119 Petro
2853 2063 3111 2134 apostolo
3145 2063 3321 2138 prius
3341 2062 3672 2138 ordinatum
3707 2060 3844 2129 epi~

2184 2133 2436 2207 scopum.
2495 2138 2618 2206 Ipse
2664 2133 2963 2207 veroicum
3006 2135 3228 2190 caeteris
3275 2133 3595 2190 Narbonam
3648 2145 3839 2207 usque

2186 2203 2444 2294 uergens;
2486 2203 2620 2294 itide
2653 2206 2985 2294 credulam
3007 2207 3646 2294 .Torquetaetﬁesee
3686 2203 3840 2294 alias

2188 2276 2352 2337 illius
2383 2276 2623 2335 cemites
2651 2284 2706 2334 et
2729 2291 2852 2333 com
2873 2276 3196 2348 discipulos
3214 2276 3518 2333 Galliciam
3543 2276 3844 2348 adpraedi-

2185 2351 2450 2420 candum,
2481 2351 2645 2420 juxta
2675 2349 2828 2404 Petri
2857 2347 3104 2416 apostOli
3137 2354 3502 2418 praeceptum,
3539 2347 3702 2420 illico
3730 2347 3844 2402 de—

2186 2417 2449 2480 stinavit.
2481 2417 2606 2490 ipse
2637 2433 2769 2476 vero
2809 2425 3110 2490 postquam
3138 2417 3358 2476 multos
3399 2433 3513 2475 non
3547 2417 3735 2475 solum
3765 2432 3842 2474 ex

2185 2495 2378 2550 eadem
2433 2491 2592 2564 urbe,
2653 2493 2749 2547 sed
2793 2492 2966 2564 etiam
3009 2505 3085 2564 ex
3133 2491 3434 2547 nonnullis
3490 2490 3838 2564 civitatibus

2185 2565 2444 2634 undique
2480 2565 2549 2620 ad
2583 2562 2715 2619 eum
2756 2562 3200 2633 conﬂuentibus,
3244 2576 3358 2634 una
3387 2575 3517 2618 cum
3562 2562 3838 2634 praedicto

2185 2633 2381 2706 Sergio
2423 2635 2817 2705 evangelizans
2854 2634 3051 2706 sedule
3091 2633 3293 2706 docuit
3331 2637 3387 2688 et
3422 2633 3646 2706 egregie
3689 2646 3843 2706 ceu—

2184 2702 2358 2763 vertit
2393 2707 2463 2762 ad
2497 2702 2809 2761 Christum.
2856 2705 2994 2760 Cum
3033 2710 3222 2760 autem
3252 2705 3370 2774 jam
3415 2702 3591 2760 fortes
3629 2703 3690 2758 in
3728 2703 3843 2759 ﬁde

2185 2793 2252 2834 ac
2301 2777 2529 2848 penitus
2578 2776 2902 2832 immobiles
2949 2790 3094 2848 quos
3139 2775 3432 2846 docuerat,
3487 2775 3839 2848 agnovisset,

2187 2845 2348 2906 misit
2371 2861 2437 2904 ex
2467 2848 2554 2902 eis
2583 2848 2859 2918 quosdam
2887 2845 3197 2917 praedicare
3219 2861 3316 2916 per
3342 2845 3599 2903 diversas
3625 2845 3846 2902 Gallia-

2189 2935 2316 2977 rum
2352 2919 2614 2991 regiones
2645 2919 2951 2991 Dominum
2983 2920 3172 2975 Jesum
3203 2919 3516 2991 Christum.
3537 2919 3682 2991 Post
3719 2918 3845 2991 haec

2187 2996 2375 3048 autem
2421 2988 2720 3062 profectus
2769 2989 2904 3046 inde
2953 3003 3240 3054 unacum
3285 2989 3484 3062 Sergio
3514 2988 3714 3062 Paulo
3763 2988 3840 3044 ad

2190 3062 2521 3120 ulteriorem
2583 3061 2750 3117 ambo
2808 3074 2993 3132 usque
3049 3060 3426 3132 pervenerunt
3479 3060 3842 3132 Hispaniam,

2188 3133 2639 3205 evangelizantes
2675 3147 2774 3203 per
2808 3131 3068 3205 singulas
3108 3131 3298 3205 urbes,
3325 3139 3402 3205 Aut
3441 3131 3844 3205 praediximus,

2189 3202 2373 3277 futuri
2419 3204 2661 3276 gloriam
2681 3202 2853 3277 regni
2892 3202 3015 3258 Dei.
3050 3202 3292 3260 Peracto
3321 3202 3515 3277 itaque
3553 3203 3848 3274 pradica-

2189 3275 2370 3332 tionis
2399 3274 2518 3330 sum
2543 3289 2653 3330 non
2689 3274 2912 3332 modico
2939 3280 3208 3345 tempore,
3241 3274 3716 3345 contestabantur
3737 3286 3847 3345 eos

2189 3347 2289 3419 qui
2321 3346 2719 3418 crediderant;
2753 3351 2814 3402 ut
2841 3359 3008 3419 quam
3037 3344 3386 3419 acceperant
3403 3346 3567 3402 fidem
3595 3344 3849 3419 ﬁdeliter

2187 3417 2606 3488 conservarent,
2641 3423 2698 3474 et
2731 3417 2952 3474 caeteris
2990 3418 3204 3489 quibus
3242 3418 3494 3474 nondum
3534 3417 3848 3489 praedicata

2189 3489 2396 3558 fuerat,
2448 3487 2786 3562 magnopere
2824 3503 2954 3562 eam
3002 3487 3236 3562 erogare
3282 3489 3597 3562 studerent.
3657 3487 3850 3559 Igitur

2191 3566 2317 3632 post
2344 3562 2462 3616 hanc
2491 3559 2724 3632 Remam
2749 3559 3091 3616 deliberavit
3110 3559 3321 3617 reverti
3355 3560 3665 3628 praedictus
3695 3571 3850 3628 apo-

2189 3631 2393 3703 Stolus,
2429 3637 2601 3701 atque
2641 3631 2700 3686 in
2739 3632 3187 3690 consolationem
3234 3633 3852 3700 conﬁrmationemqne

2188 3704 2542 3776 credentium
2603 3715 2664 3776 se
2709 3716 2839 3760 cum
2880 3703 2973 3776 eis
3018 3708 3074 3758 et
3133 3704 3606 3776 coevangelistam
3671 3713 3849 3776 suum

2185 3776 2446 3844 Sergium
2511 3774 2750 3830 Paulum
2815 3775 3129 3830 missurum
3195 3772 3384 3832 denue
3446 3772 3844 3844 repromisit:

2189 3845 2402 3918 quibus
2425 3849 2482 3918 et
2507 3845 2796 3918 praecepit,
2828 3846 3046 3918 dicens,
3083 3849 3148 3902 ut
3173 3845 3261 3902 illi
3288 3846 3345 3900 in
3372 3845 3644 3918 omnibus
3664 3849 3722 3900 et
3743 3857 3852 3918 per

2187 3913 2378 3974 omnia
2421 3913 3126 3988 obsequium'prteberent
3167 3921 3224 3988 et
3268 3917 3504 3972 monitis
3536 3916 3721 3988 illius
3764 3913 3853 3969 li—

2189 3988 2524 4044 bentissime
2572 3987 2854 4058 parerent.
2909 3989 3165 4059 Cumque
3213 3987 3307 4043 bis
3351 4001 3417 4044 ac
3471 3987 3692 4044 talibus
3747 3999 3850 4056 per

2188 4061 2450 4131 singulas
2491 4058 2726 4114 civitate
2763 4058 3304 4130 apostolus’fratres
3341 4059 3441 4130 qui
3478 4059 3850 4131 crediderant

2191 4129 2539 4198 hortaretur,
2583 4129 2989 4188 commendans
3017 4145 3114 4188 eos
3141 4129 3385 4186 Domine
3412 4134 3470 4187 et
3497 4129 3851 4186 valefaciens

2189 4202 2276 4258 eis
2305 4204 2536 4274 Romam
2567 4203 2756 4274 redire
2796 4203 3044 4260 sollicite
3088 4202 3396 4274 satagebat.
3437 4201 3548 4274 Qui
3591 4202 3845 4274 rediens,

2189 4287 2320 4330 cum
2351 4273 2601 4328 venisset
2628 4273 2832 4344 iterum
2867 4271 3546 4344 Narbonam,'dispositis
3572 4271 3852 4334 omnibus

2191 4359 2317 4417 quae
2345 4343 2436 4417 agi
2468 4343 2784 4417 oportebat,
2833 4345 3074 4417 reliquit
3104 4345 3186 4400 ibi
3219 4343 3493 4416 collegam
3539 4358 3716 4400 suum
3750 4345 3853 4417 ni—

436 4420 564 4479 quae
590 4407 662 4488 de
691 4405 972 4488 potestate
993 4409 1208 4488 et‘jure
1239 4405 1628 4488 Narbenensis
1665 4413 1930 4488 ditionis,
1973 4405 2083 4470 sub
2125 4405 3128 4488 Dhilominus.Paulus,'praecipiens
3147 4417 3201 4472 ei
3221 4420 3286 4473 ut
3301 4405 3446 4488 quos
3459 4417 3579 4486 jam
3601 4416 3849 4488 Domino

433 4477 554 4562 qua
579 4477 810 4562 diutina
840 4477 1178 4562 educatiOne
1207 4481 1458 4562 nutricis
1483 4495 1639 4562 more
1661 4484 1816 4562 alita:
1855 4477 2086 4562 fuerant

433 4553 736 4626 postquam
775 4553 842 4626 in
879 4555 1199 4626 maternum
1241 4553 1595 4626 transierunt
1637 4555 1848 4626 sinum,
1897 4557 1948 4612 si
1994 4571 2084 4612 res

433 4621 629 4700 eadem
655 4621 996 4700 quandoque
1023 4622 1218 4700 capiat
1248 4623 1405 4700 illud
1423 4626 1630 4700 agendi
1665 4621 1948 4700 eifectum,
1981 4643 2084 4685 nu-

433 4691 959 4782 trieaesiudea
976 4691 1507 4782 gestaveris?
1541 4698 1836 4782 ιειςβίαμειε
1860 4691 2082 4782 steti?"

435 4773 564 4818 rum
584 4761 838 4818 actiones
856 4761 1044 4846 debet.
1067 4767 1124 4850 et
1153 4761 1388 4894 insuéier
1415 4761 1776 4826 educationis
1799 4761 2081 4841 praedicta:

435 4844 630 4894 causa.
689 4845 758 4888 ac
821 4849 870 4890 Si
919 4841 1084 4891 matri
1124 4849 1274 4892 mere
1317 4851 1402 4894 em
1464 4840 1818 4894 impenderet
1877 4843 2080 4894 subie-

435 4844 630 4912 causa,
689 4845 758 4912 ac
821 4835 870 4890 si
906 4835 1402 4912 _matri_meredem
1438 4835 1818 4912 impenderet
1877 4843 2080 4912 subje-

436 4903 654 4989 ctionis
681 4909 858 4989 atque
906 4905 1362 4989 henor_is.‘_Quod
1402 4910 1453 4968 si
1487 4903 1784 4989 reiieam‘us
1819 4913 1887 4970 ad
1919 4903 2082 4969 an'ti-

476 4988 583 5060 uas
611 4979 926 5060 priscarum
946 4979 1402 5060 institutionum
1425 4996 1458 5060 a
1489 4985 1835 5060 primatibus
1872 4989 2081 5042 sanctae

480 5046 721 5132 eciesiaa,
746 5047 901 5132 haud
915 5051 1170 5132 dubium
1199 5046 1535 5132 quin_Petr'e
1557 5060 1614 5110 et
1650 5057 1846 5126 Paulo,
1876 5071 2078 5132 causas

434 5121 644 5193 divine
661 5125 806 5175 nutu
839 5127 1106 5193 patratas,
1145 5121 1254 5180 non
1279 5124 1463 5180 solum
1493 5121 1931 5185 Tarraconensis
1957 5143 2083 5186 me-

438 5189 928 5276 tropoilisﬂeriim
965 5197 1022 5248 et
1057 5189 1570 5276 Hispaniaomnis.
1607 5198 1666 5276 in
1692 5204 1970 5276 quantum
1991 5201 2078 5276 _ad

429 5263 530 5333 jus
551 5260 1004 5339 ecclesiasticum
1035 5260 1269 5339 spectat,
1298 5267 1650 5325 Narbonensi
1673 5260 1893 5339 semper
1917 5271 2084 5327 debet

474 5331 754 5416 raelaticni
779 5332 1012 5404 subjici,
1035 5331 1633 5416 ejusquepatrocinio,
1657 5354 1724 5416 ac
1755 5331 1809 5396 si
1832 5349 2082 5416 materno

461 5409 586 5460 acte
601 5404 678 5460 ali
704 5421 718 5458 :
745 5417 1072 5488 nam‘secrge
1086 5404 1240 5488 sedis
1259 5404 1598 5488 decumenta
1623 5404 1879 5488 primum
1899 5413 1970 5470 ab
2000 5427 2086 5488 ea-

426 5478 559 5534 dem
579 5477 821 5546 accepit,
839 5482 896 5532 et
911 5477 1041 5534 ﬁdei
1059 5479 1279 5552 lumine
1301 5479 1609 5552 illustrata,
1630 5477 1698 5538 ec
1715 5483 1766 5538 si
1787 5484 1858 5540 de
1879 5485 2082 5542 mortis

431 5553 718 5628 perpetuae
746 5560 946 5604 somno
973 5550 1236 5628 excitata,
1269 5551 1328 5608 in
1359 5559 1581 5628 aeternae
1600 5550 1747 5628 vitae
1781 5556 2082 5628 evigilavit

433 5619 812 5702 Splendorem,
857 5625 1024 5689 prout
1054 5619 1328 5708 hactenus
1370 5624 1428 5681 in
1465 5625 1612 5681 beati
1645 5626 1794 5682 Petri
1831 5619 2082 5684 ar'mario

435 5689 746 5765 diligenter
791 5697 1091 5765 servantur
1141 5701 1391 5765 reposrta
1433 5715 1448 5752 ;
1505 5698 1978 5765 quemadmodum
2026 5704 2083 5754 et

1433 5715 1448 5752 ς
1505 5713 1978 5755 auemaumouum
2026 5713 2056 5754 e

443 5713 746 5770 uulgariter
791 5713 1091 5748 servantur
1142 5713 1391 5765 reposua
1433 5715 1448 5752 ;
1505 5713 1978 5768 quemadmoaum
2026 5713 2083 5754 el

443 5757 543 5812 illa
568 5773 694 5828 quae
719 5774 754 5816 a
781 5761 1073 5834 discipulo
1098 5767 1485 5836 apostolorum
1518 5769 1668 5824 Petri
1689 5773 1746 5825 et
1770 5769 1932 5824 Pauli
1963 5770 2085 5824 Ser-

2191 4501 2291 4560 per
2335 4485 2468 4560 ﬁdei
2505 4485 2760 4560 gratiam
2785 4485 2852 4544 ac
2893 4487 2944 4560 si
2967 4485 3375 4558 parturientes
3423 4485 3848 4560 genueruntin

2152 4557 2438 4630 'diversis
2485 4557 2818 4630 regionibus
2873 4557 3182 4630 Hispaniae,
3234 4560 3379 4616 lacte
3423 4557 3522 4616 eos
3571 4559 3850 4616 consola-

2191 4629 2372 4686 tionis
2420 4627 2622 4685 tandiu
2664 4630 2887 4686 nutrire
2933 4627 3208 4697 studeret,
3253 4632 3433 4688 donec
3479 4631 3612 4686 cibo
3656 4631 3848 4690 solido

2193 4699 2453 4776 perfeciae
2493 4699 2860 4776 credulitatis
2900 4702 3052 4776 vesci
3093 4702 3493 4776 indubitanter
3529 4716 3851 4776 c0gnosce-

2191 4771 2334 4846 rent.
2387 4771 2546 4846 Unde
2583 4776 2866 4846 et‘totam
2931 4774 3220 4846 regionem
3271 4774 3432 4830 illam
3483 4775 3542 4830 in
3603 4771 3850 4844 inposto—

2189 4845 2343 4901 latus
2379 4844 2508 4916 ejus
2522 4841 2808 4916 cilicium,
2849 4841 3092 4902 Domino
3124 4851 3482 4916 cooperante,
3524 4841 3660 4916 ipsi‘
3684 4861 3854 4903 com—

2191 4916 2371 4972 misit.
2400 4913 2732 4988 Galliarum
2759 4913 2950 4972 autem
2988 4913 3484 4988 pepulosidcirco
3518 4913 3850 4987 praedicau—

2187 4989 2292 5061 dos
2323 4986 2721 5061 illicredidit,
2766 4986 3037 5058 quoniam
3065 4986 3138 5044 ad
3187 4989 3291 5046 hoc
3328 4986 3532 5060 ipsum
3558 4991 3847 5061 agendum

2190 5060 2388 5116 beatus
2426 5060 2629 5131 Petrus
2671 5072 2798 5131 eum
2846 5061 3098 5129 miserat,
3140 5066 3196 5116 et
3236 5061 3360 5116 vice
3399 5073 3500 5117 sua
3541 5060 3722 5131 hujus
3768 5063 3846 5118 rei

2190 5131 2372 5204 gratia
2415 5129 2719 5204 ecclesiam
2766 5126 2888 5204 [leg.
2933 5126 3286 5204 episcopum,
3319 5137 3381 5204 ut
3419 5135 3478 5187 in
3507 5126 3644 5187 editi
3692 5135 3844 5188 card.

2189 5197 2255 5257 de
2287 5197 2546 5275 ᾼῃαὶννθ]
2589 5197 3035 5272 conseeraverat,
3081 5197 3466 5275 atque'etiam
3510 5205 3844 5275 praedictam

2188 5273 2508 5346 Narbonam
2531 5273 2816 5346 insignem
2843 5273 3200 5345 metropolim
3222 5273 3543 5331 Galliarum
3567 5277 3851 5346 speciali-

2189 5349 2276 5419 ier
2299 5344 2682 5419 addocendos
2702 5344 3284 5419 evangeiizandosque
3312 5344 3631 5419 tradiderat
3660 5363 3849 5419 popu-

2193 5415 2298 5472 los.
2335 5417 2590 5490 Namque
2618 5421 2758 5490 post
2795 5415 2913 5472 haec
2952 5415 3368 5490 consummatis
3411 5415 3689 5490 omnibus
3725 5415 3846 5490 quae

2191 5488 2480 5560 communi
2515 5488 2820 5559 utriusque
2849 5489 3076 5560 egregii.
3100 5489 3494 5560 pmdicatoris
3527 5488 3846 5547 intentiene

2190 5557 2406 5642 agenda
2435 5565 2616 5642 erani,
2649 5572 2683 5614 a
2711 5557 2770 5614 se
2801 5557 3007 5642 mu'tuc'
3028 5559 3362 5642 dilecticnis
3392 5561 3578 5642 Laride,
3617 5561 3843 5642 aiiectu,

2190 5625 2402 5703 eriead.
2435 5625 2611 5703 edit]
2631 5631 3172 5703 cumrecessissent,
3205 5625 3451 5687 alternis
3481 5625 3845 5688 exhortatio;

2193 5700 2366 5755 nibus
2417 5700 2595 5771 atque
2635 5700 2996 5770 amplexibus
3041 5700 3283 5759 Domino
3335 5703 3738 5758 commendare
3785 5715 3844 5758 se

2193 5771 2560 5842 studuerunt,
2597 5776 2769 5842 atque
2793 5771 2906 5828 sibi
2943 5771 3359 5844 valefacientes,
3405 5779 3535 5844 post
3560 5773 3759 5830 oscula
3786 5778 3844 5828 et
