4058 6154
220 269 335 328 825

1159 268 1527 327 INVECTIVA
1563 271 1635 326 IN
1684 267 1938 329 ROMAM
1974 272 2110 330 PRO
2148 275 2466 336 FORMOSO
2503 279 2705 337 ΡΑΡΑ.

3530 278 3638 339 826

214 402 434 469 priores
465 411 494 441 ι
524 441 538 470 ,
581 399 732 455 inter
764 398 1034 469 reprobos
1079 399 1415 473 habeantur,
1445 406 1500 457 et
1527 401 1877 472 poenitentia:
1904 401 1964 461 A
1991 412 2136 464 ctus.
2182 411 2465 482 Stephano
2518 428 2751 486 quoque
2808 428 2968 485 papa,
3020 413 3259 469 Adriani
3298 411 3439 481 tilio,
3470 426 3633 484 quem

222 489 482 545 triennio
506 488 882 558 deputentur.
915 488 1072 543 Heu!
1118 489 1261 545 heu!
1298 490 1446 547 heu!

294 578 567 643 Quomodo
610 578 755 631 sedet
779 578 894 631 sola
934 580 1126 632 civitas
1144 580 1313 649 plena
1346 582 1586 652 populo;
1629 584 1778 649 facta
1804 587 1883 637 est

221 668 389 738 quasi
414 666 587 719 vidua
614 667 835 720 domina
870 669 1151 733 gentium:
1181 671 1594 739 provinciarum
1624 673 1881 742 princeps

221 760 377 826 faeta
402 760 483 809 est
503 756 605 809 sub
626 756 833 810 tributo
856 754 885 797 ι)
918 796 931 810 .
963 755 1009 812 Ο
1029 756 1224 828 Roma,
1258 759 1583 815 conditores
1614 764 1742 816 tuos
1763 761 1884 816 Ro-

223 845 450 902 mulum
478 849 535 900 et
550 846 807 916 Remum,
838 859 984 916 quos
1008 859 1162 902 unus
1184 850 1383 903 uterus
1406 850 1600 920 gessit,
1623 854 1721 905 tua
1751 864 1882 906 mce—

219 934 340 1004 nia,
362 938 429 989 ut
449 932 626 989 simul
654 938 977 1005 regnarent,
1004 948 1116 990 non
1145 942 1517 1007 receperunt;
1549 938 1646 993 sed
1672 936 1881 993 fratri-

216 1023 378 1079 cidio
392 1020 674 1078 tabefacta
690 1033 715 1063 ο
750 1064 765 1091 ,
799 1023 921 1077 neci
940 1024 1449 1097 unumtradidisti,
1480 1026 1723 1082 alterum
1739 1027 1881 1099 qui-

217 1111 398 1167 rinali
414 1111 609 1183 gladio
621 1110 896 1182 capitales
908 1110 1017 1167 tibi
1032 1112 1184 1185 leges
1196 1113 1575 1184 impertienda
1592 1115 1620 1157 ἀ
1646 1116 1878 1174 volvens

218 1290 338 1346 imo
380 1289 564 1345 totius
587 1288 748 1345 orbis
780 1289 1113 1347 hominibus
1138 1302 1163 1331 θ
1195 1333 1210 1360 ,
1248 1292 1533 1365 dominos,
1565 1295 1792 1351 Petrum
1822 1299 1879 1350 et

218 1378 487 1448 Paulum,
535 1377 688 1447 apoli
722 1377 834 1433 viri
881 1379 1171 1449 principes
1199 1378 1225 1420 ί
1254 1423 1269 1451 ,
1298 1395 1477 1437 unum
1508 1382 1873 1453 crucifixisti,

218 1464 467 1521 alterum
484 1464 679 1537 gladio
695 1464 846 1520 inter
857 1465 1181 1523 homicidas
1192 1468 1379 1537 capite
1391 1469 1693 1525 truncasti.
1712 1471 1872 1542 Nam,

223 1560 289 1609 ut
326 1554 566 1625 quidam
596 1553 825 1624 sapiens
854 1553 1039 1610 dixit:

408 1679 541 1745 N_am
566 1679 666 1727 nisi
696 1681 745 1745 te
768 1678 906 1745 Petri
930 1681 1168 1745 meritpm
1196 1681 1449 1745 Paulique
1474 1682 1686 1744 foveret,

434 1741 693 1803 Tempore
718 1744 821 1789 tam
863 1741 1042 1804 longo,
1074 1744 1258 1804 Roma,
1286 1741 1487 1794 misella
1508 1744 1663 1795 fores.

214 1860 479 1914 Haecciue
520 1862 608 1914 est
644 1858 953 1916 retributio
983 1875 1152 1931 quam
1183 1862 1512 1919 audivimus
1536 1878 1568 1920 a
1611 1868 1666 1921 te
1702 1864 1730 1919 ‘?
1776 1878 1877 1921 nec

215 1947 349 2003 visu
385 1962 492 2004 nec
518 1948 682 2004 dictu
710 1947 964 2005 affabilis
998 1949 1106 2006 ulli
1141 1964 1392 2022 unquam
1426 1952 1619 2009 dictus
1646 1952 1870 2010 fuisset.

214 2040 414 2107 Nuper
456 2038 651 2109 itaque
692 2051 726 2093 a
764 2036 1045 2095 fratribus
1083 2040 1433 2111 audivimus,
1476 2046 1531 2097 et
1571 2042 1631 2098 in
1661 2043 1876 2114 synodo

216 2126 498 2182 collatum
528 2138 559 2179 ε
589 2127 965 2198 percepimus,
1000 2133 1303 2198 patronum
1332 2134 1496 2186 tuum
1539 2131 1876 2188 Formosum

216 2229 445 2286 papam,
475 2216 535 2271 in
563 2220 663 2271 tuo
688 2215 760 2271 ab
791 2217 936 2287 ipsis
959 2217 1269 2274 cunabulis
1292 2219 1599 2275 educatum
1633 2221 1872 2292 gremio,

219 2304 290 2359 ab
315 2304 634 2376 episc0pis,
678 2304 965 2377 cleroque,
995 2311 1052 2362 et
1091 2307 1301 2377 populo
1332 2308 1402 2363 ad
1445 2308 1875 2379 percipiendum

213 2392 550 2463 apostolicae
574 2392 955 2451 sublimitatis
978 2396 1205 2452 culmen
1230 2395 1259 2437 ιι
1289 2396 1551 2468 electum,
1585 2401 1641 2453 et
1663 2397 1734 2453 ab
1762 2398 1880 2454 hu-

210 2482 473 2552 jusmodi
530 2481 875 2540 oﬂicialibus
929 2482 1299 2550 lontificibus
1359 2485 1417 2540 in
1472 2491 1693 2543 sacrata
1745 2488 1879 2543 sede

217 2570 346 2625 inth
358 2571 706 2642 ronizatum,
744 2570 802 2626 in
824 2571 1195 2629 subterraneo
1216 2586 1410 2645 specu,
1445 2579 1572 2644 post
1602 2575 1777 2645 hujus
1798 2575 1880 2631 vi-

216 2665 285 2715 tm
323 2660 663 2730 terminum,
687 2661 935 2730 quietem
960 2660 1167 2716 habere
1193 2675 1304 2717 non
1330 2662 1570 2720 licuisse
1590 2664 1883 2720 exanima.

219 2755 342 2804 tum
377 2747 393 2788 ί
436 2790 448 2801 .
478 2749 616 2802 Nam
653 2749 778 2817 ejus
802 2749 1063 2821 cadaver,
1082 2751 1315 2821 jamque
1358 2765 1457 2821 per
1482 2766 1677 2807 novem
1713 2767 1879 2810 men-

216 2853 305 2894 ses
349 2838 668 2909 scpultum,
723 2852 820 2907 per
850 2839 1020 2908 pedes
1062 2839 1131 2895 de
1161 2840 1423 2910 sepulcro
1452 2842 1777 2915 extraxisti,
1823 2849 1880 2899 et

218 2928 387 3000 quasi
414 2927 576 2998 Saul,
604 2940 705 2997 per
730 2928 1047 2983 Samuelem
1071 2942 1199 2984 eum
1225 2928 1297 2984 ab
1342 2928 1546 2986 inferis
1578 2944 1868 3003 revocans,

215 3016 598 3085 consuluisti,
631 3020 688 3071 et
714 3016 773 3071 in
792 3018 1073 3087 synodum
1103 3018 1296 3073 sedere
1318 3016 1528 3075 fecisti.
1557 3019 1876 3090 Credimus,
1908 3063 1960 3129 Ο

220 3106 265 3129 -:
328 3110 393 3129 -.ι
426 3105 638 3129 --.Ξ-ει--
668 3102 681 3129 ἶ
718 3106 999 3129 (ηδ-...ηηιεη
1058 3105 1391 3129 1Α...-Α..,.ι--..
1436 3106 1674 3129 ι’---ειλ-
1723 3108 1841 3129 At..-

220 3106 291 3176 si,
328 3110 398 3162 ut
425 3102 681 3176 spiritui
718 3106 1022 3178 Samuelis,
1056 3105 1410 3177 loqueretur,
1436 3106 1679 3163 forsitan
1718 3108 1884 3165 dice-

220 3200 306 3251 ret
337 3193 488 3250 tibi:
515 3195 647 3251 Cras
683 3202 744 3251 tu
761 3201 810 3252 et
840 3196 946 3265 ﬂlii
978 3197 1060 3251 tui
1085 3211 1290 3250 mecum
1319 3197 1490 3250 eritis.
1532 3196 1636 3252 Sed
1674 3210 1885 3266 quam-

218 3285 309 3340 vis
350 3284 453 3341 ille
478 3299 590 3341 non
616 3284 797 3342 fuerit
828 3285 1079 3357 locutus,
1113 3289 1178 3340 tu
1208 3289 1395 3340 tamen
1425 3288 1481 3340 et
1502 3284 1613 3340 filii
1639 3284 1725 3340 tui
1774 3285 1885 3341 de—

221 3374 518 3430 scendetis
564 3376 633 3430 ad
663 3373 909 3445 inferos;
955 3374 1055 3429 ille
1078 3378 1266 3429 autem
1312 3373 1382 3428 ab
1412 3373 1634 3445 angelis
1680 3388 1885 3430 susce—

224 3469 384 3533 ptus,
435 3463 554 3533 jam
586 3463 809 3534 pridem
858 3462 1128 3535 migravit
1171 3462 1241 3517 ad
1281 3462 1546 3532 Superos.
1580 3462 1626 3518 0
1656 3460 1887 3519 facinus

222 3550 560 3607 inauditum
586 3551 599 3605 ε
632 3565 665 3607 o
695 3551 883 3607 scelus
904 3549 1189 3606 invisum!
1220 3563 1254 3606 o
1283 3549 1649 3622 sacrilegium
1687 3550 1888 3606 intem-

222 3645 449 3709 ptatum
480 3639 493 3692 ι
526 3652 696 3709 quem
716 3638 787 3694 ab
810 3638 1055 3694 infantia
1088 3638 1230 3694 lacte
1255 3638 1518 3710 nutristi,
1540 3637 1673 3694 cibo
1698 3637 1884 3695 solido

222 3728 463 3800 pavisti,
484 3728 699 3784 litteris
723 3726 1009 3793 imbuisti,
1036 3730 1092 3781 et
1111 3741 1211 3797 per
1229 3725 1652 3782 ecclesiasticos
1674 3726 1888 3798 gradus

223 3818 287 3873 ad
319 3818 556 3874 culmen
589 3816 935 3888 pontificale,
967 3816 1164 3887 dignis
1195 3816 1320 3885 ejus
1368 3815 1629 3871 moribus
1656 3828 1887 3885 prome-

225 3907 514 3978 rentibus,
537 3907 833 3962 advectum
860 3904 1157 3961 recoluisti
1188 3903 1218 3945 ιι
1242 3946 1257 3975 ,
1280 3909 1452 3975 atque
1473 3903 1540 3959 ad
1572 3903 1888 3976 paganissi-

224 4011 373 4053 mam
408 3995 829 4066 praedicandam
861 3999 1083 4066 gentem
1110 3994 1347 4065 misisti,
1384 3998 1722 4048 remeantem
1754 4006 1890 4063 quo-

226 4100 337 4157 que
368 4084 587 4157 gaudio
608 4083 938 4154 suscepisti,
961 4087 1018 4138 et
1047 4088 1377 4153 susceptum
1404 4082 1553 4137 malo
1588 4086 1707 4151 tuo,
1734 4079 1885 4151 quod

226 4188 338 4230 non
391 4173 676 4245 debuisti,
722 4172 945 4228 exulem
996 4171 1196 4242 procul
1235 4185 1269 4227 a
1298 4168 1522 4242 patrial
1567 4168 1883 4240 projecisti.

224 4264 332 4320 Sed
374 4264 448 4319 ad
481 4269 707 4332 tempus
745 4265 1028 4332 receptus,
1066 4260 1213 4316 etin
1263 4260 1575 4331 pristinum
1622 4258 1885 4330 gradum,

226 4366 402 4424 aquo
447 4352 765 4408 destitutus
817 4348 1141 4421 (nescimus
1193 4349 1332 4419 zelo,
1374 4362 1444 4404 en
1485 4361 1631 4403 noxa
1663 4345 1884 4420 fuerit),

226 4442 562 4513 restitutus,
605 4439 823 4495 Christi
851 4453 1023 4510 quam
1063 4438 1358 4507 debuerat,
1393 4435 1607 4491 militia
1637 4441 1723 4491 est
1749 4434 1892 4492 fun-

299 4596 329 4627 ι
358 4584 650 4653 Corrupta
697 4581 901 4653 lectio;
958 4594 1118 4653 quae“
1136 4580 1219 4653 ita
1276 4578 1631 4653 restituenda
1686 4583 1787 4653 est_
1818 4591 1888 4634 ex

231 4655 499 4727 Virgilio,
556 4648 765 4725 Ec10ga
826 4648 906 4724 1x,
959 4648 1017 4709 ἦ.
1064 4648 1178 4724 54,
1240 4650 1338 4723 qui
1405 4650 1485 4706 ita
1545 4649 1887 4706 sententiam

230 4730 556 4798 expressit:
970 4794 1020 4798 __
1349 4791 1402 4798 __
1484 4792 1495 4798 _

719 4836 732 4848 .
808 4828 821 4844 .
845 4858 859 4868 _
885 4829 899 4843 .
939 4857 950 4868 ι
970 4794 1088 4868 Υρχ
1112 4806 1319 4868 quoque
1349 4791 1553 4865 Mceriin

358 4859 479 4908 Jsm
508 4857 641 4920 fugit
664 4859 813 4921 ipsa;
845 4857 954 4919 lupi
988 4855 1195 4906 Moerim
1227 4855 1403 4904 videre
1439 4855 1662 4916 priores.

234 4942 468 4996 Dictum
525 4938 810 5010 proverbii
870 4936 1115 5010 speciem
1170 4934 1372 5004 habet;
1418 4948 1487 5010 ex
1528 4933 1686 5006 vulgi
1736 4933 1889 5010 enim

239 5005 707 5088 opinione'noxii
754 5005 1018 5078 luporum
1045 5008 1207 5088 visus
1224 5011 1360 5062 sunt
1386 5006 1440 5060 (ἱ
1468 5005 1892 5088 ειυςηῐρνὶρςςε

242 5076 333 5139 ἱΙἸὶ
384 5081 659 5149 viderint,
702 5076 1008 5150 vocemque
1053 5079 1122 5133 ad
1155 5084 1378 5146 tempus
1402 5076 1712 5150 adimunt;
1752 5076 1893 5131 Vide

234 5156 491 5280 ξ’ὲξῖιὶἳὲη
536 5145 679 5208 Hist.
741 5145 985 5222 Nat.,'l.
1041 5163 1168 5221 Vili,
1219 5145 1340 5218 cap.
1397 5145 1604 5233 32,'et
1652 5147 1885 5203 Theocr.

303 5243 322 5280 l
354 5268 366 5280 .
473 5267 485 5279 .

238 5228 366 5282 Idil.
398 5228 485 5280 M.

311 5298 341 5339 b
390 5298 591 5366 Tron.,
624 5307 747 5364 cap.
784 5308 823 5364 ι,
848 5290 981 5366 νει.

311 5382 337 5412 ο
385 5368 549 5438 Cod.,
570 5360 827 5434 fratricio
854 5365 1170 5438 tabe/actos,
1197 5360 1483 5438 mendose.

310 5437 340 5480 ἀ
388 5433 550 5506 Cod.,
572 5433 934 5507 imper-tendo,
970 5436 1105 5491 item
1130 5433 1416 5489 mandose.

316 5523 342 5553 θ
390 5510 551 5580 Cod.,
576 5509 847 5580 omnibus.

314 5581 333 5620 ί
386 5575 605 5652 ιθςθ⁷εἱ
632 5578 817 5652 placet
840 5578 1157 5648 apostolicos
1191 5591 1314 5632 vere
1333 5575 1633 5647 principes.

319 5679 350 5722 ε
409 5651 551 5724 Lege
570 5651 909 5707 collocatum.

1992 497 2140 553 idem
2180 502 2483 560 Formosus
2507 508 2953 574 consecraverat,
2994 506 3139 557 viam
3174 503 3442 555 universae
3480 506 3637 556 terra?

1989 589 2229 655 ingresso
2259 603 2301 632 πη
2329 594 2602 664 ,adunati
2635 600 2772 650 sunt
2804 592 3060 663 episcopi
3102 603 3475 661 proceresque
3522 590 3633 658 tui,

1989 678 2185 735 clerici
2221 696 2447 753 quoque
2485 687 2539 739 et
2568 683 2833 754 populus,
2866 686 3185 752 cunctaque
3222 679 3377 751 vulgi
3408 690 3632 748 manus,

1989 771 2046 821 et
2065 775 2341 825 venerunt
2372 771 2431 826 in
2463 772 2647 828 sedem
2682 773 3066 840 Portuensem,
3098 767 3247 824 infra
3285 767 3491 823 Urbem
3543 767 3637 822 si-

1989 860 2126 920 tam,
2152 858 2245 913 cui
2260 860 2563 917 Formosus
2578 866 2834 932 praeerat,
2850 873 3050 931 papam
3072 872 3200 915 eum
3229 868 3633 927 summumque

1989 944 2313 1014 pontificem
2366 949 2766 1005 adclamantes.
2817 949 2939 1019 Quo
2989 951 3262 1004 renuente
3306 949 3364 1001 et
3393 948 3632 1001 contra-

1985 1033 2229 1106 dicente,
2258 1040 2314 1091 et
2342 1037 2411 1093 ad
2433 1038 2612 1094 altare
2636 1048 2668 1077 ιι
2693 1052 2751 1094 se
2781 1037 3178 1108 complicante,
3214 1049 3314 1106 per
3358 1033 3474 1089 vim
3505 1046 3634 1088 eum

1987 1133 2116 1176 cum
2144 1122 2314 1194 palla,
2340 1138 2451 1195 qua
2477 1125 2657 1182 altare
2676 1130 2935 1197 opertum
2953 1129 3094 1195 erat,
3120 1123 3327 1179 exinde
3347 1121 3638 1178 abstraxe-

1988 1216 2142 1283 runt,
2176 1217 2232 1267 et
2256 1212 2604 1270 abstractum
2644 1228 2772 1271 cum
2809 1212 3080 1270 laudibus
3109 1217 3164 1268 et
3189 1211 3384 1268 choris
3416 1210 3476 1266 in
3506 1209 3638 1266 sede

1985 1300 2138 1356 beati
2167 1302 2315 1357 Petri
2338 1304 2725 1373 apostolorum
2758 1303 3041 1374 principis
3073 1300 3627 1357 inthronizaverunt.

1985 1390 2096 1460 Qui
2130 1390 2188 1446 in
2214 1392 2528 1461 apostolica
2559 1394 2689 1448 sede
2716 1392 2958 1463 positus,
2987 1391 3165 1447 multa
3189 1390 3296 1446 tibi
3315 1388 3462 1445 bona
3487 1401 3635 1445 con-

1986 1478 2145 1550 tulit,
2197 1479 2470 1535 ecclesias
2516 1480 2899 1551 reaadiiicavit,
2954 1479 3260 1548 exstruxit,
3302 1476 3631 1540 aedificavit,

1984 1568 2228 1639 compsit
2265 1574 2321 1625 et
2358 1571 2600 1637 ornavit,
2638 1569 3096 1626 consecrationes
3124 1567 3278 1632 fecit,
3323 1566 3624 1628 diaconos,

1983 1661 2041 1713 et
2067 1657 2442 1731 presbyteros,
2470 1664 2642 1730 atque
2670 1658 2989 1729 pontifices,
3021 1670 3090 1713 ex
3121 1655 3336 1728 quibus
3371 1659 3632 1725 postmo-

1901 1727 1957 1789 Β
1984 1727 2119 1803 dum
2148 1727 2370 1804 summa
2413 1727 2609 1804 sancta
2647 1727 2809 1805 sedes
2853 1727 3172 1818 apostolica
3221 1743 3468 1801 infulata
3497 1740 3630 1813 fuit,

1985 1837 2368 1893 consecravit:
2402 1836 2616 1893 clerum
2645 1841 2700 1892 et
2722 1836 2996 1907 populum
3014 1841 3177 1891 tuum
3206 1833 3353 1890 miro
3372 1833 3640 1889 modera-

1985 1924 2143 1981 tione
2174 1926 2531 1997 gubernavit,
2563 1930 2621 1981 et
2646 1926 3043 1995 imperatorem
3085 1922 3445 1978 Lambertum
3468 1933 3495 1961 0
3521 1921 3641 1975 im—

1987 2015 2192 2084 periali
2222 2015 2542 2071 diademate
2589 2013 2901 2075 redimivit.
2950 2011 3328 2082 Consensisti,
3368 2025 3401 2066 ο
3440 2012 3634 2080 Roma,

1986 2103 2254 2159 electioni
2276 2104 2531 2160 Formosi
2553 2103 2582 2157 εἰ
2604 2107 2705 2158 aut
2734 2103 2812 2171 ai,
2836 2106 2938 2157 aut
2959 2115 3125 2172 nega.
3153 2100 3257 2156 Sed
3291 2112 3496 2171 negare
3520 2110 3632 2155 non

1989 2197 2165 2262 potes.
2196 2193 2380 2261 Hujus
2398 2192 2479 2247 rei
2504 2192 2671 2248 testis
2693 2190 3000 2247 universus
3020 2194 3107 2245 est
3126 2188 3393 2244 mundus.
3420 2185 3632 2242 Misisti

1985 2281 2055 2336 ad
2101 2280 2289 2336 sedem
2333 2281 2721 2352 Portuensem,
2771 2293 2896 2351 qua:
2942 2278 3191 2334 secunda
3241 2275 3392 2332 infra
3438 2288 3632 2331 muros

1987 2375 2116 2426 tuos
2145 2370 2216 2425 ab
2247 2370 2562 2440 apostolica
2607 2374 2692 2425 est
2720 2370 2899 2441 sedes,
2934 2371 3129 2439 petens
3173 2366 3530 2436 Formosum,
3571 2368 3636 2421 ut

1984 2458 2057 2513 ab
2095 2471 2158 2514 ea
2192 2458 2483 2530 migraret,
2514 2462 2571 2513 et
2598 2457 2708 2513 tibi
2753 2456 3125 2513 antistitaret.
3177 2455 3354 2525 Quem
3397 2453 3640 2511 obstan—

1985 2551 2119 2618 tem,
2147 2553 2203 2603 et
2233 2561 2588 2618 nequaquam
2614 2546 2885 2602 invitatui
2913 2550 3013 2601 tuo
3038 2543 3519 2615 adquiescentem,
3542 2542 3642 2598 vi-

1984 2635 2057 2692 ab
2075 2636 2279 2693 altaris
2307 2636 2612 2706 cripidine,
2639 2639 2702 2691 ut
2717 2636 2833 2704 jam
2862 2634 3081 2689 dictum
3107 2638 3212 2703 est,
3237 2635 3545 2689 retractum
3573 2641 3603 2685 P

1987 2731 2041 2782 et
2061 2726 2340 2794 evulsum,
2368 2739 2499 2780 cum
2517 2724 2728 2780 vexillo
2751 2723 3129 2794 canticisque,
3152 2727 3209 2778 et
3234 2721 3463 2793 hymnis
3489 2733 3642 2790 prae-

1987 2814 2289 2885 coniisque
2300 2818 2355 2868 et
2379 2813 2669 2881 laudibus,
2688 2813 2747 2867 in
2762 2811 3183 2868 sublimissima
3202 2809 3531 2881 apostolica:
3544 2820 3642 2863 se—

1987 2904 2081 2959 dis
2093 2917 2220 2958 arce
2235 2902 2662 2971 inthronizasti,
2677 2900 2871 2958 favisti
2886 2912 2913 2955 <1
2941 2944 2955 2971 ,
2971 2898 3489 2972 adorasti,jurasti,
3505 2896 3644 2954 cui—

1989 3005 2099 3062 que
2110 2989 2761 3046 benedixitbenedixisti
2775 2992 2938 3048 etcui
2963 2990 3280 3061 maledixit,
3298 2986 3604 3044 maledixis
3618 3016 3644 3029 -

1988 3081 2054 3137 ti.
2080 3080 2169 3150 Ei,
2196 3094 2229 3135 o
2254 3081 2448 3149 Roma,
2483 3079 2635 3135 ultra
2660 3078 2799 3148 quid
2830 3080 3048 3136 addes?
3067 3081 3419 3134 Transcurso
3447 3076 3644 3147 itaque

1993 3169 2169 3238 hujus
2195 3168 2328 3223 vitai
2365 3168 2612 3223 termino
2636 3170 2919 3238 appositus
2963 3173 3041 3223 est
3087 3168 3161 3222 ad
3182 3171 3373 3236 patres
3408 3181 3535 3221 suos
3562 3175 3587 3205 ι·
3619 3186 3635 3239 ;

1989 3270 2235 3327 caroque
2266 3261 2431 3312 terrae
2461 3256 2765 3326 pulvisque
2786 3256 3006 3327 pulveri
3041 3256 3257 3313 sociata
3278 3265 3302 3295 ³
3334 3296 3348 3325 ,
3394 3254 3643 3326 spiritus

1992 3350 2057 3402 ut
2097 3344 2407 3414 credimus,
2439 3345 2650 3401 ductus
2683 3348 2705 3384 ι
2733 3386 2748 3414 ,
2789 3351 2845 3400 et
2886 3350 3180 3415 pervectus
3222 3349 3311 3401 est
3337 3345 3406 3400 ad
3462 3349 3638 3400 astra.

1991 3433 2094 3489 Sed
2127 3438 2211 3504 tu,
2244 3447 2278 3489 o
2306 3434 2502 3503 Roma,
2531 3432 2791 3490 futurum
2808 3438 2866 3489 et
2880 3433 3171 3489 tremende
3193 3445 3224 3475 ιι
3249 3432 3463 3503 judicii
3484 3432 3638 3489 diem

1995 3523 2305 3593 praevenire
2332 3527 2555 3592 conata,
2580 3521 2850 3579 horribili
2880 3526 3218 3593 congregata
3244 3520 3479 3592 synodo,
3510 3521 3628 3590 jam

1994 3617 2123 3682 post
2156 3625 2354 3667 novem
2393 3625 2633 3683 menses,
2670 3611 3009 3681 marcidum,
3041 3615 3098 3666 et
3128 3624 3267 3681 pene
3293 3610 3353 3665 in
3401 3609 3635 3680 pulvere

1995 3701 2307 3773 redactum,
2349 3702 2419 3757 de
2462 3701 2726 3771 sepulcro
2764 3699 3089 3769 extraxisti,
3121 3704 3178 3755 et
3222 3712 3388 3770 quem
3447 3698 3640 3754 vivum

1997 3790 2283 3861 quondam
2339 3789 2639 3858 tremebas,
2696 3793 2985 3844 mortuum
3042 3787 3267 3857 judicio
3314 3785 3636 3857 judicabas.

1994 3879 2054 3935 Si
2081 3881 2367 3935 Romanus
2386 3877 2641 3949 pontifex
2659 3878 2825 3933 vivus
2845 3891 2877 3933 a
2907 3876 3458 3946 neminejudicatur,
3486 3889 3647 3931 mor—

1996 3975 2132 4025 tuus
2155 3982 2186 4023 a
2205 3981 2491 4039 quoquam
2504 3965 2905 4037 judicabitur‘?
2922 3966 2979 4021 Si
2996 3964 3479 4037 interrogabatur,
3501 3964 3639 4036 quid

1998 4055 2416 4127 respondebat?
2444 4057 2502 4111 Si
2552 4056 2937 4125 responderet,
2992 4054 3181 4110 omnis
3212 4054 3313 4109 illa
3358 4054 3644 4109 horrenda

1997 4145 2384 4218 congregatio,
2406 4144 2612 4200 timore
2631 4143 3036 4216 perterrita,ab
3055 4143 3297 4198 invicem
3317 4146 3597 4213 separata,
3614 4155 3645 4198 a

1999 4237 2123 4293 loco
2143 4236 2480 4304 discederet,
2503 4238 2559 4290 et
2576 4248 2727 4289 unus
2746 4237 2872 4303 post
2884 4245 3061 4288 unum
3074 4231 3286 4302 exiret;
3313 4231 3645 4302 diceretque

1998 4325 2050 4381 ei
2073 4325 2376 4382 Dominus:
2406 4326 2670 4393 Fcrmose,
2703 4324 2825 4392 quis
2856 4326 2905 4375 te
2933 4321 3348 4390 condempnavit
3367 4322 3395 4374 ?
3423 4320 3492 4374 Et
3515 4319 3640 4374 ille:

1914 4395 1970 4457 D
1996 4416 2182 4478 Nemo,
2209 4416 2451 4469 Domine.
2472 4411 2834 4469 EtDominus
2848 4410 2917 4466 ad
2938 4409 3137 4466 illum:
3165 4411 3274 4466 Nec
3304 4423 3397 4477 ego
3432 4412 3482 4463 te
3509 4423 3647 4462 con-

2067 4557 2097 4599 δ
2126 4558 2285 4628 Cod.,
2319 4558 2471 4611 clem.
2504 4572 2553 4610 τ.

2068 4628 2083 4669 ί
2118 4630 2231 4684 Cod
2264 4670 2279 4699 ,
2305 4630 2694 4699 examinatum.

1964 4738 1967 4739 ν
2066 4702 2086 4756 .i
2124 4693 2276 4771 Lege
2318 4701 2564 4768 spiritus.
2611 4698 2850 4771 Littera_
2875 4694 3074 4771 ﬁnalis
3104 4706 3308 4771 s_sa;pe
3342 4694 3438 4771 _in_
3470 4693 3643 4751 codd.

2002 4765 2241 4827 inservit
2263 4765 2433 4826 etiam
2465 4783 2563 4839 pro
2594 4768 2888 4838 sequentis
2921 4766 3185 4823 vocabuli
3221 4765 3467 4823 initiali.

2070 4842 2101 4884 ιι
2129 4842 2288 4911 Cod.,
2316 4840 2586 4897 secundis
2609 4840 2788 4910 curis,
2820 4839 3048 4911 elegisti.

2078 4913 2094 4955 ι
2122 4909 2334 4968 Primis
2362 4916 2540 4977 curis,
2561 4911 2712 4982 cod.,
2740 4909 3023 4982 mendose,
3045 4915 3226 4979 patre.

2069 4996 2113 5027 ιιι
2139 4987 2224 5039 ΙΙΙ
2259 4986 2480 5053 Regum,
2511 4996 2634 5052 cap.
2670 4978 2733 5050 li,
2760 4995 2815 5034 v.
2841 4978 2894 5035 2.

2070 5070 2102 5100 n
2128 5056 2339 5110 Primis
2376 5054 2554 5121 curis,
2582 5070 2651 5107 ea:
2683 5054 2879 5107 altare.

2072 5141 2099 5170 0
2128 5127 2286 5195 Cod.,
2338 5130 2388 5180 et
2409 5127 2642 5195 Intprm.
2674 5124 3095 5179 Landebe-rtum.

2073 5217 2102 5260 p
2133 5198 2290 5270 Cod.,
2326 5198 2610 5265 mendose,
2636 5200 2919 5266 reteptum.

2075 5288 2102 5330 q
2133 5271 2273 5337 Lege
2297 5270 2503 5337 fovisti.

2077 5358 2102 5387 r
2133 5343 2153 5395 Ι
2182 5337 2434 5396 Machab.
2466 5353 2531 5409 ιι,
2569 5352 2624 5393 v.
2647 5337 2735 5394 69.

2082 5426 2106 5456 ε
2132 5413 2273 5467 Lege
2300 5413 2554 5466 sociatus.

2082 5491 2104 5527 ι
2127 5481 2286 5551 Cod.,
2321 5483 2496 5537 dictus
2517 5486 2614 5552 est,
2647 5483 3092 5551 emendavimus,
3117 5481 3352 5541 ductus,,
3369 5482 3465 5552 etc.

2078 5563 2108 5594 ιι
2142 5548 2421 5611 Secundis
2444 5548 2623 5623 curis,
2647 5554 2927 5608 tremendi.
2961 5548 3103 5622 Lege
3128 5556 3181 5605 tr
3197 5548 3501 5605 emendum.
