  <div class='ocr_page' id='page_1' title='image "/cluster/home/n/w/nwhite01/storage/ocr_20150623/129/hvd.32044054759907/419.png"; bbox 0 0 4058 6154; ppageno 0'>
   <div class='ocr_carea' id='block_1_1' title="bbox 388 221 498 282">
    <p class='ocr_par' dir='ltr' id='par_1_1' title="bbox 388 221 498 282">
     <span class='ocr_line' id='line_1_1' title="bbox 388 221 498 282; baseline -0.009 0"><span class='ocrx_word' id='word_1_1' title='bbox 388 221 498 282; x_wconf 79' lang='grc'><strong>827</strong></span> 
     </span>
    </p>
   </div>
   <div class='ocr_carea' id='block_1_2' title="bbox 1783 220 2377 284">
    <p class='ocr_par' dir='ltr' id='par_1_2' title="bbox 1783 220 2377 284">
     <span class='ocr_line' id='line_1_2' title="bbox 1783 220 2377 284; baseline 0.002 -1"><span class='ocrx_word' id='word_1_2' title='bbox 1783 220 2149 283; x_wconf 81' lang='lat' dir='ltr'><strong>FORMOSUS</strong></span> <span class='ocrx_word' id='word_1_3' title='bbox 2184 223 2377 284; x_wconf 80' lang='grc' dir='ltr'>ΡΑΡΑ.</span> 
     </span>
    </p>
   </div>
   <div class='ocr_carea' id='block_1_3' title="bbox 392 357 3820 440">
    <p class='ocr_par' dir='ltr' id='par_1_3' title="bbox 392 357 3820 440">
     <span class='ocr_line' id='line_1_3' title="bbox 392 357 3820 440; baseline 0.004 -28"><span class='ocrx_word' id='word_1_4' title='bbox 392 357 708 428; x_wconf 84' lang='lat' dir='ltr'><strong>dempnabo.</strong></span> <span class='ocrx_word' id='word_1_5' title='bbox 741 357 801 416; x_wconf 88' lang='lat' dir='ltr'><strong>Si</strong></span> <span class='ocrx_word' id='word_1_6' title='bbox 821 359 1044 418; x_wconf 77' lang='lat' dir='ltr'><strong>adesset</strong></span> <span class='ocrx_word' id='word_1_7' title='bbox 1070 359 1494 436; x_wconf 81' lang='lat' dir='ltr'><strong>illemirabilis,</strong></span> <span class='ocrx_word' id='word_1_8' title='bbox 1525 373 1728 419; x_wconf 88' lang='lat' dir='ltr'><strong>manus</strong></span> <span class='ocrx_word' id='word_1_9' title='bbox 1756 358 1926 418; x_wconf 86' lang='lat' dir='ltr'><strong>fortis</strong></span> <span class='ocrx_word' id='word_1_10' title='bbox 1941 372 2041 416; x_wconf 80' lang='lat' dir='ltr'><strong>rex</strong></span> <span class='ocrx_word' id='word_1_11' title='bbox 2069 357 2123 417; x_wconf 88' lang='lat' dir='ltr'><strong>A</strong></span> <span class='ocrx_word' id='word_1_12' title='bbox 2151 358 2409 432; x_wconf 83' lang='lat' dir='ltr'><strong>Joannis,</strong></span> <span class='ocrx_word' id='word_1_13' title='bbox 2439 362 2732 436; x_wconf 79' lang='lat' dir='ltr'><strong>Stephani,</strong></span> <span class='ocrx_word' id='word_1_14' title='bbox 2778 368 3230 439; x_wconf 62' lang='lat' dir='ltr'><strong>caaterorumque</strong></span> <span class='ocrx_word' id='word_1_15' title='bbox 3275 367 3306 422; x_wconf 80' lang='lat'><strong>?</strong></span> <span class='ocrx_word' id='word_1_16' title='bbox 3341 367 3532 440; x_wconf 78' lang='lat' dir='ltr'><strong>vigeat</strong></span> <span class='ocrx_word' id='word_1_17' title='bbox 3566 373 3626 425; x_wconf 91' lang='lat' dir='ltr'><strong>et</strong></span> <span class='ocrx_word' id='word_1_18' title='bbox 3666 371 3820 427; x_wconf 83' lang='lat' dir='ltr'><strong>For-</strong></span> 
     </span>
    </p>
   </div>
   <div class='ocr_carea' id='block_1_4' title="bbox 390 447 2038 523">
    <p class='ocr_par' dir='ltr' id='par_1_4' title="bbox 390 447 2038 523">
     <span class='ocr_line' id='line_1_4' title="bbox 390 447 2038 523; baseline 0.002 -21"><span class='ocrx_word' id='word_1_19' title='bbox 390 451 447 502; x_wconf 89' lang='lat' dir='ltr'><strong>et</strong></span> <span class='ocrx_word' id='word_1_20' title='bbox 503 447 974 521; x_wconf 75' lang='lat' dir='ltr'><strong>psalmographus</strong></span> <span class='ocrx_word' id='word_1_21' title='bbox 1001 451 1200 523; x_wconf 86' lang='lat' dir='ltr'><strong>David,</strong></span> <span class='ocrx_word' id='word_1_22' title='bbox 1255 451 1644 522; x_wconf 89' lang='lat' dir='ltr'><strong>citharizaret,</strong></span> <span class='ocrx_word' id='word_1_23' title='bbox 1685 455 1742 507; x_wconf 92' lang='lat' dir='ltr'><strong>et</strong></span> <span class='ocrx_word' id='word_1_24' title='bbox 1779 449 2038 507; x_wconf 89' lang='lat' dir='ltr'><strong>diceret:</strong></span> 
     </span>
    </p>
   </div>
   <div class='ocr_carea' id='block_1_5' title="bbox 389 534 2044 608">
    <p class='ocr_par' dir='ltr' id='par_1_5' title="bbox 389 534 2044 608">
     <span class='ocr_line' id='line_1_5' title="bbox 389 534 2044 608; baseline 0.002 -18"><span class='ocrx_word' id='word_1_25' title='bbox 389 534 661 605; x_wconf 86' lang='lat' dir='ltr'><strong>Nunquid</strong></span> <span class='ocrx_word' id='word_1_26' title='bbox 685 541 912 594; x_wconf 81' lang='lat' dir='ltr'><strong>mortuis</strong></span> <span class='ocrx_word' id='word_1_27' title='bbox 939 542 1108 608; x_wconf 85' lang='lat' dir='ltr'><strong>facies</strong></span> <span class='ocrx_word' id='word_1_28' title='bbox 1136 541 1454 606; x_wconf 80' lang='lat' dir='ltr'><strong>mirabilia;</strong></span> <span class='ocrx_word' id='word_1_29' title='bbox 1500 546 1599 596; x_wconf 88' lang='lat' dir='ltr'><strong>aut</strong></span> <span class='ocrx_word' id='word_1_30' title='bbox 1625 541 1822 595; x_wconf 88' lang='lat' dir='ltr'><strong>medici</strong></span> <span class='ocrx_word' id='word_1_31' title='bbox 1861 541 2044 594; x_wconf 89' lang='lat' dir='ltr'><strong>susci-</strong></span> 
     </span>
    </p>
   </div>
   <div class='ocr_carea' id='block_1_6' title="bbox 393 623 2036 701">
    <p class='ocr_par' dir='ltr' id='par_1_6' title="bbox 393 623 2036 701">
     <span class='ocr_line' id='line_1_6' title="bbox 393 623 2036 701; baseline 0.005 -25"><span class='ocrx_word' id='word_1_32' title='bbox 393 623 608 687; x_wconf 88' lang='lat' dir='ltr'><strong>tabunt,</strong></span> <span class='ocrx_word' id='word_1_33' title='bbox 625 631 675 680; x_wconf 85' lang='lat' dir='ltr'><strong>et</strong></span> <span class='ocrx_word' id='word_1_34' title='bbox 687 629 1083 697; x_wconf 85' lang='lat' dir='ltr'><strong>conﬁtebuntur</strong></span> <span class='ocrx_word' id='word_1_35' title='bbox 1104 630 1242 684; x_wconf 84' lang='lat' dir='ltr'><strong>tibi?</strong></span> <span class='ocrx_word' id='word_1_36' title='bbox 1265 631 1534 701; x_wconf 83' lang='lat' dir='ltr'><em>Nunquid</em></span> <span class='ocrx_word' id='word_1_37' title='bbox 1553 630 1808 685; x_wconf 83' lang='lat' dir='ltr'><strong>narrabit</strong></span> <span class='ocrx_word' id='word_1_38' title='bbox 1831 629 2036 699; x_wconf 83' lang='lat' dir='ltr'><strong>aliquis</strong></span> 
     </span>
    </p>
   </div>
   <div class='ocr_carea' id='block_1_7' title="bbox 391 713 2043 790">
    <p class='ocr_par' dir='ltr' id='par_1_7' title="bbox 391 713 2043 790">
     <span class='ocr_line' id='line_1_7' title="bbox 391 713 2043 790; baseline 0.004 -25"><span class='ocrx_word' id='word_1_39' title='bbox 391 713 451 766; x_wconf 86' lang='lat' dir='ltr'><strong>in</strong></span> <span class='ocrx_word' id='word_1_40' title='bbox 480 715 724 783; x_wconf 86' lang='lat' dir='ltr'><strong>sepulcro</strong></span> <span class='ocrx_word' id='word_1_41' title='bbox 742 717 1168 772; x_wconf 86' lang='lat' dir='ltr'><strong>misericordiam</strong></span> <span class='ocrx_word' id='word_1_42' title='bbox 1216 723 1384 790; x_wconf 89' lang='lat' dir='ltr'><strong>tuam,</strong></span> <span class='ocrx_word' id='word_1_43' title='bbox 1410 723 1461 774; x_wconf 91' lang='lat' dir='ltr'><strong>et</strong></span> <span class='ocrx_word' id='word_1_44' title='bbox 1495 721 1776 774; x_wconf 73' lang='lat' dir='ltr'><strong>veritatem</strong></span> <span class='ocrx_word' id='word_1_45' title='bbox 1810 723 1961 774; x_wconf 89' lang='lat' dir='ltr'><strong>tuam</strong></span> <span class='ocrx_word' id='word_1_46' title='bbox 1985 721 2043 772; x_wconf 90' lang='lat' dir='ltr'><strong>in</strong></span> 
     </span>
    </p>
   </div>
   <div class='ocr_carea' id='block_1_8' title="bbox 383 801 2047 876">
    <p class='ocr_par' dir='ltr' id='par_1_8' title="bbox 383 801 2047 876">
     <span class='ocr_line' id='line_1_8' title="bbox 383 801 2047 876; baseline 0.004 -21"><span class='ocrx_word' id='word_1_47' title='bbox 383 801 746 871; x_wconf 80' lang='lat' dir='ltr'><strong>perditionem</strong></span> <span class='ocrx_word' id='word_1_48' title='bbox 766 807 796 860; x_wconf 86' lang='lat'><strong><em>?</em></strong></span> <span class='ocrx_word' id='word_1_49' title='bbox 822 807 1090 876; x_wconf 86' lang='lat' dir='ltr'><strong>Nunquid</strong></span> <span class='ocrx_word' id='word_1_50' title='bbox 1103 814 1490 876; x_wconf 78' lang='lat' dir='ltr'><strong>cognoscentur</strong></span> <span class='ocrx_word' id='word_1_51' title='bbox 1514 811 1572 864; x_wconf 89' lang='lat' dir='ltr'><strong>in</strong></span> <span class='ocrx_word' id='word_1_52' title='bbox 1599 811 1832 865; x_wconf 79' lang='lat' dir='ltr'><strong>tenebris</strong></span> <span class='ocrx_word' id='word_1_53' title='bbox 1865 809 2047 864; x_wconf 88' lang='lat' dir='ltr'><strong>mira-</strong></span> 
     </span>
    </p>
   </div>
   <div class='ocr_carea' id='block_1_9' title="bbox 394 889 2048 968">
    <p class='ocr_par' dir='ltr' id='par_1_9' title="bbox 394 889 2048 968">
     <span class='ocr_line' id='line_1_9' title="bbox 394 889 2048 968; baseline 0.006 -26"><span class='ocrx_word' id='word_1_54' title='bbox 394 889 526 944; x_wconf 88' lang='lat' dir='ltr'><strong>bilia</strong></span> <span class='ocrx_word' id='word_1_55' title='bbox 554 895 672 961; x_wconf 89' lang='lat' dir='ltr'><strong>tua,</strong></span> <span class='ocrx_word' id='word_1_56' title='bbox 703 897 754 948; x_wconf 87' lang='lat' dir='ltr'><strong>et</strong></span> <span class='ocrx_word' id='word_1_57' title='bbox 779 893 1007 963; x_wconf 83' lang='lat' dir='ltr'><strong>justitia</strong></span> <span class='ocrx_word' id='word_1_58' title='bbox 1041 902 1138 951; x_wconf 87' lang='lat' dir='ltr'><strong>tua</strong></span> <span class='ocrx_word' id='word_1_59' title='bbox 1161 900 1224 952; x_wconf 88' lang='lat' dir='ltr'><strong>in</strong></span> <span class='ocrx_word' id='word_1_60' title='bbox 1254 903 1400 953; x_wconf 83' lang='lat' dir='ltr'><strong>terra</strong></span> <span class='ocrx_word' id='word_1_61' title='bbox 1420 899 1705 954; x_wconf 77' lang='lat' dir='ltr'><strong>oblivionis</strong></span> <span class='ocrx_word' id='word_1_62' title='bbox 1734 901 1762 954; x_wconf 82' lang='lat'><strong><em>?</em></strong></span> <span class='ocrx_word' id='word_1_63' title='bbox 1788 910 1820 942; x_wconf 72' lang='grc' dir='ltr'><strong>ει</strong></span> <span class='ocrx_word' id='word_1_64' title='bbox 1848 897 2048 968; x_wconf 86' lang='lat' dir='ltr'><strong>sicque</strong></span> 
     </span>
    </p>
   </div>
   <div class='ocr_carea' id='block_1_10' title="bbox 393 975 2048 1054">
    <p class='ocr_par' dir='ltr' id='par_1_10' title="bbox 393 975 2048 1054">
     <span class='ocr_line' id='line_1_10' title="bbox 393 975 2048 1054; baseline 0.004 -22"><span class='ocrx_word' id='word_1_65' title='bbox 393 975 634 1036; x_wconf 83' lang='lat' dir='ltr'><strong>forsitan</strong></span> <span class='ocrx_word' id='word_1_66' title='bbox 663 979 1061 1039; x_wconf 89' lang='lat' dir='ltr'><strong>citharizando</strong></span> <span class='ocrx_word' id='word_1_67' title='bbox 1091 984 1338 1054; x_wconf 85' lang='lat' dir='ltr'><strong>spiritus</strong></span> <span class='ocrx_word' id='word_1_68' title='bbox 1360 985 1616 1042; x_wconf 90' lang='lat' dir='ltr'><strong>Formosi</strong></span> <span class='ocrx_word' id='word_1_69' title='bbox 1642 983 1672 1025; x_wconf 72' lang='grc' dir='ltr'>δ</span> <span class='ocrx_word' id='word_1_70' title='bbox 1713 981 2048 1042; x_wconf 80' lang='lat' dir='ltr'><strong>accederet?</strong></span> 
     </span>
    </p>
   </div>
   <div class='ocr_carea' id='block_1_11' title="bbox 391 1067 2054 1145">
    <p class='ocr_par' dir='ltr' id='par_1_11' title="bbox 391 1067 2054 1145">
     <span class='ocr_line' id='line_1_11' title="bbox 391 1067 2054 1145; baseline 0.005 -24"><span class='ocrx_word' id='word_1_71' title='bbox 391 1067 600 1124; x_wconf 89' lang='lat' dir='ltr'><strong>Tamen</strong></span> <span class='ocrx_word' id='word_1_72' title='bbox 636 1069 982 1143; x_wconf 88' lang='lat' dir='ltr'><strong>posthabita,</strong></span> <span class='ocrx_word' id='word_1_73' title='bbox 1029 1076 1094 1129; x_wconf 88' lang='lat' dir='ltr'><strong>ut</strong></span> <span class='ocrx_word' id='word_1_74' title='bbox 1123 1073 1404 1145; x_wconf 82' lang='lat' dir='ltr'><strong>videmus,</strong></span> <span class='ocrx_word' id='word_1_75' title='bbox 1443 1075 1702 1132; x_wconf 89' lang='lat' dir='ltr'><strong>omnium</strong></span> <span class='ocrx_word' id='word_1_76' title='bbox 1730 1075 2054 1144; x_wconf 86' lang='lat' dir='ltr'><strong>Scriptura-</strong></span> 
     </span>
    </p>
   </div>
   <div class='ocr_carea' id='block_1_12' title="bbox 393 1159 2049 1237">
    <p class='ocr_par' dir='ltr' id='par_1_12' title="bbox 393 1159 2049 1237">
     <span class='ocr_line' id='line_1_12' title="bbox 393 1159 2049 1237; baseline 0.004 -27"><span class='ocrx_word' id='word_1_77' title='bbox 393 1169 520 1211; x_wconf 89' lang='lat' dir='ltr'><strong>rum</strong></span> <span class='ocrx_word' id='word_1_78' title='bbox 550 1159 606 1212; x_wconf 91' lang='lat' dir='ltr'><strong>et</strong></span> <span class='ocrx_word' id='word_1_79' title='bbox 625 1159 997 1230; x_wconf 88' lang='lat' dir='ltr'><strong>antiquorum</strong></span> <span class='ocrx_word' id='word_1_80' title='bbox 1024 1161 1253 1218; x_wconf 83' lang='lat' dir='ltr'><strong>Patrum</strong></span> <span class='ocrx_word' id='word_1_81' title='bbox 1279 1165 1615 1237; x_wconf 89' lang='lat' dir='ltr'><strong>reverentia,</strong></span> <span class='ocrx_word' id='word_1_82' title='bbox 1651 1161 2049 1237; x_wconf 89' lang='lat' dir='ltr'><strong>detumulasti,</strong></span> 
     </span>
    </p>
   </div>
   <div class='ocr_carea' id='block_1_13' title="bbox 395 1243 1154 1306">
    <p class='ocr_par' dir='ltr' id='par_1_13' title="bbox 395 1243 1154 1306">
     <span class='ocr_line' id='line_1_13' title="bbox 395 1243 1154 1306; baseline 0.011 -8"><span class='ocrx_word' id='word_1_83' title='bbox 395 1243 1154 1306; x_wconf 90' lang='lat' dir='ltr'><strong>humum........</strong></span> 
     </span>
    </p>
   </div>
   <div class='ocr_carea' id='block_1_14' title="bbox 396 1295 2044 1419">
    <p class='ocr_par' dir='ltr' id='par_1_14' title="bbox 396 1346 2044 1419">
     <span class='ocr_line' id='line_1_14' title="bbox 396 1346 2044 1419; baseline 0.01 -33"><span class='ocrx_word' id='word_1_84' title='bbox 396 1346 2044 1419; x_wconf 90' lang='lat' dir='ltr'><strong>....................deponere..</strong></span> 
     </span>
    </p>
   </div>
   <div class='ocr_carea' id='block_1_15' title="bbox 361 1475 2049 1598">
    <p class='ocr_par' dir='ltr' id='par_1_15' title="bbox 361 1475 2049 1598">
     <span class='ocr_line' id='line_1_15' title="bbox 361 1475 2049 1598; baseline 0.008 -27"><span class='ocrx_word' id='word_1_85' title='bbox 361 1529 621 1573; x_wconf 90' lang='lat' dir='ltr'><strong>.manum</strong></span> <span class='ocrx_word' id='word_1_86' title='bbox 651 1517 976 1592; x_wconf 87' lang='lat' dir='ltr'><strong>abscidisti,</strong></span> <span class='ocrx_word' id='word_1_87' title='bbox 1001 1523 1061 1578; x_wconf 91' lang='lat' dir='ltr'><strong>in</strong></span> <span class='ocrx_word' id='word_1_88' title='bbox 1094 1524 1460 1598; x_wconf 90' lang='lat' dir='ltr'><strong>Tiberimque</strong></span> <span class='ocrx_word' id='word_1_89' title='bbox 1491 1527 1803 1598; x_wconf 89' lang='lat' dir='ltr'><strong>projecisti.</strong></span> <span class='ocrx_word' id='word_1_90' title='bbox 1837 1528 2049 1584; x_wconf 78' lang='lat' dir='ltr'><strong>Excla—</strong></span> 
     </span>
    </p>
   </div>
   <div class='ocr_carea' id='block_1_16' title="bbox 389 1606 2044 1686">
    <p class='ocr_par' dir='ltr' id='par_1_16' title="bbox 389 1606 2044 1686">
     <span class='ocr_line' id='line_1_16' title="bbox 389 1606 2044 1686; baseline 0.008 -27"><span class='ocrx_word' id='word_1_91' title='bbox 389 1617 609 1662; x_wconf 85' lang='lat' dir='ltr'><strong>memus</strong></span> <span class='ocrx_word' id='word_1_92' title='bbox 638 1606 822 1680; x_wconf 80' lang='lat' dir='ltr'><strong>igitur</strong></span> <span class='ocrx_word' id='word_1_93' title='bbox 841 1623 970 1666; x_wconf 91' lang='lat' dir='ltr'><strong>cum</strong></span> <span class='ocrx_word' id='word_1_94' title='bbox 995 1613 1111 1670; x_wconf 90' lang='lat' dir='ltr'><strong>Joel</strong></span> <span class='ocrx_word' id='word_1_95' title='bbox 1136 1615 1408 1686; x_wconf 84' lang='lat' dir='ltr'><strong>propheta</strong></span> <span class='ocrx_word' id='word_1_96' title='bbox 1439 1627 1465 1658; x_wconf 81' lang='grc' dir='ltr'>ο</span> <span class='ocrx_word' id='word_1_97' title='bbox 1489 1617 1752 1674; x_wconf 89' lang='lat' dir='ltr'><strong>dicamus</strong></span> <span class='ocrx_word' id='word_1_98' title='bbox 1782 1635 1796 1672; x_wconf 89' lang='lat'><strong>:</strong></span> <span class='ocrx_word' id='word_1_99' title='bbox 1816 1617 2044 1682; x_wconf 84' lang='lat' dir='ltr'><strong>Audite,</strong></span> 
     </span>
    </p>
   </div>
   <div class='ocr_carea' id='block_1_17' title="bbox 2153 449 3818 528">
    <p class='ocr_par' dir='ltr' id='par_1_17' title="bbox 2153 449 3818 528">
     <span class='ocr_line' id='line_1_17' title="bbox 2153 449 3818 528; baseline 0.006 -24"><span class='ocrx_word' id='word_1_100' title='bbox 2153 449 2316 505; x_wconf 89' lang='lat' dir='ltr'><strong>mosi.</strong></span> <span class='ocrx_word' id='word_1_101' title='bbox 2342 451 2496 506; x_wconf 88' lang='lat' dir='ltr'><strong>Dicit</strong></span> <span class='ocrx_word' id='word_1_102' title='bbox 2527 452 2700 508; x_wconf 90' lang='lat' dir='ltr'><strong>etiam</strong></span> <span class='ocrx_word' id='word_1_103' title='bbox 2727 471 2740 509; x_wconf 90' lang='lat'>:</span> <span class='ocrx_word' id='word_1_104' title='bbox 2791 473 2817 506; x_wconf 80' lang='grc' dir='ltr'>α</span> <span class='ocrx_word' id='word_1_105' title='bbox 2841 456 2963 511; x_wconf 84' lang='grc' dir='ltr'><strong>Νοη</strong></span> <span class='ocrx_word' id='word_1_106' title='bbox 2991 455 3162 512; x_wconf 84' lang='lat' dir='ltr'><strong>licuit</strong></span> <span class='ocrx_word' id='word_1_107' title='bbox 3191 457 3242 512; x_wconf 92' lang='lat' dir='ltr'><strong>ei</strong></span> <span class='ocrx_word' id='word_1_108' title='bbox 3268 461 3394 528; x_wconf 90' lang='lat' dir='ltr'><strong>post</strong></span> <span class='ocrx_word' id='word_1_109' title='bbox 3412 457 3743 527; x_wconf 88' lang='lat' dir='ltr'><strong>depositum</strong></span> <span class='ocrx_word' id='word_1_110' title='bbox 3789 472 3818 514; x_wconf 75' lang='grc' dir='ltr'><strong>(ι</strong></span> 
     </span>
    </p>
   </div>
   <div class='ocr_carea' id='block_1_18' title="bbox 2153 538 3819 616">
    <p class='ocr_par' dir='ltr' id='par_1_18' title="bbox 2153 538 3819 616">
     <span class='ocr_line' id='line_1_18' title="bbox 2153 538 3819 616; baseline 0.006 -23"><span class='ocrx_word' id='word_1_111' title='bbox 2153 538 2520 611; x_wconf 78' lang='lat' dir='ltr'><strong>ministrare;</strong></span> <span class='ocrx_word' id='word_1_112' title='bbox 2543 546 2599 597; x_wconf 93' lang='lat' dir='ltr'><strong>et</strong></span> <span class='ocrx_word' id='word_1_113' title='bbox 2629 541 2678 597; x_wconf 91' lang='lat' dir='ltr'><strong>si</strong></span> <span class='ocrx_word' id='word_1_114' title='bbox 2707 543 3079 616; x_wconf 83' lang='lat' dir='ltr'><strong>ministravit,</strong></span> <span class='ocrx_word' id='word_1_115' title='bbox 3110 558 3221 602; x_wconf 89' lang='lat' dir='ltr'><strong>non</strong></span> <span class='ocrx_word' id='word_1_116' title='bbox 3245 545 3456 602; x_wconf 89' lang='lat' dir='ltr'><strong>licebat</strong></span> <span class='ocrx_word' id='word_1_117' title='bbox 3482 547 3555 602; x_wconf 90' lang='lat' dir='ltr'><strong>de</strong></span> <span class='ocrx_word' id='word_1_118' title='bbox 3579 546 3819 602; x_wconf 84' lang='lat' dir='ltr'><strong>civitate</strong></span> 
     </span>
    </p>
   </div>
   <div class='ocr_carea' id='block_1_19' title="bbox 2154 625 3821 708">
    <p class='ocr_par' dir='ltr' id='par_1_19' title="bbox 2154 625 3821 708">
     <span class='ocr_line' id='line_1_19' title="bbox 2154 625 3821 708; baseline 0.007 -27"><span class='ocrx_word' id='word_1_119' title='bbox 2154 625 2212 682; x_wconf 92' lang='lat' dir='ltr'><strong>in</strong></span> <span class='ocrx_word' id='word_1_120' title='bbox 2244 627 2532 684; x_wconf 88' lang='lat' dir='ltr'><strong>civitatem</strong></span> <span class='ocrx_word' id='word_1_121' title='bbox 2575 630 2839 702; x_wconf 88' lang='lat' dir='ltr'><strong>migrare.</strong></span> <span class='ocrx_word' id='word_1_122' title='bbox 2877 649 2903 682; x_wconf 73' lang='grc' dir='ltr'><strong>ιο</strong></span> <span class='ocrx_word' id='word_1_123' title='bbox 2934 633 3344 691; x_wconf 89' lang='lat' dir='ltr'><strong>Discurramus</strong></span> <span class='ocrx_word' id='word_1_124' title='bbox 3381 648 3516 708; x_wconf 86' lang='lat' dir='ltr'><strong>ergo</strong></span> <span class='ocrx_word' id='word_1_125' title='bbox 3554 649 3655 706; x_wconf 90' lang='lat' dir='ltr'><strong>per</strong></span> <span class='ocrx_word' id='word_1_126' title='bbox 3681 636 3821 692; x_wconf 89' lang='lat' dir='ltr'><strong>sin-</strong></span> 
     </span>
    </p>
   </div>
   <div class='ocr_carea' id='block_1_20' title="bbox 2152 715 3822 794">
    <p class='ocr_par' dir='ltr' id='par_1_20' title="bbox 2152 715 3822 794">
     <span class='ocr_line' id='line_1_20' title="bbox 2152 715 3822 794; baseline 0.005 -22"><span class='ocrx_word' id='word_1_127' title='bbox 2152 715 2287 787; x_wconf 84' lang='lat' dir='ltr'><strong>gula</strong></span> <span class='ocrx_word' id='word_1_128' title='bbox 2318 734 2330 770; x_wconf 92' lang='lat'><strong>:</strong></span> <span class='ocrx_word' id='word_1_129' title='bbox 2365 721 2420 772; x_wconf 92' lang='lat' dir='ltr'><strong>et</strong></span> <span class='ocrx_word' id='word_1_130' title='bbox 2448 731 2514 774; x_wconf 92' lang='lat' dir='ltr'><strong>ea</strong></span> <span class='ocrx_word' id='word_1_131' title='bbox 2539 733 2664 789; x_wconf 72' lang='lat' dir='ltr'><strong>quae</strong></span> <span class='ocrx_word' id='word_1_132' title='bbox 2689 720 2866 790; x_wconf 88' lang='lat' dir='ltr'><strong>justa,</strong></span> <span class='ocrx_word' id='word_1_133' title='bbox 2895 721 3220 792; x_wconf 86' lang='lat' dir='ltr'><strong>possibilia,</strong></span> <span class='ocrx_word' id='word_1_134' title='bbox 3268 723 3462 794; x_wconf 86' lang='lat' dir='ltr'><strong>utilia,</strong></span> <span class='ocrx_word' id='word_1_135' title='bbox 3493 724 3736 781; x_wconf 85' lang='lat' dir='ltr'><strong>honesta</strong></span> <span class='ocrx_word' id='word_1_136' title='bbox 3761 729 3822 780; x_wconf 88' lang='lat' dir='ltr'><strong>et</strong></span> 
     </span>
    </p>
   </div>
   <div class='ocr_carea' id='block_1_21' title="bbox 2151 807 3823 883">
    <p class='ocr_par' dir='ltr' id='par_1_21' title="bbox 2151 807 3823 883">
     <span class='ocr_line' id='line_1_21' title="bbox 2151 807 3823 883; baseline 0.006 -23"><span class='ocrx_word' id='word_1_137' title='bbox 2151 810 2479 863; x_wconf 86' lang='lat' dir='ltr'><strong>sanctorum</strong></span> <span class='ocrx_word' id='word_1_138' title='bbox 2504 807 2735 864; x_wconf 87' lang='lat' dir='ltr'><strong>Patrum</strong></span> <span class='ocrx_word' id='word_1_139' title='bbox 2769 811 3024 868; x_wconf 88' lang='lat' dir='ltr'><strong>utilitate</strong></span> <span class='ocrx_word' id='word_1_140' title='bbox 3051 812 3420 883; x_wconf 86' lang='lat' dir='ltr'><strong>comprobata</strong></span> <span class='ocrx_word' id='word_1_141' title='bbox 3443 827 3570 870; x_wconf 90' lang='lat' dir='ltr'><strong>esse</strong></span> <span class='ocrx_word' id='word_1_142' title='bbox 3601 815 3823 870; x_wconf 82' lang='lat' dir='ltr'><strong>viden—</strong></span> 
     </span>
    </p>
   </div>
   <div class='ocr_carea' id='block_1_22' title="bbox 2153 895 3825 975">
    <p class='ocr_par' dir='ltr' id='par_1_22' title="bbox 2153 895 3825 975">
     <span class='ocr_line' id='line_1_22' title="bbox 2153 895 3825 975; baseline 0.006 -25"><span class='ocrx_word' id='word_1_143' title='bbox 2153 895 2268 966; x_wconf 79' lang='lat' dir='ltr'><strong>tur,</strong></span> <span class='ocrx_word' id='word_1_144' title='bbox 2301 910 2661 968; x_wconf 89' lang='lat' dir='ltr'><strong>summopere</strong></span> <span class='ocrx_word' id='word_1_145' title='bbox 2685 898 3093 958; x_wconf 85' lang='lat' dir='ltr'><strong>discutiamus.</strong></span> <span class='ocrx_word' id='word_1_146' title='bbox 3121 903 3199 959; x_wconf 93' lang='lat' dir='ltr'><strong>De</strong></span> <span class='ocrx_word' id='word_1_147' title='bbox 3233 902 3388 959; x_wconf 69' lang='lat' dir='ltr'><strong>laesis</strong></span> <span class='ocrx_word' id='word_1_148' title='bbox 3411 915 3436 945; x_wconf 90' lang='grc' dir='ltr'><strong>ι·</strong></span> <span class='ocrx_word' id='word_1_149' title='bbox 3483 915 3732 975; x_wconf 87' lang='lat' dir='ltr'><strong>namque</strong></span> <span class='ocrx_word' id='word_1_150' title='bbox 3762 909 3825 960; x_wconf 88' lang='lat' dir='ltr'><strong>et</strong></span> 
     </span>
    </p>
   </div>
   <div class='ocr_carea' id='block_1_23' title="bbox 2154 982 3825 1062">
    <p class='ocr_par' dir='ltr' id='par_1_23' title="bbox 2154 982 3825 1062">
     <span class='ocr_line' id='line_1_23' title="bbox 2154 982 3825 1062; baseline 0.007 -24"><span class='ocrx_word' id='word_1_151' title='bbox 2154 982 2481 1054; x_wconf 90' lang='lat' dir='ltr'><strong>dampnatis</strong></span> <span class='ocrx_word' id='word_1_152' title='bbox 2521 986 2802 1057; x_wconf 88' lang='lat' dir='ltr'><strong>scriptum</strong></span> <span class='ocrx_word' id='word_1_153' title='bbox 2844 992 2932 1045; x_wconf 84' lang='lat' dir='ltr'><strong>est</strong></span> <span class='ocrx_word' id='word_1_154' title='bbox 2972 989 3032 1046; x_wconf 92' lang='lat' dir='ltr'><strong>in</strong></span> <span class='ocrx_word' id='word_1_155' title='bbox 3073 990 3363 1048; x_wconf 87' lang='lat' dir='ltr'><strong>Psalmis:</strong></span> <span class='ocrx_word' id='word_1_156' title='bbox 3405 992 3825 1062; x_wconf 85' lang='lat' dir='ltr'><strong>Numquidqui</strong></span> 
     </span>
    </p>
   </div>
   <div class='ocr_carea' id='block_1_24' title="bbox 2157 1071 3817 1152">
    <p class='ocr_par' dir='ltr' id='par_1_24' title="bbox 2157 1071 3817 1152">
     <span class='ocr_line' id='line_1_24' title="bbox 2157 1071 3817 1152; baseline 0.007 -27"><span class='ocrx_word' id='word_1_157' title='bbox 2157 1071 2306 1126; x_wconf 83' lang='lat' dir='ltr'><strong>cadit</strong></span> <span class='ocrx_word' id='word_1_158' title='bbox 2333 1084 2358 1114; x_wconf 75' lang='grc' dir='ltr'><em>ε</em></span> <span class='ocrx_word' id='word_1_159' title='bbox 2375 1114 2393 1136; x_wconf 86' lang='grc'><strong><em>,</em></strong></span> <span class='ocrx_word' id='word_1_160' title='bbox 2423 1075 2768 1144; x_wconf 73' lang='lat' dir='ltr'><strong>nonadiiciet</strong></span> <span class='ocrx_word' id='word_1_161' title='bbox 2803 1081 2826 1119; x_wconf 72' lang='grc' dir='ltr'>ι</span> <span class='ocrx_word' id='word_1_162' title='bbox 2850 1081 2914 1133; x_wconf 89' lang='lat' dir='ltr'><strong>ut</strong></span> <span class='ocrx_word' id='word_1_163' title='bbox 2934 1085 3186 1148; x_wconf 81' lang='lat' dir='ltr'><strong>resurgat</strong></span> <span class='ocrx_word' id='word_1_164' title='bbox 3209 1091 3242 1122; x_wconf 81' lang='grc' dir='ltr'>ιι</span> <span class='ocrx_word' id='word_1_165' title='bbox 3282 1079 3312 1135; x_wconf 80' lang='lat' dir='ltr'><strong>‘l</strong></span> <span class='ocrx_word' id='word_1_166' title='bbox 3337 1081 3418 1136; x_wconf 91' lang='lat' dir='ltr'><strong>De</strong></span> <span class='ocrx_word' id='word_1_167' title='bbox 3438 1080 3534 1137; x_wconf 89' lang='lat' dir='ltr'><strong>his</strong></span> <span class='ocrx_word' id='word_1_168' title='bbox 3557 1093 3693 1136; x_wconf 90' lang='lat' dir='ltr'><strong>vero</strong></span> <span class='ocrx_word' id='word_1_169' title='bbox 3708 1081 3817 1152; x_wconf 90' lang='lat' dir='ltr'><strong>qui</strong></span> 
     </span>
    </p>
   </div>
   <div class='ocr_carea' id='block_1_25' title="bbox 2159 1160 3820 1242">
    <p class='ocr_par' dir='ltr' id='par_1_25' title="bbox 2159 1160 3820 1242">
     <span class='ocr_line' id='line_1_25' title="bbox 2159 1160 3820 1242; baseline 0.007 -27"><span class='ocrx_word' id='word_1_170' title='bbox 2159 1160 2348 1216; x_wconf 85' lang='lat' dir='ltr'><strong>sedem</strong></span> <span class='ocrx_word' id='word_1_171' title='bbox 2381 1167 2621 1236; x_wconf 86' lang='lat' dir='ltr'><strong>mutant,</strong></span> <span class='ocrx_word' id='word_1_172' title='bbox 2654 1169 2711 1220; x_wconf 91' lang='lat' dir='ltr'><strong>et</strong></span> <span class='ocrx_word' id='word_1_173' title='bbox 2741 1165 2812 1222; x_wconf 91' lang='lat' dir='ltr'><strong>de</strong></span> <span class='ocrx_word' id='word_1_174' title='bbox 2849 1167 3082 1224; x_wconf 85' lang='lat' dir='ltr'><strong>civitate</strong></span> <span class='ocrx_word' id='word_1_175' title='bbox 3112 1168 3172 1224; x_wconf 93' lang='lat' dir='ltr'><strong>in</strong></span> <span class='ocrx_word' id='word_1_176' title='bbox 3209 1169 3498 1226; x_wconf 88' lang='lat' dir='ltr'><strong>civitatem</strong></span> <span class='ocrx_word' id='word_1_177' title='bbox 3540 1170 3820 1242; x_wconf 83' lang='lat' dir='ltr'><strong>migrant,</strong></span> 
     </span>
    </p>
   </div>
   <div class='ocr_carea' id='block_1_26' title="bbox 2033 1249 3823 1329">
    <p class='ocr_par' dir='ltr' id='par_1_26' title="bbox 2033 1249 3823 1329">
     <span class='ocr_line' id='line_1_26' title="bbox 2033 1249 3823 1329; baseline 0.004 -24"><span class='ocrx_word' id='word_1_178' title='bbox 2033 1283 2046 1298; x_wconf 78' lang='grc' dir='ltr'><strong><em>ο</em></strong></span> <span class='ocrx_word' id='word_1_179' title='bbox 2158 1249 2440 1308; x_wconf 90' lang='lat' dir='ltr'><strong>Dominus</strong></span> <span class='ocrx_word' id='word_1_180' title='bbox 2461 1252 2522 1308; x_wconf 87' lang='lat' dir='ltr'><strong>in</strong></span> <span class='ocrx_word' id='word_1_181' title='bbox 2541 1254 2848 1326; x_wconf 82' lang='lat' dir='ltr'><strong>Evangelia</strong></span> <span class='ocrx_word' id='word_1_182' title='bbox 2867 1255 3032 1312; x_wconf 89' lang='lat' dir='ltr'><strong>dicit.</strong></span> <span class='ocrx_word' id='word_1_183' title='bbox 3051 1257 3114 1312; x_wconf 88' lang='lat' dir='ltr'><strong>Si</strong></span> <span class='ocrx_word' id='word_1_184' title='bbox 3130 1273 3223 1314; x_wconf 83' lang='lat' dir='ltr'><strong>vos</strong></span> <span class='ocrx_word' id='word_1_185' title='bbox 3232 1262 3506 1329; x_wconf 79' lang='lat' dir='ltr'><strong>persecuti</strong></span> <span class='ocrx_word' id='word_1_186' title='bbox 3522 1261 3741 1327; x_wconf 79' lang='lat' dir='ltr'><strong>fuerint</strong></span> <span class='ocrx_word' id='word_1_187' title='bbox 3758 1259 3823 1312; x_wconf 77' lang='lat' dir='ltr'><strong>in</strong></span> 
     </span>
    </p>
   </div>
   <div class='ocr_carea' id='block_1_27' title="bbox 2159 1342 3826 1420">
    <p class='ocr_par' dir='ltr' id='par_1_27' title="bbox 2159 1342 3826 1420">
     <span class='ocr_line' id='line_1_27' title="bbox 2159 1342 3826 1420; baseline 0.006 -27"><span class='ocrx_word' id='word_1_188' title='bbox 2159 1354 2274 1394; x_wconf 87' lang='lat' dir='ltr'><strong>una</strong></span> <span class='ocrx_word' id='word_1_189' title='bbox 2297 1342 2534 1406; x_wconf 82' lang='lat' dir='ltr'><strong>civitate,</strong></span> <span class='ocrx_word' id='word_1_190' title='bbox 2566 1345 2742 1412; x_wconf 77' lang='lat' dir='ltr'><strong>fugite</strong></span> <span class='ocrx_word' id='word_1_191' title='bbox 2765 1346 2825 1400; x_wconf 89' lang='lat' dir='ltr'><strong>in</strong></span> <span class='ocrx_word' id='word_1_192' title='bbox 2853 1346 3022 1400; x_wconf 87' lang='lat' dir='ltr'><strong>aliam</strong></span> <span class='ocrx_word' id='word_1_193' title='bbox 3041 1358 3074 1387; x_wconf 74' lang='grc' dir='ltr'><strong>ν</strong></span> <span class='ocrx_word' id='word_1_194' title='bbox 3098 1389 3110 1402; x_wconf 94' lang='grc'><strong>.</strong></span> <span class='ocrx_word' id='word_1_195' title='bbox 3141 1347 3430 1405; x_wconf 86' lang='lat' dir='ltr'><strong>Discretio</strong></span> <span class='ocrx_word' id='word_1_196' title='bbox 3460 1361 3706 1420; x_wconf 85' lang='lat' dir='ltr'><strong>namque</strong></span> <span class='ocrx_word' id='word_1_197' title='bbox 3731 1349 3826 1403; x_wconf 77' lang='lat' dir='ltr'><strong>est</strong></span> 
     </span>
    </p>
   </div>
   <div class='ocr_carea' id='block_1_28' title="bbox 2159 1427 3830 1508">
    <p class='ocr_par' dir='ltr' id='par_1_28' title="bbox 2159 1427 3830 1508">
     <span class='ocr_line' id='line_1_28' title="bbox 2159 1427 3830 1508; baseline 0.006 -24"><span class='ocrx_word' id='word_1_198' title='bbox 2159 1427 2310 1485; x_wconf 90' lang='lat' dir='ltr'><strong>inter</strong></span> <span class='ocrx_word' id='word_1_199' title='bbox 2329 1443 2560 1488; x_wconf 91' lang='lat' dir='ltr'><strong>causam</strong></span> <span class='ocrx_word' id='word_1_200' title='bbox 2581 1435 2960 1506; x_wconf 87' lang='lat' dir='ltr'><strong>necessitatis,</strong></span> <span class='ocrx_word' id='word_1_201' title='bbox 2981 1439 3037 1492; x_wconf 87' lang='lat' dir='ltr'><strong>et</strong></span> <span class='ocrx_word' id='word_1_202' title='bbox 3059 1437 3370 1508; x_wconf 85' lang='lat' dir='ltr'><strong>utilitatis;</strong></span> <span class='ocrx_word' id='word_1_203' title='bbox 3393 1444 3450 1494; x_wconf 90' lang='lat' dir='ltr'><strong>et</strong></span> <span class='ocrx_word' id='word_1_204' title='bbox 3467 1439 3618 1495; x_wconf 90' lang='lat' dir='ltr'><strong>inter</strong></span> <span class='ocrx_word' id='word_1_205' title='bbox 3639 1436 3830 1494; x_wconf 84' lang='lat' dir='ltr'><strong>ambi-</strong></span> 
     </span>
    </p>
   </div>
   <div class='ocr_carea' id='block_1_29' title="bbox 2158 1520 3830 1598">
    <p class='ocr_par' dir='ltr' id='par_1_29' title="bbox 2158 1520 3830 1598">
     <span class='ocr_line' id='line_1_29' title="bbox 2158 1520 3830 1598; baseline 0.006 -26"><span class='ocrx_word' id='word_1_206' title='bbox 2158 1521 2278 1573; x_wconf 87' lang='lat' dir='ltr'><strong>tum</strong></span> <span class='ocrx_word' id='word_1_207' title='bbox 2300 1520 2557 1576; x_wconf 68' lang='lat' dir='ltr'><strong>avaritiaa</strong></span> <span class='ocrx_word' id='word_1_208' title='bbox 2576 1527 2633 1578; x_wconf 92' lang='lat' dir='ltr'><strong>et</strong></span> <span class='ocrx_word' id='word_1_209' title='bbox 2666 1523 3150 1596; x_wconf 66' lang='lat' dir='ltr'><strong>praesumptionis,</strong></span> <span class='ocrx_word' id='word_1_210' title='bbox 3176 1528 3538 1598; x_wconf 67' lang='lat' dir='ltr'><strong>proprimque</strong></span> <span class='ocrx_word' id='word_1_211' title='bbox 3558 1527 3830 1584; x_wconf 79' lang='lat' dir='ltr'><strong>volunta-</strong></span> 
     </span>
    </p>
   </div>
   <div class='ocr_carea' id='block_1_30' title="bbox 2158 1605 3824 1686">
    <p class='ocr_par' dir='ltr' id='par_1_30' title="bbox 2158 1605 3824 1686">
     <span class='ocr_line' id='line_1_30' title="bbox 2158 1605 3824 1686; baseline 0.006 -25"><span class='ocrx_word' id='word_1_212' title='bbox 2158 1605 2236 1662; x_wconf 90' lang='lat' dir='ltr'><strong>tis</strong></span> <span class='ocrx_word' id='word_1_213' title='bbox 2259 1612 2316 1669; x_wconf 87' lang='lat' dir='ltr'><strong>et</strong></span> <span class='ocrx_word' id='word_1_214' title='bbox 2345 1608 2679 1668; x_wconf 88' lang='lat' dir='ltr'><strong>invasionis.</strong></span> <span class='ocrx_word' id='word_1_215' title='bbox 2709 1611 2934 1669; x_wconf 90' lang='lat' dir='ltr'><strong>Similis</strong></span> <span class='ocrx_word' id='word_1_216' title='bbox 2967 1613 3246 1672; x_wconf 90' lang='lat' dir='ltr'><strong>distantia</strong></span> <span class='ocrx_word' id='word_1_217' title='bbox 3270 1622 3358 1674; x_wconf 87' lang='lat' dir='ltr'><strong>est</strong></span> <span class='ocrx_word' id='word_1_218' title='bbox 3383 1617 3535 1674; x_wconf 88' lang='lat' dir='ltr'><strong>inter</strong></span> <span class='ocrx_word' id='word_1_219' title='bbox 3553 1629 3684 1674; x_wconf 90' lang='lat' dir='ltr'><strong>eum</strong></span> <span class='ocrx_word' id='word_1_220' title='bbox 3710 1614 3824 1686; x_wconf 90' lang='lat' dir='ltr'><strong>qui</strong></span> 
     </span>
    </p>
   </div>
   <div class='ocr_carea' id='block_1_31' title="bbox 388 1681 2044 1778">
    <p class='ocr_par' dir='ltr' id='par_1_31' title="bbox 388 1681 2044 1772">
     <span class='ocr_line' id='line_1_31' title="bbox 388 1681 2044 1772; baseline 0.01 -25"><span class='ocrx_word' id='word_1_221' title='bbox 388 1708 561 1758; x_wconf 88' lang='lat' dir='ltr'><strong>senes,</strong></span> <span class='ocrx_word' id='word_1_222' title='bbox 584 1699 635 1750; x_wconf 88' lang='lat' dir='ltr'><strong>et</strong></span> <span class='ocrx_word' id='word_1_223' title='bbox 670 1698 899 1754; x_wconf 86' lang='lat' dir='ltr'><strong>auribus</strong></span> <span class='ocrx_word' id='word_1_224' title='bbox 923 1681 1208 1772; x_wconf 76' lang='lat' dir='ltr'><strong>percipite,</strong></span> <span class='ocrx_word' id='word_1_225' title='bbox 1237 1681 1264 1745; x_wconf 66' lang='grc' dir='ltr'><em>ἆ</em></span> <span class='ocrx_word' id='word_1_226' title='bbox 1294 1721 1476 1763; x_wconf 83' lang='lat' dir='ltr'><strong>omnes</strong></span> <span class='ocrx_word' id='word_1_227' title='bbox 1503 1706 1836 1762; x_wconf 78' lang='lat' dir='ltr'><strong>habitatores</strong></span> <span class='ocrx_word' id='word_1_228' title='bbox 1865 1712 2044 1771; x_wconf 70' lang='lat' dir='ltr'><strong>terrae,</strong></span> 
     </span>
    </p>
   </div>
   <div class='ocr_carea' id='block_1_32' title="bbox 2154 1681 3830 1778">
    <p class='ocr_par' dir='ltr' id='par_1_32' title="bbox 2157 1695 3830 1778">
     <span class='ocr_line' id='line_1_32' title="bbox 2157 1695 3830 1778; baseline 0.006 -26"><span class='ocrx_word' id='word_1_229' title='bbox 2157 1695 2338 1754; x_wconf 89' lang='lat' dir='ltr'><strong>livore</strong></span> <span class='ocrx_word' id='word_1_230' title='bbox 2365 1703 2421 1754; x_wconf 92' lang='lat' dir='ltr'><strong>et</strong></span> <span class='ocrx_word' id='word_1_231' title='bbox 2451 1699 2684 1756; x_wconf 74' lang='lat' dir='ltr'><strong>invidiae</strong></span> <span class='ocrx_word' id='word_1_232' title='bbox 2715 1715 2891 1772; x_wconf 58' lang='lat' dir='ltr'><strong>naevo,</strong></span> <span class='ocrx_word' id='word_1_233' title='bbox 2919 1707 2976 1759; x_wconf 91' lang='lat' dir='ltr'><strong>et</strong></span> <span class='ocrx_word' id='word_1_234' title='bbox 2999 1717 3128 1761; x_wconf 90' lang='lat' dir='ltr'><strong>eum</strong></span> <span class='ocrx_word' id='word_1_235' title='bbox 3155 1705 3254 1776; x_wconf 91' lang='lat' dir='ltr'><strong>qui</strong></span> <span class='ocrx_word' id='word_1_236' title='bbox 3287 1719 3433 1764; x_wconf 83' lang='lat' dir='ltr'><strong>noxa</strong></span> <span class='ocrx_word' id='word_1_237' title='bbox 3458 1706 3659 1778; x_wconf 87' lang='lat' dir='ltr'><strong>aliqua</strong></span> <span class='ocrx_word' id='word_1_238' title='bbox 3682 1720 3830 1764; x_wconf 65' lang='lat' dir='ltr'><strong>con-</strong></span> 
     </span>
    </p>
   </div>
   <div class='ocr_carea' id='block_1_33' title="bbox 390 1785 2047 1868">
    <p class='ocr_par' dir='ltr' id='par_1_33' title="bbox 390 1785 2047 1868">
     <span class='ocr_line' id='line_1_33' title="bbox 390 1785 2047 1868; baseline 0.008 -31"><span class='ocrx_word' id='word_1_239' title='bbox 390 1785 440 1838; x_wconf 89' lang='lat' dir='ltr'><strong>si</strong></span> <span class='ocrx_word' id='word_1_240' title='bbox 461 1785 671 1852; x_wconf 85' lang='lat' dir='ltr'><strong>factum</strong></span> <span class='ocrx_word' id='word_1_241' title='bbox 699 1792 778 1843; x_wconf 87' lang='lat' dir='ltr'><strong>est</strong></span> <span class='ocrx_word' id='word_1_242' title='bbox 801 1790 860 1844; x_wconf 92' lang='lat' dir='ltr'><strong>in</strong></span> <span class='ocrx_word' id='word_1_243' title='bbox 884 1790 1076 1846; x_wconf 87' lang='lat' dir='ltr'><strong>diebus</strong></span> <span class='ocrx_word' id='word_1_244' title='bbox 1105 1797 1300 1849; x_wconf 78' lang='lat' dir='ltr'><strong>vestris</strong></span> <span class='ocrx_word' id='word_1_245' title='bbox 1324 1795 1497 1859; x_wconf 86' lang='lat' dir='ltr'><strong>istud,</strong></span> <span class='ocrx_word' id='word_1_246' title='bbox 1526 1801 1623 1852; x_wconf 90' lang='lat' dir='ltr'><strong>aut</strong></span> <span class='ocrx_word' id='word_1_247' title='bbox 1651 1800 1712 1852; x_wconf 89' lang='lat' dir='ltr'><strong>in</strong></span> <span class='ocrx_word' id='word_1_248' title='bbox 1741 1798 1931 1853; x_wconf 83' lang='lat' dir='ltr'><strong>diebus</strong></span> <span class='ocrx_word' id='word_1_249' title='bbox 1943 1811 2047 1868; x_wconf 84' lang='lat' dir='ltr'><strong>pa-</strong></span> 
     </span>
    </p>
   </div>
   <div class='ocr_carea' id='block_1_34' title="bbox 391 1876 2048 1954">
    <p class='ocr_par' dir='ltr' id='par_1_34' title="bbox 391 1876 2048 1954">
     <span class='ocr_line' id='line_1_34' title="bbox 391 1876 2048 1954; baseline 0.008 -28"><span class='ocrx_word' id='word_1_250' title='bbox 391 1876 535 1928; x_wconf 85' lang='lat' dir='ltr'><strong>trum</strong></span> <span class='ocrx_word' id='word_1_251' title='bbox 565 1881 882 1934; x_wconf 81' lang='lat' dir='ltr'><strong>vestrorum.</strong></span> <span class='ocrx_word' id='word_1_252' title='bbox 932 1879 1109 1952; x_wconf 84' lang='lat' dir='ltr'><strong>Super</strong></span> <span class='ocrx_word' id='word_1_253' title='bbox 1137 1883 1232 1936; x_wconf 85' lang='lat' dir='ltr'><strong>hoc</strong></span> <span class='ocrx_word' id='word_1_254' title='bbox 1258 1885 1391 1954; x_wconf 89' lang='lat' dir='ltr'><strong>ﬁliis</strong></span> <span class='ocrx_word' id='word_1_255' title='bbox 1431 1889 1629 1942; x_wconf 79' lang='lat' dir='ltr'><strong>vestris</strong></span> <span class='ocrx_word' id='word_1_256' title='bbox 1675 1891 1900 1942; x_wconf 86' lang='lat' dir='ltr'><strong>narrate</strong></span> <span class='ocrx_word' id='word_1_257' title='bbox 1939 1905 1956 1954; x_wconf 89' lang='lat'><strong><em>;</em></strong></span> <span class='ocrx_word' id='word_1_258' title='bbox 1995 1890 2048 1941; x_wconf 88' lang='lat' dir='ltr'><strong>et</strong></span> 
     </span>
    </p>
   </div>
   <div class='ocr_carea' id='block_1_35' title="bbox 387 1961 2041 2044">
    <p class='ocr_par' dir='ltr' id='par_1_35' title="bbox 387 1961 2041 2044">
     <span class='ocr_line' id='line_1_35' title="bbox 387 1961 2041 2044; baseline 0.01 -30"><span class='ocrx_word' id='word_1_259' title='bbox 387 1961 494 2031; x_wconf 88' lang='lat' dir='ltr'><strong>ﬁlii</strong></span> <span class='ocrx_word' id='word_1_260' title='bbox 509 1966 678 2018; x_wconf 84' lang='lat' dir='ltr'><strong>vestri</strong></span> <span class='ocrx_word' id='word_1_261' title='bbox 691 1968 823 2036; x_wconf 88' lang='lat' dir='ltr'><strong>ﬁliis</strong></span> <span class='ocrx_word' id='word_1_262' title='bbox 841 1971 978 2033; x_wconf 85' lang='lat' dir='ltr'><strong>suis,</strong></span> <span class='ocrx_word' id='word_1_263' title='bbox 1005 1975 1057 2025; x_wconf 92' lang='lat' dir='ltr'><strong>et</strong></span> <span class='ocrx_word' id='word_1_264' title='bbox 1072 1972 1178 2040; x_wconf 86' lang='lat' dir='ltr'><strong>ﬁlii</strong></span> <span class='ocrx_word' id='word_1_265' title='bbox 1205 1987 1387 2028; x_wconf 90' lang='lat' dir='ltr'><strong>eorum</strong></span> <span class='ocrx_word' id='word_1_266' title='bbox 1420 1977 1761 2044; x_wconf 85' lang='lat' dir='ltr'><strong>generationi</strong></span> <span class='ocrx_word' id='word_1_267' title='bbox 1787 1976 1950 2031; x_wconf 85' lang='lat' dir='ltr'><strong>alteri</strong></span> <span class='ocrx_word' id='word_1_268' title='bbox 1969 1987 1996 2017; x_wconf 82' lang='grc' dir='ltr'>θ</span> <span class='ocrx_word' id='word_1_269' title='bbox 2027 2016 2041 2031; x_wconf 93' lang='grc'><strong>.</strong></span> 
     </span>
    </p>
   </div>
   <div class='ocr_carea' id='block_1_36' title="bbox 389 2051 2043 2137">
    <p class='ocr_par' dir='ltr' id='par_1_36' title="bbox 389 2051 2043 2137">
     <span class='ocr_line' id='line_1_36' title="bbox 389 2051 2043 2137; baseline 0.008 -31"><span class='ocrx_word' id='word_1_270' title='bbox 389 2052 457 2106; x_wconf 85' lang='lat' dir='ltr'><strong>Et</strong></span> <span class='ocrx_word' id='word_1_271' title='bbox 496 2051 631 2109; x_wconf 89' lang='lat' dir='ltr'><strong>item</strong></span> <span class='ocrx_word' id='word_1_272' title='bbox 664 2073 678 2109; x_wconf 90' lang='lat'><strong>:</strong></span> <span class='ocrx_word' id='word_1_273' title='bbox 711 2056 994 2126; x_wconf 83' lang='lat' dir='ltr'><strong>Accingite</strong></span> <span class='ocrx_word' id='word_1_274' title='bbox 1036 2075 1149 2133; x_wconf 77' lang='lat' dir='ltr'><strong>vos,</strong></span> <span class='ocrx_word' id='word_1_275' title='bbox 1181 2065 1234 2117; x_wconf 84' lang='lat' dir='ltr'><strong>et</strong></span> <span class='ocrx_word' id='word_1_276' title='bbox 1261 2064 1514 2134; x_wconf 83' lang='lat' dir='ltr'><strong>plangite</strong></span> <span class='ocrx_word' id='word_1_277' title='bbox 1541 2081 1655 2130; x_wconf 80' lang='lat' dir='ltr'><strong>vos,</strong></span> <span class='ocrx_word' id='word_1_278' title='bbox 1695 2070 1747 2122; x_wconf 90' lang='lat' dir='ltr'><strong>et</strong></span> <span class='ocrx_word' id='word_1_279' title='bbox 1771 2067 2043 2137; x_wconf 85' lang='lat' dir='ltr'><strong>plangite,</strong></span> 
     </span>
    </p>
   </div>
   <div class='ocr_carea' id='block_1_37' title="bbox 387 2143 2050 2225">
    <p class='ocr_par' dir='ltr' id='par_1_37' title="bbox 387 2143 2050 2225">
     <span class='ocr_line' id='line_1_37' title="bbox 387 2143 2050 2225; baseline 0.009 -30"><span class='ocrx_word' id='word_1_280' title='bbox 387 2143 690 2200; x_wconf 85' lang='lat' dir='ltr'><strong>sacerdotes</strong></span> <span class='ocrx_word' id='word_1_281' title='bbox 721 2163 736 2214; x_wconf 87' lang='lat'><strong>;</strong></span> <span class='ocrx_word' id='word_1_282' title='bbox 769 2147 999 2220; x_wconf 88' lang='lat' dir='ltr'><strong>ululate,</strong></span> <span class='ocrx_word' id='word_1_283' title='bbox 1031 2152 1275 2207; x_wconf 82' lang='lat' dir='ltr'><strong>ministri</strong></span> <span class='ocrx_word' id='word_1_284' title='bbox 1294 2153 1490 2208; x_wconf 88' lang='lat' dir='ltr'><strong>altaris</strong></span> <span class='ocrx_word' id='word_1_285' title='bbox 1517 2173 1532 2225; x_wconf 87' lang='lat'><strong>;</strong></span> <span class='ocrx_word' id='word_1_286' title='bbox 1559 2157 1933 2224; x_wconf 85' lang='lat' dir='ltr'><strong>ingredimini,</strong></span> <span class='ocrx_word' id='word_1_287' title='bbox 1962 2171 2050 2210; x_wconf 85' lang='lat' dir='ltr'><strong>cu-</strong></span> 
     </span>
    </p>
   </div>
   <div class='ocr_carea' id='block_1_38' title="bbox 390 2221 2048 2304">
    <p class='ocr_par' dir='ltr' id='par_1_38' title="bbox 390 2221 2048 2304">
     <span class='ocr_line' id='line_1_38' title="bbox 390 2221 2048 2304; baseline 0.01 -29"><span class='ocrx_word' id='word_1_288' title='bbox 390 2221 510 2277; x_wconf 89' lang='lat' dir='ltr'><strong>bate</strong></span> <span class='ocrx_word' id='word_1_289' title='bbox 557 2223 617 2278; x_wconf 87' lang='lat' dir='ltr'><strong>in</strong></span> <span class='ocrx_word' id='word_1_290' title='bbox 655 2228 824 2281; x_wconf 86' lang='lat' dir='ltr'><strong>caseis</strong></span> <span class='ocrx_word' id='word_1_291' title='bbox 868 2230 1113 2286; x_wconf 84' lang='lat' dir='ltr'><strong>ministri</strong></span> <span class='ocrx_word' id='word_1_292' title='bbox 1149 2234 1249 2287; x_wconf 89' lang='lat' dir='ltr'><strong>Dei</strong></span> <span class='ocrx_word' id='word_1_293' title='bbox 1281 2236 1406 2297; x_wconf 88' lang='lat' dir='ltr'><strong>mei,</strong></span> <span class='ocrx_word' id='word_1_294' title='bbox 1449 2221 1707 2304; x_wconf 81' lang='lat' dir='ltr'><strong>quoniam</strong></span> <span class='ocrx_word' id='word_1_295' title='bbox 1742 2237 1954 2291; x_wconf 84' lang='lat' dir='ltr'><strong>interiit</strong></span> <span class='ocrx_word' id='word_1_296' title='bbox 1982 2237 2048 2291; x_wconf 88' lang='lat' dir='ltr'><strong>de</strong></span> 
     </span>
    </p>
   </div>
   <div class='ocr_carea' id='block_1_39' title="bbox 389 2309 2042 2388">
    <p class='ocr_par' dir='ltr' id='par_1_39' title="bbox 389 2309 2042 2388">
     <span class='ocr_line' id='line_1_39' title="bbox 389 2309 2042 2388; baseline 0.01 -24"><span class='ocrx_word' id='word_1_297' title='bbox 389 2309 546 2366; x_wconf 91' lang='lat' dir='ltr'><strong>domo</strong></span> <span class='ocrx_word' id='word_1_298' title='bbox 574 2315 745 2368; x_wconf 81' lang='lat' dir='ltr'><strong>vestri</strong></span> <span class='ocrx_word' id='word_1_299' title='bbox 775 2319 1102 2388; x_wconf 84' lang='lat' dir='ltr'><strong>sacriﬁcium</strong></span> <span class='ocrx_word' id='word_1_300' title='bbox 1127 2325 1180 2374; x_wconf 88' lang='lat' dir='ltr'><strong>et</strong></span> <span class='ocrx_word' id='word_1_301' title='bbox 1211 2321 1413 2377; x_wconf 86' lang='lat' dir='ltr'><strong>oblatio</strong></span> <span class='ocrx_word' id='word_1_302' title='bbox 1441 2322 1464 2365; x_wconf 68' lang='grc' dir='ltr'><strong>ι’</strong></span> <span class='ocrx_word' id='word_1_303' title='bbox 1497 2365 1510 2378; x_wconf 94' lang='grc'><strong>.</strong></span> <span class='ocrx_word' id='word_1_304' title='bbox 1544 2323 1710 2380; x_wconf 89' lang='lat' dir='ltr'><strong>Dicat</strong></span> <span class='ocrx_word' id='word_1_305' title='bbox 1747 2323 1990 2382; x_wconf 79' lang='lat' dir='ltr'><strong>forsitan</strong></span> <span class='ocrx_word' id='word_1_306' title='bbox 2028 2343 2042 2380; x_wconf 93' lang='lat'><strong>:</strong></span> 
     </span>
    </p>
   </div>
   <div class='ocr_carea' id='block_1_40' title="bbox 389 2398 2042 2486">
    <p class='ocr_par' dir='ltr' id='par_1_40' title="bbox 389 2398 2042 2486">
     <span class='ocr_line' id='line_1_40' title="bbox 389 2398 2042 2486; baseline 0.01 -34"><span class='ocrx_word' id='word_1_307' title='bbox 389 2398 692 2458; x_wconf 91' lang='lat' dir='ltr'><strong>Formosus</strong></span> <span class='ocrx_word' id='word_1_308' title='bbox 748 2402 897 2460; x_wconf 86' lang='lat' dir='ltr'><strong>vixit</strong></span> <span class='ocrx_word' id='word_1_309' title='bbox 942 2409 1470 2467; x_wconf 85' lang='lat' dir='ltr'><strong>excommunicatus</strong></span> <span class='ocrx_word' id='word_1_310' title='bbox 1517 2429 1531 2466; x_wconf 92' lang='lat'><strong>:</strong></span> <span class='ocrx_word' id='word_1_311' title='bbox 1587 2413 1938 2483; x_wconf 84' lang='lat' dir='ltr'><strong>exspoliator</strong></span> <span class='ocrx_word' id='word_1_312' title='bbox 1974 2425 2042 2486; x_wconf 74' lang='grc' dir='ltr'><strong>ε,</strong></span> 
     </span>
    </p>
   </div>
   <div class='ocr_carea' id='block_1_41' title="bbox 392 2493 2042 2574">
    <p class='ocr_par' dir='ltr' id='par_1_41' title="bbox 392 2493 2042 2574">
     <span class='ocr_line' id='line_1_41' title="bbox 392 2493 2042 2574; baseline 0.01 -32"><span class='ocrx_word' id='word_1_313' title='bbox 392 2493 701 2558; x_wconf 85' lang='lat' dir='ltr'><strong>usurpator</strong></span> <span class='ocrx_word' id='word_1_314' title='bbox 727 2496 784 2548; x_wconf 91' lang='lat' dir='ltr'><strong>et</strong></span> <span class='ocrx_word' id='word_1_315' title='bbox 809 2494 1038 2552; x_wconf 91' lang='lat' dir='ltr'><strong>invasor</strong></span> <span class='ocrx_word' id='word_1_316' title='bbox 1058 2496 1171 2553; x_wconf 89' lang='lat' dir='ltr'><strong>fuit</strong></span> <span class='ocrx_word' id='word_1_317' title='bbox 1203 2500 1699 2568; x_wconf 88' lang='lat' dir='ltr'><strong>;consecrationes</strong></span> <span class='ocrx_word' id='word_1_318' title='bbox 1721 2515 1863 2572; x_wconf 89' lang='lat' dir='ltr'><strong>quas</strong></span> <span class='ocrx_word' id='word_1_319' title='bbox 1887 2502 2042 2574; x_wconf 90' lang='lat' dir='ltr'><strong>fecit,</strong></span> 
     </span>
    </p>
   </div>
   <div class='ocr_carea' id='block_1_42' title="bbox 391 2579 2043 2658">
    <p class='ocr_par' dir='ltr' id='par_1_42' title="bbox 391 2579 2043 2658">
     <span class='ocr_line' id='line_1_42' title="bbox 391 2579 2043 2658; baseline 0.009 -25"><span class='ocrx_word' id='word_1_320' title='bbox 391 2579 573 2634; x_wconf 72' lang='lat' dir='ltr'><strong>irritae</strong></span> <span class='ocrx_word' id='word_1_321' title='bbox 616 2585 770 2654; x_wconf 88' lang='lat' dir='ltr'><strong>sunt,</strong></span> <span class='ocrx_word' id='word_1_322' title='bbox 807 2587 864 2638; x_wconf 92' lang='lat' dir='ltr'><strong>et</strong></span> <span class='ocrx_word' id='word_1_323' title='bbox 898 2585 1048 2640; x_wconf 90' lang='lat' dir='ltr'><strong>nihil</strong></span> <span class='ocrx_word' id='word_1_324' title='bbox 1081 2585 1304 2658; x_wconf 88' lang='lat' dir='ltr'><strong>habuit,</strong></span> <span class='ocrx_word' id='word_1_325' title='bbox 1345 2588 1495 2644; x_wconf 91' lang='lat' dir='ltr'><strong>nihil</strong></span> <span class='ocrx_word' id='word_1_326' title='bbox 1521 2590 1700 2646; x_wconf 88' lang='lat' dir='ltr'><strong>dedit.</strong></span> <span class='ocrx_word' id='word_1_327' title='bbox 1743 2592 1812 2646; x_wconf 90' lang='lat' dir='ltr'><strong>Et</strong></span> <span class='ocrx_word' id='word_1_328' title='bbox 1839 2604 1942 2648; x_wconf 88' lang='lat' dir='ltr'><strong>nos</strong></span> <span class='ocrx_word' id='word_1_329' title='bbox 1972 2593 2043 2648; x_wconf 87' lang='lat' dir='ltr'><strong>ad</strong></span> 
     </span>
    </p>
   </div>
   <div class='ocr_carea' id='block_1_43' title="bbox 393 2670 2045 2750">
    <p class='ocr_par' dir='ltr' id='par_1_43' title="bbox 393 2670 2045 2750">
     <span class='ocr_line' id='line_1_43' title="bbox 393 2670 2045 2750; baseline 0.008 -27"><span class='ocrx_word' id='word_1_330' title='bbox 393 2671 529 2724; x_wconf 77' lang='lat' dir='ltr'><strong>haec.</strong></span> <span class='ocrx_word' id='word_1_331' title='bbox 577 2670 710 2724; x_wconf 85' lang='lat' dir='ltr'><strong>Vivo</strong></span> <span class='ocrx_word' id='word_1_332' title='bbox 740 2687 886 2743; x_wconf 84' lang='lat' dir='ltr'><strong>ergo,</strong></span> <span class='ocrx_word' id='word_1_333' title='bbox 917 2673 1066 2730; x_wconf 91' lang='lat' dir='ltr'><strong>dicit</strong></span> <span class='ocrx_word' id='word_1_334' title='bbox 1093 2676 1394 2749; x_wconf 89' lang='lat' dir='ltr'><strong>Dominus,</strong></span> <span class='ocrx_word' id='word_1_335' title='bbox 1425 2694 1534 2734; x_wconf 89' lang='lat' dir='ltr'><strong>non</strong></span> <span class='ocrx_word' id='word_1_336' title='bbox 1572 2681 1676 2734; x_wconf 89' lang='lat' dir='ltr'><strong>erit</strong></span> <span class='ocrx_word' id='word_1_337' title='bbox 1695 2683 2045 2750; x_wconf 78' lang='lat' dir='ltr'><strong>proverbium</strong></span> 
     </span>
    </p>
   </div>
   <div class='ocr_carea' id='block_1_44' title="bbox 389 2757 2046 2842">
    <p class='ocr_par' dir='ltr' id='par_1_44' title="bbox 389 2757 2046 2842">
     <span class='ocr_line' id='line_1_44' title="bbox 389 2757 2046 2842; baseline 0.01 -30"><span class='ocrx_word' id='word_1_338' title='bbox 389 2757 486 2813; x_wconf 85' lang='lat' dir='ltr'><strong>hoc</strong></span> <span class='ocrx_word' id='word_1_339' title='bbox 504 2759 654 2814; x_wconf 87' lang='lat' dir='ltr'><strong>ultra</strong></span> <span class='ocrx_word' id='word_1_340' title='bbox 677 2761 739 2814; x_wconf 84' lang='lat' dir='ltr'><strong>in</strong></span> <span class='ocrx_word' id='word_1_341' title='bbox 766 2763 940 2816; x_wconf 85' lang='lat' dir='ltr'><strong>Israel</strong></span> <span class='ocrx_word' id='word_1_342' title='bbox 967 2761 998 2805; x_wconf 76' lang='grc' dir='ltr'><strong>ιι</strong></span> <span class='ocrx_word' id='word_1_343' title='bbox 1024 2805 1037 2817; x_wconf 93' lang='grc'><strong>.</strong></span> <span class='ocrx_word' id='word_1_344' title='bbox 1072 2763 1363 2836; x_wconf 86' lang='lat' dir='ltr'><strong>Numquid</strong></span> <span class='ocrx_word' id='word_1_345' title='bbox 1394 2780 1510 2838; x_wconf 84' lang='lat' dir='ltr'><strong>rex,</strong></span> <span class='ocrx_word' id='word_1_346' title='bbox 1537 2767 1552 2809; x_wconf 83' lang='grc' dir='ltr'><strong>ί</strong></span> <span class='ocrx_word' id='word_1_347' title='bbox 1589 2768 1894 2828; x_wconf 89' lang='lat' dir='ltr'><strong>obtimates</strong></span> <span class='ocrx_word' id='word_1_348' title='bbox 1921 2773 2046 2842; x_wconf 90' lang='lat' dir='ltr'><strong>ejus</strong></span> 
     </span>
    </p>
   </div>
   <div class='ocr_carea' id='block_1_45' title="bbox 373 2829 2044 2924">
    <p class='ocr_par' dir='ltr' id='par_1_45' title="bbox 373 2829 2044 2924">
     <span class='ocr_line' id='line_1_45' title="bbox 373 2829 2044 2924; baseline 0.009 -22"><span class='ocrx_word' id='word_1_349' title='bbox 373 2829 519 2904; x_wconf 79' lang='lat' dir='ltr'><strong>cum</strong></span> <span class='ocrx_word' id='word_1_350' title='bbox 566 2848 867 2919; x_wconf 88' lang='lat' dir='ltr'><strong>procinctu</strong></span> <span class='ocrx_word' id='word_1_351' title='bbox 906 2849 1114 2910; x_wconf 90' lang='lat' dir='ltr'><strong>bellico</strong></span> <span class='ocrx_word' id='word_1_352' title='bbox 1141 2829 1533 2924; x_wconf 76' lang='lat' dir='ltr'><strong>perduxerunt</strong></span> <span class='ocrx_word' id='word_1_353' title='bbox 1565 2858 1898 2916; x_wconf 91' lang='lat' dir='ltr'><strong>Formosum</strong></span> <span class='ocrx_word' id='word_1_354' title='bbox 1925 2861 2044 2917; x_wconf 81' lang='lat' dir='ltr'><strong>Ro—</strong></span> 
     </span>
    </p>
   </div>
   <div class='ocr_carea' id='block_1_46' title="bbox 395 2937 2042 3020">
    <p class='ocr_par' dir='ltr' id='par_1_46' title="bbox 395 2937 2042 3020">
     <span class='ocr_line' id='line_1_46' title="bbox 395 2937 2042 3020; baseline 0.009 -29"><span class='ocrx_word' id='word_1_355' title='bbox 395 2948 541 2992; x_wconf 88' lang='lat' dir='ltr'><strong>mam</strong></span> <span class='ocrx_word' id='word_1_356' title='bbox 583 2954 598 3007; x_wconf 87' lang='lat'><strong>;</strong></span> <span class='ocrx_word' id='word_1_357' title='bbox 637 2941 694 2994; x_wconf 88' lang='lat' dir='ltr'><strong>et</strong></span> <span class='ocrx_word' id='word_1_358' title='bbox 739 2937 955 3012; x_wconf 91' lang='lat' dir='ltr'><strong>absque</strong></span> <span class='ocrx_word' id='word_1_359' title='bbox 1014 2954 1298 3000; x_wconf 88' lang='lat' dir='ltr'><strong>consensu</strong></span> <span class='ocrx_word' id='word_1_360' title='bbox 1337 2945 1762 3020; x_wconf 90' lang='lat' dir='ltr'><strong>episcoporum,</strong></span> <span class='ocrx_word' id='word_1_361' title='bbox 1807 2953 2042 3006; x_wconf 90' lang='lat' dir='ltr'><strong>senatus</strong></span> 
     </span>
    </p>
   </div>
   <div class='ocr_carea' id='block_1_47' title="bbox 391 3029 2040 3100">
    <p class='ocr_par' dir='ltr' id='par_1_47' title="bbox 391 3029 2040 3100">
     <span class='ocr_line' id='line_1_47' title="bbox 391 3029 2040 3100; baseline 0.01 -20"><span class='ocrx_word' id='word_1_362' title='bbox 391 3037 638 3098; x_wconf 86' lang='lat' dir='ltr'><strong>quoque,</strong></span> <span class='ocrx_word' id='word_1_363' title='bbox 693 3031 750 3084; x_wconf 91' lang='lat' dir='ltr'><strong>et</strong></span> <span class='ocrx_word' id='word_1_364' title='bbox 805 3029 1004 3100; x_wconf 88' lang='lat' dir='ltr'><strong>populi</strong></span> <span class='ocrx_word' id='word_1_365' title='bbox 1049 3032 1287 3088; x_wconf 87' lang='lat' dir='ltr'><strong>Romani</strong></span> <span class='ocrx_word' id='word_1_366' title='bbox 1329 3032 1638 3092; x_wconf 85' lang='lat' dir='ltr'><strong>infulatum</strong></span> <span class='ocrx_word' id='word_1_367' title='bbox 1679 3035 1699 3090; x_wconf 85' lang='lat' dir='ltr'><strong>J‘</strong></span> <span class='ocrx_word' id='word_1_368' title='bbox 1758 3037 2040 3096; x_wconf 89' lang='lat' dir='ltr'><strong>tribunali</strong></span> 
     </span>
    </p>
   </div>
   <div class='ocr_carea' id='block_1_48' title="bbox 389 3113 2042 3199">
    <p class='ocr_par' dir='ltr' id='par_1_48' title="bbox 389 3113 2042 3199">
     <span class='ocr_line' id='line_1_48' title="bbox 389 3113 2042 3199; baseline 0.01 -31"><span class='ocrx_word' id='word_1_369' title='bbox 389 3113 816 3172; x_wconf 89' lang='lat' dir='ltr'><strong>constituerunt</strong></span> <span class='ocrx_word' id='word_1_370' title='bbox 839 3116 868 3171; x_wconf 82' lang='lat'><strong>?</strong></span> <span class='ocrx_word' id='word_1_371' title='bbox 889 3117 1072 3175; x_wconf 83' lang='lat' dir='ltr'><strong>Absit.</strong></span> <span class='ocrx_word' id='word_1_372' title='bbox 1110 3119 1422 3194; x_wconf 77' lang='lat' dir='ltr'><strong>principes,</strong></span> <span class='ocrx_word' id='word_1_373' title='bbox 1450 3122 1704 3196; x_wconf 81' lang='lat' dir='ltr'><strong>falanges</strong></span> <span class='ocrx_word' id='word_1_374' title='bbox 1725 3129 1783 3182; x_wconf 93' lang='lat' dir='ltr'><strong>et</strong></span> <span class='ocrx_word' id='word_1_375' title='bbox 1802 3131 2042 3199; x_wconf 73' lang='lat' dir='ltr'><strong>satrapae</strong></span> 
     </span>
    </p>
   </div>
   <div class='ocr_carea' id='block_1_49' title="bbox 390 3202 2041 3286">
    <p class='ocr_par' dir='ltr' id='par_1_49' title="bbox 390 3202 2041 3286">
     <span class='ocr_line' id='line_1_49' title="bbox 390 3202 2041 3286; baseline 0.01 -29"><span class='ocrx_word' id='word_1_376' title='bbox 390 3202 499 3274; x_wconf 87' lang='lat' dir='ltr'><strong>tui,</strong></span> <span class='ocrx_word' id='word_1_377' title='bbox 539 3203 749 3277; x_wconf 89' lang='lat' dir='ltr'><strong>vulgus</strong></span> <span class='ocrx_word' id='word_1_378' title='bbox 789 3210 848 3262; x_wconf 88' lang='lat' dir='ltr'><strong>et</strong></span> <span class='ocrx_word' id='word_1_379' title='bbox 887 3207 1056 3264; x_wconf 70' lang='lat' dir='ltr'><strong>scolae</strong></span> <span class='ocrx_word' id='word_1_380' title='bbox 1099 3213 1228 3281; x_wconf 65' lang='lat' dir='ltr'><strong>tuae,</strong></span> <span class='ocrx_word' id='word_1_381' title='bbox 1281 3211 1351 3267; x_wconf 89' lang='lat' dir='ltr'><strong>ad</strong></span> <span class='ocrx_word' id='word_1_382' title='bbox 1398 3213 1710 3270; x_wconf 82' lang='lat' dir='ltr'><strong>maximum</strong></span> <span class='ocrx_word' id='word_1_383' title='bbox 1750 3229 1934 3286; x_wconf 89' lang='lat' dir='ltr'><strong>usque</strong></span> <span class='ocrx_word' id='word_1_384' title='bbox 1971 3217 2041 3274; x_wconf 88' lang='lat' dir='ltr'><strong>ad</strong></span> 
     </span>
    </p>
   </div>
   <div class='ocr_carea' id='block_1_50' title="bbox 390 3291 2048 3378">
    <p class='ocr_par' dir='ltr' id='par_1_50' title="bbox 390 3291 2048 3378">
     <span class='ocr_line' id='line_1_50' title="bbox 390 3291 2048 3378; baseline 0.01 -32"><span class='ocrx_word' id='word_1_385' title='bbox 390 3291 718 3366; x_wconf 83' lang='lat' dir='ltr'><strong>minimum,</strong></span> <span class='ocrx_word' id='word_1_386' title='bbox 743 3308 872 3352; x_wconf 91' lang='lat' dir='ltr'><strong>eum</strong></span> <span class='ocrx_word' id='word_1_387' title='bbox 903 3297 1216 3372; x_wconf 88' lang='lat' dir='ltr'><strong>elegerunt,</strong></span> <span class='ocrx_word' id='word_1_388' title='bbox 1258 3300 1734 3378; x_wconf 86' lang='lat' dir='ltr'><strong>acclamaverunt,</strong></span> <span class='ocrx_word' id='word_1_389' title='bbox 1772 3305 2048 3363; x_wconf 89' lang='lat' dir='ltr'><strong>laudave-</strong></span> 
     </span>
    </p>
   </div>
   <div class='ocr_carea' id='block_1_51' title="bbox 389 3382 2052 3461">
    <p class='ocr_par' dir='ltr' id='par_1_51' title="bbox 389 3382 2052 3461">
     <span class='ocr_line' id='line_1_51' title="bbox 389 3382 2052 3461; baseline 0.01 -25"><span class='ocrx_word' id='word_1_390' title='bbox 389 3384 527 3436; x_wconf 90' lang='lat' dir='ltr'><strong>runt</strong></span> <span class='ocrx_word' id='word_1_391' title='bbox 553 3385 611 3437; x_wconf 92' lang='lat' dir='ltr'><strong>et</strong></span> <span class='ocrx_word' id='word_1_392' title='bbox 643 3382 1025 3442; x_wconf 89' lang='lat' dir='ltr'><strong>adoraverunt</strong></span> <span class='ocrx_word' id='word_1_393' title='bbox 1054 3405 1070 3458; x_wconf 85' lang='lat'><strong>;</strong></span> <span class='ocrx_word' id='word_1_394' title='bbox 1101 3392 1159 3444; x_wconf 89' lang='lat' dir='ltr'><strong>et</strong></span> <span class='ocrx_word' id='word_1_395' title='bbox 1181 3388 1436 3461; x_wconf 89' lang='lat' dir='ltr'><strong>episcopi</strong></span> <span class='ocrx_word' id='word_1_396' title='bbox 1467 3405 1596 3448; x_wconf 91' lang='lat' dir='ltr'><strong>cum</strong></span> <span class='ocrx_word' id='word_1_397' title='bbox 1632 3406 1794 3450; x_wconf 91' lang='lat' dir='ltr'><strong>sacro</strong></span> <span class='ocrx_word' id='word_1_398' title='bbox 1827 3395 2052 3452; x_wconf 90' lang='lat' dir='ltr'><strong>Latera-</strong></span> 
     </span>
    </p>
   </div>
   <div class='ocr_carea' id='block_1_52' title="bbox 389 3469 2046 3542">
    <p class='ocr_par' dir='ltr' id='par_1_52' title="bbox 389 3469 2046 3542">
     <span class='ocr_line' id='line_1_52' title="bbox 389 3469 2046 3542; baseline 0.011 -18"><span class='ocrx_word' id='word_1_399' title='bbox 389 3469 550 3526; x_wconf 88' lang='lat' dir='ltr'><strong>nensi</strong></span> <span class='ocrx_word' id='word_1_400' title='bbox 591 3471 794 3529; x_wconf 89' lang='lat' dir='ltr'><strong>ordine</strong></span> <span class='ocrx_word' id='word_1_401' title='bbox 835 3487 964 3531; x_wconf 90' lang='lat' dir='ltr'><strong>eum</strong></span> <span class='ocrx_word' id='word_1_402' title='bbox 1013 3475 1562 3536; x_wconf 88' lang='lat' dir='ltr'><strong>inthronizaverunt.</strong></span> <span class='ocrx_word' id='word_1_403' title='bbox 1612 3484 1861 3540; x_wconf 86' lang='lat' dir='ltr'><strong>Mundus</strong></span> <span class='ocrx_word' id='word_1_404' title='bbox 1891 3488 2046 3542; x_wconf 92' lang='lat' dir='ltr'><strong>totus</strong></span> 
     </span>
    </p>
   </div>
   <div class='ocr_carea' id='block_1_53' title="bbox 386 3558 2052 3630">
    <p class='ocr_par' dir='ltr' id='par_1_53' title="bbox 386 3558 2052 3630">
     <span class='ocr_line' id='line_1_53' title="bbox 386 3558 2052 3630; baseline 0.011 -18"><span class='ocrx_word' id='word_1_405' title='bbox 386 3558 513 3628; x_wconf 87' lang='lat' dir='ltr'><strong>ejus</strong></span> <span class='ocrx_word' id='word_1_406' title='bbox 541 3560 761 3618; x_wconf 90' lang='lat' dir='ltr'><strong>celebre</strong></span> <span class='ocrx_word' id='word_1_407' title='bbox 794 3577 999 3620; x_wconf 91' lang='lat' dir='ltr'><strong>nomen</strong></span> <span class='ocrx_word' id='word_1_408' title='bbox 1036 3566 1281 3622; x_wconf 89' lang='lat' dir='ltr'><strong>recoluit</strong></span> <span class='ocrx_word' id='word_1_409' title='bbox 1321 3586 1333 3622; x_wconf 89' lang='lat'><strong>:</strong></span> <span class='ocrx_word' id='word_1_410' title='bbox 1381 3570 1756 3628; x_wconf 88' lang='lat' dir='ltr'><strong>sacerdotalis</strong></span> <span class='ocrx_word' id='word_1_411' title='bbox 1785 3571 1926 3629; x_wconf 91' lang='lat' dir='ltr'><strong>ordo</strong></span> <span class='ocrx_word' id='word_1_412' title='bbox 1955 3572 2052 3630; x_wconf 82' lang='lat' dir='ltr'><strong>fe-</strong></span> 
     </span>
    </p>
   </div>
   <div class='ocr_carea' id='block_1_54' title="bbox 388 3647 2045 3736">
    <p class='ocr_par' dir='ltr' id='par_1_54' title="bbox 388 3647 2045 3736">
     <span class='ocr_line' id='line_1_54' title="bbox 388 3647 2045 3736; baseline 0.01 -33"><span class='ocrx_word' id='word_1_413' title='bbox 388 3647 559 3704; x_wconf 90' lang='lat' dir='ltr'><strong>stivis</strong></span> <span class='ocrx_word' id='word_1_414' title='bbox 576 3647 608 3690; x_wconf 74' lang='grc' dir='ltr'><strong>ιι</strong></span> <span class='ocrx_word' id='word_1_415' title='bbox 629 3651 1010 3707; x_wconf 90' lang='lat' dir='ltr'><strong>etcotidianis</strong></span> <span class='ocrx_word' id='word_1_416' title='bbox 1028 3652 1337 3711; x_wconf 79' lang='lat' dir='ltr'><strong>missarum</strong></span> <span class='ocrx_word' id='word_1_417' title='bbox 1353 3657 1695 3730; x_wconf 88' lang='lat' dir='ltr'><strong>sollemniis,</strong></span> <span class='ocrx_word' id='word_1_418' title='bbox 1713 3660 1772 3716; x_wconf 90' lang='lat' dir='ltr'><strong>in</strong></span> <span class='ocrx_word' id='word_1_419' title='bbox 1786 3661 2045 3736; x_wconf 83' lang='lat' dir='ltr'><strong>cataIOgo</strong></span> 
     </span>
    </p>
   </div>
   <div class='ocr_carea' id='block_1_55' title="bbox 387 3736 2048 3819">
    <p class='ocr_par' dir='ltr' id='par_1_55' title="bbox 387 3736 2048 3819">
     <span class='ocr_line' id='line_1_55' title="bbox 387 3736 2048 3819; baseline 0.01 -28"><span class='ocrx_word' id='word_1_420' title='bbox 387 3737 684 3794; x_wconf 90' lang='lat' dir='ltr'><strong>secretalis</strong></span> <span class='ocrx_word' id='word_1_421' title='bbox 711 3736 727 3778; x_wconf 78' lang='grc' dir='ltr'>ι</span> <span class='ocrx_word' id='word_1_422' title='bbox 767 3739 1018 3811; x_wconf 85' lang='lat' dir='ltr'><strong>Eulogii,</strong></span> <span class='ocrx_word' id='word_1_423' title='bbox 1049 3741 1435 3815; x_wconf 87' lang='lat' dir='ltr'><strong>laudibusque</strong></span> <span class='ocrx_word' id='word_1_424' title='bbox 1465 3745 1738 3819; x_wconf 91' lang='lat' dir='ltr'><strong>publicis,</strong></span> <span class='ocrx_word' id='word_1_425' title='bbox 1773 3763 1873 3818; x_wconf 92' lang='lat' dir='ltr'><strong>per</strong></span> <span class='ocrx_word' id='word_1_426' title='bbox 1902 3751 2048 3807; x_wconf 89' lang='lat' dir='ltr'><strong>uni-</strong></span> 
     </span>
    </p>
   </div>
   <div class='ocr_carea' id='block_1_56' title="bbox 387 3830 2038 3909">
    <p class='ocr_par' dir='ltr' id='par_1_56' title="bbox 387 3830 2038 3909">
     <span class='ocr_line' id='line_1_56' title="bbox 387 3830 2038 3909; baseline 0.011 -30"><span class='ocrx_word' id='word_1_427' title='bbox 387 3837 680 3882; x_wconf 91' lang='lat' dir='ltr'><strong>versarum</strong></span> <span class='ocrx_word' id='word_1_428' title='bbox 718 3836 763 3866; x_wconf 79' lang='grc' dir='ltr'>ω</span> <span class='ocrx_word' id='word_1_429' title='bbox 794 3832 1077 3884; x_wconf 89' lang='lat' dir='ltr'><strong>terrarum</strong></span> <span class='ocrx_word' id='word_1_430' title='bbox 1102 3830 1314 3902; x_wconf 92' lang='lat' dir='ltr'><strong>orbem,</strong></span> <span class='ocrx_word' id='word_1_431' title='bbox 1349 3833 1476 3902; x_wconf 86' lang='lat' dir='ltr'><strong>ejus</strong></span> <span class='ocrx_word' id='word_1_432' title='bbox 1501 3847 1702 3892; x_wconf 90' lang='lat' dir='ltr'><strong>nomen</strong></span> <span class='ocrx_word' id='word_1_433' title='bbox 1739 3840 2038 3909; x_wconf 82' lang='lat' dir='ltr'><strong>expressit.</strong></span> 
     </span>
    </p>
   </div>
   <div class='ocr_carea' id='block_1_57' title="bbox 387 3915 2040 4002">
    <p class='ocr_par' dir='ltr' id='par_1_57' title="bbox 387 3915 2040 4002">
     <span class='ocr_line' id='line_1_57' title="bbox 387 3915 2040 4002; baseline 0.012 -35"><span class='ocrx_word' id='word_1_434' title='bbox 387 3915 680 3982; x_wconf 88' lang='lat' dir='ltr'><strong>Quomodo</strong></span> <span class='ocrx_word' id='word_1_435' title='bbox 723 3929 857 3988; x_wconf 89' lang='lat' dir='ltr'><strong>ergo</strong></span> <span class='ocrx_word' id='word_1_436' title='bbox 886 3919 1252 3992; x_wconf 83' lang='lat' dir='ltr'><strong>exstinguere</strong></span> <span class='ocrx_word' id='word_1_437' title='bbox 1291 3921 1470 3979; x_wconf 87' lang='lat' dir='ltr'><strong>vultis</strong></span> <span class='ocrx_word' id='word_1_438' title='bbox 1517 3938 1719 3982; x_wconf 91' lang='lat' dir='ltr'><strong>nomen</strong></span> <span class='ocrx_word' id='word_1_439' title='bbox 1763 3929 2040 4002; x_wconf 91' lang='lat' dir='ltr'><strong>Formosi,</strong></span> 
     </span>
    </p>
   </div>
   <div class='ocr_carea' id='block_1_58' title="bbox 388 4003 2045 4085">
    <p class='ocr_par' dir='ltr' id='par_1_58' title="bbox 388 4003 2045 4085">
     <span class='ocr_line' id='line_1_58' title="bbox 388 4003 2045 4085; baseline 0.013 -29"><span class='ocrx_word' id='word_1_440' title='bbox 388 4005 445 4056; x_wconf 93' lang='lat' dir='ltr'><strong>et</strong></span> <span class='ocrx_word' id='word_1_441' title='bbox 481 4003 632 4071; x_wconf 90' lang='lat' dir='ltr'><strong>quod</strong></span> <span class='ocrx_word' id='word_1_442' title='bbox 674 4018 774 4074; x_wconf 90' lang='lat' dir='ltr'><strong>per</strong></span> <span class='ocrx_word' id='word_1_443' title='bbox 811 4006 1122 4080; x_wconf 90' lang='lat' dir='ltr'><strong>tripertita,</strong></span> <span class='ocrx_word' id='word_1_444' title='bbox 1157 4009 1316 4068; x_wconf 92' lang='lat' dir='ltr'><strong>orbis</strong></span> <span class='ocrx_word' id='word_1_445' title='bbox 1347 4011 1586 4069; x_wconf 87' lang='lat' dir='ltr'><strong>revolvit</strong></span> <span class='ocrx_word' id='word_1_446' title='bbox 1612 4026 1683 4085; x_wconf 71' lang='grc' dir='ltr'><strong>ης</strong></span> <span class='ocrx_word' id='word_1_447' title='bbox 1730 4022 1788 4074; x_wconf 88' lang='lat' dir='ltr'><strong>et</strong></span> <span class='ocrx_word' id='word_1_448' title='bbox 1830 4031 1862 4074; x_wconf 93' lang='lat' dir='ltr'><strong>a</strong></span> <span class='ocrx_word' id='word_1_449' title='bbox 1903 4019 2045 4076; x_wconf 91' lang='lat' dir='ltr'><strong>solis</strong></span> 
     </span>
    </p>
   </div>
   <div class='ocr_carea' id='block_1_59' title="bbox 389 4093 2046 4165">
    <p class='ocr_par' dir='ltr' id='par_1_59' title="bbox 389 4093 2046 4165">
     <span class='ocr_line' id='line_1_59' title="bbox 389 4093 2046 4165; baseline 0.012 -19"><span class='ocrx_word' id='word_1_450' title='bbox 389 4093 521 4148; x_wconf 90' lang='lat' dir='ltr'><strong>ortu</strong></span> <span class='ocrx_word' id='word_1_451' title='bbox 545 4107 727 4164; x_wconf 90' lang='lat' dir='ltr'><strong>usque</strong></span> <span class='ocrx_word' id='word_1_452' title='bbox 752 4095 821 4150; x_wconf 89' lang='lat' dir='ltr'><strong>ad</strong></span> <span class='ocrx_word' id='word_1_453' title='bbox 844 4099 1008 4153; x_wconf 76' lang='lat' dir='ltr'><strong>terrae</strong></span> <span class='ocrx_word' id='word_1_454' title='bbox 1037 4097 1279 4156; x_wconf 90' lang='lat' dir='ltr'><strong>limitem</strong></span> <span class='ocrx_word' id='word_1_455' title='bbox 1311 4103 1580 4161; x_wconf 90' lang='lat' dir='ltr'><strong>omnibus</strong></span> <span class='ocrx_word' id='word_1_456' title='bbox 1603 4105 1906 4164; x_wconf 83' lang='lat' dir='ltr'><strong>intonuit?</strong></span> <span class='ocrx_word' id='word_1_457' title='bbox 1923 4111 2046 4165; x_wconf 84' lang='lat' dir='ltr'><strong>Stat</strong></span> 
     </span>
    </p>
   </div>
   <div class='ocr_carea' id='block_1_60' title="bbox 391 4183 2044 4262">
    <p class='ocr_par' dir='ltr' id='par_1_60' title="bbox 391 4183 2044 4262">
     <span class='ocr_line' id='line_1_60' title="bbox 391 4183 2044 4262; baseline 0.012 -28"><span class='ocrx_word' id='word_1_458' title='bbox 391 4192 594 4236; x_wconf 89' lang='lat' dir='ltr'><strong>nomen</strong></span> <span class='ocrx_word' id='word_1_459' title='bbox 635 4183 784 4239; x_wconf 87' lang='lat' dir='ltr'><strong>Petri</strong></span> <span class='ocrx_word' id='word_1_460' title='bbox 815 4187 1204 4256; x_wconf 86' lang='lat' dir='ltr'><strong>apostolorum</strong></span> <span class='ocrx_word' id='word_1_461' title='bbox 1238 4190 1522 4262; x_wconf 90' lang='lat' dir='ltr'><strong>principis</strong></span> <span class='ocrx_word' id='word_1_462' title='bbox 1559 4193 1587 4247; x_wconf 87' lang='lat'><strong>‘?</strong></span> <span class='ocrx_word' id='word_1_463' title='bbox 1617 4199 1727 4251; x_wconf 89' lang='lat' dir='ltr'><strong>stet</strong></span> <span class='ocrx_word' id='word_1_464' title='bbox 1748 4196 1918 4252; x_wconf 89' lang='lat' dir='ltr'><strong>etiam</strong></span> <span class='ocrx_word' id='word_1_465' title='bbox 1949 4197 2044 4252; x_wconf 84' lang='lat' dir='ltr'><strong>vi-</strong></span> 
     </span>
    </p>
   </div>
   <div class='ocr_carea' id='block_1_61' title="bbox 389 4269 2040 4354">
    <p class='ocr_par' dir='ltr' id='par_1_61' title="bbox 389 4269 2040 4354">
     <span class='ocr_line' id='line_1_61' title="bbox 389 4269 2040 4354; baseline 0.01 -28"><span class='ocrx_word' id='word_1_466' title='bbox 389 4269 534 4326; x_wconf 89' lang='lat' dir='ltr'><strong>carii</strong></span> <span class='ocrx_word' id='word_1_467' title='bbox 573 4271 851 4330; x_wconf 89' lang='lat' dir='ltr'><strong>Formosi.</strong></span> <span class='ocrx_word' id='word_1_468' title='bbox 902 4277 1193 4334; x_wconf 90' lang='lat' dir='ltr'><strong>Permanet</strong></span> <span class='ocrx_word' id='word_1_469' title='bbox 1239 4293 1440 4337; x_wconf 90' lang='lat' dir='ltr'><strong>nomen</strong></span> <span class='ocrx_word' id='word_1_470' title='bbox 1488 4283 1935 4354; x_wconf 87' lang='lat' dir='ltr'><strong>apostolicorum</strong></span> <span class='ocrx_word' id='word_1_471' title='bbox 1966 4299 1994 4327; x_wconf 89' lang='grc' dir='ltr'>ο</span> <span class='ocrx_word' id='word_1_472' title='bbox 2025 4323 2040 4352; x_wconf 90' lang='grc'>,</span> 
     </span>
    </p>
   </div>
   <div class='ocr_carea' id='block_1_62' title="bbox 389 4344 2126 4442">
    <p class='ocr_par' dir='ltr' id='par_1_62' title="bbox 389 4344 2126 4442">
     <span class='ocr_line' id='line_1_62' title="bbox 389 4344 2126 4442; baseline 0.01 -26"><span class='ocrx_word' id='word_1_473' title='bbox 389 4359 490 4430; x_wconf 90' lang='lat' dir='ltr'><strong>qui</strong></span> <span class='ocrx_word' id='word_1_474' title='bbox 515 4361 696 4419; x_wconf 88' lang='lat' dir='ltr'><strong>vicem</strong></span> <span class='ocrx_word' id='word_1_475' title='bbox 729 4363 880 4422; x_wconf 88' lang='lat' dir='ltr'><strong>beati</strong></span> <span class='ocrx_word' id='word_1_476' title='bbox 912 4367 1064 4424; x_wconf 90' lang='lat' dir='ltr'><strong>Petri</strong></span> <span class='ocrx_word' id='word_1_477' title='bbox 1089 4371 1398 4426; x_wconf 91' lang='lat' dir='ltr'><strong>tenuerunt</strong></span> <span class='ocrx_word' id='word_1_478' title='bbox 1425 4371 1452 4425; x_wconf 81' lang='lat' dir='ltr'><strong>‘l</strong></span> <span class='ocrx_word' id='word_1_479' title='bbox 1483 4344 1808 4442; x_wconf 79' lang='lat' dir='ltr'><strong>permaneat</strong></span> <span class='ocrx_word' id='word_1_480' title='bbox 1834 4381 1890 4432; x_wconf 90' lang='lat' dir='ltr'><strong>et</strong></span> <span class='ocrx_word' id='word_1_481' title='bbox 1917 4344 2046 4435; x_wconf 54' lang='lat' dir='ltr'><strong>For;</strong></span> <span class='ocrx_word' id='word_1_482' title='bbox 2070 4344 2126 4408; x_wconf 85' lang='lat' dir='ltr'><strong>D</strong></span> 
     </span>
    </p>
   </div>
   <div class='ocr_carea' id='block_1_63' title="bbox 391 4451 2040 4537">
    <p class='ocr_par' dir='ltr' id='par_1_63' title="bbox 391 4451 2040 4537">
     <span class='ocr_line' id='line_1_63' title="bbox 391 4451 2040 4537; baseline 0.012 -33"><span class='ocrx_word' id='word_1_483' title='bbox 391 4451 555 4506; x_wconf 92' lang='lat' dir='ltr'><strong>mosi.</strong></span> <span class='ocrx_word' id='word_1_484' title='bbox 611 4453 682 4510; x_wconf 91' lang='lat' dir='ltr'><strong>Ut</strong></span> <span class='ocrx_word' id='word_1_485' title='bbox 724 4458 782 4511; x_wconf 91' lang='lat' dir='ltr'><strong>et</strong></span> <span class='ocrx_word' id='word_1_486' title='bbox 828 4467 858 4510; x_wconf 79' lang='grc' dir='ltr'>Ρ</span> <span class='ocrx_word' id='word_1_487' title='bbox 901 4470 1103 4513; x_wconf 89' lang='lat' dir='ltr'><strong>nomen</strong></span> <span class='ocrx_word' id='word_1_488' title='bbox 1169 4458 1414 4530; x_wconf 87' lang='lat' dir='ltr'><strong>Nicolai,</strong></span> <span class='ocrx_word' id='word_1_489' title='bbox 1479 4459 1742 4532; x_wconf 89' lang='lat' dir='ltr'><strong>Adriani,</strong></span> <span class='ocrx_word' id='word_1_490' title='bbox 1808 4466 2040 4537; x_wconf 89' lang='lat' dir='ltr'><strong>Marini,</strong></span> 
     </span>
    </p>
   </div>
   <div class='ocr_carea' id='block_1_64' title="bbox 458 4599 1162 4669">
    <p class='ocr_par' dir='ltr' id='par_1_64' title="bbox 458 4599 1162 4669">
     <span class='ocr_line' id='line_1_64' title="bbox 458 4599 1162 4669; baseline 0 -15"><span class='ocrx_word' id='word_1_491' title='bbox 458 4609 490 4669; x_wconf 54' lang='grc' dir='ltr'><strong>ει</strong></span> <span class='ocrx_word' id='word_1_492' title='bbox 529 4599 676 4656; x_wconf 89' lang='lat' dir='ltr'><strong>Psal.</strong></span> <span class='ocrx_word' id='word_1_493' title='bbox 717 4614 976 4669; x_wconf 82' lang='lat' dir='ltr'><strong>LXXXVII,</strong></span> <span class='ocrx_word' id='word_1_494' title='bbox 1007 4611 1062 4652; x_wconf 91' lang='lat' dir='ltr'><strong>v.</strong></span> <span class='ocrx_word' id='word_1_495' title='bbox 1100 4613 1162 4654; x_wconf 81' lang='grc' dir='ltr'><strong>ιι.</strong></span> 
     </span>
    </p>
   </div>
   <div class='ocr_carea' id='block_1_65' title="bbox 459 4668 2044 4754">
    <p class='ocr_par' dir='ltr' id='par_1_65' title="bbox 459 4668 2044 4754">
     <span class='ocr_line' id='line_1_65' title="bbox 459 4668 2044 4754; baseline 0.009 -30"><span class='ocrx_word' id='word_1_496' title='bbox 459 4668 490 4712; x_wconf 77' lang='lat' dir='ltr'><strong>b</strong></span> <span class='ocrx_word' id='word_1_497' title='bbox 527 4671 662 4754; x_wconf 81' lang='lat' dir='ltr'><strong>Cod.</strong></span> <span class='ocrx_word' id='word_1_498' title='bbox 691 4668 997 4754; x_wconf 80' lang='lat' dir='ltr'><strong>Formosus,</strong></span> <span class='ocrx_word' id='word_1_499' title='bbox 1025 4685 1152 4754; x_wconf 75' lang='lat' dir='ltr'><strong>quae</strong></span> <span class='ocrx_word' id='word_1_500' title='bbox 1178 4669 1348 4728; x_wconf 86' lang='lat' dir='ltr'><strong>lectio</strong></span> <span class='ocrx_word' id='word_1_501' title='bbox 1386 4673 1436 4729; x_wconf 92' lang='lat' dir='ltr'><strong>si</strong></span> <span class='ocrx_word' id='word_1_502' title='bbox 1469 4675 1808 4752; x_wconf 85' lang='lat' dir='ltr'><strong>retineatur,</strong></span> <span class='ocrx_word' id='word_1_503' title='bbox 1845 4680 2044 4754; x_wconf 87' lang='lat' dir='ltr'><strong>legen-</strong></span> 
     </span>
    </p>
   </div>
   <div class='ocr_carea' id='block_1_66' title="bbox 388 4741 1128 4814">
    <p class='ocr_par' dir='ltr' id='par_1_66' title="bbox 388 4741 1128 4814">
     <span class='ocr_line' id='line_1_66' title="bbox 388 4741 1128 4814; baseline 0 -18"><span class='ocrx_word' id='word_1_504' title='bbox 388 4741 525 4800; x_wconf 92' lang='lat' dir='ltr'><strong>dum</strong></span> <span class='ocrx_word' id='word_1_505' title='bbox 565 4748 652 4798; x_wconf 91' lang='lat' dir='ltr'><strong>est</strong></span> <span class='ocrx_word' id='word_1_506' title='bbox 680 4756 876 4814; x_wconf 90' lang='lat' dir='ltr'><strong>supra,</strong></span> <span class='ocrx_word' id='word_1_507' title='bbox 907 4743 1128 4812; x_wconf 82' lang='lat' dir='ltr'><strong>spiritu.</strong></span> 
     </span>
    </p>
   </div>
   <div class='ocr_carea' id='block_1_67' title="bbox 459 4813 848 4886">
    <p class='ocr_par' dir='ltr' id='par_1_67' title="bbox 459 4813 848 4886">
     <span class='ocr_line' id='line_1_67' title="bbox 459 4813 848 4886; baseline 0 -17"><span class='ocrx_word' id='word_1_508' title='bbox 459 4825 485 4856; x_wconf 78' lang='grc' dir='ltr'><strong>ο</strong></span> <span class='ocrx_word' id='word_1_509' title='bbox 533 4813 744 4886; x_wconf 91' lang='lat' dir='ltr'><strong>Supple</strong></span> <span class='ocrx_word' id='word_1_510' title='bbox 762 4813 848 4886; x_wconf 74' lang='lat' dir='ltr'><strong>et.</strong></span> 
     </span>
    </p>
   </div>
   <div class='ocr_carea' id='block_1_68' title="bbox 460 4885 1342 4958">
    <p class='ocr_par' dir='ltr' id='par_1_68' title="bbox 460 4885 1342 4958">
     <span class='ocr_line' id='line_1_68' title="bbox 460 4885 1342 4958; baseline -0.001 -15"><span class='ocrx_word' id='word_1_511' title='bbox 460 4886 490 4928; x_wconf 73' lang='grc' dir='ltr'>ἀ</span> <span class='ocrx_word' id='word_1_512' title='bbox 533 4885 694 4958; x_wconf 68' lang='lat' dir='ltr'><strong>Cod.,</strong></span> <span class='ocrx_word' id='word_1_513' title='bbox 717 4885 1035 4958; x_wconf 85' lang='lat' dir='ltr'><strong>prohibite,_</strong></span> <span class='ocrx_word' id='word_1_514' title='bbox 1057 4885 1342 4958; x_wconf 75' lang='lat' dir='ltr'><strong>mendose.</strong></span> 
     </span>
    </p>
   </div>
   <div class='ocr_carea' id='block_1_69' title="bbox 461 4955 1194 5030">
    <p class='ocr_par' dir='ltr' id='par_1_69' title="bbox 461 4955 1194 5030">
     <span class='ocr_line' id='line_1_69' title="bbox 461 4955 1194 5030; baseline -0.001 -17"><span class='ocrx_word' id='word_1_515' title='bbox 461 4973 488 5003; x_wconf 83' lang='grc' dir='ltr'><strong>ο</strong></span> <span class='ocrx_word' id='word_1_516' title='bbox 537 4955 823 5030; x_wconf 60' lang='lat' dir='ltr'><strong>Joel.&#39;cap.</strong></span> <span class='ocrx_word' id='word_1_517' title='bbox 856 4972 897 5030; x_wconf 90' lang='lat'><strong>1,</strong></span> <span class='ocrx_word' id='word_1_518' title='bbox 923 4971 978 5030; x_wconf 83' lang='lat' dir='ltr'><strong>_v_.</strong></span> <span class='ocrx_word' id='word_1_519' title='bbox 1003 4955 1042 5013; x_wconf 72' lang='grc'>2</span> <span class='ocrx_word' id='word_1_520' title='bbox 1063 4961 1118 5014; x_wconf 81' lang='lat' dir='ltr'><strong>et</strong></span> <span class='ocrx_word' id='word_1_521' title='bbox 1141 4955 1194 5014; x_wconf 92' lang='lat'><strong>3.</strong></span> 
     </span>
    </p>
   </div>
   <div class='ocr_carea' id='block_1_70' title="bbox 457 5027 996 5086">
    <p class='ocr_par' dir='ltr' id='par_1_70' title="bbox 457 5027 996 5086">
     <span class='ocr_line' id='line_1_70' title="bbox 457 5027 996 5086; baseline -0.004 -1"><span class='ocrx_word' id='word_1_522' title='bbox 457 5032 482 5075; x_wconf 84' lang='lat' dir='ltr'><strong>f</strong></span> <span class='ocrx_word' id='word_1_523' title='bbox 533 5027 787 5086; x_wconf 50' lang='lat' dir='ltr'><strong>Ibidem;</strong></span> <span class='ocrx_word' id='word_1_524' title='bbox 809 5043 864 5084; x_wconf 87' lang='lat' dir='ltr'><strong>v.</strong></span> <span class='ocrx_word' id='word_1_525' title='bbox 886 5027 892 5030; x_wconf 63' lang='grc'>⁷</span> <span class='ocrx_word' id='word_1_526' title='bbox 913 5027 996 5084; x_wconf 80' lang='grc'><strong>43.</strong></span> 
     </span>
    </p>
   </div>
   <div class='ocr_carea' id='block_1_71' title="bbox 461 5072 2046 5184">
    <p class='ocr_par' dir='ltr' id='par_1_71' title="bbox 461 5072 2046 5184">
     <span class='ocr_line' id='line_1_71' title="bbox 461 5072 2046 5184; baseline 0.009 -29"><span class='ocrx_word' id='word_1_527' title='bbox 461 5072 492 5161; x_wconf 57' lang='grc' dir='ltr'>ὲ</span> <span class='ocrx_word' id='word_1_528' title='bbox 533 5072 1335 5184; x_wconf 49' lang='lat' dir='ltr'><strong>educamunicatus</strong></span> <span class='ocrx_word' id='word_1_529' title='bbox 1365 5105 1688 5174; x_wconf 60' lang='lat' dir='ltr'><strong>cqroliatus.</strong></span> <span class='ocrx_word' id='word_1_530' title='bbox 1723 5109 1838 5165; x_wconf 91' lang='lat' dir='ltr'><strong>Nos</strong></span> <span class='ocrx_word' id='word_1_531' title='bbox 1861 5123 2046 5168; x_wconf 90' lang='lat' dir='ltr'><strong>emen-</strong></span> 
     </span>
    </p>
   </div>
   <div class='ocr_carea' id='block_1_72' title="bbox 389 5175 1312 5315">
    <p class='ocr_par' dir='ltr' id='par_1_72' title="bbox 389 5175 1312 5315">
     <span class='ocr_line' id='line_1_72' title="bbox 389 5175 1056 5234; baseline -0.015 1"><span class='ocrx_word' id='word_1_532' title='bbox 389 5175 652 5234; x_wconf 91' lang='lat' dir='ltr'><strong>davimus</strong></span> <span class='ocrx_word' id='word_1_533' title='bbox 681 5175 748 5228; x_wconf 93' lang='lat' dir='ltr'><strong>ut</strong></span> <span class='ocrx_word' id='word_1_534' title='bbox 789 5175 846 5226; x_wconf 93' lang='lat' dir='ltr'><strong>in</strong></span> <span class='ocrx_word' id='word_1_535' title='bbox 878 5177 1056 5228; x_wconf 83' lang='lat' dir='ltr'><strong>textu.</strong></span> 
     </span>
     <span class='ocr_line' id='line_1_73' title="bbox 459 5241 1312 5315; baseline -0.001 -15"><span class='ocrx_word' id='word_1_536' title='bbox 459 5248 490 5290; x_wconf 88' lang='lat' dir='ltr'><strong>h</strong></span> <span class='ocrx_word' id='word_1_537' title='bbox 530 5242 790 5315; x_wconf 85' lang='lat' dir='ltr'><strong>Ezechiel</strong></span> <span class='ocrx_word' id='word_1_538' title='bbox 815 5255 937 5312; x_wconf 91' lang='lat' dir='ltr'><strong>cap.</strong></span> <span class='ocrx_word' id='word_1_539' title='bbox 973 5256 1140 5315; x_wconf 85' lang='lat' dir='ltr'><strong>xvm,</strong></span> <span class='ocrx_word' id='word_1_540' title='bbox 1178 5257 1232 5298; x_wconf 89' lang='lat' dir='ltr'><strong>v.</strong></span> <span class='ocrx_word' id='word_1_541' title='bbox 1260 5241 1312 5298; x_wconf 92' lang='lat'><strong>3.</strong></span> 
     </span>
    </p>
   </div>
   <div class='ocr_carea' id='block_1_73' title="bbox 461 5313 850 5383">
    <p class='ocr_par' dir='ltr' id='par_1_73' title="bbox 461 5313 850 5383">
     <span class='ocr_line' id='line_1_74' title="bbox 461 5313 850 5383; baseline -0.005 -14"><span class='ocrx_word' id='word_1_542' title='bbox 461 5317 477 5358; x_wconf 85' lang='lat' dir='ltr'><strong>i</strong></span> <span class='ocrx_word' id='word_1_543' title='bbox 528 5313 742 5383; x_wconf 93' lang='lat' dir='ltr'><strong>Supple</strong></span> <span class='ocrx_word' id='word_1_544' title='bbox 781 5319 850 5368; x_wconf 89' lang='lat' dir='ltr'><strong>et.</strong></span> 
     </span>
    </p>
   </div>
   <div class='ocr_carea' id='block_1_74' title="bbox 453 5385 858 5454">
    <p class='ocr_par' dir='ltr' id='par_1_74' title="bbox 453 5385 858 5454">
     <span class='ocr_line' id='line_1_75' title="bbox 453 5385 858 5454; baseline -0.012 -11"><span class='ocrx_word' id='word_1_545' title='bbox 453 5387 474 5443; x_wconf 75' lang='grc' dir='ltr'><strong>,ἱ</strong></span> <span class='ocrx_word' id='word_1_546' title='bbox 527 5385 740 5454; x_wconf 89' lang='lat' dir='ltr'><strong>Supple</strong></span> <span class='ocrx_word' id='word_1_547' title='bbox 779 5387 858 5439; x_wconf 83' lang='lat' dir='ltr'><strong>in.</strong></span> 
     </span>
    </p>
   </div>
   <div class='ocr_carea' id='block_1_75' title="bbox 458 5456 1840 5532">
    <p class='ocr_par' dir='ltr' id='par_1_75' title="bbox 458 5456 1840 5532">
     <span class='ocr_line' id='line_1_76' title="bbox 458 5456 1840 5532; baseline 0.007 -21"><span class='ocrx_word' id='word_1_548' title='bbox 458 5458 491 5532; x_wconf 64' lang='lat' dir='ltr'><strong>ll</strong></span> <span class='ocrx_word' id='word_1_549' title='bbox 525 5457 686 5532; x_wconf 61' lang='lat'><strong>904.,</strong></span> <span class='ocrx_word' id='word_1_550' title='bbox 731 5456 1016 5532; x_wconf 80' lang='lat' dir='ltr'><strong>mendose,</strong></span> <span class='ocrx_word' id='word_1_551' title='bbox 1059 5459 1394 5515; x_wconf 84' lang='lat' dir='ltr'><strong>sacerdotale</strong></span> <span class='ocrx_word' id='word_1_552' title='bbox 1426 5463 1558 5517; x_wconf 78' lang='lat' dir='ltr'><strong>ordo</strong></span> <span class='ocrx_word' id='word_1_553' title='bbox 1593 5465 1840 5532; x_wconf 83' lang='lat' dir='ltr'><strong>festivus.</strong></span> 
     </span>
    </p>
   </div>
   <div class='ocr_carea' id='block_1_76' title="bbox 457 5527 993 5586">
    <p class='ocr_par' dir='ltr' id='par_1_76' title="bbox 457 5527 993 5586">
     <span class='ocr_line' id='line_1_77' title="bbox 457 5527 993 5586; baseline -0.007 -1"><span class='ocrx_word' id='word_1_554' title='bbox 457 5529 474 5572; x_wconf 84' lang='lat'><strong>1</strong></span> <span class='ocrx_word' id='word_1_555' title='bbox 527 5527 642 5586; x_wconf 87' lang='lat' dir='ltr'><strong>Cod</strong></span> <span class='ocrx_word' id='word_1_556' title='bbox 681 5529 993 5584; x_wconf 55' lang='lat' dir='ltr'><strong>secretalis.</strong></span> 
     </span>
    </p>
   </div>
   <div class='ocr_carea' id='block_1_77' title="bbox 466 5602 1066 5670">
    <p class='ocr_par' dir='ltr' id='par_1_77' title="bbox 466 5602 1066 5670">
     <span class='ocr_line' id='line_1_78' title="bbox 466 5602 1066 5670; baseline -0.005 -14"><span class='ocrx_word' id='word_1_557' title='bbox 466 5611 511 5642; x_wconf 74' lang='lat' dir='ltr'><strong>In</strong></span> <span class='ocrx_word' id='word_1_558' title='bbox 541 5602 683 5670; x_wconf 83' lang='lat' dir='ltr'><strong>Lege</strong></span> <span class='ocrx_word' id='word_1_559' title='bbox 730 5602 1066 5658; x_wconf 79' lang='lat' dir='ltr'><strong>universum.</strong></span> 
     </span>
    </p>
   </div>
   <div class='ocr_carea' id='block_1_78' title="bbox 2066 2989 2116 3055">
    <p class='ocr_par' dir='ltr' id='par_1_78' title="bbox 2066 2989 2116 3055">
     <span class='ocr_line' id='line_1_79' title="bbox 2066 2989 2116 3055; baseline 0 0"><span class='ocrx_word' id='word_1_560' title='bbox 2066 2989 2116 3055; x_wconf 84' lang='lat' dir='ltr'>C</span> 
     </span>
    </p>
   </div>
   <div class='ocr_carea' id='block_1_79' title="bbox 2155 1785 3826 1870">
    <p class='ocr_par' dir='ltr' id='par_1_79' title="bbox 2155 1785 3826 1870">
     <span class='ocr_line' id='line_1_80' title="bbox 2155 1785 3826 1870; baseline 0.011 -30"><span class='ocrx_word' id='word_1_561' title='bbox 2155 1785 2362 1858; x_wconf 90' lang='lat' dir='ltr'><strong>victus,</strong></span> <span class='ocrx_word' id='word_1_562' title='bbox 2386 1792 2442 1844; x_wconf 91' lang='lat' dir='ltr'><strong>et</strong></span> <span class='ocrx_word' id='word_1_563' title='bbox 2459 1789 2723 1846; x_wconf 65' lang='lat' dir='ltr'><strong>haeretica</strong></span> <span class='ocrx_word' id='word_1_564' title='bbox 2751 1791 2876 1847; x_wconf 91' lang='lat' dir='ltr'><strong>labe</strong></span> <span class='ocrx_word' id='word_1_565' title='bbox 2903 1793 3246 1865; x_wconf 88' lang='lat' dir='ltr'><strong>maculatus,</strong></span> <span class='ocrx_word' id='word_1_566' title='bbox 3269 1797 3566 1854; x_wconf 89' lang='lat' dir='ltr'><strong>canonicis</strong></span> <span class='ocrx_word' id='word_1_567' title='bbox 3587 1797 3826 1870; x_wconf 80' lang='lat' dir='ltr'><strong>legibus</strong></span> 
     </span>
    </p>
   </div>
   <div class='ocr_carea' id='block_1_80' title="bbox 2155 1874 3824 1956">
    <p class='ocr_par' dir='ltr' id='par_1_80' title="bbox 2155 1874 3824 1956">
     <span class='ocr_line' id='line_1_81' title="bbox 2155 1874 3824 1956; baseline 0.01 -27"><span class='ocrx_word' id='word_1_568' title='bbox 2155 1874 2479 1933; x_wconf 87' lang='lat' dir='ltr'><strong>damnatur.</strong></span> <span class='ocrx_word' id='word_1_569' title='bbox 2507 1877 2810 1937; x_wconf 90' lang='lat' dir='ltr'><strong>Utulitatis</strong></span> <span class='ocrx_word' id='word_1_570' title='bbox 2838 1891 2870 1922; x_wconf 71' lang='grc' dir='ltr'><strong>κ</strong></span> <span class='ocrx_word' id='word_1_571' title='bbox 2913 1897 3157 1956; x_wconf 88' lang='lat' dir='ltr'><strong>namque</strong></span> <span class='ocrx_word' id='word_1_572' title='bbox 3176 1897 3345 1941; x_wconf 88' lang='lat' dir='ltr'><strong>causa</strong></span> <span class='ocrx_word' id='word_1_573' title='bbox 3385 1885 3585 1943; x_wconf 89' lang='lat' dir='ltr'><strong>beatus</strong></span> <span class='ocrx_word' id='word_1_574' title='bbox 3608 1888 3824 1946; x_wconf 88' lang='lat' dir='ltr'><strong>Petrus</strong></span> 
     </span>
    </p>
   </div>
   <div class='ocr_carea' id='block_1_81' title="bbox 2163 1966 3822 2048">
    <p class='ocr_par' dir='ltr' id='par_1_81' title="bbox 2163 1966 3822 2048">
     <span class='ocr_line' id='line_1_82' title="bbox 2163 1966 3822 2048; baseline 0.01 -29"><span class='ocrx_word' id='word_1_575' title='bbox 2163 1966 2552 2034; x_wconf 90' lang='lat' dir='ltr'><strong>apostolorum</strong></span> <span class='ocrx_word' id='word_1_576' title='bbox 2606 1970 2870 2043; x_wconf 87' lang='lat' dir='ltr'><strong>princeps</strong></span> <span class='ocrx_word' id='word_1_577' title='bbox 2933 1975 3203 2048; x_wconf 85' lang='lat' dir='ltr'><strong>migravit</strong></span> <span class='ocrx_word' id='word_1_578' title='bbox 3251 1974 3322 2031; x_wconf 92' lang='lat' dir='ltr'><strong>ab</strong></span> <span class='ocrx_word' id='word_1_579' title='bbox 3378 1975 3705 2047; x_wconf 79' lang='lat' dir='ltr'><strong>Antiochia,</strong></span> <span class='ocrx_word' id='word_1_580' title='bbox 3760 1985 3822 2036; x_wconf 87' lang='lat' dir='ltr'><strong>et</strong></span> 
     </span>
    </p>
   </div>
   <div class='ocr_carea' id='block_1_82' title="bbox 2157 2055 3819 2138">
    <p class='ocr_par' dir='ltr' id='par_1_82' title="bbox 2157 2055 3819 2138">
     <span class='ocr_line' id='line_1_83' title="bbox 2157 2055 3819 2138; baseline 0.01 -29"><span class='ocrx_word' id='word_1_581' title='bbox 2157 2055 2474 2113; x_wconf 89' lang='lat' dir='ltr'><strong>translatus</strong></span> <span class='ocrx_word' id='word_1_582' title='bbox 2502 2063 2589 2114; x_wconf 89' lang='lat' dir='ltr'><strong>est</strong></span> <span class='ocrx_word' id='word_1_583' title='bbox 2617 2059 2870 2118; x_wconf 87' lang='lat' dir='ltr'><strong>Romam.</strong></span> <span class='ocrx_word' id='word_1_584' title='bbox 2904 2063 3189 2120; x_wconf 88' lang='lat' dir='ltr'><strong>Eusebius</strong></span> <span class='ocrx_word' id='word_1_585' title='bbox 3220 2064 3414 2137; x_wconf 89' lang='lat' dir='ltr'><strong>itaque</strong></span> <span class='ocrx_word' id='word_1_586' title='bbox 3442 2067 3728 2138; x_wconf 89' lang='lat' dir='ltr'><strong>Pamphili</strong></span> <span class='ocrx_word' id='word_1_587' title='bbox 3753 2069 3819 2124; x_wconf 90' lang='lat' dir='ltr'><strong>in</strong></span> 
     </span>
    </p>
   </div>
   <div class='ocr_carea' id='block_1_83' title="bbox 2157 2145 3820 2224">
    <p class='ocr_par' dir='ltr' id='par_1_83' title="bbox 2157 2145 3820 2224">
     <span class='ocr_line' id='line_1_84' title="bbox 2157 2145 3820 2224; baseline 0.01 -26"><span class='ocrx_word' id='word_1_588' title='bbox 2157 2147 2316 2199; x_wconf 86' lang='lat' dir='ltr'><strong>sexto</strong></span> <span class='ocrx_word' id='word_1_589' title='bbox 2355 2145 2622 2202; x_wconf 70' lang='lat' dir='ltr'><strong>Historiae</strong></span> <span class='ocrx_word' id='word_1_590' title='bbox 2651 2149 3068 2208; x_wconf 71' lang='lat' dir='ltr'><strong>Ecclesiasticm</strong></span> <span class='ocrx_word' id='word_1_591' title='bbox 3109 2152 3258 2210; x_wconf 89' lang='lat' dir='ltr'><strong>libro</strong></span> <span class='ocrx_word' id='word_1_592' title='bbox 3312 2165 3378 2224; x_wconf 75' lang='lat' dir='ltr'><strong>y,</strong></span> <span class='ocrx_word' id='word_1_593' title='bbox 3422 2155 3820 2214; x_wconf 81' lang='lat' dir='ltr'><strong>Alexandrum</strong></span> 
     </span>
    </p>
   </div>
   <div class='ocr_carea' id='block_1_84' title="bbox 2158 2231 3820 2318">
    <p class='ocr_par' dir='ltr' id='par_1_84' title="bbox 2158 2231 3820 2318">
     <span class='ocr_line' id='line_1_85' title="bbox 2158 2231 3820 2318; baseline 0.011 -32"><span class='ocrx_word' id='word_1_594' title='bbox 2158 2231 2336 2289; x_wconf 90' lang='lat' dir='ltr'><strong>unius</strong></span> <span class='ocrx_word' id='word_1_595' title='bbox 2363 2233 2734 2306; x_wconf 64' lang='lat' dir='ltr'><strong>Cappadociae</strong></span> <span class='ocrx_word' id='word_1_596' title='bbox 2775 2240 3036 2298; x_wconf 85' lang='lat' dir='ltr'><strong>civitatis</strong></span> <span class='ocrx_word' id='word_1_597' title='bbox 3067 2242 3397 2315; x_wconf 82' lang='lat' dir='ltr'><strong>episcOpum</strong></span> <span class='ocrx_word' id='word_1_598' title='bbox 3425 2243 3618 2312; x_wconf 88' lang='lat' dir='ltr'><strong>refert,</strong></span> <span class='ocrx_word' id='word_1_599' title='bbox 3652 2247 3820 2318; x_wconf 80' lang='lat' dir='ltr'><strong>quia.</strong></span> 
     </span>
    </p>
   </div>
   <div class='ocr_carea' id='block_1_85' title="bbox 2156 2323 3822 2406">
    <p class='ocr_par' dir='ltr' id='par_1_85' title="bbox 2156 2323 3822 2406">
     <span class='ocr_line' id='line_1_86' title="bbox 2156 2323 3822 2406; baseline 0.01 -31"><span class='ocrx_word' id='word_1_600' title='bbox 2156 2333 2286 2376; x_wconf 90' lang='lat' dir='ltr'><strong>cum</strong></span> <span class='ocrx_word' id='word_1_601' title='bbox 2318 2323 2565 2380; x_wconf 89' lang='lat' dir='ltr'><strong>venisset</strong></span> <span class='ocrx_word' id='word_1_602' title='bbox 2593 2341 2767 2385; x_wconf 91' lang='lat' dir='ltr'><strong>causa</strong></span> <span class='ocrx_word' id='word_1_603' title='bbox 2795 2331 3078 2388; x_wconf 91' lang='lat' dir='ltr'><strong>orationis</strong></span> <span class='ocrx_word' id='word_1_604' title='bbox 3117 2333 3588 2406; x_wconf 76' lang='lat' dir='ltr'><strong>Hierosolymam,</strong></span> <span class='ocrx_word' id='word_1_605' title='bbox 3619 2338 3822 2392; x_wconf 89' lang='lat' dir='ltr'><strong>tentus</strong></span> 
     </span>
    </p>
   </div>
   <div class='ocr_carea' id='block_1_86' title="bbox 2156 2409 3822 2498">
    <p class='ocr_par' dir='ltr' id='par_1_86' title="bbox 2156 2409 3822 2498">
     <span class='ocr_line' id='line_1_87' title="bbox 2156 2409 3822 2498; baseline 0.014 -35"><span class='ocrx_word' id='word_1_606' title='bbox 2156 2409 2236 2464; x_wconf 91' lang='lat' dir='ltr'><strong>sit</strong></span> <span class='ocrx_word' id='word_1_607' title='bbox 2255 2409 2326 2465; x_wconf 91' lang='lat' dir='ltr'><strong>ab</strong></span> <span class='ocrx_word' id='word_1_608' title='bbox 2347 2413 2472 2482; x_wconf 90' lang='lat' dir='ltr'><strong>ejus</strong></span> <span class='ocrx_word' id='word_1_609' title='bbox 2496 2415 2742 2490; x_wconf 88' lang='lat' dir='ltr'><strong>civibus,</strong></span> <span class='ocrx_word' id='word_1_610' title='bbox 2771 2423 2826 2474; x_wconf 92' lang='lat' dir='ltr'><strong>et</strong></span> <span class='ocrx_word' id='word_1_611' title='bbox 2849 2419 2906 2476; x_wconf 91' lang='lat' dir='ltr'><strong>in</strong></span> <span class='ocrx_word' id='word_1_612' title='bbox 2933 2419 3120 2478; x_wconf 84' lang='lat' dir='ltr'><strong>locum</strong></span> <span class='ocrx_word' id='word_1_613' title='bbox 3141 2422 3371 2480; x_wconf 89' lang='lat' dir='ltr'><strong>Necersi</strong></span> <span class='ocrx_word' id='word_1_614' title='bbox 3387 2425 3642 2498; x_wconf 91' lang='lat' dir='ltr'><strong>episcopi</strong></span> <span class='ocrx_word' id='word_1_615' title='bbox 3661 2428 3742 2485; x_wconf 92' lang='lat' dir='ltr'><strong>sit</strong></span> <span class='ocrx_word' id='word_1_616' title='bbox 3794 2445 3822 2474; x_wconf 79' lang='grc' dir='ltr'><em>ι</em></span> 
     </span>
    </p>
   </div>
   <div class='ocr_carea' id='block_1_87' title="bbox 2157 2501 3822 2586">
    <p class='ocr_par' dir='ltr' id='par_1_87' title="bbox 2157 2501 3822 2586">
     <span class='ocr_line' id='line_1_88' title="bbox 2157 2501 3822 2586; baseline 0.014 -32"><span class='ocrx_word' id='word_1_617' title='bbox 2157 2501 2508 2560; x_wconf 83' lang='lat' dir='ltr'><strong>conStitutus</strong></span> <span class='ocrx_word' id='word_1_618' title='bbox 2531 2523 2546 2574; x_wconf 88' lang='lat'><strong>;</strong></span> <span class='ocrx_word' id='word_1_619' title='bbox 2564 2517 2630 2561; x_wconf 93' lang='lat' dir='ltr'><strong>ac</strong></span> <span class='ocrx_word' id='word_1_620' title='bbox 2649 2507 2720 2563; x_wconf 91' lang='lat' dir='ltr'><strong>de</strong></span> <span class='ocrx_word' id='word_1_621' title='bbox 2739 2516 2946 2566; x_wconf 68' lang='lat' dir='ltr'><strong>caetero</strong></span> <span class='ocrx_word' id='word_1_622' title='bbox 2965 2511 3122 2568; x_wconf 90' lang='lat' dir='ltr'><strong>omni</strong></span> <span class='ocrx_word' id='word_1_623' title='bbox 3143 2512 3260 2568; x_wconf 87' lang='lat' dir='ltr'><strong>vita</strong></span> <span class='ocrx_word' id='word_1_624' title='bbox 3285 2527 3389 2571; x_wconf 90' lang='lat' dir='ltr'><strong>sua</strong></span> <span class='ocrx_word' id='word_1_625' title='bbox 3411 2514 3524 2586; x_wconf 90' lang='lat' dir='ltr'><strong>ipsi</strong></span> <span class='ocrx_word' id='word_1_626' title='bbox 3545 2513 3822 2577; x_wconf 74' lang='lat' dir='ltr'><strong>Ecclesia:</strong></span> 
     </span>
    </p>
   </div>
   <div class='ocr_carea' id='block_1_88' title="bbox 2158 2590 3827 2670">
    <p class='ocr_par' dir='ltr' id='par_1_88' title="bbox 2158 2590 3827 2670">
     <span class='ocr_line' id='line_1_89' title="bbox 2158 2590 3827 2670; baseline 0.014 -27"><span class='ocrx_word' id='word_1_627' title='bbox 2158 2590 2508 2658; x_wconf 71' lang='lat' dir='ltr'><strong>prmsedisse.</strong></span> <span class='ocrx_word' id='word_1_628' title='bbox 2541 2593 2599 2649; x_wconf 94' lang='lat' dir='ltr'><strong>Si</strong></span> <span class='ocrx_word' id='word_1_629' title='bbox 2630 2593 2813 2668; x_wconf 88' lang='lat' dir='ltr'><strong>igitur</strong></span> <span class='ocrx_word' id='word_1_630' title='bbox 2841 2599 2992 2670; x_wconf 91' lang='lat' dir='ltr'><strong>apud</strong></span> <span class='ocrx_word' id='word_1_631' title='bbox 3017 2605 3235 2658; x_wconf 89' lang='lat' dir='ltr'><strong>veteres</strong></span> <span class='ocrx_word' id='word_1_632' title='bbox 3258 2602 3384 2660; x_wconf 89' lang='lat' dir='ltr'><strong>sine</strong></span> <span class='ocrx_word' id='word_1_633' title='bbox 3414 2604 3535 2662; x_wconf 89' lang='lat' dir='ltr'><strong>ulla</strong></span> <span class='ocrx_word' id='word_1_634' title='bbox 3553 2607 3827 2666; x_wconf 78' lang='lat' dir='ltr'><strong>differen-</strong></span> 
     </span>
    </p>
   </div>
   <div class='ocr_carea' id='block_1_89' title="bbox 2155 2677 3819 2771">
    <p class='ocr_par' dir='ltr' id='par_1_89' title="bbox 2155 2677 3819 2771">
     <span class='ocr_line' id='line_1_90' title="bbox 2155 2677 3819 2771; baseline 0.014 -39"><span class='ocrx_word' id='word_1_635' title='bbox 2155 2677 2236 2734; x_wconf 90' lang='lat' dir='ltr'><strong>tia</strong></span> <span class='ocrx_word' id='word_1_636' title='bbox 2275 2679 2345 2734; x_wconf 93' lang='lat' dir='ltr'><strong>de</strong></span> <span class='ocrx_word' id='word_1_637' title='bbox 2383 2681 2618 2740; x_wconf 89' lang='lat' dir='ltr'><strong>civitate</strong></span> <span class='ocrx_word' id='word_1_638' title='bbox 2650 2687 2721 2742; x_wconf 90' lang='lat' dir='ltr'><strong>ad</strong></span> <span class='ocrx_word' id='word_1_639' title='bbox 2760 2687 2933 2744; x_wconf 89' lang='lat' dir='ltr'><strong>aliam</strong></span> <span class='ocrx_word' id='word_1_640' title='bbox 2978 2689 3335 2762; x_wconf 87' lang='lat' dir='ltr'><strong>migrabatur</strong></span> <span class='ocrx_word' id='word_1_641' title='bbox 3369 2704 3448 2736; x_wconf 65' lang='lat' dir='ltr'><strong>a8</strong></span> <span class='ocrx_word' id='word_1_642' title='bbox 3484 2695 3819 2771; x_wconf 89' lang='lat' dir='ltr'><strong>episcopus,</strong></span> 
     </span>
    </p>
   </div>
   <div class='ocr_carea' id='block_1_90' title="bbox 2152 2766 3821 2859">
    <p class='ocr_par' dir='ltr' id='par_1_90' title="bbox 2152 2766 3821 2859">
     <span class='ocr_line' id='line_1_91' title="bbox 2152 2766 3821 2859; baseline 0.014 -38"><span class='ocrx_word' id='word_1_643' title='bbox 2152 2766 2290 2823; x_wconf 91' lang='lat' dir='ltr'><strong>dum</strong></span> <span class='ocrx_word' id='word_1_644' title='bbox 2317 2769 2546 2827; x_wconf 90' lang='lat' dir='ltr'><strong>utilitas</strong></span> <span class='ocrx_word' id='word_1_645' title='bbox 2571 2781 2846 2849; x_wconf 90' lang='lat' dir='ltr'><strong>evocaret,</strong></span> <span class='ocrx_word' id='word_1_646' title='bbox 2885 2783 3108 2849; x_wconf 89' lang='lat' dir='ltr'><strong>oportet</strong></span> <span class='ocrx_word' id='word_1_647' title='bbox 3142 2781 3311 2836; x_wconf 89' lang='lat' dir='ltr'><strong>etiam</strong></span> <span class='ocrx_word' id='word_1_648' title='bbox 3342 2781 3525 2854; x_wconf 89' lang='lat' dir='ltr'><strong>ipsam</strong></span> <span class='ocrx_word' id='word_1_649' title='bbox 3557 2766 3821 2859; x_wconf 78' lang='lat' dir='ltr'><strong>regulam</strong></span> 
     </span>
    </p>
   </div>
   <div class='ocr_carea' id='block_1_91' title="bbox 2153 2853 3821 2944">
    <p class='ocr_par' dir='ltr' id='par_1_91' title="bbox 2153 2853 3821 2944">
     <span class='ocr_line' id='line_1_92' title="bbox 2153 2853 3821 2944; baseline 0.016 -35"><span class='ocrx_word' id='word_1_650' title='bbox 2153 2853 2293 2913; x_wconf 91' lang='lat' dir='ltr'><strong>huic</strong></span> <span class='ocrx_word' id='word_1_651' title='bbox 2350 2859 2508 2928; x_wconf 92' lang='lat' dir='ltr'><strong>operi</strong></span> <span class='ocrx_word' id='word_1_652' title='bbox 2561 2863 2843 2935; x_wconf 90' lang='lat' dir='ltr'><strong>copulari,</strong></span> <span class='ocrx_word' id='word_1_653' title='bbox 2901 2870 2966 2922; x_wconf 92' lang='lat' dir='ltr'><strong>ut</strong></span> <span class='ocrx_word' id='word_1_654' title='bbox 3013 2853 3528 2944; x_wconf 12' lang='lat' dir='ltr'><strong>ostendatur’quia</strong></span> <span class='ocrx_word' id='word_1_655' title='bbox 3583 2853 3821 2935; x_wconf 62' lang='lat' dir='ltr'><strong>mentiti</strong></span> 
     </span>
    </p>
   </div>
   <div class='ocr_carea' id='block_1_92' title="bbox 2151 2947 3827 3030">
    <p class='ocr_par' dir='ltr' id='par_1_92' title="bbox 2151 2947 3827 3030">
     <span class='ocr_line' id='line_1_93' title="bbox 2151 2947 3827 3030; baseline 0.014 -30"><span class='ocrx_word' id='word_1_656' title='bbox 2151 2948 2289 3002; x_wconf 90' lang='lat' dir='ltr'><strong>sunt</strong></span> <span class='ocrx_word' id='word_1_657' title='bbox 2316 2947 2416 3018; x_wconf 89' lang='lat' dir='ltr'><strong>qui</strong></span> <span class='ocrx_word' id='word_1_658' title='bbox 2469 2950 2730 3008; x_wconf 90' lang='lat' dir='ltr'><strong>Proclum</strong></span> <span class='ocrx_word' id='word_1_659' title='bbox 2763 2953 3154 3014; x_wconf 89' lang='lat' dir='ltr'><strong>inthronizare</strong></span> <span class='ocrx_word' id='word_1_660' title='bbox 3185 2960 3623 3030; x_wconf 88' lang='lat' dir='ltr'><strong>prohibuerunt.</strong></span> <span class='ocrx_word' id='word_1_661' title='bbox 3673 2966 3827 3024; x_wconf 86' lang='lat' dir='ltr'><strong>Suf—</strong></span> 
     </span>
    </p>
   </div>
   <div class='ocr_carea' id='block_1_93' title="bbox 2152 3031 3824 3130">
    <p class='ocr_par' dir='ltr' id='par_1_93' title="bbox 2152 3031 3824 3130">
     <span class='ocr_line' id='line_1_94' title="bbox 2152 3031 3824 3130; baseline 0.016 -42"><span class='ocrx_word' id='word_1_662' title='bbox 2152 3031 2310 3090; x_wconf 83' lang='lat' dir='ltr'><strong>ﬁciat</strong></span> <span class='ocrx_word' id='word_1_663' title='bbox 2333 3049 2468 3109; x_wconf 85' lang='lat' dir='ltr'><strong>ergo</strong></span> <span class='ocrx_word' id='word_1_664' title='bbox 2491 3039 2560 3094; x_wconf 91' lang='lat' dir='ltr'><strong>ad</strong></span> <span class='ocrx_word' id='word_1_665' title='bbox 2587 3055 2835 3110; x_wconf 65' lang='lat' dir='ltr'><strong>praesens</strong></span> <span class='ocrx_word' id='word_1_666' title='bbox 2862 3043 3005 3101; x_wconf 90' lang='lat' dir='ltr'><strong>istos</strong></span> <span class='ocrx_word' id='word_1_667' title='bbox 3031 3061 3412 3123; x_wconf 83' lang='lat' dir='ltr'><strong>memorasse;</strong></span> <span class='ocrx_word' id='word_1_668' title='bbox 3435 3065 3566 3110; x_wconf 89' lang='lat' dir='ltr'><strong>nam</strong></span> <span class='ocrx_word' id='word_1_669' title='bbox 3595 3055 3824 3130; x_wconf 88' lang='lat' dir='ltr'><strong>plures,</strong></span> 
     </span>
    </p>
   </div>
   <div class='ocr_carea' id='block_1_94' title="bbox 2151 3124 3824 3203">
    <p class='ocr_par' dir='ltr' id='par_1_94' title="bbox 2151 3124 3824 3203">
     <span class='ocr_line' id='line_1_95' title="bbox 2151 3124 3824 3203; baseline 0.016 -26"><span class='ocrx_word' id='word_1_670' title='bbox 2151 3124 2394 3195; x_wconf 82' lang='lat' dir='ltr'><strong>exempli</strong></span> <span class='ocrx_word' id='word_1_671' title='bbox 2413 3139 2606 3200; x_wconf 88' lang='lat' dir='ltr'><strong>causa,</strong></span> <span class='ocrx_word' id='word_1_672' title='bbox 2639 3131 2708 3186; x_wconf 89' lang='lat' dir='ltr'><strong>ad</strong></span> <span class='ocrx_word' id='word_1_673' title='bbox 2741 3134 3072 3191; x_wconf 88' lang='lat' dir='ltr'><strong>memoriam</strong></span> <span class='ocrx_word' id='word_1_674' title='bbox 3107 3137 3442 3197; x_wconf 90' lang='lat' dir='ltr'><strong>reducemus</strong></span> <span class='ocrx_word' id='word_1_675' title='bbox 3459 3140 3540 3198; x_wconf 63' lang='grc' dir='ltr'><strong>δι’.</strong></span> <span class='ocrx_word' id='word_1_676' title='bbox 3575 3124 3824 3203; x_wconf 80' lang='lat' dir='ltr'><strong>Interim</strong></span> 
     </span>
    </p>
   </div>
   <div class='ocr_carea' id='block_1_95' title="bbox 2152 3213 3826 3306">
    <p class='ocr_par' dir='ltr' id='par_1_95' title="bbox 2152 3213 3826 3306">
     <span class='ocr_line' id='line_1_96' title="bbox 2152 3213 3826 3306; baseline 0.014 -40"><span class='ocrx_word' id='word_1_677' title='bbox 2152 3213 2340 3268; x_wconf 91' lang='lat' dir='ltr'><strong>tamen</strong></span> <span class='ocrx_word' id='word_1_678' title='bbox 2373 3215 2668 3275; x_wconf 88' lang='lat' dir='ltr'><strong>redeamus</strong></span> <span class='ocrx_word' id='word_1_679' title='bbox 2691 3220 2760 3276; x_wconf 89' lang='lat' dir='ltr'><strong>ad</strong></span> <span class='ocrx_word' id='word_1_680' title='bbox 2791 3223 3162 3295; x_wconf 89' lang='lat' dir='ltr'><strong>conloquium</strong></span> <span class='ocrx_word' id='word_1_681' title='bbox 3200 3228 3364 3284; x_wconf 90' lang='lat' dir='ltr'><strong>urbis</strong></span> <span class='ocrx_word' id='word_1_682' title='bbox 3387 3230 3594 3302; x_wconf 71' lang='lat' dir='ltr'><strong>Romae,</strong></span> <span class='ocrx_word' id='word_1_683' title='bbox 3623 3239 3690 3288; x_wconf 89' lang='lat' dir='ltr'><strong>ut</strong></span> <span class='ocrx_word' id='word_1_684' title='bbox 3717 3249 3826 3306; x_wconf 86' lang='lat' dir='ltr'><strong>per</strong></span> 
     </span>
    </p>
   </div>
   <div class='ocr_carea' id='block_1_96' title="bbox 2154 3302 3826 3394">
    <p class='ocr_par' dir='ltr' id='par_1_96' title="bbox 2154 3302 3826 3394">
     <span class='ocr_line' id='line_1_97' title="bbox 2154 3302 3826 3394; baseline 0.016 -39"><span class='ocrx_word' id='word_1_685' title='bbox 2154 3312 2276 3356; x_wconf 90' lang='lat' dir='ltr'><strong>eam</strong></span> <span class='ocrx_word' id='word_1_686' title='bbox 2312 3302 2465 3394; x_wconf 89' lang='lat' dir='ltr'><strong>cives</strong></span> <span class='ocrx_word' id='word_1_687' title='bbox 2489 3306 2614 3376; x_wconf 91' lang='lat' dir='ltr'><strong>ejus</strong></span> <span class='ocrx_word' id='word_1_688' title='bbox 2642 3308 3041 3381; x_wconf 89' lang='lat' dir='ltr'><strong>adloquamur.</strong></span> <span class='ocrx_word' id='word_1_689' title='bbox 3069 3315 3138 3370; x_wconf 88' lang='lat' dir='ltr'><strong>Et</strong></span> <span class='ocrx_word' id='word_1_690' title='bbox 3167 3316 3302 3387; x_wconf 87' lang='lat' dir='ltr'><strong>quia</strong></span> <span class='ocrx_word' id='word_1_691' title='bbox 3327 3317 3398 3374; x_wconf 89' lang='lat' dir='ltr'><strong>de</strong></span> <span class='ocrx_word' id='word_1_692' title='bbox 3421 3319 3676 3378; x_wconf 87' lang='lat' dir='ltr'><strong>Formosi</strong></span> <span class='ocrx_word' id='word_1_693' title='bbox 3706 3302 3826 3394; x_wconf 81' lang='lat' dir='ltr'><strong>pa—</strong></span> 
     </span>
    </p>
   </div>
   <div class='ocr_carea' id='block_1_97' title="bbox 2159 3393 3823 3480">
    <p class='ocr_par' dir='ltr' id='par_1_97' title="bbox 2159 3393 3823 3480">
     <span class='ocr_line' id='line_1_98' title="bbox 2159 3393 3823 3480; baseline 0.014 -35"><span class='ocrx_word' id='word_1_694' title='bbox 2159 3404 2243 3460; x_wconf 77' lang='lat' dir='ltr'><strong>pae</strong></span> <span class='ocrx_word' id='word_1_695' title='bbox 2267 3393 2490 3451; x_wconf 89' lang='lat' dir='ltr'><strong>ratione</strong></span> <span class='ocrx_word' id='word_1_696' title='bbox 2513 3406 2566 3437; x_wconf 74' lang='lat' dir='ltr'><strong>cc</strong></span> <span class='ocrx_word' id='word_1_697' title='bbox 2589 3403 2832 3472; x_wconf 88' lang='lat' dir='ltr'><strong>constat,</strong></span> <span class='ocrx_word' id='word_1_698' title='bbox 2857 3406 3186 3460; x_wconf 91' lang='lat' dir='ltr'><strong>sanctorum</strong></span> <span class='ocrx_word' id='word_1_699' title='bbox 3213 3407 3440 3463; x_wconf 89' lang='lat' dir='ltr'><strong>Patrum</strong></span> <span class='ocrx_word' id='word_1_700' title='bbox 3462 3393 3823 3480; x_wconf 77' lang='lat' dir='ltr'><strong>exemplain</strong></span> 
     </span>
    </p>
   </div>
   <div class='ocr_carea' id='block_1_98' title="bbox 2157 3480 3825 3568">
    <p class='ocr_par' dir='ltr' id='par_1_98' title="bbox 2157 3480 3825 3568">
     <span class='ocr_line' id='line_1_99' title="bbox 2157 3480 3825 3568; baseline 0.016 -34"><span class='ocrx_word' id='word_1_701' title='bbox 2157 3480 2410 3537; x_wconf 89' lang='lat' dir='ltr'><strong>medium</strong></span> <span class='ocrx_word' id='word_1_702' title='bbox 2439 3483 2717 3543; x_wconf 91' lang='lat' dir='ltr'><strong>ducamus</strong></span> <span class='ocrx_word' id='word_1_703' title='bbox 2748 3506 2764 3559; x_wconf 88' lang='lat'><strong>;</strong></span> <span class='ocrx_word' id='word_1_704' title='bbox 2807 3489 3140 3549; x_wconf 91' lang='lat' dir='ltr'><strong>universum</strong></span> <span class='ocrx_word' id='word_1_705' title='bbox 3169 3495 3322 3552; x_wconf 90' lang='lat' dir='ltr'><strong>enim</strong></span> <span class='ocrx_word' id='word_1_706' title='bbox 3361 3497 3536 3568; x_wconf 90' lang='lat' dir='ltr'><strong>hujus</strong></span> <span class='ocrx_word' id='word_1_707' title='bbox 3567 3502 3825 3560; x_wconf 84' lang='lat' dir='ltr'><strong>ratioci—</strong></span> 
     </span>
    </p>
   </div>
   <div class='ocr_carea' id='block_1_99' title="bbox 2155 3569 3823 3664">
    <p class='ocr_par' dir='ltr' id='par_1_99' title="bbox 2155 3569 3823 3664">
     <span class='ocr_line' id='line_1_100' title="bbox 2155 3569 3823 3664; baseline 0.016 -42"><span class='ocrx_word' id='word_1_708' title='bbox 2155 3569 2411 3626; x_wconf 89' lang='lat' dir='ltr'><strong>nationis</strong></span> <span class='ocrx_word' id='word_1_709' title='bbox 2453 3586 2602 3629; x_wconf 91' lang='lat' dir='ltr'><strong>onus</strong></span> <span class='ocrx_word' id='word_1_710' title='bbox 2645 3574 2705 3630; x_wconf 92' lang='lat' dir='ltr'><strong>in</strong></span> <span class='ocrx_word' id='word_1_711' title='bbox 2745 3578 2998 3636; x_wconf 88' lang='lat' dir='ltr'><strong>Formosi</strong></span> <span class='ocrx_word' id='word_1_712' title='bbox 3043 3594 3215 3639; x_wconf 88' lang='lat' dir='ltr'><strong>causa</strong></span> <span class='ocrx_word' id='word_1_713' title='bbox 3264 3587 3485 3656; x_wconf 89' lang='lat' dir='ltr'><strong>pendet.</strong></span> <span class='ocrx_word' id='word_1_714' title='bbox 3538 3589 3626 3660; x_wconf 91' lang='lat' dir='ltr'><strong>Et,</strong></span> <span class='ocrx_word' id='word_1_715' title='bbox 3674 3593 3823 3664; x_wconf 88' lang='lat' dir='ltr'><strong>quia</strong></span> 
     </span>
    </p>
   </div>
   <div class='ocr_carea' id='block_1_100' title="bbox 2157 3658 3819 3750">
    <p class='ocr_par' dir='ltr' id='par_1_100' title="bbox 2157 3658 3819 3750">
     <span class='ocr_line' id='line_1_101' title="bbox 2157 3658 3819 3750; baseline 0.017 -40"><span class='ocrx_word' id='word_1_716' title='bbox 2157 3658 2368 3713; x_wconf 91' lang='lat' dir='ltr'><strong>mortui</strong></span> <span class='ocrx_word' id='word_1_717' title='bbox 2399 3672 2431 3714; x_wconf 91' lang='lat' dir='ltr'><strong>a</strong></span> <span class='ocrx_word' id='word_1_718' title='bbox 2455 3661 2604 3717; x_wconf 92' lang='lat' dir='ltr'><strong>vivis</strong></span> <span class='ocrx_word' id='word_1_719' title='bbox 2637 3677 2748 3720; x_wconf 92' lang='lat' dir='ltr'><strong>non</strong></span> <span class='ocrx_word' id='word_1_720' title='bbox 2775 3671 2912 3722; x_wconf 91' lang='lat' dir='ltr'><strong>sunt</strong></span> <span class='ocrx_word' id='word_1_721' title='bbox 2929 3668 3254 3744; x_wconf 89' lang='lat' dir='ltr'><strong>judicandi,</strong></span> <span class='ocrx_word' id='word_1_722' title='bbox 3297 3689 3396 3744; x_wconf 91' lang='lat' dir='ltr'><strong>per</strong></span> <span class='ocrx_word' id='word_1_723' title='bbox 3419 3658 3648 3750; x_wconf 72' lang='lat' dir='ltr'><strong>szecula,</strong></span> <span class='ocrx_word' id='word_1_724' title='bbox 3682 3658 3819 3738; x_wconf 80' lang='lat' dir='ltr'><strong>luce</strong></span> 
     </span>
    </p>
   </div>
   <div class='ocr_carea' id='block_1_101' title="bbox 2153 3743 3820 3835">
    <p class='ocr_par' dir='ltr' id='par_1_101' title="bbox 2153 3743 3820 3835">
     <span class='ocr_line' id='line_1_102' title="bbox 2153 3743 3820 3835; baseline 0.017 -37"><span class='ocrx_word' id='word_1_725' title='bbox 2153 3743 2392 3817; x_wconf 92' lang='lat' dir='ltr'><strong>clarius,</strong></span> <span class='ocrx_word' id='word_1_726' title='bbox 2421 3749 2690 3808; x_wconf 90' lang='lat' dir='ltr'><strong>omnibus</strong></span> <span class='ocrx_word' id='word_1_727' title='bbox 2719 3755 3106 3831; x_wconf 88' lang='lat' dir='ltr'><strong>ostendamus,</strong></span> <span class='ocrx_word' id='word_1_728' title='bbox 3131 3743 3384 3832; x_wconf 77' lang='lat' dir='ltr'><strong>atquein</strong></span> <span class='ocrx_word' id='word_1_729' title='bbox 3414 3765 3602 3835; x_wconf 90' lang='lat' dir='ltr'><strong>prima</strong></span> <span class='ocrx_word' id='word_1_730' title='bbox 3621 3743 3820 3827; x_wconf 79' lang='lat' dir='ltr'><strong>fronte</strong></span> 
     </span>
    </p>
   </div>
   <div class='ocr_carea' id='block_1_102' title="bbox 2153 3834 3821 3929">
    <p class='ocr_par' dir='ltr' id='par_1_102' title="bbox 2153 3834 3821 3929">
     <span class='ocr_line' id='line_1_103' title="bbox 2153 3834 3821 3929; baseline 0.017 -42"><span class='ocrx_word' id='word_1_731' title='bbox 2153 3834 2452 3903; x_wconf 89' lang='lat' dir='ltr'><strong>cujusdam</strong></span> <span class='ocrx_word' id='word_1_732' title='bbox 2477 3838 2804 3900; x_wconf 91' lang='lat' dir='ltr'><strong>Ticinensis</strong></span> <span class='ocrx_word' id='word_1_733' title='bbox 2825 3845 3102 3920; x_wconf 90' lang='lat' dir='ltr'><strong>episcopi,</strong></span> <span class='ocrx_word' id='word_1_734' title='bbox 3135 3850 3384 3909; x_wconf 88' lang='lat' dir='ltr'><strong>Ennodii</strong></span> <span class='ocrx_word' id='word_1_735' title='bbox 3415 3834 3669 3929; x_wconf 87' lang='lat' dir='ltr'><strong>nomine,</strong></span> <span class='ocrx_word' id='word_1_736' title='bbox 3697 3859 3821 3916; x_wconf 87' lang='lat' dir='ltr'><strong>viri</strong></span> 
     </span>
    </p>
   </div>
   <div class='ocr_carea' id='block_1_103' title="bbox 2154 3923 3822 4018">
    <p class='ocr_par' dir='ltr' id='par_1_103' title="bbox 2154 3923 3822 4018">
     <span class='ocr_line' id='line_1_104' title="bbox 2154 3923 3822 4018; baseline 0.018 -42"><span class='ocrx_word' id='word_1_737' title='bbox 2154 3923 2506 3982; x_wconf 87' lang='lat' dir='ltr'><strong>sanctissimi</strong></span> <span class='ocrx_word' id='word_1_738' title='bbox 2565 3933 2907 3989; x_wconf 88' lang='lat' dir='ltr'><strong>sententiam</strong></span> <span class='ocrx_word' id='word_1_739' title='bbox 2959 3938 3402 4007; x_wconf 85' lang='lat' dir='ltr'><strong>exprimamus:</strong></span> <span class='ocrx_word' id='word_1_740' title='bbox 3457 3965 3484 3998; x_wconf 78' lang='lat'>«</span> <span class='ocrx_word' id='word_1_741' title='bbox 3522 3923 3822 4018; x_wconf 79' lang='lat' dir='ltr'><strong>Aliorum,</strong></span> 
     </span>
    </p>
   </div>
   <div class='ocr_carea' id='block_1_104' title="bbox 2152 4012 3823 4106">
    <p class='ocr_par' dir='ltr' id='par_1_104' title="bbox 2152 4012 3823 4106">
     <span class='ocr_line' id='line_1_105' title="bbox 2152 4012 3823 4106; baseline 0.019 -43"><span class='ocrx_word' id='word_1_742' title='bbox 2152 4012 2356 4082; x_wconf 79' lang='lat' dir='ltr'><strong>inquit,</strong></span> <span class='ocrx_word' id='word_1_743' title='bbox 2378 4013 2675 4074; x_wconf 91' lang='lat' dir='ltr'><strong>hominum</strong></span> <span class='ocrx_word' id='word_1_744' title='bbox 2697 4033 2900 4079; x_wconf 87' lang='lat' dir='ltr'><strong>causas</strong></span> <span class='ocrx_word' id='word_1_745' title='bbox 2918 4025 3068 4081; x_wconf 90' lang='lat' dir='ltr'><strong>Deus</strong></span> <span class='ocrx_word' id='word_1_746' title='bbox 3089 4040 3191 4097; x_wconf 90' lang='lat' dir='ltr'><strong>per</strong></span> <span class='ocrx_word' id='word_1_747' title='bbox 3206 4029 3495 4088; x_wconf 71' lang='lat' dir='ltr'><strong>neminem</strong></span> <span class='ocrx_word' id='word_1_748' title='bbox 3511 4012 3823 4106; x_wconf 82' lang='lat' dir='ltr'><strong>designari</strong></span> 
     </span>
    </p>
   </div>
   <div class='ocr_carea' id='block_1_105' title="bbox 2154 4100 3824 4194">
    <p class='ocr_par' dir='ltr' id='par_1_105' title="bbox 2154 4100 3824 4194">
     <span class='ocr_line' id='line_1_106' title="bbox 2154 4100 3824 4194; baseline 0.018 -40"><span class='ocrx_word' id='word_1_749' title='bbox 2154 4100 2338 4158; x_wconf 87' lang='lat' dir='ltr'><strong>voluit</strong></span> <span class='ocrx_word' id='word_1_750' title='bbox 2371 4121 2382 4156; x_wconf 90' lang='lat'><strong>:</strong></span> <span class='ocrx_word' id='word_1_751' title='bbox 2419 4105 2574 4161; x_wconf 88' lang='lat' dir='ltr'><strong>sedis</strong></span> <span class='ocrx_word' id='word_1_752' title='bbox 2599 4109 2864 4167; x_wconf 63' lang='lat' dir='ltr'><strong>Romanae</strong></span> <span class='ocrx_word' id='word_1_753' title='bbox 2897 4115 3196 4183; x_wconf 66' lang='lat' dir='ltr'><strong>praesulem</strong></span> <span class='ocrx_word' id='word_1_754' title='bbox 3219 4133 3344 4192; x_wconf 87' lang='lat' dir='ltr'><strong>suo,</strong></span> <span class='ocrx_word' id='word_1_755' title='bbox 3378 4122 3506 4178; x_wconf 90' lang='lat' dir='ltr'><strong>sine</strong></span> <span class='ocrx_word' id='word_1_756' title='bbox 3531 4100 3824 4194; x_wconf 60' lang='lat' dir='ltr'><strong>quaestio—</strong></span> 
     </span>
    </p>
   </div>
   <div class='ocr_carea' id='block_1_106' title="bbox 2155 4195 3822 4278">
    <p class='ocr_par' dir='ltr' id='par_1_106' title="bbox 2155 4195 3822 4278">
     <span class='ocr_line' id='line_1_107' title="bbox 2155 4195 3822 4278; baseline 0.018 -35"><span class='ocrx_word' id='word_1_757' title='bbox 2155 4203 2246 4260; x_wconf 92' lang='lat' dir='ltr'><strong>ne,</strong></span> <span class='ocrx_word' id='word_1_758' title='bbox 2278 4195 2584 4250; x_wconf 87' lang='lat' dir='ltr'><strong>reservavit</strong></span> <span class='ocrx_word' id='word_1_759' title='bbox 2608 4197 2830 4266; x_wconf 89' lang='lat' dir='ltr'><strong>judicio</strong></span> <span class='ocrx_word' id='word_1_760' title='bbox 2867 4207 2923 4258; x_wconf 92' lang='lat' dir='ltr'><strong>et</strong></span> <span class='ocrx_word' id='word_1_761' title='bbox 2966 4203 3248 4278; x_wconf 85' lang='lat' dir='ltr'><strong>arbitrio;</strong></span> <span class='ocrx_word' id='word_1_762' title='bbox 3272 4209 3457 4266; x_wconf 90' lang='lat' dir='ltr'><strong>voluit</strong></span> <span class='ocrx_word' id='word_1_763' title='bbox 3481 4214 3635 4270; x_wconf 89' lang='lat' dir='ltr'><strong>enim</strong></span> <span class='ocrx_word' id='word_1_764' title='bbox 3663 4214 3822 4273; x_wconf 89' lang='lat' dir='ltr'><strong>beati</strong></span> 
     </span>
    </p>
   </div>
   <div class='ocr_carea' id='block_1_107' title="bbox 2153 4277 3825 4374">
    <p class='ocr_par' dir='ltr' id='par_1_107' title="bbox 2153 4277 3825 4374">
     <span class='ocr_line' id='line_1_108' title="bbox 2153 4277 3825 4374; baseline 0.018 -42"><span class='ocrx_word' id='word_1_765' title='bbox 2153 4277 2303 4374; x_wconf 79' lang='lat' dir='ltr'><strong>Petri</strong></span> <span class='ocrx_word' id='word_1_766' title='bbox 2353 4295 2710 4374; x_wconf 77' lang='lat' dir='ltr'><strong>successores</strong></span> <span class='ocrx_word' id='word_1_767' title='bbox 2751 4293 2922 4347; x_wconf 62' lang='lat' dir='ltr'><strong>tantae</strong></span> <span class='ocrx_word' id='word_1_768' title='bbox 2967 4277 3274 4368; x_wconf 88' lang='lat' dir='ltr'><strong>dignitatis</strong></span> <span class='ocrx_word' id='word_1_769' title='bbox 3317 4298 3525 4358; x_wconf 88' lang='lat' dir='ltr'><strong>habere</strong></span> <span class='ocrx_word' id='word_1_770' title='bbox 3571 4305 3825 4374; x_wconf 90' lang='lat' dir='ltr'><strong>privile-</strong></span> 
     </span>
    </p>
   </div>
   <div class='ocr_carea' id='block_1_108' title="bbox 2153 4367 3817 4459">
    <p class='ocr_par' dir='ltr' id='par_1_108' title="bbox 2153 4367 3817 4459">
     <span class='ocr_line' id='line_1_109' title="bbox 2153 4367 3817 4459; baseline 0.014 -37"><span class='ocrx_word' id='word_1_771' title='bbox 2153 4367 2333 4439; x_wconf 84' lang='lat' dir='ltr'><strong>gium,</strong></span> <span class='ocrx_word' id='word_1_772' title='bbox 2367 4377 2432 4426; x_wconf 92' lang='lat' dir='ltr'><strong>ut</strong></span> <span class='ocrx_word' id='word_1_773' title='bbox 2471 4372 2758 4434; x_wconf 85' lang='lat' dir='ltr'><strong>Romanus</strong></span> <span class='ocrx_word' id='word_1_774' title='bbox 2803 4367 3060 4450; x_wconf 79' lang='lat' dir='ltr'><strong>pontifex</strong></span> <span class='ocrx_word' id='word_1_775' title='bbox 3088 4397 3122 4440; x_wconf 90' lang='lat' dir='ltr'><strong>a</strong></span> <span class='ocrx_word' id='word_1_776' title='bbox 3163 4387 3391 4444; x_wconf 86' lang='lat' dir='ltr'><strong>nemine</strong></span> <span class='ocrx_word' id='word_1_777' title='bbox 3427 4367 3749 4459; x_wconf 78' lang='lat' dir='ltr'><strong>judicetur.</strong></span> <span class='ocrx_word' id='word_1_778' title='bbox 3788 4415 3817 4445; x_wconf 74' lang='grc' dir='ltr'><strong><em>ι</em></strong></span> 
     </span>
    </p>
   </div>
   <div class='ocr_carea' id='block_1_109' title="bbox 2151 4456 3822 4552">
    <p class='ocr_par' dir='ltr' id='par_1_109' title="bbox 2151 4456 3822 4552">
     <span class='ocr_line' id='line_1_110' title="bbox 2151 4456 3822 4552; baseline 0.02 -42"><span class='ocrx_word' id='word_1_779' title='bbox 2151 4456 2320 4514; x_wconf 89' lang='lat' dir='ltr'><strong>Dicas</strong></span> <span class='ocrx_word' id='word_1_780' title='bbox 2358 4457 2600 4520; x_wconf 90' lang='lat' dir='ltr'><strong>forsitan</strong></span> <span class='ocrx_word' id='word_1_781' title='bbox 2642 4485 2655 4521; x_wconf 91' lang='lat'>:</span> <span class='ocrx_word' id='word_1_782' title='bbox 2695 4468 2852 4526; x_wconf 92' lang='lat' dir='ltr'><strong>Talis</strong></span> <span class='ocrx_word' id='word_1_783' title='bbox 2889 4471 3002 4527; x_wconf 92' lang='lat' dir='ltr'><strong>erit</strong></span> <span class='ocrx_word' id='word_1_784' title='bbox 3046 4473 3106 4528; x_wconf 91' lang='lat' dir='ltr'><strong>in</strong></span> <span class='ocrx_word' id='word_1_785' title='bbox 3145 4473 3338 4534; x_wconf 84' lang='lat' dir='ltr'><strong>futura</strong></span> <span class='ocrx_word' id='word_1_786' title='bbox 3381 4456 3822 4552; x_wconf 82' lang='lat' dir='ltr'><strong>dispensatione</strong></span> 
     </span>
    </p>
   </div>
   <div class='ocr_carea' id='block_1_110' title="bbox 2222 4601 3447 4686">
    <p class='ocr_par' dir='ltr' id='par_1_110' title="bbox 2222 4601 3447 4686">
     <span class='ocr_line' id='line_1_111' title="bbox 2222 4601 3447 4686; baseline 0.018 -30"><span class='ocrx_word' id='word_1_787' title='bbox 2222 4611 2253 4686; x_wconf 62' lang='grc' dir='ltr'><strong>ξι</strong></span> <span class='ocrx_word' id='word_1_788' title='bbox 2283 4601 2447 4686; x_wconf 58' lang='lat' dir='ltr'><strong>forte</strong></span> <span class='ocrx_word' id='word_1_789' title='bbox 2480 4605 2780 4686; x_wconf 81' lang='lat' dir='ltr'><strong>legendum</strong></span> <span class='ocrx_word' id='word_1_790' title='bbox 2811 4615 3094 4686; x_wconf 84' lang='lat' dir='ltr'><strong>tripartita</strong></span> <span class='ocrx_word' id='word_1_791' title='bbox 3117 4622 3169 4674; x_wconf 88' lang='lat' dir='ltr'><strong>et</strong></span> <span class='ocrx_word' id='word_1_792' title='bbox 3204 4621 3447 4678; x_wconf 85' lang='lat' dir='ltr'><strong>recoluit.</strong></span> 
     </span>
    </p>
   </div>
   <div class='ocr_carea' id='block_1_111' title="bbox 2221 4673 3177 4755">
    <p class='ocr_par' dir='ltr' id='par_1_111' title="bbox 2221 4673 3177 4755">
     <span class='ocr_line' id='line_1_112' title="bbox 2221 4673 3177 4755; baseline 0.016 -26"><span class='ocrx_word' id='word_1_793' title='bbox 2221 4683 2250 4714; x_wconf 88' lang='grc' dir='ltr'><strong>ο</strong></span> <span class='ocrx_word' id='word_1_794' title='bbox 2283 4673 2443 4755; x_wconf 59' lang='grc' dir='ltr'>ραι,</span> <span class='ocrx_word' id='word_1_795' title='bbox 2457 4673 2763 4755; x_wconf 75' lang='lat' dir='ltr'><strong>_ménd_ose,</strong></span> <span class='ocrx_word' id='word_1_796' title='bbox 2795 4673 3177 4754; x_wconf 70' lang='lat' dir='ltr'><strong>apostolorum.</strong></span> 
     </span>
    </p>
   </div>
   <div class='ocr_carea' id='block_1_112' title="bbox 2223 4747 2961 4824">
    <p class='ocr_par' dir='ltr' id='par_1_112' title="bbox 2223 4747 2961 4824">
     <span class='ocr_line' id='line_1_113' title="bbox 2223 4747 2961 4824; baseline 0.018 -24"><span class='ocrx_word' id='word_1_797' title='bbox 2223 4756 2253 4800; x_wconf 88' lang='lat' dir='ltr'><strong>P</strong></span> <span class='ocrx_word' id='word_1_798' title='bbox 2285 4747 2438 4824; x_wconf 64' lang='lat' dir='ltr'><strong>Fore</strong></span> <span class='ocrx_word' id='word_1_799' title='bbox 2457 4747 2761 4824; x_wconf 82' lang='lat' dir='ltr'><strong>legendum</strong></span> <span class='ocrx_word' id='word_1_800' title='bbox 2788 4747 2860 4812; x_wconf 73' lang='lat' dir='ltr'><strong>Et</strong></span> <span class='ocrx_word' id='word_1_801' title='bbox 2883 4763 2961 4813; x_wconf 89' lang='lat' dir='ltr'><strong>ut.</strong></span> 
     </span>
    </p>
   </div>
   <div class='ocr_carea' id='block_1_113' title="bbox 2223 4819 3121 4897">
    <p class='ocr_par' dir='ltr' id='par_1_113' title="bbox 2223 4819 3121 4897">
     <span class='ocr_line' id='line_1_114' title="bbox 2223 4819 3121 4897; baseline 0.014 -25"><span class='ocrx_word' id='word_1_802' title='bbox 2223 4829 2252 4871; x_wconf 70' lang='grc' dir='ltr'><strong>«ι</strong></span> <span class='ocrx_word' id='word_1_803' title='bbox 2283 4819 2540 4897; x_wconf 53' lang='lat' dir='ltr'><strong>ljempef</strong></span> <span class='ocrx_word' id='word_1_804' title='bbox 2553 4831 2683 4894; x_wconf 85' lang='lat' dir='ltr'><strong>post</strong></span> <span class='ocrx_word' id='word_1_805' title='bbox 2719 4827 3121 4897; x_wconf 86' lang='lat' dir='ltr'><strong>depositionem.</strong></span> 
     </span>
    </p>
   </div>
   <div class='ocr_carea' id='block_1_114' title="bbox 2222 4892 3204 4967">
    <p class='ocr_par' dir='ltr' id='par_1_114' title="bbox 2222 4892 3204 4967">
     <span class='ocr_line' id='line_1_115' title="bbox 2222 4892 3204 4967; baseline 0.015 -23"><span class='ocrx_word' id='word_1_806' title='bbox 2222 4901 2248 4932; x_wconf 68' lang='grc' dir='ltr'><strong>ι’</strong></span> <span class='ocrx_word' id='word_1_807' title='bbox 2283 4892 2446 4967; x_wconf 64' lang='lat' dir='ltr'><strong>forte</strong></span> <span class='ocrx_word' id='word_1_808' title='bbox 2481 4892 2800 4967; x_wconf 50' lang='lat' dir='ltr'><strong>legendum‘</strong></span> <span class='ocrx_word' id='word_1_809' title='bbox 2818 4901 2896 4954; x_wconf 91' lang='lat' dir='ltr'><strong>De</strong></span> <span class='ocrx_word' id='word_1_810' title='bbox 2920 4901 3204 4959; x_wconf 52' lang='lat' dir='ltr'><strong>hereticus.</strong></span> 
     </span>
    </p>
   </div>
   <div class='ocr_carea' id='block_1_115' title="bbox 2223 4962 2866 5036">
    <p class='ocr_par' dir='ltr' id='par_1_115' title="bbox 2223 4962 2866 5036">
     <span class='ocr_line' id='line_1_116' title="bbox 2223 4962 2866 5036; baseline 0.017 -20"><span class='ocrx_word' id='word_1_811' title='bbox 2223 4973 2247 5003; x_wconf 75' lang='grc' dir='ltr'>ε</span> <span class='ocrx_word' id='word_1_812' title='bbox 2283 4962 2474 5036; x_wconf 76' lang='lat' dir='ltr'><strong>Yulg..</strong></span> <span class='ocrx_word' id='word_1_813' title='bbox 2513 4962 2610 5036; x_wconf 65' lang='lat' dir='ltr'><strong>q&#39;ui</strong></span> <span class='ocrx_word' id='word_1_814' title='bbox 2649 4969 2866 5027; x_wconf 86' lang='lat' dir='ltr'><strong>dormit.</strong></span> 
     </span>
    </p>
   </div>
   <div class='ocr_carea' id='block_1_116' title="bbox 2217 5034 3460 5118">
    <p class='ocr_par' dir='ltr' id='par_1_116' title="bbox 2217 5034 3460 5118">
     <span class='ocr_line' id='line_1_117' title="bbox 2217 5034 3460 5118; baseline 0.019 -34"><span class='ocrx_word' id='word_1_815' title='bbox 2217 5036 2249 5118; x_wconf 37' lang='grc' dir='ltr'><strong>ξ.</strong></span> <span class='ocrx_word' id='word_1_816' title='bbox 2289 5034 2448 5118; x_wconf 45' lang='lat' dir='ltr'><strong>god},</strong></span> <span class='ocrx_word' id='word_1_817' title='bbox 2483 5034 2696 5118; x_wconf 43' lang='lat' dir='ltr'><strong>addiet:</strong></span> <span class='ocrx_word' id='word_1_818' title='bbox 2720 5042 3181 5112; x_wconf 87' lang='lat' dir='ltr'><strong>Emendavimus,</strong></span> <span class='ocrx_word' id='word_1_819' title='bbox 3204 5047 3460 5118; x_wconf 83' lang='lat' dir='ltr'><strong>adjiciet.</strong></span> 
     </span>
    </p>
   </div>
   <div class='ocr_carea' id='block_1_117' title="bbox 2221 5107 2718 5166">
    <p class='ocr_par' dir='ltr' id='par_1_117' title="bbox 2221 5107 2718 5166">
     <span class='ocr_line' id='line_1_118' title="bbox 2221 5107 2718 5166; baseline 0.012 -8"><span class='ocrx_word' id='word_1_820' title='bbox 2221 5109 2252 5140; x_wconf 83' lang='grc' dir='ltr'>ιι</span> <span class='ocrx_word' id='word_1_821' title='bbox 2291 5107 2432 5160; x_wconf 87' lang='lat' dir='ltr'><strong>Psal.</strong></span> <span class='ocrx_word' id='word_1_822' title='bbox 2467 5121 2560 5164; x_wconf 86' lang='lat' dir='ltr'><strong>XL.</strong></span> <span class='ocrx_word' id='word_1_823' title='bbox 2582 5123 2635 5163; x_wconf 90' lang='lat' dir='ltr'><strong>v.</strong></span> <span class='ocrx_word' id='word_1_824' title='bbox 2665 5109 2718 5166; x_wconf 89' lang='lat'><strong>9.</strong></span> 
     </span>
    </p>
   </div>
   <div class='ocr_carea' id='block_1_118' title="bbox 2220 5178 2747 5250">
    <p class='ocr_par' dir='ltr' id='par_1_118' title="bbox 2220 5178 2747 5250">
     <span class='ocr_line' id='line_1_119' title="bbox 2220 5178 2747 5250; baseline 0.009 -19"><span class='ocrx_word' id='word_1_825' title='bbox 2220 5185 2251 5214; x_wconf 77' lang='grc' dir='ltr'><strong>ν</strong></span> <span class='ocrx_word' id='word_1_826' title='bbox 2279 5178 2541 5250; x_wconf 59' lang='grc' dir='ltr'><strong>Μελίη-ι,</strong></span> <span class='ocrx_word' id='word_1_827' title='bbox 2574 5193 2628 5235; x_wconf 88' lang='lat' dir='ltr'><strong>v.</strong></span> <span class='ocrx_word' id='word_1_828' title='bbox 2659 5181 2747 5238; x_wconf 79' lang='grc'><strong>23.</strong></span> 
     </span>
    </p>
   </div>
   <div class='ocr_carea' id='block_1_119' title="bbox 2218 5248 3052 5314">
    <p class='ocr_par' dir='ltr' id='par_1_119' title="bbox 2218 5248 3052 5314">
     <span class='ocr_line' id='line_1_120' title="bbox 2218 5248 3052 5314; baseline 0.011 -11"><span class='ocrx_word' id='word_1_829' title='bbox 2218 5257 2251 5289; x_wconf 72' lang='grc' dir='ltr'><strong>κ</strong></span> <span class='ocrx_word' id='word_1_830' title='bbox 2304 5248 2464 5314; x_wconf 89' lang='lat' dir='ltr'><strong>Cod.,</strong></span> <span class='ocrx_word' id='word_1_831' title='bbox 2500 5248 2782 5314; x_wconf 86' lang='lat' dir='ltr'><strong>mendose.</strong></span> <span class='ocrx_word' id='word_1_832' title='bbox 2816 5257 3052 5314; x_wconf 85' lang='lat' dir='ltr'><strong>utilitas.</strong></span> 
     </span>
    </p>
   </div>
   <div class='ocr_carea' id='block_1_120' title="bbox 2217 5292 3517 5407">
    <p class='ocr_par' dir='ltr' id='par_1_120' title="bbox 2217 5292 3517 5407">
     <span class='ocr_line' id='line_1_121' title="bbox 2217 5292 3517 5407; baseline 0.017 -32"><span class='ocrx_word' id='word_1_833' title='bbox 2217 5334 2250 5377; x_wconf 61' lang='grc' dir='ltr'><strong><em>γ</em></strong></span> <span class='ocrx_word' id='word_1_834' title='bbox 3181 5333 3517 5396; x_wconf 75' lang='lat' dir='ltr'><strong>Valesianm.</strong></span> 
     </span>
    </p>
   </div>
   <div class='ocr_carea' id='block_1_121' title="bbox 2219 5394 2730 5475">
    <p class='ocr_par' dir='ltr' id='par_1_121' title="bbox 2219 5394 2730 5475">
     <span class='ocr_line' id='line_1_122' title="bbox 2219 5394 2730 5475; baseline 0.002 -1"><span class='ocrx_word' id='word_1_835' title='bbox 2219 5408 2245 5439; x_wconf 73' lang='grc' dir='ltr'><strong>ε</strong></span> <span class='ocrx_word' id='word_1_836' title='bbox 2289 5394 2430 5475; x_wconf 62' lang='lat' dir='ltr'><strong>Esse</strong></span> <span class='ocrx_word' id='word_1_837' title='bbox 2465 5394 2730 5475; x_wconf 59' lang='lat' dir='ltr'><strong>Narcissi-</strong></span> 
     </span>
    </p>
   </div>
   <div class='ocr_carea' id='block_1_122' title="bbox 2221 5465 3414 5544">
    <p class='ocr_par' dir='ltr' id='par_1_122' title="bbox 2221 5465 3414 5544">
     <span class='ocr_line' id='line_1_123' title="bbox 2221 5465 3414 5544; baseline 0.018 -31"><span class='ocrx_word' id='word_1_838' title='bbox 2221 5483 2282 5544; x_wconf 47' lang='grc' dir='ltr'><strong>μγ.</strong></span> <span class='ocrx_word' id='word_1_839' title='bbox 2301 5465 2671 5544; x_wconf 54' lang='lat' dir='ltr'><strong>litigi-abutar,</strong></span> <span class='ocrx_word' id='word_1_840' title='bbox 2696 5469 2802 5525; x_wconf 93' lang='lat' dir='ltr'><strong>hoc</strong></span> <span class='ocrx_word' id='word_1_841' title='bbox 2824 5473 2930 5543; x_wconf 90' lang='lat' dir='ltr'><strong>est,</strong></span> <span class='ocrx_word' id='word_1_842' title='bbox 2958 5477 3414 5544; x_wconf 82' lang='lat' dir='ltr'><strong>transferebatur.</strong></span> 
     </span>
    </p>
   </div>
   <div class='ocr_carea' id='block_1_123' title="bbox 2220 5535 2888 5596">
    <p class='ocr_par' dir='ltr' id='par_1_123' title="bbox 2220 5535 2888 5596">
     <span class='ocr_line' id='line_1_124' title="bbox 2220 5535 2888 5596; baseline 0.021 -14"><span class='ocrx_word' id='word_1_843' title='bbox 2220 5540 2281 5583; x_wconf 89' lang='lat' dir='ltr'><strong>bb</strong></span> <span class='ocrx_word' id='word_1_844' title='bbox 2318 5535 2460 5596; x_wconf 71' lang='lat' dir='ltr'><strong>Lege</strong></span> <span class='ocrx_word' id='word_1_845' title='bbox 2495 5535 2888 5596; x_wconf 86' lang='lat' dir='ltr'><strong>reduceremus.</strong></span> 
     </span>
    </p>
   </div>
   <div class='ocr_carea' id='block_1_124' title="bbox 2223 5604 2950 5683">
    <p class='ocr_par' dir='ltr' id='par_1_124' title="bbox 2223 5604 2950 5683">
     <span class='ocr_line' id='line_1_125' title="bbox 2223 5604 2950 5683; baseline 0.018 -27"><span class='ocrx_word' id='word_1_846' title='bbox 2223 5625 2277 5656; x_wconf 92' lang='lat' dir='ltr'><strong>cc</strong></span> <span class='ocrx_word' id='word_1_847' title='bbox 2305 5604 2437 5661; x_wconf 91' lang='lat' dir='ltr'><strong>Cod.</strong></span> <span class='ocrx_word' id='word_1_848' title='bbox 2470 5609 2756 5683; x_wconf 90' lang='lat' dir='ltr'><strong>mendose,</strong></span> <span class='ocrx_word' id='word_1_849' title='bbox 2789 5615 2950 5668; x_wconf 82' lang='lat' dir='ltr'><strong>ratio.</strong></span> 
     </span>
    </p>
   </div>
  </div>
