4060 6150
256 225 371 285 829

1206 226 1570 285 INVECTIVA
1609 228 1681 284 IN
1718 224 1969 283 ROMAM
2008 225 2146 283 PRO
2184 227 2506 285 FOBMOSO
2544 231 2741 287 PAPA.

3571 229 3678 287 830

257 353 453 410 omnis
480 350 842 410 distributio.
867 353 1009 408 Non.
1044 349 1155 408 Uni
1187 352 1296 408 soli
1322 351 1517 409 datum
1556 356 1642 409 est
1668 363 1699 394 α
1726 371 1738 407 :
1763 354 1844 407 Tu
1864 366 1918 407 es
1944 351 2004 413 A
2024 351 2486 409 Formosus.Non
2498 354 2650 410 enim
2680 354 3046 413 haireditario
3056 356 3188 426 jure
3205 359 3457 412 sanctam
3476 355 3681 414 Roma-

256 443 475 505 Petrus,
522 446 572 496 et
618 458 782 511 super
829 442 972 496 hanc
1011 446 1227 511 petram
1285 442 1559 512 mdiﬁcabo
1619 442 1918 496 Ecclesiam

256 548 434 587 meam
458 551 476 595 ;
510 535 561 585 et
592 536 761 602 portae
786 533 957 599 inferi
984 546 1092 585 non
1100 532 1478 600 praevalebunt
1502 533 1759 587 abversus
1776 548 1911 585 eam.

253 623 330 675 Et
367 621 469 675 tibi
506 620 646 674 dabo
691 621 865 674 claves
905 622 1061 687 regni
1104 620 1392 674 oculorum:
1444 625 1493 675 et
1555 621 1917 690 quodcunque

258 712 542 782 ligaveris,
609 724 793 781 usque
823 708 1110 764 bsolutum
1165 712 1225 764 in
1287 711 1450 765 cmlis.
1491 711 1569 766 De
1627 711 1732 766 hac
1762 710 1914 766 enim

254 799 513 858 Ecclesia
559 799 703 855 mihi
737 812 762 841 ο
791 799 1121 870 pr0phetam
1155 799 1384 855 videtur
1431 812 1554 855 esse
1603 800 1822 855 dictum
1856 800 1919 855 Si

254 889 366 944 haec
402 888 749 950 humiliatur,
795 886 871 940 ad
908 887 1067 955 cujus
1104 888 1327 954 fugietis
1353 887 1662 953 auxilium,-
1702 891 1800 941 aut
1820 888 1916 941 ubi

250 979 578 1047 relinquetis
622 978 855 1044 gloriam
890 980 1125 1031 vestram
1149 978 1178 1029 ?
1224 976 1291 1031 Et
1343 975 1450 1031 hoc
1490 975 1561 1031 de
1602 976 1788 1045 vivis;
1843 976 1915 1032 de

252 1065 506 1123 mortuis
529 1079 661 1122 vero
689 1064 1034 1122 Anastasius
1064 1078 1208 1136 papa
1257 1065 1336 1120 ita
1368 1068 1587 1121 monet:
1637 1086 1663 1118 α
1694 1065 1915 1121 Admo-

252 1161 423 1211 nente
456 1169 559 1212 nos
587 1155 924 1211 beatissimo
951 1154 1251 1225 Apostolo,
1303 1168 1371 1211 ne
1407 1155 1557 1227 quod
1586 1156 1665 1211 sit
1712 1155 1773 1211 in
1803 1155 1911 1212 hoc

251 1244 666 1302 oﬁ‘endiculum
691 1245 749 1300 in
768 1244 1042 1315 Ecclesia,
1071 1244 1233 1314 dum,
1257 1245 1407 1315 quod
1433 1242 1620 1300 facere
1645 1258 1758 1302 non
1781 1258 1910 1315 pos-

251 1347 478 1396 sumus.
526 1335 598 1389 de
624 1333 717 1389 his
743 1334 843 1406 qui
879 1335 996 1405 jam
1036 1335 1396 1391 transierunt
1441 1334 1706 1404 judicare
1734 1348 1912 1390 cone—

253 1438 403 1480 mur.
427 1465 439 1478 .
464 1465 477 1478 .
498 1423 596 1479 Ait
625 1425 777 1480 enim
802 1425 873 1480 de
902 1424 996 1480 his
1012 1424 1112 1495 qui
1134 1424 1204 1479 de
1235 1424 1407 1481 rebus
1428 1425 1497 1479 ad
1521 1424 1707 1481 solum
1731 1425 1909 1480 Deum

253 1513 681 1585 pertinentibus
713 1513 976 1583 judicare
1020 1518 1374 1584 praesumunt
1422 1556 1469 1568 ..
1514 1514 1635 1568 Sive
1656 1514 1797 1567 enim
1819 1515 1913 1567 vi—

216 1606 450 1667 .vimus,
486 1605 715 1658 Domino
744 1604 1009 1674 vivimus;
1037 1606 1150 1657 sive
1185 1605 1466 1665 morimur,
1501 1604 1723 1658 Domino
1743 1604 1909 1657 mori-

2027 455 2154 499 nam
2177 443 2484 500 Ecclesiam
2518 445 2745 510 tenuit;
2781 458 2965 515 neque
2993 460 3138 517 eam,
3173 449 3237 501 ut
3272 444 3475 514 fertur,
3500 446 3678 502 ambi-

2025 536 2120 588 tus
2150 547 2321 589 causa
2368 534 2609 590 invasit:
2664 534 3022 605 impossibile
3067 536 3219 591 enim
3268 535 3498 590 videtur
3546 550 3676 593 eum

2024 626 2196 677 tanta:
2221 622 2603 679 sublimitatis
2627 624 2937 679 Ecclesium
2961 624 3229 680 invadere
3254 623 3530 694 potuisse.
3556 624 3679 693 Qua

2024 710 2175 765 enim
2209 711 2396 783 turba,
2430 727 2542 783 qua
2593 712 2888 782 violentia,
2944 712 3128 769 totius
3174 718 3348 783 caput
3395 712 3555 769 orbis
3607 712 3677 769 ab

2026 797 2232 854 inermi
2264 801 2484 872 vilique
2512 806 2567 857 et
2597 802 2852 873 simplici
2884 801 3186 858 bomululo
3207 802 3326 871 jam
3354 801 3550 858 invadi
3580 817 3678 873 po-

2023 888 2249 961 tuisset,
2274 890 2390 945 nisi
2417 891 2570 947 enim
2599 890 2887 961 imperiali
2915 899 2973 961 ππ,
3005 895 3107 947 aut
3129 891 3329 963 regali,
3360 890 3445 946 vel
3478 892 3671 962 patri-

2023 977 2181 1049 ciali,
2209 983 2310 1035 aut
2336 981 2632 1051 tyrannica
2651 984 2926 1051 potestate
2950 979 3157 1037 fuisset
3180 978 3477 1052 suffultus,
3501 984 3675 1038 tantae

2025 1069 2323 1137 potestatis
2368 1070 2586 1140 apicem
2615 1071 2880 1126 invadere
2910 1082 2936 1108 ιι
2959 1069 3282 1126 valuisset?
3327 1070 3431 1125 Ubi
3465 1084 3620 1143 ergo,
3643 1084 3678 1127 o

2021 1160 2217 1229 Roma,
2251 1162 2409 1215 tanta
2440 1164 2540 1216 tua
2578 1159 2875 1233 nobilitas,
2922 1165 2979 1215 et
3030 1160 3271 1229 antiqua
3311 1162 3426 1215 tam
3460 1159 3676 1216 invicta

2020 1248 2318 1319 potestas?
2357 1250 2477 1304 Jam
2506 1249 2706 1321 igitur,
2757 1254 2821 1305 ut
2845 1248 3046 1321 fertur,
3080 1249 3130 1304 si
3158 1248 3346 1305 sedem
3389 1248 3677 1319 apostoli—

2020 1346 2141 1393 cam
2174 1338 2499 1408 przeripuit,
2526 1351 2692 1393 omne
2715 1338 3027 1395 consilium
3066 1338 3393 1408 principum
3416 1342 3671 1409 tuorum,

2018 1427 2317 1497 virtusque
2341 1430 2398 1481 et
2426 1426 2708 1496 sapientia
2734 1427 3073 1483 obtimatum
3120 1427 3431 1497 perniciter
3459 1426 3676 1483 obdor-

2019 1516 2203 1571 mivit.
2229 1515 2377 1585 Quid
2417 1514 2646 1587 igitur?
2670 1516 2961 1586 Numquid
2993 1529 3089 1571 eos
3120 1515 3374 1587 ligavit?
3402 1520 3503 1571 aut
3540 1515 3676 1571 vio-

2019 1603 2252 1661 lentiam
2275 1604 2563 1675 episcopis
2578 1602 2847 1670 inferens,
2865 1609 2930 1661 ut
2948 1618 3077 1661 eum
3091 1609 3385 1661 sacrarent
3400 1604 3588 1676 exegit
3602 1612 3627 1639 ο
3642 1602 3670 1657 ‘l

248 1708 393 1747 mur.
433 1695 501 1746 In
530 1692 627 1746 hoc
657 1694 797 1746 enim
829 1692 1073 1747 Christus
1110 1694 1413 1747 resurrexit
1432 1694 1478 1763 ἀ,
1502 1696 1563 1746 ut
1585 1696 1635 1746 et
1662 1698 1911 1747 mortuo—
1940 1689 1992 1750 B
2018 1694 2242 1749 Etenim
2277 1698 2474 1750 notum
2505 1699 2591 1750 est
2634 1694 2771 1765 quia
2803 1694 2873 1749 ab
2906 1694 3051 1764 ipsis
3093 1694 3381 1765 epiSCOpis
3412 1698 3672 1750 sacratus

249 1798 376 1838 rum
425 1786 478 1838 et
512 1784 756 1837 vivorum
805 1781 1132 1836 dominetur.
1175 1783 1256 1835 Tu
1302 1784 1482 1835 autem
1521 1782 1644 1850 quis
1690 1796 1764 1852 es,
1814 1784 1911 1851 qui

238 1873 471 1942 judicas
487 1874 717 1939 fratrem
744 1875 896 1925 tuum
912 1873 940 1923 ἱ)
963 1913 975 1924 .
1002 1912 1014 1924 .
1035 1871 1156 1926 Νοη
1178 1886 1301 1938 ergo
1322 1871 1561 1940 amplius
1580 1872 1811 1925 invicem
1816 1870 1910 1938 ju-

246 1962 510 2016 dicemus.
541 1959 649 2015 Sed
669 1960 1026 2029 hocjudicate
1052 1962 1246 2028 magis,
1271 1976 1338 2014 ne
1368 1962 1592 2029 ponatis
1614 1959 1909 2039 offendicu-

246 2051 365 2105 lum
388 2050 687 2118 fratribus,
720 2050 802 2103 vel
826 2049 1147 2103 scandalum
1166 2057 1210 2111 θ,
1236 2051 1423 2105 Monet
1448 2048 1633 2120 igitur
1656 2053 1910 2119 Aposto—

246 2139 341 2195 lus
362 2152 433 2194 ne
453 2139 524 2194 de
542 2137 634 2193 his
660 2137 827 2194 nobis
848 2138 1243 2207 praesumendo
1259 2137 1549 2207 judicium
1571 2136 1906 2207 inferamus,

245 2228 315 2284 de
364 2225 582 2299 quibus
612 2240 778 2282 nemo
831 2230 1014 2296 potest
1041 2226 1237 2282 verius
1266 2226 1353 2283 vel
1388 2225 1596 2282 melius
1621 2226 1905 2297 judicare,

246 2330 422 2389 quam
468 2318 638 2372 Deus.
686 2318 748 2371 In
768 2315 874 2371 hoc
895 2316 1008 2371 sibi
1029 2315 1360 2386 quisquiam
1394 2316 1728 2372 temerarios
1746 2331 1912 2372 usur-

248 2412 346 2479 pat
372 2421 583 2478 ausus;
609 2410 666 2462 et
684 2410 912 2476 propter
936 2405 1063 2471 hoc,
1089 2418 1197 2475 pax
1226 2408 1399 2475 atque
1426 2406 1622 2462 unitas
1642 2405 1909 2461 Ecclesiae

244 2497 591 2567 dissipatur.
625 2494 649 2537 f
680 2514 707 2546 ››
757 2495 1007 2566 Apparet
1051 2508 1185 2567 ergo
1243 2496 1393 2565 quod
1427 2509 1609 2567 nemo,
1645 2496 1744 2567 qui
1790 2496 1909 2565 jam

247 2586 525 2659 migravit
551 2585 622 2641 de
661 2584 890 2655 saaculo,
939 2583 1165 2654 judicio
1195 2584 1462 2640 detentus
1503 2584 1583 2639 sit
1635 2584 1902 2639 humano.

245 2675 409 2746 Quod
444 2675 496 2731 si
527 2687 690 2730 nemo
722 2672 1129 2744 subjectorum,
1157 2677 1367 2730 exutus
1396 2686 1584 2744 carne,
1631 2680 1716 2728 est
1739 2673 1912 2743 judi—

246 2764 490 2835 candus,
524 2763 662 2835 quid
716 2764 786 2818 de
833 2776 1056 2818 summo
1105 2762 1391 2833 pontiﬁce,
1444 2763 1544 2833 qui
1600 2776 1702 2818 nec
1744 2763 1910 2819 vivus

245 2852 752 2924 reprehendendus
799 2858 940 2924 erat,
986 2857 1043 2909 et
1092 2852 1151 2909 in
1206 2852 1478 2923 praasidio
1531 2853 1650 2922 jam
1705 2853 1909 2909 mortis

245 2956 452 2999 somno
478 2943 796 3013 quiescens,
828 2957 862 2999 a
895 2942 1157 3012 sepulcro
1177 2942 1410 2999 evulsus
1434 2941 1907 2998 anathematizari

2017 1787 2123 1854 est,
2151 1797 2183 1839 a
2214 1782 2428 1853 quibus
2458 1784 2900 1854 praedecessores
2928 1785 3054 1855 ejus
3085 1783 3318 1855 sacrati,
3347 1788 3404 1840 et
3427 1783 3497 1839 ad
3526 1796 3671 1854 quos

2012 1873 2109 1942 jus
2142 1872 2461 1942 pertinebat
2496 1873 2781 1928 saerandi.
2811 1873 3104 1942 Quomodo
3129 1886 3263 1944 ergo
3294 1877 3479 1943 potest
3506 1871 3661 1928 dici:

2021 1981 2047 2013 α
2069 1961 2231 2016 Nihil
2255 1961 2478 2031 habuit,
2504 1960 2654 2017 nihil
2677 1961 2937 2017 dedit?»
2963 1963 3123 2031 Ecce,
3151 1976 3279 2017 cum
3302 1961 3532 2017 dicatur
3556 1974 3669 2017 non

2018 2049 2309 2113 habuisse,
2398 2050 2583 2121 liquet
2639 2050 2888 2121 qualiter
2947 2050 3668 2121 declaraturraccepisse;

2019 2140 2168 2209 quod
2197 2142 2511 2210 acceptum,
2567 2139 2754 2209 potuit
2782 2138 3039 2211 elargiri.
3081 2140 3204 2194 Non
3235 2138 3389 2193 enim
3422 2143 3672 2209 prieterq

2024 2229 2258 2285 illorum
2276 2242 2547 2285 manuum
2570 2228 2995 2298 impositionem
3019 2232 3074 2282 et
3090 2226 3469 2283 sacrationem
3490 2240 3671 2284 ausus

2022 2316 2134 2374 fuit
2154 2317 2527 2389 apostolicam
2554 2318 2743 2373 sedem
2771 2317 3096 2387 ascendere,
3124 2319 3409 2387 tantaeque
3430 2320 3673 2386 potesta-

2020 2408 2100 2465 tis
2124 2408 2349 2465 culmen
2376 2408 2632 2478 arripere
2661 2415 2720 2477 νς
2748 2407 2864 2463 imo
2890 2420 2991 2462 nec
3020 2411 3143 2461 erat
3174 2404 3467 2476 possibile.
3498 2407 3669 2461 Nun—

2022 2498 2158 2570 quid
2190 2497 2449 2554 Marinus
2479 2510 2621 2568 papa
2659 2496 2819 2553 dedit
2847 2496 2993 2568 quod
3037 2509 3150 2551 non
3182 2494 3434 2550 habuit?
3455 2493 3672 2549 Habuit

2023 2633 2034 2645 .
2082 2631 2095 2643 .
2143 2631 2156 2644 .
2202 2631 2214 2643 .
2261 2631 2272 2642 .
2307 2593 2480 2659 certe,
2508 2593 2564 2644 et
2591 2587 2770 2644 dedit.
2794 2587 2937 2657 Quis
2962 2586 3115 2641 enim
3150 2588 3335 2654 potest
3360 2585 3499 2641 dare
3516 2583 3667 2654 quod

2020 2691 2130 2735 non
2161 2676 2375 2733 habet?
2394 2676 2658 2732 Cerensis
2676 2684 2716 2746 ε,
2741 2688 2985 2746 namque
3015 2674 3322 2744 episcOpus
3345 2670 3459 2729 fuit
3485 2685 3673 2731 unuse

2019 2781 2089 2824 ex
2114 2770 2349 2837 septem,
2377 2765 2530 2821 sicut
2548 2767 2874 2834 Formosus,
2900 2764 2995 2819 sed
3018 2777 3086 2818 ex
3107 2761 3455 2818 Forensibus
3479 2775 3631 2817 unus
3656 2778 3672 2831 ;

2019 2854 2300 2913 utilitatis
2318 2860 2503 2911 tamen
2524 2868 2696 2912 causa
2713 2858 2770 2909 et
2790 2853 3169 2910 necessitatis.
3190 2854 3313 2907 Non
3333 2850 3606 2922 superbia
3618 2874 3671 2921 ιι,

2018 2947 2115 3002 sed
2137 2944 2507 3001 advocatione
2531 2948 2589 3000 et
2622 2944 2900 3000 electione
2929 2955 2961 2984 ν
2986 2942 3186 3013 populi
3217 2941 3482 3010 Romani,
3518 2940 3672 2996 sicut

248 3034 494 3103 putatus
519 3030 653 3087 est?
679 3031 902 3087 Etenim
928 3031 1297 3088 Marcellinus
1330 3045 1492 3101 papa,
1526 3030 1799 3087 licetdiis
1827 3044 1913 3088 sa.
1937 3017 1987 3080 Ο
2018 3034 2340 3103 Formdsus,
2374 3036 2461 3088 est
2515 3033 2574 3088 in
2601 3036 2795 3087 sancta
2825 3031 3140 3102 apostolica
3190 3031 3321 3086 sede
3374 3028 3675 3085 inthroni-

246 3121 586 3191 crificasset,
639 3125 886 3177 tamena
941 3120 1166 3176 nemine
1223 3119 1338 3176 fuit
1379 3120 1710 3189 judicatus;
1772 3119 1910 3191 quia

248 3224 515 3267 summus
544 3208 850 3280 pontifexs
897 3208 1055 3266 nefas
1089 3212 1178 3265 est
1226 3223 1260 3265 a
1308 3222 1595 3279 quoquam
1629 3208 1903 3278 judicari.

246 3300 427 3355 Nemo
452 3299 606 3353 enim
655 3296 922 3369 potest(h
951 3311 1123 3368 supra
1172 3298 1451 3367 scriptum
1494 3296 1612 3369 est)
1659 3297 1911 3352 humano

248 3387 657 3456 condempnari
705 3387 984 3459 examine,
1013 3401 1181 3458 quem
1209 3388 1361 3443 Deus
1401 3400 1506 3442 suo
1536 3386 1782 3441 servavit
1805 3386 1912 3455 ju—

246 3476 430 3532 dicio.
477 3476 617 3546 Quae
644 3490 732 3533 res
760 3476 901 3532 adeo
929 3476 1112 3532 valuit
1138 3473 1171 3546 ί,
1216 3479 1281 3532 ut
1312 3490 1422 3532 non
1453 3474 1639 3531 solum
1672 3488 1783 3530 non
1803 3474 1911 3544 ju-

248 3565 541 3636 dicentur,
610 3566 706 3621 sed
756 3565 927 3620 etiam
971 3564 1172 3621 acerba
1201 3569 1258 3620 et
1307 3563 1537 3635 publica
1594 3563 1905 3620 seditionei

249 3653 829 3724 comprehendantur.
863 3653 1171 3709 Veniamus
1202 3666 1355 3709 nunc
1384 3653 1453 3709 ad
1482 3652 1906 3709 ordinationem

248 3744 511 3800 Formosi
546 3757 718 3813 papae,
751 3756 784 3798 a
810 3757 922 3814 quo
954 3742 1112 3799 fandi
1140 3747 1225 3799 est
1252 3743 1486 3799 initium
1521 3744 1709 3798 ortum
1734 3758 1748 3795 :
1773 3754 1910 3812 quo-

249 3834 411 3889 niam
448 3831 737 3902 nonnulli,
771 3832 924 3888 sicut
948 3832 1006 3887 in
1034 3832 1283 3888 decretis
1312 3832 1493 3887 Hilari
1517 3830 1547 3871 k
1580 3844 1735 3901 papae
1758 3830 1910 3902 legi-

252 3927 367 3991 tur,
406 3922 821 3993 episcopatum,
852 3936 964 3977 non
989 3921 1273 3989 divinum,
1303 3921 1397 3977 sed
1429 3920 1784 3977 hmreditatis
1811 3934 1909 3990 pu-

251 4015 379 4067 tant
407 4010 560 4067 lesse
580 4011 998 4081 compendium.
1020 4011 1163 4067 Hinc
1180 4015 1267 4066 est
1288 4014 1583 4080 propterea
1608 4010 1755 4082 quod
1776 4014 1911 4066 tem-

251 4101 519 4171 perantia
548 4100 957 4156 moderaminis
984 4100 1267 4171 proditur,
1293 4100 1547 4155 charitas
1570 4100 1905 4171 negligitur,

251 4191 454 4247 tunica
487 4189 588 4246 illa
616 4190 864 4261 desuper
887 4194 1069 4246 totum
1095 4194 1358 4246 contexta
1388 4189 1697 4257 scinditur.
1748 4190 1914 4246 male-

250 4295 363 4352 que
409 4279 636 4351 sortita,
671 4280 983 4350 perniciter
1015 4279 1445 4349 disrumpitur;
1494 4292 1560 4334 ac
1590 4284 1782 4348 pastor
1806 4280 1908 4349 qui

2020 3125 2200 3177 zatus.
2233 3120 2381 3189 Quid
2412 3133 2565 3192 ergo,
2600 3133 2633 3175 ο
2658 3120 2851 3188 Roma,
2886 3118 3100 3175 asseris
3125 3119 3197 3174 de
3222 3118 3445 3173 Marino
3462 3117 3491 3171 τ
3517 3118 3677 3172 Nun-

2020 3208 2160 3280 quid
2186 3208 2257 3263 de
2281 3207 2382 3264 illo
2407 3207 2496 3263 vis
2518 3208 2709 3263 dicere
2729 3208 2757 3261 ?
2784 3227 2810 3259 «
2832 3206 2991 3262 Nihil
3010 3206 3234 3276 habuit,
3264 3204 3414 3260 nihil
3440 3203 3670 3260 dedit.»

2017 3298 2319 3353 Enimvero
2347 3296 2592 3352 multum
2618 3295 2842 3364 habuit,
2895 3296 3140 3351 multum
3171 3295 3347 3351 dedit.
3400 3295 3469 3349 Et
3505 3293 3672 3363 juxta

2017 3386 2294 3442 Veritatis
2322 3399 2511 3442 vocem
2537 3403 2549 3439 :
2595 3384 2754 3439 Omni
2803 3385 3024 3438 habenti
3052 3384 3298 3444 dabitur,
3327 3387 3379 3436 et
3410 3381 3672 3436 abunda—

2021 3476 2132 3546 bit;
2167 3478 2263 3546 qui
2281 3479 2461 3529 autem
2488 3490 2599 3529 non
2622 3474 2801 3537 habet,
2825 3475 3006 3543 ipsum
3033 3472 3181 3542 quod
3196 3471 3415 3525 videtur
3448 3470 3666 3532 habere,

2017 3568 2301 3634 auferetur
2323 3565 2392 3619 ab
2412 3580 2470 3619 eo
2500 3575 2530 3605 κ
2563 3605 2576 3617 .
2604 3562 2825 3633 Objicis
2850 3560 3108 3628 fortasse,
3151 3559 3415 3616 etdicis:
3453 3579 3480 3611 α
3504 3558 3673 3615 Mari-

2018 3669 2127 3712 nus
2158 3668 2269 3711 non
2302 3652 2415 3711 fuit
2438 3652 2743 3723 episcopus
2761 3651 2789 3705 ?
2817 3669 2843 3701 »
2872 3652 3069 3706 Nonne
3094 3651 3338 3705 Joannes
3369 3661 3513 3719 papa
3536 3661 3666 3703 eum

2017 3742 2359 3801 ordinavit?
2380 3743 2489 3812 Qui
2518 3741 2771 3811 Italiam,
2787 3739 3151 3797 Germaniam
3176 3743 3233 3795 et
3254 3737 3500 3793 Galliam
3534 3750 3675 3807 per-—

2016 3834 2279 3906 agravit;
2336 3835 2391 3888 et
2446 3845 2511 3887 ea
2565 3845 2691 3902 quae
2737 3844 2907 3901 prava
2956 3834 3013 3884 et
3044 3828 3199 3884 invia
3249 3832 3422 3898 atque
3465 3838 3668 3897 aspera

2017 3928 2197 3993 erant,
2224 3922 2492 3992 correxit,
2532 3921 2717 3976 erexit
2745 3924 2801 3976 et
2828 3918 3082 3988 direxit;
3115 3921 3171 3973 et
3202 3923 3517 3987 utrumque
3566 3915 3674 3970 Ka-

2020 4013 2227 4083 rolum,
2257 4010 2567 4078 Gallicum,
2593 4014 2650 4065 et
2673 4007 3097 4077 Germanicum,
3123 4004 3542 4078 Augustalibus
3572 4016 3663 4059 co-

2021 4101 2180 4157 ronis
2227 4099 2532 4155 constituit
2553 4112 2584 4154 y
2606 4103 2663 4154 et
2686 4097 2995 4153 redimivit.
3020 4096 3078 4150 Si
3094 4096 3331 4152 Joannis
3343 4093 3660 4150 ordinatio-

2022 4204 2146 4246 nem
2162 4188 2716 4245 etconsecrationem
2731 4193 2774 4257 ε,
2796 4200 2966 4256 quam
2981 4199 3079 4255 per
3089 4198 3271 4239 annos
3285 4183 3343 4237 ni
3359 4181 3636 4239 fallimur.
3650 4222 3661 4234 .

2023 4279 2081 4335 in
2100 4278 2489 4336 sacratissima
2511 4276 2661 4333 beati
2686 4275 2836 4331 Petri
2852 4276 2981 4330 sede
2994 4274 3266 4344 pilleatus
3289 4271 3551 4343 resplend
3562 4271 3669 4340 uit,

252 4370 592 4441 putabatur,
626 4370 686 4424 in
726 4369 926 4440 lupum
970 4369 1233 4425 vertitur.
1280 4370 1396 4424 Hoc
1426 4383 1537 4425 non
1578 4366 1715 4425 fecit
1746 4382 1889 4440 papa
1936 4371 1992 4433 D
2020 4370 2156 4427 etin
2190 4368 2372 4425 sacris
2414 4365 2722 4423 ordinibus
2763 4362 3080 4434 apostolico
3127 4360 3319 4417 favore
3347 4359 3677 4416 coruscavit

318 4483 344 4518 a
378 4470 525 4538 Lege
553 4468 760 4523 dictum
783 4474 878 4523 est.

321 4548 354 4590 b
374 4539 643 4617 Tbusque
662 4549 982 4605 admonitio
1002 4551 1087 4604 est
1099 4548 1500 4605 continuandae
1515 4547 1905 4605 allocutionis.

250 4621 481 4691 Integra
505 4618 675 4692 verba
689 4622 821 4675 Jesu
841 4620 1082 4692 Christi,
1113 4634 1182 4676 ex
1200 4620 1505 4691 Evangelio
1524 4621 1908 4690 depromenda

252 4690 414 4759 sunt,
446 4691 645 4746 Matth.
684 4705 802 4760 xvr,
834 4705 889 4745 v.
922 4690 1005 4747 48.

323 4775 350 4805 c
377 4763 611 4832 Supple,
658 4763 709 4818 si
740 4763 940 4833 placet,
968 4779 1085 4832 per.

320 4833 348 4870 ἀ
371 4833 780 4904 Supplevimus
809 4840 869 4889 ut
898 4840 1028 4891 ante
1053 4839 1120 4889 et.

320 4906 682 4989 onm._mp.
719 4920 831 4989 xiv,
862 4920 916 4989 γ.
948 4904 1141 4989 ill-.13.

326 4977 346 5015 ι
383 4976 730 5047 Anastasius
757 4980 823 5046 II,
872 4978 931 5032 in
962 4976 1206 5047 epistola
1254 4977 1323 5033 ad
1371 4976 1741 5033 Anastasium
1783 4976 1911 5047 Au-

252 5054 514 5119 gustum,
548 5061 669 5117 cap.
708 5046 757 5117 1,
788 5046 1179 5104 Conciliorum
1206 5048 1358 5103 Binii
1384 5053 1517 5105 tom.
1548 5050 1616 5119 II,
1645 5049 1752 5105 col.
1780 5046 1905 5105 270.

252 5119 453 5175 Editio
471 5120 655 5175 variat
677 5119 735 5174 in
761 5119 961 5175 multis
989 5133 1118 5175 cum
1150 5123 1345 5176 nostro
1370 5120 1583 5176 codice.
1612 5123 1726 5177 Nos
1756 5136 1911 5177 nun—

251 5195 345 5274 cta
375 5190 699 5272 adj'ecimus
720 5190 819 5246 ubi
852 5190 1169 5246 auctoritas
1192 5205 1387 5248 manca
1416 5192 1704 5263 profertur
1724 5190 1795 5248 ab
1815 5205 1912 5249 an-

252 5267 540 5333 tiquario.

326 5346 355 5384 s
386 5334 529 5403 Lege
549 5347 818 5386 summum
836 5335 1162 5403 pontiﬁcem.

325 5405 353 5443 ιι
382 5404 715 5473 Supplerem
748 5409 825 5458 ut.

328 5476 342 5513 ί
370 5475 533 5539 Cod.,
565 5475 759 5537 voluit,
786 5477 1074 5533 mendose.

327 5544 350 5598 ,ἱ
387 5546 592 5602 Nescio
622 5559 696 5601 an
725 5546 803 5603 sit
832 5547 1156 5604 addendum
1181 5564 1308 5602 non.

332 5616 367 5657 k
394 5617 554 5687 Cod.,
590 5618 877 5691 mendose,
907 5621 1071 5674 Ilarii
1101 5634 1202 5690 pro
1230 5621 1432 5674 Hilari.

2090 4476 2103 4512 ι
2129 4475 2289 4545 Cod.,
2316 4479 2573 4545 putatur.

2092 4556 2133 4582 τη
2152 4544 2405 4618 Οοιιέξηὶ
2425 4548 2566 4600 enim
2586 4544 2922 4618 imperatori.

2092 4632 2117 4658 ιι
2163 4610 2374 4687 Supple
2406 4632 2535 4679 non,
2582 4610 2676 4671 vel
2698 4615 2841 4670 adde
2872 4615 3147 4684 punctum
3199 4610 3674 4682 interregationis

2023 4694 2150 4761 post
2177 4690 2455 4743 valuisset.

2090 4768 2115 4795 ο
2142 4759 2304 4815 Cod..
2338 4761 2510 4815 emiait

2189 4774 2304 4822 00.,
2338 4774 2526 4822 emtgzt.

2090 4776 2705 4886 piliglofcfilgzidetur
2757 4828 3084 4884 mendosus.
3142 4828 3308 4884 Forte
3342 4826 3670 4900 legendum,

2022 4904 2365 4973 declaretur;
2397 4906 2453 4957 et
2485 4899 2655 4969 infra,
2689 4900 2836 4969 quod
2855 4901 3081 4969 accepit.

2091 4988 2120 5030 q
2144 4974 2278 5031 Cod.
2313 4973 2599 5040 mendose,
2623 4976 2869 5042 propter.

2091 5055 2112 5082 ¹¹
2141 5046 2299 5115 Cod.,
2328 5045 2576 5114 culpnem
2605 5046 2831 5113 eripere.

2090 5128 2111 5156 ³
2134 5119 2275 5188 Lege
2306 5116 2587 5171 Caerensis.

2095 5185 2580 5259 tCod.,mnunus,
2637 5185 2842 5259 Nescio
2898 5199 2969 5242 an
3036 5185 3335 5259 legendum
3387 5186 3666 5246 minimus,

2020 5263 2105 5319 vel
2139 5276 2301 5322 unus,
2330 5264 2396 5315 ut
2421 5259 2786 5328 reposuimus
2823 5258 2881 5314 in
2914 5263 3092 5316 textu.

2091 5346 2120 5375 ιι
2143 5332 2303 5403 Cod.,
2328 5332 2574 5400 superbe.

2091 5414 2122 5441 ν
2144 5403 2303 5470 Cod.,
2328 5404 2595 5457 electione.

2093 5488 2119 5518 κ
2146 5475 2346 5530 Matth.
2375 5488 2511 5544 xxv,
2539 5488 2593 5529 v.
2635 5472 2723 5531 29.

2089 5546 2311 5689 ἶὲἓίῗίξ
2339 5550 2634 5685 ῖῗιῗξϐῐξξίοδθ,
2680 5615 2952 5667 ordinatio
2991 5617 3041 5666 et
3083 5608 3430 5671 consecratio,
3473 5622 3663 5677 quam.
