  <div class='ocr_page' id='page_1' title='image "/cluster/home/n/w/nwhite01/storage/ocr_20150623/129/hvd.32044054759907/421.png"; bbox 0 0 4060 6150; ppageno 0'>
   <div class='ocr_carea' id='block_1_1' title="bbox 474 275 573 334">
    <p class='ocr_par' dir='ltr' id='par_1_1' title="bbox 474 275 573 334">
     <span class='ocr_line' id='line_1_1' title="bbox 474 275 573 334; baseline -0.01 0"><span class='ocrx_word' id='word_1_1' title='bbox 474 275 573 334; x_wconf 78' lang='grc'><strong>834</strong></span> 
     </span>
    </p>
   </div>
   <div class='ocr_carea' id='block_1_2' title="bbox 1864 271 2120 346">
    <p class='ocr_par' dir='ltr' id='par_1_2' title="bbox 1864 271 2120 330">
     <span class='ocr_line' id='line_1_2' title="bbox 1864 271 2120 330; baseline 0.004 -3"><span class='ocrx_word' id='word_1_2' title='bbox 1864 271 2120 330; x_wconf 77' lang='lat' dir='ltr'><strong>FORMOi</strong></span> 
     </span>
    </p>
   </div>
   <div class='ocr_carea' id='block_1_3' title="bbox 2231 271 3795 346">
    <p class='ocr_par' dir='ltr' id='par_1_3' title="bbox 2231 271 3795 346">
     <span class='ocr_line' id='line_1_3' title="bbox 2231 271 3795 346; baseline 0.003 -23"><span class='ocrx_word' id='word_1_3' title='bbox 2231 273 2236 323; x_wconf 71' lang='grc' dir='ltr'>ι</span> <span class='ocrx_word' id='word_1_4' title='bbox 2272 271 2468 329; x_wconf 80' lang='grc' dir='ltr'><strong>ΡΑΡΑ.</strong></span> <span class='ocrx_word' id='word_1_5' title='bbox 3712 286 3795 346; x_wconf 72' lang='lat'><strong>332</strong></span> 
     </span>
    </p>
   </div>
   <div class='ocr_carea' id='block_1_4' title="bbox 479 396 3792 479">
    <p class='ocr_par' dir='ltr' id='par_1_4' title="bbox 479 396 3792 479">
     <span class='ocr_line' id='line_1_4' title="bbox 479 396 3792 479; baseline 0.001 -20"><span class='ocrx_word' id='word_1_6' title='bbox 479 402 705 459; x_wconf 88' lang='lat' dir='ltr'><strong>irritam</strong></span> <span class='ocrx_word' id='word_1_7' title='bbox 736 400 878 457; x_wconf 91' lang='lat' dir='ltr'><strong>facis</strong></span> <span class='ocrx_word' id='word_1_8' title='bbox 904 412 946 473; x_wconf 79' lang='grc' dir='ltr'><strong>ι,</strong></span> <span class='ocrx_word' id='word_1_9' title='bbox 980 399 1202 456; x_wconf 87' lang='lat' dir='ltr'><strong>similes</strong></span> <span class='ocrx_word' id='word_1_10' title='bbox 1229 402 1398 456; x_wconf 91' lang='lat' dir='ltr'><strong>erunt</strong></span> <span class='ocrx_word' id='word_1_11' title='bbox 1424 398 1715 468; x_wconf 82' lang='lat' dir='ltr'><strong>principes</strong></span> <span class='ocrx_word' id='word_1_12' title='bbox 1752 398 1861 470; x_wconf 92' lang='lat' dir='ltr'><strong>tui,</strong></span> <span class='ocrx_word' id='word_1_13' title='bbox 1907 397 2129 453; x_wconf 90' lang='lat' dir='ltr'><strong>Datban</strong></span> <span class='ocrx_word' id='word_1_14' title='bbox 2153 396 2208 457; x_wconf 92' lang='lat' dir='ltr'><strong>A</strong></span> <span class='ocrx_word' id='word_1_15' title='bbox 2238 396 2340 466; x_wconf 92' lang='lat' dir='ltr'><strong>vit,</strong></span> <span class='ocrx_word' id='word_1_16' title='bbox 2370 398 2521 455; x_wconf 90' lang='lat' dir='ltr'><strong>nihil</strong></span> <span class='ocrx_word' id='word_1_17' title='bbox 2555 398 2779 471; x_wconf 81' lang='lat' dir='ltr'><strong>habuit,</strong></span> <span class='ocrx_word' id='word_1_18' title='bbox 2813 400 2963 456; x_wconf 88' lang='lat' dir='ltr'><strong>nihil</strong></span> <span class='ocrx_word' id='word_1_19' title='bbox 2989 399 3165 457; x_wconf 83' lang='lat' dir='ltr'><strong>dedit.</strong></span> <span class='ocrx_word' id='word_1_20' title='bbox 3186 399 3432 457; x_wconf 86' lang='lat' dir='ltr'><strong>Marinus</strong></span> <span class='ocrx_word' id='word_1_21' title='bbox 3455 417 3653 476; x_wconf 92' lang='lat' dir='ltr'><strong>quoque</strong></span> <span class='ocrx_word' id='word_1_22' title='bbox 3670 422 3792 479; x_wconf 82' lang='lat' dir='ltr'><strong>papa,</strong></span> 
     </span>
    </p>
   </div>
   <div class='ocr_carea' id='block_1_5' title="bbox 477 488 2127 563">
    <p class='ocr_par' dir='ltr' id='par_1_5' title="bbox 477 488 2127 563">
     <span class='ocr_line' id='line_1_5' title="bbox 477 488 2127 563; baseline -0.005 -15"><span class='ocrx_word' id='word_1_23' title='bbox 477 497 534 548; x_wconf 91' lang='lat' dir='ltr'><strong>et</strong></span> <span class='ocrx_word' id='word_1_24' title='bbox 568 491 806 563; x_wconf 87' lang='lat' dir='ltr'><strong>Abiron,</strong></span> <span class='ocrx_word' id='word_1_25' title='bbox 836 504 1148 561; x_wconf 91' lang='lat' dir='ltr'><strong>eorumque</strong></span> <span class='ocrx_word' id='word_1_26' title='bbox 1186 488 1586 559; x_wconf 82' lang='lat' dir='ltr'><strong>complicibus,</strong></span> <span class='ocrx_word' id='word_1_27' title='bbox 1635 488 1735 557; x_wconf 90' lang='lat' dir='ltr'><strong>qui</strong></span> <span class='ocrx_word' id='word_1_28' title='bbox 1768 489 2127 541; x_wconf 74' lang='lat' dir='ltr'><strong>irritaverant</strong></span> 
     </span>
    </p>
   </div>
   <div class='ocr_carea' id='block_1_6' title="bbox 478 576 2125 650">
    <p class='ocr_par' dir='ltr' id='par_1_6' title="bbox 478 576 2125 650">
     <span class='ocr_line' id='line_1_6' title="bbox 478 576 2125 650; baseline -0.003 -14"><span class='ocrx_word' id='word_1_29' title='bbox 478 584 700 650; x_wconf 84' lang='lat' dir='ltr'><strong>Moysen</strong></span> <span class='ocrx_word' id='word_1_30' title='bbox 726 584 776 634; x_wconf 84' lang='lat' dir='ltr'><strong>et</strong></span> <span class='ocrx_word' id='word_1_31' title='bbox 806 580 998 634; x_wconf 86' lang='lat' dir='ltr'><strong>Aaron</strong></span> <span class='ocrx_word' id='word_1_32' title='bbox 1023 582 1083 632; x_wconf 79' lang='lat' dir='ltr'><strong>in</strong></span> <span class='ocrx_word' id='word_1_33' title='bbox 1105 581 1319 641; x_wconf 75' lang='lat' dir='ltr'><strong>castris,</strong></span> <span class='ocrx_word' id='word_1_34' title='bbox 1348 580 1408 631; x_wconf 76' lang='lat' dir='ltr'><strong>in</strong></span> <span class='ocrx_word' id='word_1_35' title='bbox 1435 582 1685 631; x_wconf 83' lang='lat' dir='ltr'><strong>sanctum</strong></span> <span class='ocrx_word' id='word_1_36' title='bbox 1718 579 1936 631; x_wconf 82' lang='lat' dir='ltr'><strong>Domini</strong></span> <span class='ocrx_word' id='word_1_37' title='bbox 1959 576 2125 631; x_wconf 91' lang='lat' dir='ltr'><strong>ideo—</strong></span> 
     </span>
    </p>
   </div>
   <div class='ocr_carea' id='block_1_7' title="bbox 479 664 2126 740">
    <p class='ocr_par' dir='ltr' id='par_1_7' title="bbox 479 664 2126 740">
     <span class='ocr_line' id='line_1_7' title="bbox 479 664 2126 740; baseline -0.005 -14"><span class='ocrx_word' id='word_1_38' title='bbox 479 683 589 740; x_wconf 90' lang='lat' dir='ltr'><strong>que</strong></span> <span class='ocrx_word' id='word_1_39' title='bbox 613 674 803 740; x_wconf 79' lang='lat' dir='ltr'><strong>aperta</strong></span> <span class='ocrx_word' id='word_1_40' title='bbox 855 673 933 723; x_wconf 82' lang='lat' dir='ltr'><strong>est</strong></span> <span class='ocrx_word' id='word_1_41' title='bbox 958 673 1127 731; x_wconf 75' lang='lat' dir='ltr'><strong>terra,</strong></span> <span class='ocrx_word' id='word_1_42' title='bbox 1181 674 1232 722; x_wconf 80' lang='lat' dir='ltr'><strong>et</strong></span> <span class='ocrx_word' id='word_1_43' title='bbox 1270 664 1606 735; x_wconf 64' lang='lat' dir='ltr'><strong>dealutim&#39;tb</strong></span> <span class='ocrx_word' id='word_1_44' title='bbox 1637 667 1854 722; x_wconf 85' lang='lat' dir='ltr'><strong>Dathan</strong></span> <span class='ocrx_word' id='word_1_45' title='bbox 1898 670 1949 719; x_wconf 85' lang='lat' dir='ltr'><strong>et</strong></span> <span class='ocrx_word' id='word_1_46' title='bbox 1975 665 2126 719; x_wconf 83' lang='lat' dir='ltr'><strong>Abi-</strong></span> 
     </span>
    </p>
   </div>
   <div class='ocr_carea' id='block_1_8' title="bbox 475 755 2118 829">
    <p class='ocr_par' dir='ltr' id='par_1_8' title="bbox 475 755 2118 829">
     <span class='ocr_line' id='line_1_8' title="bbox 475 755 2118 829; baseline -0.002 -16"><span class='ocrx_word' id='word_1_47' title='bbox 475 769 621 813; x_wconf 77' lang='lat' dir='ltr'><strong>ronc</strong></span> <span class='ocrx_word' id='word_1_48' title='bbox 655 776 670 825; x_wconf 72' lang='grc' dir='ltr'>ς</span> <span class='ocrx_word' id='word_1_49' title='bbox 699 758 747 814; x_wconf 90' lang='lat' dir='ltr'><strong>si</strong></span> <span class='ocrx_word' id='word_1_50' title='bbox 774 757 1004 829; x_wconf 89' lang='lat' dir='ltr'><strong>quidem</strong></span> <span class='ocrx_word' id='word_1_51' title='bbox 1046 757 1464 813; x_wconf 89' lang='lat' dir='ltr'><strong>descenderunt</strong></span> <span class='ocrx_word' id='word_1_52' title='bbox 1492 758 1561 814; x_wconf 90' lang='lat' dir='ltr'><strong>ad</strong></span> <span class='ocrx_word' id='word_1_53' title='bbox 1592 755 1815 813; x_wconf 89' lang='lat' dir='ltr'><strong>inferna</strong></span> <span class='ocrx_word' id='word_1_54' title='bbox 1848 756 2118 812; x_wconf 83' lang='lat' dir='ltr'><strong>viventes.</strong></span> 
     </span>
    </p>
   </div>
   <div class='ocr_carea' id='block_1_9' title="bbox 475 844 2126 919">
    <p class='ocr_par' dir='ltr' id='par_1_9' title="bbox 475 844 2126 919">
     <span class='ocr_line' id='line_1_9' title="bbox 475 844 2126 919; baseline -0.004 -14"><span class='ocrx_word' id='word_1_55' title='bbox 475 847 779 919; x_wconf 84' lang='lat' dir='ltr'><strong>Quoniam,</strong></span> <span class='ocrx_word' id='word_1_56' title='bbox 812 847 966 902; x_wconf 85' lang='lat' dir='ltr'><strong>sicut</strong></span> <span class='ocrx_word' id='word_1_57' title='bbox 996 845 1085 900; x_wconf 89' lang='lat' dir='ltr'><strong>illi</strong></span> <span class='ocrx_word' id='word_1_58' title='bbox 1116 852 1618 903; x_wconf 90' lang='lat' dir='ltr'><strong>murmuraverunt</strong></span> <span class='ocrx_word' id='word_1_59' title='bbox 1642 847 1915 903; x_wconf 90' lang='lat' dir='ltr'><strong>adversus</strong></span> <span class='ocrx_word' id='word_1_60' title='bbox 1936 844 2126 901; x_wconf 88' lang='lat' dir='ltr'><strong>Domi-</strong></span> 
     </span>
    </p>
   </div>
   <div class='ocr_carea' id='block_1_10' title="bbox 478 934 2126 1006">
    <p class='ocr_par' dir='ltr' id='par_1_10' title="bbox 478 934 2126 1006">
     <span class='ocr_line' id='line_1_10' title="bbox 478 934 2126 1006; baseline -0.004 -11"><span class='ocrx_word' id='word_1_61' title='bbox 478 951 615 995; x_wconf 91' lang='lat' dir='ltr'><strong>num</strong></span> <span class='ocrx_word' id='word_1_62' title='bbox 637 937 974 993; x_wconf 91' lang='lat' dir='ltr'><strong>etadversus</strong></span> <span class='ocrx_word' id='word_1_63' title='bbox 990 934 1280 1006; x_wconf 83' lang='lat' dir='ltr'><strong>principes</strong></span> <span class='ocrx_word' id='word_1_64' title='bbox 1304 950 1448 1006; x_wconf 89' lang='lat' dir='ltr'><strong>quos</strong></span> <span class='ocrx_word' id='word_1_65' title='bbox 1458 936 1544 991; x_wconf 93' lang='lat' dir='ltr'><strong>eis</strong></span> <span class='ocrx_word' id='word_1_66' title='bbox 1558 935 1955 1005; x_wconf 85' lang='lat' dir='ltr'><strong>constituerat,</strong></span> <span class='ocrx_word' id='word_1_67' title='bbox 1979 934 2126 989; x_wconf 88' lang='lat' dir='ltr'><strong>itaet</strong></span> 
     </span>
    </p>
   </div>
   <div class='ocr_carea' id='block_1_11' title="bbox 479 1024 2123 1083">
    <p class='ocr_par' dir='ltr' id='par_1_11' title="bbox 479 1024 2123 1083">
     <span class='ocr_line' id='line_1_11' title="bbox 479 1024 2123 1083; baseline -0.004 0"><span class='ocrx_word' id='word_1_68' title='bbox 479 1031 542 1083; x_wconf 87' lang='lat' dir='ltr'><strong>tu</strong></span> <span class='ocrx_word' id='word_1_69' title='bbox 557 1038 881 1083; x_wconf 90' lang='lat' dir='ltr'><strong>murmuras</strong></span> <span class='ocrx_word' id='word_1_70' title='bbox 892 1028 1087 1080; x_wconf 89' lang='lat' dir='ltr'><strong>contra</strong></span> <span class='ocrx_word' id='word_1_71' title='bbox 1100 1024 1403 1080; x_wconf 90' lang='lat' dir='ltr'><strong>Dominum</strong></span> <span class='ocrx_word' id='word_1_72' title='bbox 1422 1029 1478 1080; x_wconf 69' lang='lat' dir='ltr'><strong>6t</strong></span> <span class='ocrx_word' id='word_1_73' title='bbox 1490 1024 1833 1081; x_wconf 70' lang='lat' dir='ltr'><strong>salvatorem</strong></span> <span class='ocrx_word' id='word_1_74' title='bbox 1865 1027 2123 1079; x_wconf 89' lang='lat' dir='ltr'><strong>nostrum</strong></span> 
     </span>
    </p>
   </div>
   <div class='ocr_carea' id='block_1_12' title="bbox 474 1112 2124 1185">
    <p class='ocr_par' dir='ltr' id='par_1_12' title="bbox 474 1112 2124 1185">
     <span class='ocr_line' id='line_1_12' title="bbox 474 1112 2124 1185; baseline -0.003 -15"><span class='ocrx_word' id='word_1_75' title='bbox 474 1117 664 1172; x_wconf 90' lang='lat' dir='ltr'><strong>Jesum</strong></span> <span class='ocrx_word' id='word_1_76' title='bbox 694 1114 1008 1185; x_wconf 86' lang='lat' dir='ltr'><strong>Christum,</strong></span> <span class='ocrx_word' id='word_1_77' title='bbox 1056 1112 1319 1182; x_wconf 91' lang='lat' dir='ltr'><strong>quicum</strong></span> <span class='ocrx_word' id='word_1_78' title='bbox 1367 1114 1528 1170; x_wconf 88' lang='lat' dir='ltr'><strong>Patre</strong></span> <span class='ocrx_word' id='word_1_79' title='bbox 1555 1118 1612 1169; x_wconf 90' lang='lat' dir='ltr'><strong>et</strong></span> <span class='ocrx_word' id='word_1_80' title='bbox 1656 1112 1880 1183; x_wconf 88' lang='lat' dir='ltr'><strong>Spiritu</strong></span> <span class='ocrx_word' id='word_1_81' title='bbox 1927 1115 2124 1167; x_wconf 90' lang='lat' dir='ltr'><strong>sancto</strong></span> 
     </span>
    </p>
   </div>
   <div class='ocr_carea' id='block_1_13' title="bbox 479 1200 2117 1273">
    <p class='ocr_par' dir='ltr' id='par_1_13' title="bbox 479 1200 2117 1273">
     <span class='ocr_line' id='line_1_13' title="bbox 479 1200 2117 1273; baseline -0.004 -12"><span class='ocrx_word' id='word_1_82' title='bbox 479 1218 631 1261; x_wconf 90' lang='lat' dir='ltr'><strong>unus</strong></span> <span class='ocrx_word' id='word_1_83' title='bbox 659 1208 716 1260; x_wconf 91' lang='lat' dir='ltr'><strong>et</strong></span> <span class='ocrx_word' id='word_1_84' title='bbox 761 1216 929 1259; x_wconf 91' lang='lat' dir='ltr'><strong>verus</strong></span> <span class='ocrx_word' id='word_1_85' title='bbox 957 1204 1109 1259; x_wconf 92' lang='lat' dir='ltr'><strong>Deus</strong></span> <span class='ocrx_word' id='word_1_86' title='bbox 1155 1208 1261 1272; x_wconf 87' lang='lat' dir='ltr'><strong>est,</strong></span> <span class='ocrx_word' id='word_1_87' title='bbox 1312 1207 1369 1258; x_wconf 93' lang='lat' dir='ltr'><strong>et</strong></span> <span class='ocrx_word' id='word_1_88' title='bbox 1409 1206 1606 1259; x_wconf 90' lang='lat' dir='ltr'><strong>contra</strong></span> <span class='ocrx_word' id='word_1_89' title='bbox 1636 1200 1923 1273; x_wconf 88' lang='lat' dir='ltr'><strong>apostolos</strong></span> <span class='ocrx_word' id='word_1_90' title='bbox 1974 1200 2117 1271; x_wconf 90' lang='lat' dir='ltr'><strong>ejus,</strong></span> 
     </span>
    </p>
   </div>
   <div class='ocr_carea' id='block_1_14' title="bbox 477 1288 2121 1365">
    <p class='ocr_par' dir='ltr' id='par_1_14' title="bbox 477 1288 2121 1365">
     <span class='ocr_line' id='line_1_14' title="bbox 477 1288 2121 1365; baseline -0.004 -16"><span class='ocrx_word' id='word_1_91' title='bbox 477 1292 691 1365; x_wconf 89' lang='lat' dir='ltr'><strong>quibus</strong></span> <span class='ocrx_word' id='word_1_92' title='bbox 731 1290 802 1347; x_wconf 92' lang='lat' dir='ltr'><strong>ab</strong></span> <span class='ocrx_word' id='word_1_93' title='bbox 852 1304 918 1346; x_wconf 94' lang='lat' dir='ltr'><strong>eo</strong></span> <span class='ocrx_word' id='word_1_94' title='bbox 962 1290 1181 1363; x_wconf 82' lang='lat' dir='ltr'><strong>ligandi</strong></span> <span class='ocrx_word' id='word_1_95' title='bbox 1221 1295 1393 1362; x_wconf 91' lang='lat' dir='ltr'><strong>atque</strong></span> <span class='ocrx_word' id='word_1_96' title='bbox 1418 1291 1675 1347; x_wconf 90' lang='lat' dir='ltr'><strong>solvendi</strong></span> <span class='ocrx_word' id='word_1_97' title='bbox 1709 1290 1767 1345; x_wconf 93' lang='lat' dir='ltr'><strong>in</strong></span> <span class='ocrx_word' id='word_1_98' title='bbox 1794 1290 1935 1348; x_wconf 74' lang='lat' dir='ltr'><strong>coelo</strong></span> <span class='ocrx_word' id='word_1_99' title='bbox 1976 1293 2032 1344; x_wconf 92' lang='lat' dir='ltr'><strong>et</strong></span> <span class='ocrx_word' id='word_1_100' title='bbox 2061 1288 2121 1343; x_wconf 91' lang='lat' dir='ltr'><strong>in</strong></span> 
     </span>
    </p>
   </div>
   <div class='ocr_carea' id='block_1_15' title="bbox 478 1379 2121 1451">
    <p class='ocr_par' dir='ltr' id='par_1_15' title="bbox 478 1379 2121 1451">
     <span class='ocr_line' id='line_1_15' title="bbox 478 1379 2121 1451; baseline -0.004 -12"><span class='ocrx_word' id='word_1_101' title='bbox 478 1388 627 1439; x_wconf 89' lang='lat' dir='ltr'><strong>terra</strong></span> <span class='ocrx_word' id='word_1_102' title='bbox 657 1394 927 1438; x_wconf 60' lang='lat' dir='ltr'><strong>concessa</strong></span> <span class='ocrx_word' id='word_1_103' title='bbox 958 1386 1044 1437; x_wconf 88' lang='lat' dir='ltr'><strong>est</strong></span> <span class='ocrx_word' id='word_1_104' title='bbox 1074 1385 1341 1451; x_wconf 88' lang='lat' dir='ltr'><strong>potestas.</strong></span> <span class='ocrx_word' id='word_1_105' title='bbox 1385 1383 1489 1435; x_wconf 85' lang='lat' dir='ltr'><strong>Per</strong></span> <span class='ocrx_word' id='word_1_106' title='bbox 1519 1386 1586 1444; x_wconf 84' lang='lat' dir='ltr'><strong>te,</strong></span> <span class='ocrx_word' id='word_1_107' title='bbox 1621 1380 1821 1447; x_wconf 79' lang='lat' dir='ltr'><strong>inquit</strong></span> <span class='ocrx_word' id='word_1_108' title='bbox 1841 1379 2121 1434; x_wconf 90' lang='lat' dir='ltr'><strong>Dominus</strong></span> 
     </span>
    </p>
   </div>
   <div class='ocr_carea' id='block_1_16' title="bbox 476 1469 2126 1544">
    <p class='ocr_par' dir='ltr' id='par_1_16' title="bbox 476 1469 2126 1544">
     <span class='ocr_line' id='line_1_16' title="bbox 476 1469 2126 1544; baseline -0.005 -16"><span class='ocrx_word' id='word_1_109' title='bbox 476 1486 574 1544; x_wconf 87' lang='lat' dir='ltr'><strong>per</strong></span> <span class='ocrx_word' id='word_1_110' title='bbox 595 1470 945 1542; x_wconf 82' lang='lat' dir='ltr'><strong>prophetam.</strong></span> <span class='ocrx_word' id='word_1_111' title='bbox 976 1485 1168 1523; x_wconf 85' lang='lat' dir='ltr'><strong>nomen</strong></span> <span class='ocrx_word' id='word_1_112' title='bbox 1198 1486 1371 1524; x_wconf 84' lang='lat' dir='ltr'><strong>meum</strong></span> <span class='ocrx_word' id='word_1_113' title='bbox 1417 1470 1821 1539; x_wconf 81' lang='lat' dir='ltr'><strong>blasphematur</strong></span> <span class='ocrx_word' id='word_1_114' title='bbox 1844 1471 1902 1521; x_wconf 82' lang='lat' dir='ltr'><strong>in</strong></span> <span class='ocrx_word' id='word_1_115' title='bbox 1936 1469 2126 1535; x_wconf 83' lang='lat' dir='ltr'><strong>genti-—</strong></span> 
     </span>
    </p>
   </div>
   <div class='ocr_carea' id='block_1_17' title="bbox 476 1554 2124 1630">
    <p class='ocr_par' dir='ltr' id='par_1_17' title="bbox 476 1554 2124 1630">
     <span class='ocr_line' id='line_1_17' title="bbox 476 1554 2124 1630; baseline -0.003 -15"><span class='ocrx_word' id='word_1_116' title='bbox 476 1561 575 1615; x_wconf 86' lang='lat' dir='ltr'><strong>bus</strong></span> <span class='ocrx_word' id='word_1_117' title='bbox 596 1560 639 1614; x_wconf 73' lang='lat' dir='ltr'><strong>d.</strong></span> <span class='ocrx_word' id='word_1_118' title='bbox 664 1559 823 1615; x_wconf 88' lang='lat' dir='ltr'><strong>Unde</strong></span> <span class='ocrx_word' id='word_1_119' title='bbox 851 1558 1024 1615; x_wconf 91' lang='lat' dir='ltr'><strong>datur</strong></span> <span class='ocrx_word' id='word_1_120' title='bbox 1046 1558 1295 1630; x_wconf 83' lang='lat' dir='ltr'><strong>intelligi</strong></span> <span class='ocrx_word' id='word_1_121' title='bbox 1322 1558 1459 1629; x_wconf 91' lang='lat' dir='ltr'><strong>quia</strong></span> <span class='ocrx_word' id='word_1_122' title='bbox 1484 1558 1668 1614; x_wconf 90' lang='lat' dir='ltr'><strong>satius</strong></span> <span class='ocrx_word' id='word_1_123' title='bbox 1689 1562 1745 1613; x_wconf 91' lang='lat' dir='ltr'><strong>et</strong></span> <span class='ocrx_word' id='word_1_124' title='bbox 1768 1557 1963 1627; x_wconf 90' lang='lat' dir='ltr'><strong>aptius</strong></span> <span class='ocrx_word' id='word_1_125' title='bbox 1984 1554 2124 1611; x_wconf 86' lang='lat' dir='ltr'><strong>fuis-</strong></span> 
     </span>
    </p>
   </div>
   <div class='ocr_carea' id='block_1_18' title="bbox 475 1644 2126 1719">
    <p class='ocr_par' dir='ltr' id='par_1_18' title="bbox 475 1644 2126 1719">
     <span class='ocr_line' id='line_1_18' title="bbox 475 1644 2126 1719; baseline -0.004 -14"><span class='ocrx_word' id='word_1_126' title='bbox 475 1653 563 1705; x_wconf 86' lang='lat' dir='ltr'><strong>set</strong></span> <span class='ocrx_word' id='word_1_127' title='bbox 585 1647 734 1719; x_wconf 91' lang='lat' dir='ltr'><strong>apud</strong></span> <span class='ocrx_word' id='word_1_128' title='bbox 768 1661 1052 1704; x_wconf 87' lang='lat' dir='ltr'><strong>summum</strong></span> <span class='ocrx_word' id='word_1_129' title='bbox 1074 1646 1393 1719; x_wconf 85' lang='lat' dir='ltr'><strong>Arbitrum,</strong></span> <span class='ocrx_word' id='word_1_130' title='bbox 1417 1646 1861 1716; x_wconf 87' lang='lat' dir='ltr'><strong>Formosianam,</strong></span> <span class='ocrx_word' id='word_1_131' title='bbox 1892 1650 1956 1700; x_wconf 93' lang='lat' dir='ltr'><strong>ut</strong></span> <span class='ocrx_word' id='word_1_132' title='bbox 1979 1644 2126 1700; x_wconf 82' lang='lat' dir='ltr'><strong>dici-</strong></span> 
     </span>
    </p>
   </div>
   <div class='ocr_carea' id='block_1_19' title="bbox 2235 488 3799 562">
    <p class='ocr_par' dir='ltr' id='par_1_19' title="bbox 2235 488 3799 562">
     <span class='ocr_line' id='line_1_19' title="bbox 2235 488 3799 562; baseline 0.008 -21"><span class='ocrx_word' id='word_1_133' title='bbox 2235 488 2402 557; x_wconf 90' lang='lat' dir='ltr'><strong>cujus</strong></span> <span class='ocrx_word' id='word_1_134' title='bbox 2423 489 2777 545; x_wconf 90' lang='lat' dir='ltr'><strong>consecratio</strong></span> <span class='ocrx_word' id='word_1_135' title='bbox 2806 489 2994 545; x_wconf 87' lang='lat' dir='ltr'><strong>adhuc</strong></span> <span class='ocrx_word' id='word_1_136' title='bbox 3023 489 3234 544; x_wconf 90' lang='lat' dir='ltr'><strong>intacta</strong></span> <span class='ocrx_word' id='word_1_137' title='bbox 3266 498 3550 562; x_wconf 86' lang='lat' dir='ltr'><strong>permanet,</strong></span> <span class='ocrx_word' id='word_1_138' title='bbox 3568 495 3693 550; x_wconf 89' lang='lat' dir='ltr'><strong>nihil</strong></span> <span class='ocrx_word' id='word_1_139' title='bbox 3716 498 3799 555; x_wconf 83' lang='lat' dir='ltr'><strong>ha-</strong></span> 
     </span>
    </p>
   </div>
   <div class='ocr_carea' id='block_1_20' title="bbox 2234 575 3802 653">
    <p class='ocr_par' dir='ltr' id='par_1_20' title="bbox 2234 575 3802 653">
     <span class='ocr_line' id='line_1_20' title="bbox 2234 575 3802 653; baseline 0.008 -22"><span class='ocrx_word' id='word_1_140' title='bbox 2234 575 2382 648; x_wconf 88' lang='lat' dir='ltr'><strong>buit,</strong></span> <span class='ocrx_word' id='word_1_141' title='bbox 2433 582 2488 633; x_wconf 91' lang='lat' dir='ltr'><strong>et</strong></span> <span class='ocrx_word' id='word_1_142' title='bbox 2537 578 2684 633; x_wconf 92' lang='lat' dir='ltr'><strong>nihil</strong></span> <span class='ocrx_word' id='word_1_143' title='bbox 2716 580 2999 648; x_wconf 87' lang='lat' dir='ltr'><strong>Stephano</strong></span> <span class='ocrx_word' id='word_1_144' title='bbox 3036 578 3277 634; x_wconf 90' lang='lat' dir='ltr'><strong>diacono</strong></span> <span class='ocrx_word' id='word_1_145' title='bbox 3304 577 3527 635; x_wconf 78' lang='lat' dir='ltr'><strong>Adriani</strong></span> <span class='ocrx_word' id='word_1_146' title='bbox 3567 582 3686 653; x_wconf 86' lang='lat' dir='ltr'><strong>ﬁlio,</strong></span> <span class='ocrx_word' id='word_1_147' title='bbox 3711 598 3802 643; x_wconf 91' lang='lat' dir='ltr'><strong>ase</strong></span> 
     </span>
    </p>
   </div>
   <div class='ocr_carea' id='block_1_21' title="bbox 2233 668 3801 742">
    <p class='ocr_par' dir='ltr' id='par_1_21' title="bbox 2233 668 3801 742">
     <span class='ocr_line' id='line_1_21' title="bbox 2233 668 3801 742; baseline 0.005 -21"><span class='ocrx_word' id='word_1_148' title='bbox 2233 672 2583 739; x_wconf 90' lang='lat' dir='ltr'><strong>consecrato,</strong></span> <span class='ocrx_word' id='word_1_149' title='bbox 2623 668 2802 738; x_wconf 89' lang='lat' dir='ltr'><strong>dedit,</strong></span> <span class='ocrx_word' id='word_1_150' title='bbox 2849 668 2948 739; x_wconf 90' lang='lat' dir='ltr'><strong>qui</strong></span> <span class='ocrx_word' id='word_1_151' title='bbox 3009 672 3198 738; x_wconf 90' lang='lat' dir='ltr'><strong>postea</strong></span> <span class='ocrx_word' id='word_1_152' title='bbox 3248 681 3382 738; x_wconf 89' lang='lat' dir='ltr'><strong>papa</strong></span> <span class='ocrx_word' id='word_1_153' title='bbox 3434 668 3599 726; x_wconf 87' lang='lat' dir='ltr'><strong>factus</strong></span> <span class='ocrx_word' id='word_1_154' title='bbox 3637 678 3723 742; x_wconf 89' lang='lat' dir='ltr'><strong>est,</strong></span> <span class='ocrx_word' id='word_1_155' title='bbox 3761 682 3801 730; x_wconf 85' lang='lat' dir='ltr'><strong>et</strong></span> 
     </span>
    </p>
   </div>
   <div class='ocr_carea' id='block_1_22' title="bbox 2234 755 3807 829">
    <p class='ocr_par' dir='ltr' id='par_1_22' title="bbox 2234 755 3807 829">
     <span class='ocr_line' id='line_1_22' title="bbox 2234 755 3807 829; baseline 0.008 -21"><span class='ocrx_word' id='word_1_156' title='bbox 2234 767 2267 809; x_wconf 92' lang='lat' dir='ltr'><strong>a</strong></span> <span class='ocrx_word' id='word_1_157' title='bbox 2279 755 2398 824; x_wconf 89' lang='lat' dir='ltr'><strong>jam</strong></span> <span class='ocrx_word' id='word_1_158' title='bbox 2419 756 2577 812; x_wconf 92' lang='lat' dir='ltr'><strong>dicto</strong></span> <span class='ocrx_word' id='word_1_159' title='bbox 2593 757 2881 827; x_wconf 89' lang='lat' dir='ltr'><strong>Formoso,</strong></span> <span class='ocrx_word' id='word_1_160' title='bbox 2904 757 2963 812; x_wconf 95' lang='lat' dir='ltr'><strong>in</strong></span> <span class='ocrx_word' id='word_1_161' title='bbox 2985 756 3188 813; x_wconf 91' lang='lat' dir='ltr'><strong>ordine</strong></span> <span class='ocrx_word' id='word_1_162' title='bbox 3204 756 3348 813; x_wconf 85' lang='lat' dir='ltr'><strong>vicis</strong></span> <span class='ocrx_word' id='word_1_163' title='bbox 3368 772 3499 825; x_wconf 71' lang='lat' dir='ltr'><strong>suae,</strong></span> <span class='ocrx_word' id='word_1_164' title='bbox 3517 762 3807 829; x_wconf 85' lang='lat' dir='ltr'><strong>apostolicus</strong></span> 
     </span>
    </p>
   </div>
   <div class='ocr_carea' id='block_1_23' title="bbox 2233 845 3807 920">
    <p class='ocr_par' dir='ltr' id='par_1_23' title="bbox 2233 845 3807 920">
     <span class='ocr_line' id='line_1_23' title="bbox 2233 845 3807 920; baseline 0.006 -22"><span class='ocrx_word' id='word_1_165' title='bbox 2233 848 2598 901; x_wconf 91' lang='lat' dir='ltr'><strong>consecratus</strong></span> <span class='ocrx_word' id='word_1_166' title='bbox 2617 850 2720 901; x_wconf 91' lang='lat' dir='ltr'><strong>est.</strong></span> <span class='ocrx_word' id='word_1_167' title='bbox 2743 846 2802 901; x_wconf 92' lang='lat' dir='ltr'><strong>Si</strong></span> <span class='ocrx_word' id='word_1_168' title='bbox 2820 845 3125 902; x_wconf 92' lang='lat' dir='ltr'><strong>Formosus</strong></span> <span class='ocrx_word' id='word_1_169' title='bbox 3143 858 3285 916; x_wconf 90' lang='lat' dir='ltr'><strong>papa</strong></span> <span class='ocrx_word' id='word_1_170' title='bbox 3306 845 3451 902; x_wconf 87' lang='lat' dir='ltr'><strong>nihil</strong></span> <span class='ocrx_word' id='word_1_171' title='bbox 3470 846 3667 920; x_wconf 87' lang='lat' dir='ltr'><strong>habuit,</strong></span> <span class='ocrx_word' id='word_1_172' title='bbox 3687 851 3807 907; x_wconf 88' lang='lat' dir='ltr'><strong>nihil</strong></span> 
     </span>
    </p>
   </div>
   <div class='ocr_carea' id='block_1_24' title="bbox 2232 931 3808 1004">
    <p class='ocr_par' dir='ltr' id='par_1_24' title="bbox 2232 931 3808 1004">
     <span class='ocr_line' id='line_1_24' title="bbox 2232 931 3808 1004; baseline 0.004 -17"><span class='ocrx_word' id='word_1_173' title='bbox 2232 931 2411 1004; x_wconf 88' lang='lat' dir='ltr'><strong>dedit,</strong></span> <span class='ocrx_word' id='word_1_174' title='bbox 2443 946 2548 989; x_wconf 90' lang='lat' dir='ltr'><strong>cur</strong></span> <span class='ocrx_word' id='word_1_175' title='bbox 2590 947 2851 1004; x_wconf 87' lang='lat' dir='ltr'><strong>proceres</strong></span> <span class='ocrx_word' id='word_1_176' title='bbox 2889 935 2975 991; x_wconf 90' lang='lat' dir='ltr'><strong>tui</strong></span> <span class='ocrx_word' id='word_1_177' title='bbox 3009 933 3196 990; x_wconf 83' lang='lat' dir='ltr'><strong>fronte</strong></span> <span class='ocrx_word' id='word_1_178' title='bbox 3220 932 3399 991; x_wconf 90' lang='lat' dir='ltr'><strong>ferrea</strong></span> <span class='ocrx_word' id='word_1_179' title='bbox 3421 939 3474 991; x_wconf 92' lang='lat' dir='ltr'><strong>et</strong></span> <span class='ocrx_word' id='word_1_180' title='bbox 3500 937 3808 994; x_wconf 81' lang='lat' dir='ltr'><strong>adamantina</strong></span> 
     </span>
    </p>
   </div>
   <div class='ocr_carea' id='block_1_25' title="bbox 2233 1023 3811 1095">
    <p class='ocr_par' dir='ltr' id='par_1_25' title="bbox 2233 1023 3811 1095">
     <span class='ocr_line' id='line_1_25' title="bbox 2233 1023 3811 1095; baseline 0.004 -19"><span class='ocrx_word' id='word_1_181' title='bbox 2233 1027 2532 1093; x_wconf 90' lang='lat' dir='ltr'><strong>menteque</strong></span> <span class='ocrx_word' id='word_1_182' title='bbox 2558 1023 2864 1080; x_wconf 85' lang='lat' dir='ltr'><strong>Sathanica</strong></span> <span class='ocrx_word' id='word_1_183' title='bbox 2898 1024 3133 1079; x_wconf 90' lang='lat' dir='ltr'><strong>dicunt:</strong></span> <span class='ocrx_word' id='word_1_184' title='bbox 3169 1025 3314 1095; x_wconf 88' lang='lat' dir='ltr'><strong>Ergo</strong></span> <span class='ocrx_word' id='word_1_185' title='bbox 3358 1023 3517 1080; x_wconf 88' lang='lat' dir='ltr'><strong>irrita</strong></span> <span class='ocrx_word' id='word_1_186' title='bbox 3552 1032 3629 1082; x_wconf 90' lang='lat' dir='ltr'><strong>est</strong></span> <span class='ocrx_word' id='word_1_187' title='bbox 3648 1040 3811 1083; x_wconf 86' lang='lat' dir='ltr'><strong>conse-</strong></span> 
     </span>
    </p>
   </div>
   <div class='ocr_carea' id='block_1_26' title="bbox 2231 1111 3810 1185">
    <p class='ocr_par' dir='ltr' id='par_1_26' title="bbox 2231 1111 3810 1185">
     <span class='ocr_line' id='line_1_26' title="bbox 2231 1111 3810 1185; baseline 0.004 -20"><span class='ocrx_word' id='word_1_188' title='bbox 2231 1111 2415 1167; x_wconf 88' lang='lat' dir='ltr'><strong>cratio</strong></span> <span class='ocrx_word' id='word_1_189' title='bbox 2452 1112 2682 1183; x_wconf 89' lang='lat' dir='ltr'><strong>Marini,</strong></span> <span class='ocrx_word' id='word_1_190' title='bbox 2715 1127 2881 1183; x_wconf 91' lang='lat' dir='ltr'><strong>quem</strong></span> <span class='ocrx_word' id='word_1_191' title='bbox 2911 1114 3156 1169; x_wconf 89' lang='lat' dir='ltr'><strong>Joannes</strong></span> <span class='ocrx_word' id='word_1_192' title='bbox 3188 1126 3330 1183; x_wconf 92' lang='lat' dir='ltr'><strong>papa</strong></span> <span class='ocrx_word' id='word_1_193' title='bbox 3358 1113 3665 1185; x_wconf 81' lang='lat' dir='ltr'><strong>episcOpnm</strong></span> <span class='ocrx_word' id='word_1_194' title='bbox 3699 1129 3810 1171; x_wconf 84' lang='lat' dir='ltr'><strong>con-</strong></span> 
     </span>
    </p>
   </div>
   <div class='ocr_carea' id='block_1_27' title="bbox 2232 1200 3809 1272">
    <p class='ocr_par' dir='ltr' id='par_1_27' title="bbox 2232 1200 3809 1272">
     <span class='ocr_line' id='line_1_27' title="bbox 2232 1200 3809 1272; baseline 0.003 -19"><span class='ocrx_word' id='word_1_195' title='bbox 2232 1200 2508 1272; x_wconf 85' lang='lat' dir='ltr'><strong>secravit;</strong></span> <span class='ocrx_word' id='word_1_196' title='bbox 2556 1200 2725 1257; x_wconf 86' lang='lat' dir='ltr'><strong>irrita</strong></span> <span class='ocrx_word' id='word_1_197' title='bbox 2776 1206 2863 1257; x_wconf 90' lang='lat' dir='ltr'><strong>est</strong></span> <span class='ocrx_word' id='word_1_198' title='bbox 2913 1201 3268 1257; x_wconf 87' lang='lat' dir='ltr'><strong>consecratio</strong></span> <span class='ocrx_word' id='word_1_199' title='bbox 3318 1202 3576 1271; x_wconf 87' lang='lat' dir='ltr'><strong>Stephani</strong></span> <span class='ocrx_word' id='word_1_200' title='bbox 3621 1202 3809 1258; x_wconf 78' lang='lat' dir='ltr'><strong>Adriani</strong></span> 
     </span>
    </p>
   </div>
   <div class='ocr_carea' id='block_1_28' title="bbox 2233 1285 3815 1361">
    <p class='ocr_par' dir='ltr' id='par_1_28' title="bbox 2233 1285 3815 1361">
     <span class='ocr_line' id='line_1_28' title="bbox 2233 1285 3815 1361; baseline 0.002 -20"><span class='ocrx_word' id='word_1_201' title='bbox 2233 1285 2365 1359; x_wconf 91' lang='lat' dir='ltr'><strong>ﬁlii,</strong></span> <span class='ocrx_word' id='word_1_202' title='bbox 2417 1302 2583 1359; x_wconf 91' lang='lat' dir='ltr'><strong>quem</strong></span> <span class='ocrx_word' id='word_1_203' title='bbox 2642 1289 2901 1345; x_wconf 87' lang='lat' dir='ltr'><strong>Marinus</strong></span> <span class='ocrx_word' id='word_1_204' title='bbox 2952 1290 3021 1346; x_wconf 92' lang='lat' dir='ltr'><strong>ad</strong></span> <span class='ocrx_word' id='word_1_205' title='bbox 3079 1289 3444 1346; x_wconf 89' lang='lat' dir='ltr'><strong>diaconatum</strong></span> <span class='ocrx_word' id='word_1_206' title='bbox 3492 1290 3731 1361; x_wconf 79' lang='lat' dir='ltr'><strong>provexit,</strong></span> <span class='ocrx_word' id='word_1_207' title='bbox 3773 1296 3815 1345; x_wconf 88' lang='lat' dir='ltr'><strong>et</strong></span> 
     </span>
    </p>
   </div>
   <div class='ocr_carea' id='block_1_29' title="bbox 2233 1379 3812 1451">
    <p class='ocr_par' dir='ltr' id='par_1_29' title="bbox 2233 1379 3812 1451">
     <span class='ocr_line' id='line_1_29' title="bbox 2233 1379 3812 1451; baseline 0.002 -19"><span class='ocrx_word' id='word_1_208' title='bbox 2233 1382 2422 1446; x_wconf 87' lang='lat' dir='ltr'><strong>postea</strong></span> <span class='ocrx_word' id='word_1_209' title='bbox 2449 1379 2771 1446; x_wconf 91' lang='lat' dir='ltr'><strong>Formosus,</strong></span> <span class='ocrx_word' id='word_1_210' title='bbox 2797 1379 2980 1436; x_wconf 89' lang='lat' dir='ltr'><strong>totius</strong></span> <span class='ocrx_word' id='word_1_211' title='bbox 3021 1379 3298 1436; x_wconf 88' lang='lat' dir='ltr'><strong>electione</strong></span> <span class='ocrx_word' id='word_1_212' title='bbox 3335 1379 3545 1451; x_wconf 89' lang='lat' dir='ltr'><strong>populi,</strong></span> <span class='ocrx_word' id='word_1_213' title='bbox 3570 1380 3623 1435; x_wconf 90' lang='lat' dir='ltr'><strong>in</strong></span> <span class='ocrx_word' id='word_1_214' title='bbox 3659 1385 3812 1435; x_wconf 83' lang='lat' dir='ltr'><strong>sancta</strong></span> 
     </span>
    </p>
   </div>
   <div class='ocr_carea' id='block_1_30' title="bbox 2230 1466 3816 1537">
    <p class='ocr_par' dir='ltr' id='par_1_30' title="bbox 2230 1466 3816 1537">
     <span class='ocr_line' id='line_1_30' title="bbox 2230 1466 3816 1537; baseline 0.002 -17"><span class='ocrx_word' id='word_1_215' title='bbox 2230 1466 2361 1521; x_wconf 92' lang='lat' dir='ltr'><strong>sede</strong></span> <span class='ocrx_word' id='word_1_216' title='bbox 2389 1467 2703 1537; x_wconf 91' lang='lat' dir='ltr'><strong>apostolica</strong></span> <span class='ocrx_word' id='word_1_217' title='bbox 2746 1470 3099 1525; x_wconf 89' lang='lat' dir='ltr'><strong>consecravit</strong></span> <span class='ocrx_word' id='word_1_218' title='bbox 3134 1468 3162 1523; x_wconf 87' lang='lat'><strong>?</strong></span> <span class='ocrx_word' id='word_1_219' title='bbox 3186 1469 3286 1525; x_wconf 91' lang='lat' dir='ltr'><strong>Vis</strong></span> <span class='ocrx_word' id='word_1_220' title='bbox 3318 1467 3549 1525; x_wconf 85' lang='lat' dir='ltr'><strong>fortasse</strong></span> <span class='ocrx_word' id='word_1_221' title='bbox 3587 1468 3763 1537; x_wconf 87' lang='lat' dir='ltr'><strong>dicere,</strong></span> <span class='ocrx_word' id='word_1_222' title='bbox 3790 1481 3816 1523; x_wconf 92' lang='grc' dir='ltr'>ο</span> 
     </span>
    </p>
   </div>
   <div class='ocr_carea' id='block_1_31' title="bbox 2229 1554 3814 1629">
    <p class='ocr_par' dir='ltr' id='par_1_31' title="bbox 2229 1554 3814 1629">
     <span class='ocr_line' id='line_1_31' title="bbox 2229 1554 3814 1629; baseline 0.003 -21"><span class='ocrx_word' id='word_1_223' title='bbox 2229 1554 2424 1628; x_wconf 87' lang='lat' dir='ltr'><strong>Roma,</strong></span> <span class='ocrx_word' id='word_1_224' title='bbox 2484 1570 2774 1627; x_wconf 88' lang='lat' dir='ltr'><strong>apponens</strong></span> <span class='ocrx_word' id='word_1_225' title='bbox 2818 1557 3189 1628; x_wconf 87' lang='lat' dir='ltr'><strong>iniquitatem</strong></span> <span class='ocrx_word' id='word_1_226' title='bbox 3254 1572 3428 1628; x_wconf 90' lang='lat' dir='ltr'><strong>super</strong></span> <span class='ocrx_word' id='word_1_227' title='bbox 3486 1558 3814 1629; x_wconf 86' lang='lat' dir='ltr'><strong>iniquitatem,</strong></span> 
     </span>
    </p>
   </div>
   <div class='ocr_carea' id='block_1_32' title="bbox 2232 1644 3818 1719">
    <p class='ocr_par' dir='ltr' id='par_1_32' title="bbox 2232 1644 3818 1719">
     <span class='ocr_line' id='line_1_32' title="bbox 2232 1644 3818 1719; baseline 0.001 -19"><span class='ocrx_word' id='word_1_228' title='bbox 2232 1644 2381 1715; x_wconf 93' lang='lat' dir='ltr'><strong>quod</strong></span> <span class='ocrx_word' id='word_1_229' title='bbox 2416 1646 2672 1701; x_wconf 83' lang='lat' dir='ltr'><strong>Marinus</strong></span> <span class='ocrx_word' id='word_1_230' title='bbox 2701 1647 3006 1717; x_wconf 92' lang='lat' dir='ltr'><strong>episcopus</strong></span> <span class='ocrx_word' id='word_1_231' title='bbox 3035 1661 3145 1703; x_wconf 91' lang='lat' dir='ltr'><strong>non</strong></span> <span class='ocrx_word' id='word_1_232' title='bbox 3180 1646 3406 1703; x_wconf 80' lang='lat' dir='ltr'><strong>fuerit?</strong></span> <span class='ocrx_word' id='word_1_233' title='bbox 3433 1648 3571 1719; x_wconf 88' lang='lat' dir='ltr'><strong>Ergo</strong></span> <span class='ocrx_word' id='word_1_234' title='bbox 3591 1652 3818 1702; x_wconf 88' lang='lat' dir='ltr'><strong>etconse-</strong></span> 
     </span>
    </p>
   </div>
   <div class='ocr_carea' id='block_1_33' title="bbox 474 1723 3819 1809">
    <p class='ocr_par' dir='ltr' id='par_1_33' title="bbox 474 1723 3819 1809">
     <span class='ocr_line' id='line_1_33' title="bbox 474 1723 3819 1809; baseline -0.001 -15"><span class='ocrx_word' id='word_1_235' title='bbox 474 1743 591 1809; x_wconf 89' lang='lat' dir='ltr'><strong>tur,</strong></span> <span class='ocrx_word' id='word_1_236' title='bbox 643 1736 1140 1808; x_wconf 61' lang='lat' dir='ltr'><strong>praesumptionem</strong></span> <span class='ocrx_word' id='word_1_237' title='bbox 1170 1744 1214 1807; x_wconf 83' lang='grc' dir='ltr'><strong>ο,</strong></span> <span class='ocrx_word' id='word_1_238' title='bbox 1248 1735 1355 1792; x_wconf 91' lang='lat' dir='ltr'><strong>sub</strong></span> <span class='ocrx_word' id='word_1_239' title='bbox 1393 1736 1627 1793; x_wconf 90' lang='lat' dir='ltr'><strong>silentio</strong></span> <span class='ocrx_word' id='word_1_240' title='bbox 1669 1733 2115 1806; x_wconf 89' lang='lat' dir='ltr'><strong>dissimulando,</strong></span> <span class='ocrx_word' id='word_1_241' title='bbox 2152 1723 2206 1785; x_wconf 94' lang='lat' dir='ltr'><strong>B</strong></span> <span class='ocrx_word' id='word_1_242' title='bbox 2233 1734 2415 1791; x_wconf 87' lang='lat' dir='ltr'><strong>cratio</strong></span> <span class='ocrx_word' id='word_1_243' title='bbox 2432 1736 2707 1791; x_wconf 87' lang='lat' dir='ltr'><strong>Joannis°</strong></span> <span class='ocrx_word' id='word_1_244' title='bbox 2729 1750 2906 1807; x_wconf 60' lang='lat' dir='ltr'><strong>papas,</strong></span> <span class='ocrx_word' id='word_1_245' title='bbox 2930 1750 3099 1808; x_wconf 91' lang='lat' dir='ltr'><strong>quam</strong></span> <span class='ocrx_word' id='word_1_246' title='bbox 3121 1738 3345 1793; x_wconf 88' lang='lat' dir='ltr'><strong>Marino</strong></span> <span class='ocrx_word' id='word_1_247' title='bbox 3370 1736 3586 1793; x_wconf 88' lang='lat' dir='ltr'><strong>Cerensi</strong></span> <span class='ocrx_word' id='word_1_248' title='bbox 3603 1736 3819 1807; x_wconf 90' lang='lat' dir='ltr'><strong>episcopo</strong></span> 
     </span>
    </p>
   </div>
   <div class='ocr_carea' id='block_1_34' title="bbox 474 1823 2113 1899">
    <p class='ocr_par' dir='ltr' id='par_1_34' title="bbox 474 1823 2113 1899">
     <span class='ocr_line' id='line_1_34' title="bbox 474 1823 2113 1899; baseline -0.002 -16"><span class='ocrx_word' id='word_1_249' title='bbox 474 1826 709 1899; x_wconf 82' lang='lat' dir='ltr'><strong>corrigi,</strong></span> <span class='ocrx_word' id='word_1_250' title='bbox 729 1839 919 1896; x_wconf 91' lang='lat' dir='ltr'><strong>quam,</strong></span> <span class='ocrx_word' id='word_1_251' title='bbox 938 1825 1203 1896; x_wconf 90' lang='lat' dir='ltr'><strong>disrupto</strong></span> <span class='ocrx_word' id='word_1_252' title='bbox 1231 1825 1536 1882; x_wconf 88' lang='lat' dir='ltr'><strong>cbaritatis</strong></span> <span class='ocrx_word' id='word_1_253' title='bbox 1563 1824 1814 1893; x_wconf 89' lang='lat' dir='ltr'><strong>vinculo,</strong></span> <span class='ocrx_word' id='word_1_254' title='bbox 1845 1823 2113 1879; x_wconf 89' lang='lat' dir='ltr'><strong>universo</strong></span> 
     </span>
    </p>
   </div>
   <div class='ocr_carea' id='block_1_35' title="bbox 475 1912 2121 1984">
    <p class='ocr_par' dir='ltr' id='par_1_35' title="bbox 475 1912 2121 1984">
     <span class='ocr_line' id='line_1_35' title="bbox 475 1912 2121 1984; baseline -0.004 -12"><span class='ocrx_word' id='word_1_255' title='bbox 475 1914 688 1972; x_wconf 89' lang='lat' dir='ltr'><strong>mundo</strong></span> <span class='ocrx_word' id='word_1_256' title='bbox 714 1915 1045 1972; x_wconf 82' lang='lat' dir='ltr'><strong>scandalum</strong></span> <span class='ocrx_word' id='word_1_257' title='bbox 1066 1914 1295 1971; x_wconf 91' lang='lat' dir='ltr'><strong>inferre.</strong></span> <span class='ocrx_word' id='word_1_258' title='bbox 1318 1916 1365 1971; x_wconf 92' lang='grc' dir='ltr'>Ο</span> <span class='ocrx_word' id='word_1_259' title='bbox 1391 1916 1584 1984; x_wconf 82' lang='lat' dir='ltr'><strong>Roma,</strong></span> <span class='ocrx_word' id='word_1_260' title='bbox 1611 1912 1898 1983; x_wconf 89' lang='lat' dir='ltr'><strong>aporiaris</strong></span> <span class='ocrx_word' id='word_1_261' title='bbox 1921 1916 2121 1981; x_wconf 89' lang='lat' dir='ltr'><strong>etapo-</strong></span> 
     </span>
    </p>
   </div>
   <div class='ocr_carea' id='block_1_36' title="bbox 474 1999 2115 2075">
    <p class='ocr_par' dir='ltr' id='par_1_36' title="bbox 474 1999 2115 2075">
     <span class='ocr_line' id='line_1_36' title="bbox 474 1999 2115 2075; baseline -0.002 -16"><span class='ocrx_word' id='word_1_262' title='bbox 474 2004 725 2075; x_wconf 84' lang='lat' dir='ltr'><strong>stataris,</strong></span> <span class='ocrx_word' id='word_1_263' title='bbox 749 2010 919 2075; x_wconf 92' lang='lat' dir='ltr'><strong>atque</strong></span> <span class='ocrx_word' id='word_1_264' title='bbox 946 2005 1006 2060; x_wconf 94' lang='lat' dir='ltr'><strong>in</strong></span> <span class='ocrx_word' id='word_1_265' title='bbox 1026 2005 1371 2060; x_wconf 90' lang='lat' dir='ltr'><strong>dementiam</strong></span> <span class='ocrx_word' id='word_1_266' title='bbox 1389 2010 1444 2059; x_wconf 92' lang='lat' dir='ltr'><strong>et</strong></span> <span class='ocrx_word' id='word_1_267' title='bbox 1462 2002 1787 2074; x_wconf 90' lang='lat' dir='ltr'><strong>phrenesim</strong></span> <span class='ocrx_word' id='word_1_268' title='bbox 1811 2001 2033 2071; x_wconf 90' lang='lat' dir='ltr'><strong>raperis</strong></span> <span class='ocrx_word' id='word_1_269' title='bbox 2050 1999 2074 2041; x_wconf 82' lang='lat' dir='ltr'><strong>f</strong></span> <span class='ocrx_word' id='word_1_270' title='bbox 2101 2017 2115 2053; x_wconf 89' lang='lat'><strong>:</strong></span> 
     </span>
    </p>
   </div>
   <div class='ocr_carea' id='block_1_37' title="bbox 471 2090 2124 2160">
    <p class='ocr_par' dir='ltr' id='par_1_37' title="bbox 471 2090 2124 2160">
     <span class='ocr_line' id='line_1_37' title="bbox 471 2090 2124 2160; baseline -0.003 -11"><span class='ocrx_word' id='word_1_271' title='bbox 471 2099 797 2150; x_wconf 90' lang='lat' dir='ltr'><strong>convertere</strong></span> <span class='ocrx_word' id='word_1_272' title='bbox 820 2094 890 2149; x_wconf 90' lang='lat' dir='ltr'><strong>ad</strong></span> <span class='ocrx_word' id='word_1_273' title='bbox 916 2095 1113 2150; x_wconf 93' lang='lat' dir='ltr'><strong>Deum.</strong></span> <span class='ocrx_word' id='word_1_274' title='bbox 1136 2098 1193 2149; x_wconf 92' lang='lat' dir='ltr'><strong>et</strong></span> <span class='ocrx_word' id='word_1_275' title='bbox 1217 2092 1546 2149; x_wconf 87' lang='lat' dir='ltr'><strong>salvaberis.</strong></span> <span class='ocrx_word' id='word_1_276' title='bbox 1575 2092 1670 2149; x_wconf 91' lang='lat' dir='ltr'><strong>Sic</strong></span> <span class='ocrx_word' id='word_1_277' title='bbox 1695 2091 1848 2148; x_wconf 90' lang='lat' dir='ltr'><strong>enim</strong></span> <span class='ocrx_word' id='word_1_278' title='bbox 1878 2090 1999 2160; x_wconf 89' lang='lat' dir='ltr'><strong>ipse</strong></span> <span class='ocrx_word' id='word_1_279' title='bbox 2025 2102 2124 2159; x_wconf 92' lang='lat' dir='ltr'><strong>per</strong></span> 
     </span>
    </p>
   </div>
   <div class='ocr_carea' id='block_1_38' title="bbox 473 2178 2118 2253">
    <p class='ocr_par' dir='ltr' id='par_1_38' title="bbox 473 2178 2118 2253">
     <span class='ocr_line' id='line_1_38' title="bbox 473 2178 2118 2253; baseline -0.004 -15"><span class='ocrx_word' id='word_1_280' title='bbox 473 2182 805 2253; x_wconf 88' lang='lat' dir='ltr'><strong>prophetam</strong></span> <span class='ocrx_word' id='word_1_281' title='bbox 838 2183 1021 2240; x_wconf 85' lang='lat' dir='ltr'><strong>dicit:</strong></span> <span class='ocrx_word' id='word_1_282' title='bbox 1077 2182 1465 2239; x_wconf 77' lang='lat' dir='ltr'><strong>Convertimini</strong></span> <span class='ocrx_word' id='word_1_283' title='bbox 1511 2182 1586 2236; x_wconf 89' lang='lat' dir='ltr'><strong>ad</strong></span> <span class='ocrx_word' id='word_1_284' title='bbox 1608 2197 1710 2245; x_wconf 88' lang='lat' dir='ltr'><strong>me,</strong></span> <span class='ocrx_word' id='word_1_285' title='bbox 1760 2185 1811 2235; x_wconf 85' lang='lat' dir='ltr'><strong>et</strong></span> <span class='ocrx_word' id='word_1_286' title='bbox 1843 2179 1983 2233; x_wconf 80' lang='lat' dir='ltr'><strong>salvi</strong></span> <span class='ocrx_word' id='word_1_287' title='bbox 2006 2178 2118 2234; x_wconf 30' lang='lat' dir='ltr'><strong>eris</strong></span> 
     </span>
    </p>
   </div>
   <div class='ocr_carea' id='block_1_39' title="bbox 473 2269 2127 2342">
    <p class='ocr_par' dir='ltr' id='par_1_39' title="bbox 473 2269 2127 2342">
     <span class='ocr_line' id='line_1_39' title="bbox 473 2269 2127 2342; baseline -0.002 -16"><span class='ocrx_word' id='word_1_288' title='bbox 473 2272 543 2326; x_wconf 77' lang='lat' dir='ltr'><strong>tis</strong></span> <span class='ocrx_word' id='word_1_289' title='bbox 586 2282 629 2326; x_wconf 72' lang='grc' dir='ltr'><strong>α.</strong></span> <span class='ocrx_word' id='word_1_290' title='bbox 662 2273 777 2338; x_wconf 90' lang='lat' dir='ltr'><strong>Sta,</strong></span> <span class='ocrx_word' id='word_1_291' title='bbox 805 2276 861 2327; x_wconf 88' lang='lat' dir='ltr'><strong>et</strong></span> <span class='ocrx_word' id='word_1_292' title='bbox 890 2272 1166 2329; x_wconf 90' lang='lat' dir='ltr'><strong>contende</strong></span> <span class='ocrx_word' id='word_1_293' title='bbox 1192 2285 1431 2328; x_wconf 90' lang='lat' dir='ltr'><strong>mecum.</strong></span> <span class='ocrx_word' id='word_1_294' title='bbox 1461 2269 1827 2342; x_wconf 89' lang='lat' dir='ltr'><strong>Interrogabo</strong></span> <span class='ocrx_word' id='word_1_295' title='bbox 1859 2275 1931 2339; x_wconf 90' lang='lat' dir='ltr'><strong>te,</strong></span> <span class='ocrx_word' id='word_1_296' title='bbox 1959 2273 2014 2323; x_wconf 94' lang='lat' dir='ltr'><strong>et</strong></span> <span class='ocrx_word' id='word_1_297' title='bbox 2046 2280 2127 2323; x_wconf 90' lang='lat' dir='ltr'><strong>re-</strong></span> 
     </span>
    </p>
   </div>
   <div class='ocr_carea' id='block_1_40' title="bbox 473 2355 2118 2432">
    <p class='ocr_par' dir='ltr' id='par_1_40' title="bbox 473 2355 2118 2432">
     <span class='ocr_line' id='line_1_40' title="bbox 473 2355 2118 2432; baseline -0.005 -15"><span class='ocrx_word' id='word_1_298' title='bbox 473 2361 689 2432; x_wconf 88' lang='lat' dir='ltr'><strong>sponde</strong></span> <span class='ocrx_word' id='word_1_299' title='bbox 719 2360 896 2417; x_wconf 89' lang='lat' dir='ltr'><strong>mihi:</strong></span> <span class='ocrx_word' id='word_1_300' title='bbox 932 2365 988 2417; x_wconf 91' lang='lat' dir='ltr'><strong>et</strong></span> <span class='ocrx_word' id='word_1_301' title='bbox 1013 2366 1076 2417; x_wconf 90' lang='lat' dir='ltr'><strong>tu</strong></span> <span class='ocrx_word' id='word_1_302' title='bbox 1098 2365 1430 2431; x_wconf 90' lang='lat' dir='ltr'><strong>percontare</strong></span> <span class='ocrx_word' id='word_1_303' title='bbox 1452 2362 1477 2402; x_wconf 77' lang='grc' dir='ltr'><strong>ιι</strong></span> <span class='ocrx_word' id='word_1_304' title='bbox 1498 2373 1603 2430; x_wconf 92' lang='lat' dir='ltr'><strong>me,</strong></span> <span class='ocrx_word' id='word_1_305' title='bbox 1636 2364 1691 2414; x_wconf 90' lang='lat' dir='ltr'><strong>et</strong></span> <span class='ocrx_word' id='word_1_306' title='bbox 1709 2357 1957 2414; x_wconf 87' lang='lat' dir='ltr'><strong>redicam</strong></span> <span class='ocrx_word' id='word_1_307' title='bbox 1990 2355 2118 2411; x_wconf 90' lang='lat' dir='ltr'><strong>tibi.</strong></span> 
     </span>
    </p>
   </div>
   <div class='ocr_carea' id='block_1_41' title="bbox 470 2448 2124 2520">
    <p class='ocr_par' dir='ltr' id='par_1_41' title="bbox 470 2448 2124 2520">
     <span class='ocr_line' id='line_1_41' title="bbox 470 2448 2124 2520; baseline -0.004 -15"><span class='ocrx_word' id='word_1_308' title='bbox 470 2449 631 2505; x_wconf 90' lang='lat' dir='ltr'><strong>Dicis</strong></span> <span class='ocrx_word' id='word_1_309' title='bbox 662 2449 857 2520; x_wconf 89' lang='lat' dir='ltr'><strong>itaque</strong></span> <span class='ocrx_word' id='word_1_310' title='bbox 882 2463 1029 2519; x_wconf 60' lang='lat' dir='ltr'><strong>saepe</strong></span> <span class='ocrx_word' id='word_1_311' title='bbox 1050 2450 1272 2505; x_wconf 91' lang='lat' dir='ltr'><strong>dictum</strong></span> <span class='ocrx_word' id='word_1_312' title='bbox 1304 2448 1628 2519; x_wconf 89' lang='lat' dir='ltr'><strong>pontiﬁcem</strong></span> <span class='ocrx_word' id='word_1_313' title='bbox 1652 2448 1981 2503; x_wconf 91' lang='lat' dir='ltr'><strong>Formosum</strong></span> <span class='ocrx_word' id='word_1_314' title='bbox 2011 2456 2124 2500; x_wconf 90' lang='lat' dir='ltr'><strong>non</strong></span> 
     </span>
    </p>
   </div>
   <div class='ocr_carea' id='block_1_42' title="bbox 474 2533 2125 2608">
    <p class='ocr_par' dir='ltr' id='par_1_42' title="bbox 474 2533 2125 2608">
     <span class='ocr_line' id='line_1_42' title="bbox 474 2533 2125 2608; baseline -0.003 -16"><span class='ocrx_word' id='word_1_315' title='bbox 474 2536 746 2593; x_wconf 89' lang='lat' dir='ltr'><strong>habuisse</strong></span> <span class='ocrx_word' id='word_1_316' title='bbox 786 2538 934 2608; x_wconf 91' lang='lat' dir='ltr'><strong>quod</strong></span> <span class='ocrx_word' id='word_1_317' title='bbox 981 2537 1154 2592; x_wconf 77' lang='lat' dir='ltr'><strong>darei</strong></span> <span class='ocrx_word' id='word_1_318' title='bbox 1180 2537 1479 2608; x_wconf 90' lang='lat' dir='ltr'><strong>potuisset.</strong></span> <span class='ocrx_word' id='word_1_319' title='bbox 1528 2535 1740 2591; x_wconf 84' lang='lat' dir='ltr'><strong>Habuit</strong></span> <span class='ocrx_word' id='word_1_320' title='bbox 1792 2538 1963 2605; x_wconf 93' lang='lat' dir='ltr'><strong>certe,</strong></span> <span class='ocrx_word' id='word_1_321' title='bbox 2014 2533 2125 2588; x_wconf 89' lang='lat' dir='ltr'><strong>ha-</strong></span> 
     </span>
    </p>
   </div>
   <div class='ocr_carea' id='block_1_43' title="bbox 471 2622 2125 2696">
    <p class='ocr_par' dir='ltr' id='par_1_43' title="bbox 471 2622 2125 2696">
     <span class='ocr_line' id='line_1_43' title="bbox 471 2622 2125 2696; baseline -0.002 -14"><span class='ocrx_word' id='word_1_322' title='bbox 471 2625 630 2682; x_wconf 88' lang='lat' dir='ltr'><strong>buit:</strong></span> <span class='ocrx_word' id='word_1_323' title='bbox 663 2638 696 2681; x_wconf 91' lang='lat' dir='ltr'><strong>a</strong></span> <span class='ocrx_word' id='word_1_324' title='bbox 725 2626 945 2682; x_wconf 89' lang='lat' dir='ltr'><strong>Marino</strong></span> <span class='ocrx_word' id='word_1_325' title='bbox 979 2626 1219 2695; x_wconf 90' lang='lat' dir='ltr'><strong>scilicet,</strong></span> <span class='ocrx_word' id='word_1_326' title='bbox 1277 2627 1526 2696; x_wconf 75' lang='lat' dir='ltr'><strong>primmn</strong></span> <span class='ocrx_word' id='word_1_327' title='bbox 1575 2624 1862 2695; x_wconf 91' lang='lat' dir='ltr'><strong>episcopo,</strong></span> <span class='ocrx_word' id='word_1_328' title='bbox 1914 2622 2125 2679; x_wconf 92' lang='lat' dir='ltr'><strong>dehinc</strong></span> 
     </span>
    </p>
   </div>
   <div class='ocr_carea' id='block_1_44' title="bbox 472 2711 2127 2785">
    <p class='ocr_par' dir='ltr' id='par_1_44' title="bbox 472 2711 2127 2785">
     <span class='ocr_line' id='line_1_44' title="bbox 472 2711 2127 2785; baseline -0.002 -15"><span class='ocrx_word' id='word_1_329' title='bbox 472 2728 695 2771; x_wconf 93' lang='lat' dir='ltr'><strong>summo</strong></span> <span class='ocrx_word' id='word_1_330' title='bbox 716 2728 857 2785; x_wconf 89' lang='lat' dir='ltr'><strong>papa</strong></span> <span class='ocrx_word' id='word_1_331' title='bbox 887 2718 943 2769; x_wconf 92' lang='lat' dir='ltr'><strong>et</strong></span> <span class='ocrx_word' id='word_1_332' title='bbox 973 2714 1286 2770; x_wconf 90' lang='lat' dir='ltr'><strong>universali</strong></span> <span class='ocrx_word' id='word_1_333' title='bbox 1311 2714 1597 2784; x_wconf 91' lang='lat' dir='ltr'><strong>pontiﬁce,</strong></span> <span class='ocrx_word' id='word_1_334' title='bbox 1620 2726 1653 2769; x_wconf 88' lang='lat' dir='ltr'><strong>a</strong></span> <span class='ocrx_word' id='word_1_335' title='bbox 1691 2727 1805 2783; x_wconf 93' lang='lat' dir='ltr'><strong>quo</strong></span> <span class='ocrx_word' id='word_1_336' title='bbox 1834 2711 1949 2769; x_wconf 91' lang='lat' dir='ltr'><strong>fuit</strong></span> <span class='ocrx_word' id='word_1_337' title='bbox 1966 2711 2127 2768; x_wconf 87' lang='lat' dir='ltr'><strong>abso-</strong></span> 
     </span>
    </p>
   </div>
   <div class='ocr_carea' id='block_1_45' title="bbox 472 2802 2121 2874">
    <p class='ocr_par' dir='ltr' id='par_1_45' title="bbox 472 2802 2121 2874">
     <span class='ocr_line' id='line_1_45' title="bbox 472 2802 2121 2874; baseline -0.002 -15"><span class='ocrx_word' id='word_1_338' title='bbox 472 2803 634 2860; x_wconf 88' lang='lat' dir='ltr'><strong>lutus</strong></span> <span class='ocrx_word' id='word_1_339' title='bbox 653 2807 709 2859; x_wconf 92' lang='lat' dir='ltr'><strong>et</strong></span> <span class='ocrx_word' id='word_1_340' title='bbox 738 2802 980 2873; x_wconf 78' lang='lat' dir='ltr'><strong>benigne</strong></span> <span class='ocrx_word' id='word_1_341' title='bbox 1003 2808 1285 2874; x_wconf 90' lang='lat' dir='ltr'><strong>receptus,</strong></span> <span class='ocrx_word' id='word_1_342' title='bbox 1311 2808 1368 2859; x_wconf 90' lang='lat' dir='ltr'><strong>et</strong></span> <span class='ocrx_word' id='word_1_343' title='bbox 1397 2803 1456 2858; x_wconf 93' lang='lat' dir='ltr'><strong>in</strong></span> <span class='ocrx_word' id='word_1_344' title='bbox 1479 2802 1794 2873; x_wconf 90' lang='lat' dir='ltr'><strong>pristinum</strong></span> <span class='ocrx_word' id='word_1_345' title='bbox 1829 2802 2121 2873; x_wconf 86' lang='lat' dir='ltr'><strong>honorem,</strong></span> 
     </span>
    </p>
   </div>
   <div class='ocr_carea' id='block_1_46' title="bbox 470 2890 2125 2964">
    <p class='ocr_par' dir='ltr' id='par_1_46' title="bbox 470 2890 2125 2964">
     <span class='ocr_line' id='line_1_46' title="bbox 470 2890 2125 2964; baseline -0.002 -15"><span class='ocrx_word' id='word_1_346' title='bbox 470 2906 504 2949; x_wconf 90' lang='lat' dir='ltr'><strong>a</strong></span> <span class='ocrx_word' id='word_1_347' title='bbox 530 2905 642 2963; x_wconf 92' lang='lat' dir='ltr'><strong>quo</strong></span> <span class='ocrx_word' id='word_1_348' title='bbox 669 2905 823 2947; x_wconf 58' lang='lat' dir='ltr'><strong>naevo</strong></span> <span class='ocrx_word' id='word_1_349' title='bbox 855 2891 1088 2948; x_wconf 71' lang='lat' dir='ltr'><strong>invidiae</strong></span> <span class='ocrx_word' id='word_1_350' title='bbox 1120 2890 1307 2949; x_wconf 85' lang='lat' dir='ltr'><strong>fuerat</strong></span> <span class='ocrx_word' id='word_1_351' title='bbox 1325 2891 1689 2948; x_wconf 81' lang='lat' dir='ltr'><strong>destinatusi</strong></span> <span class='ocrx_word' id='word_1_352' title='bbox 1727 2933 1742 2963; x_wconf 96' lang='lat'><strong>,</strong></span> <span class='ocrx_word' id='word_1_353' title='bbox 1768 2891 1940 2964; x_wconf 83' lang='lat' dir='ltr'><strong>digne</strong></span> <span class='ocrx_word' id='word_1_354' title='bbox 1964 2895 2021 2946; x_wconf 91' lang='lat' dir='ltr'><strong>et</strong></span> <span class='ocrx_word' id='word_1_355' title='bbox 2039 2903 2125 2945; x_wconf 89' lang='lat' dir='ltr'><strong>ca-</strong></span> 
     </span>
    </p>
   </div>
   <div class='ocr_carea' id='block_1_47' title="bbox 470 2980 2125 3053">
    <p class='ocr_par' dir='ltr' id='par_1_47' title="bbox 470 2980 2125 3053">
     <span class='ocr_line' id='line_1_47' title="bbox 470 2980 2125 3053; baseline -0.001 -17"><span class='ocrx_word' id='word_1_356' title='bbox 470 2980 675 3037; x_wconf 84' lang='lat' dir='ltr'><strong>nonice</strong></span> <span class='ocrx_word' id='word_1_357' title='bbox 702 2985 789 3037; x_wconf 91' lang='lat' dir='ltr'><strong>est</strong></span> <span class='ocrx_word' id='word_1_358' title='bbox 810 2988 1122 3053; x_wconf 90' lang='lat' dir='ltr'><strong>revocatus,</strong></span> <span class='ocrx_word' id='word_1_359' title='bbox 1146 2995 1259 3038; x_wconf 92' lang='lat' dir='ltr'><strong>non</strong></span> <span class='ocrx_word' id='word_1_360' title='bbox 1298 2980 1723 3053; x_wconf 88' lang='lat' dir='ltr'><strong>schismaticus,</strong></span> <span class='ocrx_word' id='word_1_361' title='bbox 1747 2993 1929 3051; x_wconf 89' lang='lat' dir='ltr'><strong>neque</strong></span> <span class='ocrx_word' id='word_1_362' title='bbox 1954 2980 2125 3035; x_wconf 63' lang='lat' dir='ltr'><strong>hare-</strong></span> 
     </span>
    </p>
   </div>
   <div class='ocr_carea' id='block_1_48' title="bbox 468 3068 2123 3141">
    <p class='ocr_par' dir='ltr' id='par_1_48' title="bbox 468 3068 2123 3141">
     <span class='ocr_line' id='line_1_48' title="bbox 468 3068 2123 3141; baseline -0.001 -15"><span class='ocrx_word' id='word_1_363' title='bbox 468 3069 664 3140; x_wconf 86' lang='lat' dir='ltr'><strong>ticus;</strong></span> <span class='ocrx_word' id='word_1_364' title='bbox 697 3070 792 3126; x_wconf 93' lang='lat' dir='ltr'><strong>sed</strong></span> <span class='ocrx_word' id='word_1_365' title='bbox 825 3069 914 3126; x_wconf 91' lang='lat' dir='ltr'><strong>vir</strong></span> <span class='ocrx_word' id='word_1_366' title='bbox 946 3076 1198 3141; x_wconf 90' lang='lat' dir='ltr'><strong>sanctus,</strong></span> <span class='ocrx_word' id='word_1_367' title='bbox 1221 3073 1277 3126; x_wconf 92' lang='lat' dir='ltr'><strong>et</strong></span> <span class='ocrx_word' id='word_1_368' title='bbox 1300 3071 1513 3141; x_wconf 87' lang='lat' dir='ltr'><strong>justus.</strong></span> <span class='ocrx_word' id='word_1_369' title='bbox 1565 3074 1737 3141; x_wconf 89' lang='lat' dir='ltr'><strong>atque</strong></span> <span class='ocrx_word' id='word_1_370' title='bbox 1765 3068 2123 3141; x_wconf 87' lang='lat' dir='ltr'><strong>catholicus;</strong></span> 
     </span>
    </p>
   </div>
   <div class='ocr_carea' id='block_1_49' title="bbox 470 3157 2124 3235">
    <p class='ocr_par' dir='ltr' id='par_1_49' title="bbox 470 3157 2124 3235">
     <span class='ocr_line' id='line_1_49' title="bbox 470 3157 2124 3235; baseline -0.001 -20"><span class='ocrx_word' id='word_1_371' title='bbox 470 3163 801 3232; x_wconf 83' lang='lat' dir='ltr'><strong>segregatus</strong></span> <span class='ocrx_word' id='word_1_372' title='bbox 820 3173 853 3215; x_wconf 95' lang='lat' dir='ltr'><strong>a</strong></span> <span class='ocrx_word' id='word_1_373' title='bbox 877 3159 1291 3235; x_wconf 87' lang='lat' dir='ltr'><strong>peccatoribus,</strong></span> <span class='ocrx_word' id='word_1_374' title='bbox 1316 3166 1487 3231; x_wconf 92' lang='lat' dir='ltr'><strong>atque</strong></span> <span class='ocrx_word' id='word_1_375' title='bbox 1510 3159 1792 3215; x_wconf 84' lang='lat' dir='ltr'><strong>excelsior</strong></span> <span class='ocrx_word' id='word_1_376' title='bbox 1812 3158 1976 3215; x_wconf 71' lang='lat' dir='ltr'><strong>ctelis</strong></span> <span class='ocrx_word' id='word_1_377' title='bbox 1997 3157 2124 3214; x_wconf 90' lang='lat' dir='ltr'><strong>fac—</strong></span> 
     </span>
    </p>
   </div>
   <div class='ocr_carea' id='block_1_50' title="bbox 471 3248 2122 3321">
    <p class='ocr_par' dir='ltr' id='par_1_50' title="bbox 471 3248 2122 3321">
     <span class='ocr_line' id='line_1_50' title="bbox 471 3248 2122 3321; baseline 0.001 -18"><span class='ocrx_word' id='word_1_378' title='bbox 471 3249 890 3318; x_wconf 91' lang='lat' dir='ltr'><strong>tus.Quomodo</strong></span> <span class='ocrx_word' id='word_1_379' title='bbox 915 3259 1049 3321; x_wconf 85' lang='lat' dir='ltr'><strong>ergo</strong></span> <span class='ocrx_word' id='word_1_380' title='bbox 1069 3249 1229 3305; x_wconf 89' lang='lat' dir='ltr'><strong>dedit</strong></span> <span class='ocrx_word' id='word_1_381' title='bbox 1250 3248 1401 3320; x_wconf 89' lang='lat' dir='ltr'><strong>quod</strong></span> <span class='ocrx_word' id='word_1_382' title='bbox 1429 3263 1541 3305; x_wconf 91' lang='lat' dir='ltr'><strong>non</strong></span> <span class='ocrx_word' id='word_1_383' title='bbox 1568 3249 1824 3319; x_wconf 85' lang='lat' dir='ltr'><strong>accepit?</strong></span> <span class='ocrx_word' id='word_1_384' title='bbox 1850 3248 2122 3305; x_wconf 89' lang='lat' dir='ltr'><strong>Nicolaus</strong></span> 
     </span>
    </p>
   </div>
   <div class='ocr_carea' id='block_1_51' title="bbox 469 3336 2123 3410">
    <p class='ocr_par' dir='ltr' id='par_1_51' title="bbox 469 3336 2123 3410">
     <span class='ocr_line' id='line_1_51' title="bbox 469 3336 2123 3410; baseline -0.002 -15"><span class='ocrx_word' id='word_1_385' title='bbox 469 3337 825 3395; x_wconf 86' lang='lat' dir='ltr'><strong>consecravit</strong></span> <span class='ocrx_word' id='word_1_386' title='bbox 844 3339 1175 3395; x_wconf 91' lang='lat' dir='ltr'><strong>Formosum</strong></span> <span class='ocrx_word' id='word_1_387' title='bbox 1187 3338 1257 3394; x_wconf 90' lang='lat' dir='ltr'><strong>ad</strong></span> <span class='ocrx_word' id='word_1_388' title='bbox 1280 3338 1613 3410; x_wconf 84' lang='lat' dir='ltr'><strong>episcOpum</strong></span> <span class='ocrx_word' id='word_1_389' title='bbox 1624 3336 1657 3379; x_wconf 75' lang='grc' dir='ltr'><strong>ιι</strong></span> <span class='ocrx_word' id='word_1_390' title='bbox 1686 3338 1873 3394; x_wconf 91' lang='lat' dir='ltr'><strong>sciens</strong></span> <span class='ocrx_word' id='word_1_391' title='bbox 1886 3351 2013 3393; x_wconf 89' lang='lat' dir='ltr'><strong>eum</strong></span> <span class='ocrx_word' id='word_1_392' title='bbox 2027 3337 2123 3393; x_wconf 79' lang='lat' dir='ltr'><strong>do-</strong></span> 
     </span>
    </p>
   </div>
   <div class='ocr_carea' id='block_1_52' title="bbox 470 3427 2118 3500">
    <p class='ocr_par' dir='ltr' id='par_1_52' title="bbox 470 3427 2118 3500">
     <span class='ocr_line' id='line_1_52' title="bbox 470 3427 2118 3500; baseline -0.001 -17"><span class='ocrx_word' id='word_1_393' title='bbox 470 3433 681 3483; x_wconf 90' lang='lat' dir='ltr'><strong>ctorem</strong></span> <span class='ocrx_word' id='word_1_394' title='bbox 702 3429 995 3500; x_wconf 90' lang='lat' dir='ltr'><strong>egregium</strong></span> <span class='ocrx_word' id='word_1_395' title='bbox 1020 3446 1035 3490; x_wconf 83' lang='lat'><strong>;</strong></span> <span class='ocrx_word' id='word_1_396' title='bbox 1058 3432 1116 3483; x_wconf 91' lang='lat' dir='ltr'><strong>et</strong></span> <span class='ocrx_word' id='word_1_397' title='bbox 1137 3427 1264 3484; x_wconf 89' lang='lat' dir='ltr'><strong>ideo</strong></span> <span class='ocrx_word' id='word_1_398' title='bbox 1290 3427 1595 3483; x_wconf 89' lang='lat' dir='ltr'><strong>misiteum</strong></span> <span class='ocrx_word' id='word_1_399' title='bbox 1614 3427 1675 3483; x_wconf 93' lang='lat' dir='ltr'><strong>in</strong></span> <span class='ocrx_word' id='word_1_400' title='bbox 1707 3427 2032 3499; x_wconf 89' lang='lat' dir='ltr'><strong>Bulgariam</strong></span> <span class='ocrx_word' id='word_1_401' title='bbox 2049 3427 2118 3482; x_wconf 88' lang='lat' dir='ltr'><strong>ad</strong></span> 
     </span>
    </p>
   </div>
   <div class='ocr_carea' id='block_1_53' title="bbox 472 3515 2121 3587">
    <p class='ocr_par' dir='ltr' id='par_1_53' title="bbox 472 3515 2121 3587">
     <span class='ocr_line' id='line_1_53' title="bbox 472 3515 2121 3587; baseline -0.001 -15"><span class='ocrx_word' id='word_1_402' title='bbox 472 3516 620 3587; x_wconf 72' lang='lat' dir='ltr'><strong>przed</strong></span> <span class='ocrx_word' id='word_1_403' title='bbox 631 3515 793 3571; x_wconf 87' lang='lat' dir='ltr'><strong>icand</strong></span> <span class='ocrx_word' id='word_1_404' title='bbox 803 3530 916 3573; x_wconf 92' lang='lat' dir='ltr'><strong>um.</strong></span> <span class='ocrx_word' id='word_1_405' title='bbox 930 3516 1040 3586; x_wconf 89' lang='lat' dir='ltr'><strong>Qui</strong></span> <span class='ocrx_word' id='word_1_406' title='bbox 1054 3516 1444 3572; x_wconf 90' lang='lat' dir='ltr'><strong>strenueviam</strong></span> <span class='ocrx_word' id='word_1_407' title='bbox 1457 3516 1736 3587; x_wconf 89' lang='lat' dir='ltr'><strong>veritatis,</strong></span> <span class='ocrx_word' id='word_1_408' title='bbox 1752 3528 2121 3586; x_wconf 88' lang='lat' dir='ltr'><strong>normamque</strong></span> 
     </span>
    </p>
   </div>
   <div class='ocr_carea' id='block_1_54' title="bbox 471 3603 2116 3677">
    <p class='ocr_par' dir='ltr' id='par_1_54' title="bbox 471 3603 2116 3677">
     <span class='ocr_line' id='line_1_54' title="bbox 471 3603 2116 3677; baseline -0.001 -17"><span class='ocrx_word' id='word_1_409' title='bbox 471 3604 626 3677; x_wconf 89' lang='lat' dir='ltr'><strong>ﬁdei,</strong></span> <span class='ocrx_word' id='word_1_410' title='bbox 674 3607 732 3659; x_wconf 92' lang='lat' dir='ltr'><strong>et</strong></span> <span class='ocrx_word' id='word_1_411' title='bbox 775 3604 1118 3659; x_wconf 69' lang='lat' dir='ltr'><strong>Christianae</strong></span> <span class='ocrx_word' id='word_1_412' title='bbox 1161 3603 1465 3675; x_wconf 87' lang='lat' dir='ltr'><strong>religionis</strong></span> <span class='ocrx_word' id='word_1_413' title='bbox 1509 3603 1851 3673; x_wconf 92' lang='lat' dir='ltr'><strong>doctrinam,</strong></span> <span class='ocrx_word' id='word_1_414' title='bbox 1894 3608 2116 3675; x_wconf 83' lang='lat' dir='ltr'><strong>gentem</strong></span> 
     </span>
    </p>
   </div>
   <div class='ocr_carea' id='block_1_55' title="bbox 470 3691 2114 3762">
    <p class='ocr_par' dir='ltr' id='par_1_55' title="bbox 470 3691 2114 3762">
     <span class='ocr_line' id='line_1_55' title="bbox 470 3691 2114 3762; baseline 0 -15"><span class='ocrx_word' id='word_1_415' title='bbox 470 3691 610 3748; x_wconf 90' lang='lat' dir='ltr'><strong>olim</strong></span> <span class='ocrx_word' id='word_1_416' title='bbox 641 3691 1102 3747; x_wconf 89' lang='lat' dir='ltr'><strong>crudelissimam</strong></span> <span class='ocrx_word' id='word_1_417' title='bbox 1145 3694 1201 3745; x_wconf 92' lang='lat' dir='ltr'><strong>et</strong></span> <span class='ocrx_word' id='word_1_418' title='bbox 1258 3691 1701 3762; x_wconf 90' lang='lat' dir='ltr'><strong>paganissimam</strong></span> <span class='ocrx_word' id='word_1_419' title='bbox 1753 3691 2011 3761; x_wconf 88' lang='lat' dir='ltr'><strong>edocens,</strong></span> <span class='ocrx_word' id='word_1_420' title='bbox 2045 3692 2114 3747; x_wconf 88' lang='lat' dir='ltr'><strong>ad</strong></span> 
     </span>
    </p>
   </div>
   <div class='ocr_carea' id='block_1_56' title="bbox 471 3778 2108 3849">
    <p class='ocr_par' dir='ltr' id='par_1_56' title="bbox 471 3778 2108 3849">
     <span class='ocr_line' id='line_1_56' title="bbox 471 3778 2108 3849; baseline -0.001 -14"><span class='ocrx_word' id='word_1_421' title='bbox 471 3781 679 3837; x_wconf 70' lang='lat' dir='ltr'><strong>moenia</strong></span> <span class='ocrx_word' id='word_1_422' title='bbox 710 3784 827 3849; x_wconf 92' lang='lat' dir='ltr'><strong>tua,</strong></span> <span class='ocrx_word' id='word_1_423' title='bbox 861 3793 990 3835; x_wconf 93' lang='lat' dir='ltr'><strong>cum</strong></span> <span class='ocrx_word' id='word_1_424' title='bbox 1031 3779 1224 3835; x_wconf 92' lang='lat' dir='ltr'><strong>crucis</strong></span> <span class='ocrx_word' id='word_1_425' title='bbox 1243 3784 1329 3834; x_wconf 90' lang='lat' dir='ltr'><strong>est</strong></span> <span class='ocrx_word' id='word_1_426' title='bbox 1371 3784 1428 3835; x_wconf 90' lang='lat' dir='ltr'><strong>et</strong></span> <span class='ocrx_word' id='word_1_427' title='bbox 1453 3778 1468 3815; x_wconf 81' lang='grc' dir='ltr'><strong>ι</strong></span> <span class='ocrx_word' id='word_1_428' title='bbox 1495 3780 1788 3849; x_wconf 88' lang='lat' dir='ltr'><strong>triumpho</strong></span> <span class='ocrx_word' id='word_1_429' title='bbox 1833 3793 2108 3837; x_wconf 90' lang='lat' dir='ltr'><strong>reversus.</strong></span> 
     </span>
    </p>
   </div>
   <div class='ocr_carea' id='block_1_57' title="bbox 469 3866 2113 3943">
    <p class='ocr_par' dir='ltr' id='par_1_57' title="bbox 469 3866 2113 3943">
     <span class='ocr_line' id='line_1_57' title="bbox 469 3866 2113 3943; baseline 0.001 -19"><span class='ocrx_word' id='word_1_430' title='bbox 469 3867 835 3924; x_wconf 90' lang='lat' dir='ltr'><strong>Postmodum</strong></span> <span class='ocrx_word' id='word_1_431' title='bbox 888 3866 1091 3923; x_wconf 91' lang='lat' dir='ltr'><strong>livoris</strong></span> <span class='ocrx_word' id='word_1_432' title='bbox 1137 3880 1312 3923; x_wconf 93' lang='lat' dir='ltr'><strong>oceno</strong></span> <span class='ocrx_word' id='word_1_433' title='bbox 1359 3875 1400 3902; x_wconf 75' lang='grc' dir='ltr'>ω</span> <span class='ocrx_word' id='word_1_434' title='bbox 1428 3868 1499 3923; x_wconf 93' lang='lat' dir='ltr'><strong>ab</strong></span> <span class='ocrx_word' id='word_1_435' title='bbox 1531 3867 1670 3923; x_wconf 88' lang='lat' dir='ltr'><strong>urbe</strong></span> <span class='ocrx_word' id='word_1_436' title='bbox 1700 3873 1799 3924; x_wconf 91' lang='lat' dir='ltr'><strong>tua</strong></span> <span class='ocrx_word' id='word_1_437' title='bbox 1829 3869 2113 3943; x_wconf 92' lang='lat' dir='ltr'><strong>repulsus,</strong></span> 
     </span>
    </p>
   </div>
   <div class='ocr_carea' id='block_1_58' title="bbox 469 3954 2119 4029">
    <p class='ocr_par' dir='ltr' id='par_1_58' title="bbox 469 3954 2119 4029">
     <span class='ocr_line' id='line_1_58' title="bbox 469 3954 2119 4029; baseline 0.002 -18"><span class='ocrx_word' id='word_1_438' title='bbox 469 3955 695 4027; x_wconf 91' lang='lat' dir='ltr'><strong>deinde,</strong></span> <span class='ocrx_word' id='word_1_439' title='bbox 730 3960 796 4012; x_wconf 90' lang='lat' dir='ltr'><strong>ut</strong></span> <span class='ocrx_word' id='word_1_440' title='bbox 840 3954 1060 4012; x_wconf 89' lang='lat' dir='ltr'><strong>dictum</strong></span> <span class='ocrx_word' id='word_1_441' title='bbox 1103 3960 1208 4028; x_wconf 91' lang='lat' dir='ltr'><strong>est,</strong></span> <span class='ocrx_word' id='word_1_442' title='bbox 1255 3971 1288 4012; x_wconf 88' lang='lat' dir='ltr'><strong>a</strong></span> <span class='ocrx_word' id='word_1_443' title='bbox 1334 3957 1555 4013; x_wconf 87' lang='lat' dir='ltr'><strong>Marino</strong></span> <span class='ocrx_word' id='word_1_444' title='bbox 1601 3970 1741 4029; x_wconf 88' lang='lat' dir='ltr'><strong>papa</strong></span> <span class='ocrx_word' id='word_1_445' title='bbox 1775 3963 2033 4029; x_wconf 89' lang='lat' dir='ltr'><strong>receptus</strong></span> <span class='ocrx_word' id='word_1_446' title='bbox 2061 3964 2119 4015; x_wconf 93' lang='lat' dir='ltr'><strong>et</strong></span> 
     </span>
    </p>
   </div>
   <div class='ocr_carea' id='block_1_59' title="bbox 472 4042 2119 4119">
    <p class='ocr_par' dir='ltr' id='par_1_59' title="bbox 472 4042 2119 4119">
     <span class='ocr_line' id='line_1_59' title="bbox 472 4042 2119 4119; baseline 0.004 -21"><span class='ocrx_word' id='word_1_447' title='bbox 472 4042 815 4115; x_wconf 84' lang='lat' dir='ltr'><strong>restitutus;</strong></span> <span class='ocrx_word' id='word_1_448' title='bbox 859 4043 944 4100; x_wconf 91' lang='lat' dir='ltr'><strong>sic</strong></span> <span class='ocrx_word' id='word_1_449' title='bbox 975 4045 1221 4117; x_wconf 92' lang='lat' dir='ltr'><strong>tandem,</strong></span> <span class='ocrx_word' id='word_1_450' title='bbox 1273 4045 1471 4116; x_wconf 92' lang='lat' dir='ltr'><strong>populi</strong></span> <span class='ocrx_word' id='word_1_451' title='bbox 1524 4045 1842 4104; x_wconf 90' lang='lat' dir='ltr'><strong>acclamatu</strong></span> <span class='ocrx_word' id='word_1_452' title='bbox 1890 4054 2119 4119; x_wconf 88' lang='lat' dir='ltr'><strong>propter</strong></span> 
     </span>
    </p>
   </div>
   <div class='ocr_carea' id='block_1_60' title="bbox 470 4132 2121 4208">
    <p class='ocr_par' dir='ltr' id='par_1_60' title="bbox 470 4132 2121 4208">
     <span class='ocr_line' id='line_1_60' title="bbox 470 4132 2121 4208; baseline 0.004 -21"><span class='ocrx_word' id='word_1_453' title='bbox 470 4132 748 4188; x_wconf 90' lang='lat' dir='ltr'><strong>bonorum</strong></span> <span class='ocrx_word' id='word_1_454' title='bbox 782 4133 1127 4189; x_wconf 91' lang='lat' dir='ltr'><strong>incrementa</strong></span> <span class='ocrx_word' id='word_1_455' title='bbox 1159 4148 1401 4208; x_wconf 85' lang='lat' dir='ltr'><strong>morum,</strong></span> <span class='ocrx_word' id='word_1_456' title='bbox 1447 4135 1516 4191; x_wconf 89' lang='lat' dir='ltr'><strong>ad</strong></span> <span class='ocrx_word' id='word_1_457' title='bbox 1558 4150 1841 4193; x_wconf 90' lang='lat' dir='ltr'><strong>summum</strong></span> <span class='ocrx_word' id='word_1_458' title='bbox 1877 4138 2121 4207; x_wconf 89' lang='lat' dir='ltr'><strong>pontiﬁ-</strong></span> 
     </span>
    </p>
   </div>
   <div class='ocr_carea' id='block_1_61' title="bbox 470 4221 2116 4298">
    <p class='ocr_par' dir='ltr' id='par_1_61' title="bbox 470 4221 2116 4298">
     <span class='ocr_line' id='line_1_61' title="bbox 470 4221 2116 4298; baseline 0.004 -20"><span class='ocrx_word' id='word_1_459' title='bbox 470 4227 633 4280; x_wconf 90' lang='lat' dir='ltr'><strong>catus</strong></span> <span class='ocrx_word' id='word_1_460' title='bbox 662 4222 887 4278; x_wconf 91' lang='lat' dir='ltr'><strong>culmen</strong></span> <span class='ocrx_word' id='word_1_461' title='bbox 947 4221 1338 4280; x_wconf 82' lang='lat' dir='ltr'><strong>favorabiliter</strong></span> <span class='ocrx_word' id='word_1_462' title='bbox 1379 4230 1465 4281; x_wconf 90' lang='lat' dir='ltr'><strong>est</strong></span> <span class='ocrx_word' id='word_1_463' title='bbox 1517 4232 1831 4298; x_wconf 89' lang='lat' dir='ltr'><strong>provectus.</strong></span> <span class='ocrx_word' id='word_1_464' title='bbox 1875 4227 2033 4296; x_wconf 90' lang='lat' dir='ltr'><strong>Quod</strong></span> <span class='ocrx_word' id='word_1_465' title='bbox 2065 4227 2116 4284; x_wconf 89' lang='lat' dir='ltr'><strong>si</strong></span> 
     </span>
    </p>
   </div>
   <div class='ocr_carea' id='block_1_62' title="bbox 468 4312 2119 4386">
    <p class='ocr_par' dir='ltr' id='par_1_62' title="bbox 468 4312 2119 4386">
     <span class='ocr_line' id='line_1_62' title="bbox 468 4312 2119 4386; baseline 0.004 -20"><span class='ocrx_word' id='word_1_466' title='bbox 468 4313 752 4367; x_wconf 83' lang='lat' dir='ltr'><strong>Formosus</strong></span> <span class='ocrx_word' id='word_1_467' title='bbox 784 4312 927 4367; x_wconf 80' lang='lat' dir='ltr'><strong>nihil</strong></span> <span class='ocrx_word' id='word_1_468' title='bbox 954 4313 1164 4376; x_wconf 78' lang='lat' dir='ltr'><strong>habuit,</strong></span> <span class='ocrx_word' id='word_1_469' title='bbox 1195 4314 1337 4367; x_wconf 77' lang='lat' dir='ltr'><strong>nihil</strong></span> <span class='ocrx_word' id='word_1_470' title='bbox 1350 4312 1512 4369; x_wconf 74' lang='lat' dir='ltr'><strong>&#39;dedit</strong></span> <span class='ocrx_word' id='word_1_471' title='bbox 1539 4314 1721 4386; x_wconf 92' lang='lat' dir='ltr'><strong>(quod</strong></span> <span class='ocrx_word' id='word_1_472' title='bbox 1754 4315 2119 4372; x_wconf 85' lang='lat' dir='ltr'><strong>absurdissi-</strong></span> 
     </span>
    </p>
   </div>
   <div class='ocr_carea' id='block_1_63' title="bbox 2235 1824 3817 1899">
    <p class='ocr_par' dir='ltr' id='par_1_63' title="bbox 2235 1824 3817 1899">
     <span class='ocr_line' id='line_1_63' title="bbox 2235 1824 3817 1899; baseline -0.001 -20"><span class='ocrx_word' id='word_1_473' title='bbox 2235 1824 2408 1897; x_wconf 90' lang='lat' dir='ltr'><strong>digne</strong></span> <span class='ocrx_word' id='word_1_474' title='bbox 2426 1830 2526 1881; x_wconf 91' lang='lat' dir='ltr'><strong>aut</strong></span> <span class='ocrx_word' id='word_1_475' title='bbox 2548 1824 2801 1898; x_wconf 90' lang='lat' dir='ltr'><strong>indigne,</strong></span> <span class='ocrx_word' id='word_1_476' title='bbox 2830 1831 2896 1882; x_wconf 92' lang='lat' dir='ltr'><strong>ut</strong></span> <span class='ocrx_word' id='word_1_477' title='bbox 2922 1827 3092 1897; x_wconf 90' lang='lat' dir='ltr'><strong>dicis,</strong></span> <span class='ocrx_word' id='word_1_478' title='bbox 3144 1826 3445 1899; x_wconf 89' lang='lat' dir='ltr'><strong>imposuit,</strong></span> <span class='ocrx_word' id='word_1_479' title='bbox 3478 1827 3632 1882; x_wconf 89' lang='lat' dir='ltr'><strong>irrita</strong></span> <span class='ocrx_word' id='word_1_480' title='bbox 3662 1828 3746 1880; x_wconf 74' lang='lat' dir='ltr'><strong>est</strong></span> <span class='ocrx_word' id='word_1_481' title='bbox 3773 1824 3817 1878; x_wconf 89' lang='lat' dir='ltr'><strong>Si</strong></span> 
     </span>
    </p>
   </div>
   <div class='ocr_carea' id='block_1_64' title="bbox 2237 1912 3821 1986">
    <p class='ocr_par' dir='ltr' id='par_1_64' title="bbox 2237 1912 3821 1986">
     <span class='ocr_line' id='line_1_64' title="bbox 2237 1912 3821 1986; baseline -0.001 -17"><span class='ocrx_word' id='word_1_482' title='bbox 2237 1913 2471 1986; x_wconf 88' lang='lat' dir='ltr'><strong>indigne</strong></span> <span class='ocrx_word' id='word_1_483' title='bbox 2493 1914 2735 1970; x_wconf 88' lang='lat' dir='ltr'><strong>Joannes</strong></span> <span class='ocrx_word' id='word_1_484' title='bbox 2765 1920 2958 1971; x_wconf 92' lang='lat' dir='ltr'><strong>noster</strong></span> <span class='ocrx_word' id='word_1_485' title='bbox 2996 1916 3355 1986; x_wconf 88' lang='lat' dir='ltr'><strong>apostolicus</strong></span> <span class='ocrx_word' id='word_1_486' title='bbox 3379 1914 3557 1986; x_wconf 90' lang='lat' dir='ltr'><strong>(quod</strong></span> <span class='ocrx_word' id='word_1_487' title='bbox 3598 1912 3732 1970; x_wconf 86' lang='lat' dir='ltr'><strong>nefas</strong></span> <span class='ocrx_word' id='word_1_488' title='bbox 3751 1916 3821 1967; x_wconf 88' lang='lat' dir='ltr'><strong>est</strong></span> 
     </span>
    </p>
   </div>
   <div class='ocr_carea' id='block_1_65' title="bbox 2232 2001 3820 2076">
    <p class='ocr_par' dir='ltr' id='par_1_65' title="bbox 2232 2001 3820 2076">
     <span class='ocr_line' id='line_1_65' title="bbox 2232 2001 3820 2076; baseline -0.002 -20"><span class='ocrx_word' id='word_1_489' title='bbox 2232 2001 2301 2057; x_wconf 88' lang='lat' dir='ltr'><strong>ad</strong></span> <span class='ocrx_word' id='word_1_490' title='bbox 2320 2001 2627 2058; x_wconf 92' lang='lat' dir='ltr'><strong>dicendum</strong></span> <span class='ocrx_word' id='word_1_491' title='bbox 2648 2001 2685 2075; x_wconf 95' lang='lat'><strong>),</strong></span> <span class='ocrx_word' id='word_1_492' title='bbox 2710 2016 2811 2059; x_wconf 91' lang='lat' dir='ltr'><strong>nec</strong></span> <span class='ocrx_word' id='word_1_493' title='bbox 2842 2004 3100 2061; x_wconf 86' lang='lat' dir='ltr'><strong>Marinus</strong></span> <span class='ocrx_word' id='word_1_494' title='bbox 3123 2005 3432 2076; x_wconf 88' lang='lat' dir='ltr'><strong>episcopus</strong></span> <span class='ocrx_word' id='word_1_495' title='bbox 3453 2022 3468 2075; x_wconf 84' lang='lat'><strong>;</strong></span> <span class='ocrx_word' id='word_1_496' title='bbox 3491 2003 3539 2060; x_wconf 91' lang='lat' dir='ltr'><strong>si</strong></span> <span class='ocrx_word' id='word_1_497' title='bbox 3553 2016 3670 2059; x_wconf 88' lang='lat' dir='ltr'><strong>vero</strong></span> <span class='ocrx_word' id='word_1_498' title='bbox 3684 2002 3820 2072; x_wconf 83' lang='lat' dir='ltr'><strong>digne</strong></span> 
     </span>
    </p>
   </div>
   <div class='ocr_carea' id='block_1_66' title="bbox 2231 2089 3820 2166">
    <p class='ocr_par' dir='ltr' id='par_1_66' title="bbox 2231 2089 3820 2166">
     <span class='ocr_line' id='line_1_66' title="bbox 2231 2089 3820 2166; baseline -0.003 -18"><span class='ocrx_word' id='word_1_499' title='bbox 2231 2089 2367 2162; x_wconf 91' lang='lat' dir='ltr'><strong>(pro</strong></span> <span class='ocrx_word' id='word_1_500' title='bbox 2398 2097 2463 2149; x_wconf 92' lang='lat' dir='ltr'><strong>ut</strong></span> <span class='ocrx_word' id='word_1_501' title='bbox 2506 2094 2661 2150; x_wconf 92' lang='lat' dir='ltr'><strong>omni</strong></span> <span class='ocrx_word' id='word_1_502' title='bbox 2715 2094 2927 2151; x_wconf 90' lang='lat' dir='ltr'><strong>mundo</strong></span> <span class='ocrx_word' id='word_1_503' title='bbox 2981 2099 3134 2151; x_wconf 91' lang='lat' dir='ltr'><strong>recto</strong></span> <span class='ocrx_word' id='word_1_504' title='bbox 3162 2096 3407 2152; x_wconf 82' lang='lat' dir='ltr'><strong>pvisum</strong></span> <span class='ocrx_word' id='word_1_505' title='bbox 3462 2094 3576 2166; x_wconf 91' lang='lat' dir='ltr'><strong>est)</strong></span> <span class='ocrx_word' id='word_1_506' title='bbox 3622 2092 3820 2148; x_wconf 87' lang='lat' dir='ltr'><strong>domnus</strong></span> 
     </span>
    </p>
   </div>
   <div class='ocr_carea' id='block_1_67' title="bbox 2230 2181 3820 2255">
    <p class='ocr_par' dir='ltr' id='par_1_67' title="bbox 2230 2181 3820 2255">
     <span class='ocr_line' id='line_1_67' title="bbox 2230 2181 3820 2255; baseline -0.004 -19"><span class='ocrx_word' id='word_1_507' title='bbox 2230 2181 2471 2237; x_wconf 89' lang='lat' dir='ltr'><strong>Joannes</strong></span> <span class='ocrx_word' id='word_1_508' title='bbox 2514 2183 2593 2239; x_wconf 89' lang='lat' dir='ltr'><strong>sit</strong></span> <span class='ocrx_word' id='word_1_509' title='bbox 2637 2184 3011 2255; x_wconf 90' lang='lat' dir='ltr'><strong>apostolicus,</strong></span> <span class='ocrx_word' id='word_1_510' title='bbox 3057 2189 3114 2240; x_wconf 93' lang='lat' dir='ltr'><strong>et</strong></span> <span class='ocrx_word' id='word_1_511' title='bbox 3141 2185 3405 2241; x_wconf 84' lang='lat' dir='ltr'><strong>Marinus</strong></span> <span class='ocrx_word' id='word_1_512' title='bbox 3446 2184 3742 2254; x_wconf 89' lang='lat' dir='ltr'><strong>episc0pus:</strong></span> <span class='ocrx_word' id='word_1_513' title='bbox 3770 2190 3820 2232; x_wconf 86' lang='lat' dir='ltr'><strong>ac</strong></span> 
     </span>
    </p>
   </div>
   <div class='ocr_carea' id='block_1_68' title="bbox 2231 2265 3819 2342">
    <p class='ocr_par' dir='ltr' id='par_1_68' title="bbox 2231 2265 3819 2342">
     <span class='ocr_line' id='line_1_68' title="bbox 2231 2265 3819 2342; baseline -0.003 -17"><span class='ocrx_word' id='word_1_514' title='bbox 2231 2270 2519 2341; x_wconf 89' lang='lat' dir='ltr'><strong>deinceps,</strong></span> <span class='ocrx_word' id='word_1_515' title='bbox 2564 2284 2736 2329; x_wconf 90' lang='lat' dir='ltr'><strong>causa</strong></span> <span class='ocrx_word' id='word_1_516' title='bbox 2766 2273 3046 2328; x_wconf 90' lang='lat' dir='ltr'><strong>utilitatis</strong></span> <span class='ocrx_word' id='word_1_517' title='bbox 3087 2279 3144 2329; x_wconf 91' lang='lat' dir='ltr'><strong>et</strong></span> <span class='ocrx_word' id='word_1_518' title='bbox 3194 2273 3574 2342; x_wconf 82' lang='lat' dir='ltr'><strong>necessitatis,</strong></span> <span class='ocrx_word' id='word_1_519' title='bbox 3614 2265 3819 2327; x_wconf 85' lang='lat' dir='ltr'><strong>universi</strong></span> 
     </span>
    </p>
   </div>
   <div class='ocr_carea' id='block_1_69' title="bbox 2232 2360 3821 2431">
    <p class='ocr_par' dir='ltr' id='par_1_69' title="bbox 2232 2360 3821 2431">
     <span class='ocr_line' id='line_1_69' title="bbox 2232 2360 3821 2431; baseline -0.002 -17"><span class='ocrx_word' id='word_1_520' title='bbox 2232 2360 2600 2416; x_wconf 91' lang='lat' dir='ltr'><strong>advocatione</strong></span> <span class='ocrx_word' id='word_1_521' title='bbox 2633 2360 2850 2431; x_wconf 89' lang='lat' dir='ltr'><strong>populi,</strong></span> <span class='ocrx_word' id='word_1_522' title='bbox 2895 2361 2954 2416; x_wconf 92' lang='lat' dir='ltr'><strong>in</strong></span> <span class='ocrx_word' id='word_1_523' title='bbox 3007 2367 3202 2418; x_wconf 87' lang='lat' dir='ltr'><strong>sancta</strong></span> <span class='ocrx_word' id='word_1_524' title='bbox 3249 2362 3502 2419; x_wconf 84' lang='lat' dir='ltr'><strong>Romana</strong></span> <span class='ocrx_word' id='word_1_525' title='bbox 3551 2364 3605 2415; x_wconf 90' lang='lat' dir='ltr'><strong>et</strong></span> <span class='ocrx_word' id='word_1_526' title='bbox 3628 2361 3821 2428; x_wconf 86' lang='lat' dir='ltr'><strong>aposto-</strong></span> 
     </span>
    </p>
   </div>
   <div class='ocr_carea' id='block_1_70' title="bbox 2233 2442 3821 2521">
    <p class='ocr_par' dir='ltr' id='par_1_70' title="bbox 2233 2442 3821 2521">
     <span class='ocr_line' id='line_1_70' title="bbox 2233 2442 3821 2521; baseline -0.003 -18"><span class='ocrx_word' id='word_1_527' title='bbox 2233 2447 2345 2503; x_wconf 91' lang='lat' dir='ltr'><strong>lica</strong></span> <span class='ocrx_word' id='word_1_528' title='bbox 2382 2448 2636 2505; x_wconf 83' lang='lat' dir='ltr'><strong>Ecclesia</strong></span> <span class='ocrx_word' id='word_1_529' title='bbox 2688 2454 2910 2505; x_wconf 89' lang='lat' dir='ltr'><strong>maneat</strong></span> <span class='ocrx_word' id='word_1_530' title='bbox 2969 2450 3421 2513; x_wconf 88' lang='lat' dir='ltr'><strong>inthronizatus,</strong></span> <span class='ocrx_word' id='word_1_531' title='bbox 3448 2451 3558 2521; x_wconf 89' lang='lat' dir='ltr'><strong>jam</strong></span> <span class='ocrx_word' id='word_1_532' title='bbox 3585 2448 3631 2505; x_wconf 91' lang='lat' dir='ltr'><strong>si</strong></span> <span class='ocrx_word' id='word_1_533' title='bbox 3678 2442 3821 2517; x_wconf 86' lang='lat' dir='ltr'><strong>proﬁ-</strong></span> 
     </span>
    </p>
   </div>
   <div class='ocr_carea' id='block_1_71' title="bbox 2233 2531 3821 2610">
    <p class='ocr_par' dir='ltr' id='par_1_71' title="bbox 2233 2531 3821 2610">
     <span class='ocr_line' id='line_1_71' title="bbox 2233 2531 3821 2610; baseline -0.003 -19"><span class='ocrx_word' id='word_1_534' title='bbox 2233 2536 2375 2591; x_wconf 90' lang='lat' dir='ltr'><strong>teris</strong></span> <span class='ocrx_word' id='word_1_535' title='bbox 2419 2538 2704 2594; x_wconf 87' lang='lat' dir='ltr'><strong>Marinum</strong></span> <span class='ocrx_word' id='word_1_536' title='bbox 2751 2539 3081 2609; x_wconf 90' lang='lat' dir='ltr'><strong>episcopum</strong></span> <span class='ocrx_word' id='word_1_537' title='bbox 3131 2554 3242 2596; x_wconf 92' lang='lat' dir='ltr'><strong>non</strong></span> <span class='ocrx_word' id='word_1_538' title='bbox 3290 2539 3491 2610; x_wconf 91' lang='lat' dir='ltr'><strong>fuisse,</strong></span> <span class='ocrx_word' id='word_1_539' title='bbox 3541 2531 3821 2594; x_wconf 82' lang='lat' dir='ltr'><strong>criminaris</strong></span> 
     </span>
    </p>
   </div>
   <div class='ocr_carea' id='block_1_72' title="bbox 2230 2625 3820 2701">
    <p class='ocr_par' dir='ltr' id='par_1_72' title="bbox 2230 2625 3820 2701">
     <span class='ocr_line' id='line_1_72' title="bbox 2230 2625 3820 2701; baseline -0.003 -22"><span class='ocrx_word' id='word_1_540' title='bbox 2230 2626 2498 2681; x_wconf 87' lang='lat' dir='ltr'><strong>Joannem</strong></span> <span class='ocrx_word' id='word_1_541' title='bbox 2561 2640 2763 2700; x_wconf 86' lang='lat' dir='ltr'><strong>papam</strong></span> <span class='ocrx_word' id='word_1_542' title='bbox 2802 2625 2989 2700; x_wconf 92' lang='lat' dir='ltr'><strong>(quod</strong></span> <span class='ocrx_word' id='word_1_543' title='bbox 3041 2630 3193 2686; x_wconf 90' lang='lat' dir='ltr'><strong>Deus</strong></span> <span class='ocrx_word' id='word_1_544' title='bbox 3247 2629 3521 2701; x_wconf 85' lang='lat' dir='ltr'><strong>avertat),</strong></span> <span class='ocrx_word' id='word_1_545' title='bbox 3572 2626 3662 2698; x_wconf 89' lang='lat' dir='ltr'><strong>qui</strong></span> <span class='ocrx_word' id='word_1_546' title='bbox 3719 2634 3820 2678; x_wconf 86' lang='lat' dir='ltr'><strong>eum</strong></span> 
     </span>
    </p>
   </div>
   <div class='ocr_carea' id='block_1_73' title="bbox 2232 2716 3825 2790">
    <p class='ocr_par' dir='ltr' id='par_1_73' title="bbox 2232 2716 3825 2790">
     <span class='ocr_line' id='line_1_73' title="bbox 2232 2716 3825 2790; baseline -0.002 -21"><span class='ocrx_word' id='word_1_547' title='bbox 2232 2718 2607 2780; x_wconf 86' lang='lat' dir='ltr'><strong>consecravit,</strong></span> <span class='ocrx_word' id='word_1_548' title='bbox 2658 2717 2998 2774; x_wconf 91' lang='lat' dir='ltr'><strong>violatorem</strong></span> <span class='ocrx_word' id='word_1_549' title='bbox 3047 2730 3359 2790; x_wconf 89' lang='lat' dir='ltr'><strong>canonum,</strong></span> <span class='ocrx_word' id='word_1_550' title='bbox 3386 2722 3442 2775; x_wconf 93' lang='lat' dir='ltr'><strong>et</strong></span> <span class='ocrx_word' id='word_1_551' title='bbox 3484 2716 3713 2773; x_wconf 89' lang='lat' dir='ltr'><strong>omnium</strong></span> <span class='ocrx_word' id='word_1_552' title='bbox 3748 2723 3825 2766; x_wconf 87' lang='lat' dir='ltr'><strong>sa—</strong></span> 
     </span>
    </p>
   </div>
   <div class='ocr_carea' id='block_1_74' title="bbox 2232 2800 3824 2877">
    <p class='ocr_par' dir='ltr' id='par_1_74' title="bbox 2232 2800 3824 2877">
     <span class='ocr_line' id='line_1_74' title="bbox 2232 2800 3824 2877; baseline -0.002 -19"><span class='ocrx_word' id='word_1_553' title='bbox 2232 2816 2459 2860; x_wconf 89' lang='lat' dir='ltr'><strong>crarum</strong></span> <span class='ocrx_word' id='word_1_554' title='bbox 2515 2804 2701 2877; x_wconf 90' lang='lat' dir='ltr'><strong>legum</strong></span> <span class='ocrx_word' id='word_1_555' title='bbox 2739 2807 3234 2877; x_wconf 71' lang='lat' dir='ltr'><strong>praevaricatorem</strong></span> <span class='ocrx_word' id='word_1_556' title='bbox 3262 2806 3467 2864; x_wconf 90' lang='lat' dir='ltr'><strong>fuisse.</strong></span> <span class='ocrx_word' id='word_1_557' title='bbox 3493 2804 3599 2861; x_wconf 84' lang='lat' dir='ltr'><strong>Aut</strong></span> <span class='ocrx_word' id='word_1_558' title='bbox 3619 2803 3702 2859; x_wconf 90' lang='lat' dir='ltr'><strong>dic</strong></span> <span class='ocrx_word' id='word_1_559' title='bbox 3725 2800 3824 2856; x_wconf 72' lang='lat' dir='ltr'><strong>la-</strong></span> 
     </span>
    </p>
   </div>
   <div class='ocr_carea' id='block_1_75' title="bbox 2233 2891 3822 2968">
    <p class='ocr_par' dir='ltr' id='par_1_75' title="bbox 2233 2891 3822 2968">
     <span class='ocr_line' id='line_1_75' title="bbox 2233 2891 3822 2968; baseline 0.001 -21"><span class='ocrx_word' id='word_1_560' title='bbox 2233 2891 2448 2957; x_wconf 87' lang='lat' dir='ltr'><strong>rinum,</strong></span> <span class='ocrx_word' id='word_1_561' title='bbox 2482 2894 2582 2965; x_wconf 88' lang='lat' dir='ltr'><strong>qui</strong></span> <span class='ocrx_word' id='word_1_562' title='bbox 2613 2907 2646 2951; x_wconf 91' lang='lat' dir='ltr'><strong>a</strong></span> <span class='ocrx_word' id='word_1_563' title='bbox 2674 2895 2886 2951; x_wconf 90' lang='lat' dir='ltr'><strong>Joanne</strong></span> <span class='ocrx_word' id='word_1_564' title='bbox 2919 2900 3180 2953; x_wconf 92' lang='lat' dir='ltr'><strong>sacratus</strong></span> <span class='ocrx_word' id='word_1_565' title='bbox 3208 2901 3321 2968; x_wconf 92' lang='lat' dir='ltr'><strong>est,</strong></span> <span class='ocrx_word' id='word_1_566' title='bbox 3352 2896 3527 2953; x_wconf 89' lang='lat' dir='ltr'><strong>fuisse</strong></span> <span class='ocrx_word' id='word_1_567' title='bbox 3548 2893 3822 2964; x_wconf 85' lang='lat' dir='ltr'><strong>episcopum</strong></span> 
     </span>
    </p>
   </div>
   <div class='ocr_carea' id='block_1_76' title="bbox 2234 2978 3824 3059">
    <p class='ocr_par' dir='ltr' id='par_1_76' title="bbox 2234 2978 3824 3059">
     <span class='ocr_line' id='line_1_76' title="bbox 2234 2978 3824 3059; baseline -0.003 -22"><span class='ocrx_word' id='word_1_568' title='bbox 2234 2984 2429 3038; x_wconf 91' lang='lat' dir='ltr'><strong>utcom</strong></span> <span class='ocrx_word' id='word_1_569' title='bbox 2439 2982 2640 3053; x_wconf 91' lang='lat' dir='ltr'><strong>probes</strong></span> <span class='ocrx_word' id='word_1_570' title='bbox 2655 2985 2923 3041; x_wconf 90' lang='lat' dir='ltr'><strong>Joannem</strong></span> <span class='ocrx_word' id='word_1_571' title='bbox 2942 2986 3241 3059; x_wconf 89' lang='lat' dir='ltr'><strong>veraciter,</strong></span> <span class='ocrx_word' id='word_1_572' title='bbox 3254 2987 3415 3044; x_wconf 84' lang='lat' dir='ltr'><strong>sicut</strong></span> <span class='ocrx_word' id='word_1_573' title='bbox 3435 2984 3560 3054; x_wconf 89' lang='lat' dir='ltr'><strong>fuit,</strong></span> <span class='ocrx_word' id='word_1_574' title='bbox 3586 2978 3824 3038; x_wconf 81' lang='lat' dir='ltr'><strong>exstitisse</strong></span> 
     </span>
    </p>
   </div>
   <div class='ocr_carea' id='block_1_77' title="bbox 2152 3040 3824 3145">
    <p class='ocr_par' dir='ltr' id='par_1_77' title="bbox 2152 3040 3824 3145">
     <span class='ocr_line' id='line_1_77' title="bbox 2152 3040 3824 3145; baseline -0.005 -18"><span class='ocrx_word' id='word_1_575' title='bbox 2152 3040 2201 3104; x_wconf 68' lang='grc' dir='ltr'><strong>δ</strong></span> <span class='ocrx_word' id='word_1_576' title='bbox 2234 3040 2478 3142; x_wconf 62' lang='grc' dir='ltr'><strong>ρθρδιιίς</strong></span> <span class='ocrx_word' id='word_1_577' title='bbox 2500 3075 2600 3128; x_wconf 90' lang='lat' dir='ltr'><strong>aut</strong></span> <span class='ocrx_word' id='word_1_578' title='bbox 2619 3072 2670 3128; x_wconf 93' lang='lat' dir='ltr'><strong>si</strong></span> <span class='ocrx_word' id='word_1_579' title='bbox 2702 3074 3207 3145; x_wconf 88' lang='lat' dir='ltr'><strong>negaveris,totam</strong></span> <span class='ocrx_word' id='word_1_580' title='bbox 3229 3040 3707 3133; x_wconf 46' lang='lat' dir='ltr'><strong>’Christianitatem</strong></span> <span class='ocrx_word' id='word_1_581' title='bbox 3739 3077 3824 3120; x_wconf 85' lang='lat' dir='ltr'><strong>ma-</strong></span> 
     </span>
    </p>
   </div>
   <div class='ocr_carea' id='block_1_78' title="bbox 2232 3151 3820 3235">
    <p class='ocr_par' dir='ltr' id='par_1_78' title="bbox 2232 3151 3820 3235">
     <span class='ocr_line' id='line_1_78' title="bbox 2232 3151 3820 3235; baseline -0.005 -21"><span class='ocrx_word' id='word_1_582' title='bbox 2232 3158 2497 3231; x_wconf 92' lang='lat' dir='ltr'><strong>culando,</strong></span> <span class='ocrx_word' id='word_1_583' title='bbox 2533 3160 2890 3231; x_wconf 88' lang='lat' dir='ltr'><strong>proﬁteberis</strong></span> <span class='ocrx_word' id='word_1_584' title='bbox 2915 3162 3185 3219; x_wconf 87' lang='lat' dir='ltr'><strong>Joannem</strong></span> <span class='ocrx_word' id='word_1_585' title='bbox 3231 3163 3576 3235; x_wconf 89' lang='lat' dir='ltr'><strong>irruptorem</strong></span> <span class='ocrx_word' id='word_1_586' title='bbox 3599 3171 3625 3214; x_wconf 78' lang='grc' dir='ltr'><strong>(ι</strong></span> <span class='ocrx_word' id='word_1_587' title='bbox 3647 3151 3820 3213; x_wconf 68' lang='lat' dir='ltr'><strong>Nicaeui</strong></span> 
     </span>
    </p>
   </div>
   <div class='ocr_carea' id='block_1_79' title="bbox 2229 3248 3820 3314">
    <p class='ocr_par' dir='ltr' id='par_1_79' title="bbox 2229 3248 3820 3314">
     <span class='ocr_line' id='line_1_79' title="bbox 2229 3248 3820 3314; baseline -0.001 -12"><span class='ocrx_word' id='word_1_588' title='bbox 2229 3248 2554 3305; x_wconf 89' lang='lat' dir='ltr'><strong>etomnium</strong></span> <span class='ocrx_word' id='word_1_589' title='bbox 2565 3250 2946 3307; x_wconf 91' lang='lat' dir='ltr'><strong>conciliorum</strong></span> <span class='ocrx_word' id='word_1_590' title='bbox 2970 3252 3390 3309; x_wconf 88' lang='lat' dir='ltr'><strong>destructorem</strong></span> <span class='ocrx_word' id='word_1_591' title='bbox 3409 3251 3596 3308; x_wconf 90' lang='lat' dir='ltr'><strong>fuisse.</strong></span> <span class='ocrx_word' id='word_1_592' title='bbox 3613 3249 3820 3314; x_wconf 82' lang='lat' dir='ltr'><strong>Insuper,</strong></span> 
     </span>
    </p>
   </div>
   <div class='ocr_carea' id='block_1_80' title="bbox 2228 3334 3823 3414">
    <p class='ocr_par' dir='ltr' id='par_1_80' title="bbox 2228 3334 3823 3414">
     <span class='ocr_line' id='line_1_80' title="bbox 2228 3334 3823 3414; baseline -0.006 -22"><span class='ocrx_word' id='word_1_593' title='bbox 2228 3339 2282 3392; x_wconf 94' lang='lat' dir='ltr'><strong>el</strong></span> <span class='ocrx_word' id='word_1_594' title='bbox 2312 3336 2584 3409; x_wconf 89' lang='lat' dir='ltr'><strong>Stephani</strong></span> <span class='ocrx_word' id='word_1_595' title='bbox 2620 3340 2995 3414; x_wconf 90' lang='lat' dir='ltr'><strong>consecratio,</strong></span> <span class='ocrx_word' id='word_1_596' title='bbox 3022 3345 3080 3397; x_wconf 95' lang='lat' dir='ltr'><strong>et</strong></span> <span class='ocrx_word' id='word_1_597' title='bbox 3098 3341 3310 3413; x_wconf 91' lang='lat' dir='ltr'><strong>Sergii,</strong></span> <span class='ocrx_word' id='word_1_598' title='bbox 3348 3354 3511 3413; x_wconf 89' lang='lat' dir='ltr'><strong>quem</strong></span> <span class='ocrx_word' id='word_1_599' title='bbox 3551 3334 3823 3406; x_wconf 87' lang='lat' dir='ltr'><strong>Stephanus</strong></span> 
     </span>
    </p>
   </div>
   <div class='ocr_carea' id='block_1_81' title="bbox 2229 3418 3823 3503">
    <p class='ocr_par' dir='ltr' id='par_1_81' title="bbox 2229 3418 3823 3503">
     <span class='ocr_line' id='line_1_81' title="bbox 2229 3418 3823 3503; baseline -0.006 -21"><span class='ocrx_word' id='word_1_600' title='bbox 2229 3429 2583 3485; x_wconf 85' lang='lat' dir='ltr'><strong>consecravit</strong></span> <span class='ocrx_word' id='word_1_601' title='bbox 2625 3429 2694 3485; x_wconf 91' lang='lat' dir='ltr'><strong>ad</strong></span> <span class='ocrx_word' id='word_1_602' title='bbox 2738 3430 3127 3503; x_wconf 88' lang='lat' dir='ltr'><strong>diaconatum,</strong></span> <span class='ocrx_word' id='word_1_603' title='bbox 3174 3431 3351 3487; x_wconf 87' lang='lat' dir='ltr'><strong>irrita</strong></span> <span class='ocrx_word' id='word_1_604' title='bbox 3392 3431 3519 3487; x_wconf 90' lang='lat' dir='ltr'><strong>erit.</strong></span> <span class='ocrx_word' id='word_1_605' title='bbox 3572 3430 3651 3496; x_wconf 90' lang='lat' dir='ltr'><strong>Et,</strong></span> <span class='ocrx_word' id='word_1_606' title='bbox 3687 3418 3823 3478; x_wconf 84' lang='grc' dir='ltr'>ιιιιί-</span> 
     </span>
    </p>
   </div>
   <div class='ocr_carea' id='block_1_82' title="bbox 2229 3507 3823 3590">
    <p class='ocr_par' dir='ltr' id='par_1_82' title="bbox 2229 3507 3823 3590">
     <span class='ocr_line' id='line_1_82' title="bbox 2229 3507 3823 3590; baseline -0.006 -20"><span class='ocrx_word' id='word_1_607' title='bbox 2229 3514 2426 3572; x_wconf 92' lang='lat' dir='ltr'><strong>berius</strong></span> <span class='ocrx_word' id='word_1_608' title='bbox 2449 3517 2729 3590; x_wconf 87' lang='lat' dir='ltr'><strong>dicamus,</strong></span> <span class='ocrx_word' id='word_1_609' title='bbox 2762 3519 2813 3575; x_wconf 90' lang='lat' dir='ltr'><strong>si</strong></span> <span class='ocrx_word' id='word_1_610' title='bbox 2844 3520 3102 3576; x_wconf 91' lang='lat' dir='ltr'><strong>ordinem</strong></span> <span class='ocrx_word' id='word_1_611' title='bbox 3123 3521 3396 3577; x_wconf 70' lang='lat' dir='ltr'><strong>Romanae</strong></span> <span class='ocrx_word' id='word_1_612' title='bbox 3435 3507 3823 3575; x_wconf 86' lang='lat' dir='ltr'><strong>consecrationis</strong></span> 
     </span>
    </p>
   </div>
   <div class='ocr_carea' id='block_1_83' title="bbox 2226 3600 3819 3677">
    <p class='ocr_par' dir='ltr' id='par_1_83' title="bbox 2226 3600 3819 3677">
     <span class='ocr_line' id='line_1_83' title="bbox 2226 3600 3819 3677; baseline 0.002 -19"><span class='ocrx_word' id='word_1_613' title='bbox 2226 3603 2602 3663; x_wconf 91' lang='lat' dir='ltr'><strong>discurrendo</strong></span> <span class='ocrx_word' id='word_1_614' title='bbox 2632 3613 2910 3677; x_wconf 84' lang='lat' dir='ltr'><strong>texamus,</strong></span> <span class='ocrx_word' id='word_1_615' title='bbox 2961 3609 3143 3666; x_wconf 90' lang='lat' dir='ltr'><strong>totius</strong></span> <span class='ocrx_word' id='word_1_616' title='bbox 3171 3608 3587 3667; x_wconf 82' lang='lat' dir='ltr'><strong>sacerdotalisr</strong></span> <span class='ocrx_word' id='word_1_617' title='bbox 3632 3600 3819 3661; x_wconf 61' lang='lat' dir='ltr'><strong>seriem.</strong></span> 
     </span>
    </p>
   </div>
   <div class='ocr_carea' id='block_1_84' title="bbox 2227 3686 3825 3770">
    <p class='ocr_par' dir='ltr' id='par_1_84' title="bbox 2227 3686 3825 3770">
     <span class='ocr_line' id='line_1_84' title="bbox 2227 3686 3825 3770; baseline -0.003 -22"><span class='ocrx_word' id='word_1_618' title='bbox 2227 3696 2292 3748; x_wconf 88' lang='lat' dir='ltr'><strong>ut</strong></span> <span class='ocrx_word' id='word_1_619' title='bbox 2314 3694 2547 3765; x_wconf 88' lang='lat' dir='ltr'><strong>asseris,</strong></span> <span class='ocrx_word' id='word_1_620' title='bbox 2579 3696 2650 3752; x_wconf 89' lang='lat' dir='ltr'><strong>ab</strong></span> <span class='ocrx_word' id='word_1_621' title='bbox 2690 3697 2815 3767; x_wconf 92' lang='lat' dir='ltr'><strong>ipso</strong></span> <span class='ocrx_word' id='word_1_622' title='bbox 2860 3699 3095 3755; x_wconf 84' lang='lat' dir='ltr'><strong>Joannis</strong></span> <span class='ocrx_word' id='word_1_623' title='bbox 3143 3703 3425 3770; x_wconf 90' lang='lat' dir='ltr'><strong>tempore,</strong></span> <span class='ocrx_word' id='word_1_624' title='bbox 3453 3697 3549 3769; x_wconf 92' lang='lat' dir='ltr'><strong>qui</strong></span> <span class='ocrx_word' id='word_1_625' title='bbox 3576 3698 3693 3750; x_wconf 91' lang='lat' dir='ltr'><strong>ante</strong></span> <span class='ocrx_word' id='word_1_626' title='bbox 3735 3686 3825 3743; x_wconf 89' lang='lat' dir='ltr'><strong>tri-</strong></span> 
     </span>
    </p>
   </div>
   <div class='ocr_carea' id='block_1_85' title="bbox 2227 3772 3821 3858">
    <p class='ocr_par' dir='ltr' id='par_1_85' title="bbox 2227 3772 3821 3858">
     <span class='ocr_line' id='line_1_85' title="bbox 2227 3772 3821 3858; baseline 0.001 -21"><span class='ocrx_word' id='word_1_627' title='bbox 2227 3783 2494 3839; x_wconf 91' lang='lat' dir='ltr'><strong>cennium</strong></span> <span class='ocrx_word' id='word_1_628' title='bbox 2520 3783 2831 3845; x_wconf 84' lang='lat' dir='ltr'><strong>defunctus</strong></span> <span class='ocrx_word' id='word_1_629' title='bbox 2854 3793 2940 3844; x_wconf 91' lang='lat' dir='ltr'><strong>est</strong></span> <span class='ocrx_word' id='word_1_630' title='bbox 2959 3796 2998 3858; x_wconf 74' lang='grc' dir='ltr'><strong>ε,</strong></span> <span class='ocrx_word' id='word_1_631' title='bbox 3028 3787 3253 3845; x_wconf 90' lang='lat' dir='ltr'><strong>irritam</strong></span> <span class='ocrx_word' id='word_1_632' title='bbox 3274 3794 3339 3844; x_wconf 92' lang='lat' dir='ltr'><strong>et</strong></span> <span class='ocrx_word' id='word_1_633' title='bbox 3357 3788 3683 3852; x_wconf 86' lang='lat' dir='ltr'><strong>evacuatam,</strong></span> <span class='ocrx_word' id='word_1_634' title='bbox 3703 3772 3821 3848; x_wconf 78' lang='lat' dir='ltr'><strong>quod</strong></span> 
     </span>
    </p>
   </div>
   <div class='ocr_carea' id='block_1_86' title="bbox 2226 3868 3825 3950">
    <p class='ocr_par' dir='ltr' id='par_1_86' title="bbox 2226 3868 3825 3950">
     <span class='ocr_line' id='line_1_86' title="bbox 2226 3868 3825 3950; baseline -0.004 -24"><span class='ocrx_word' id='word_1_635' title='bbox 2226 3870 2398 3944; x_wconf 90' lang='lat' dir='ltr'><strong>absit,</strong></span> <span class='ocrx_word' id='word_1_636' title='bbox 2449 3874 2877 3945; x_wconf 90' lang='lat' dir='ltr'><strong>perspiciemus.</strong></span> <span class='ocrx_word' id='word_1_637' title='bbox 2911 3875 3212 3950; x_wconf 88' lang='lat' dir='ltr'><strong>Quoniam,</strong></span> <span class='ocrx_word' id='word_1_638' title='bbox 3242 3877 3294 3933; x_wconf 91' lang='lat' dir='ltr'><strong>si</strong></span> <span class='ocrx_word' id='word_1_639' title='bbox 3332 3880 3591 3945; x_wconf 91' lang='lat' dir='ltr'><strong>Joannes,</strong></span> <span class='ocrx_word' id='word_1_640' title='bbox 3619 3870 3707 3942; x_wconf 91' lang='lat' dir='ltr'><strong>qui</strong></span> <span class='ocrx_word' id='word_1_641' title='bbox 3728 3868 3825 3922; x_wconf 79' lang='lat' dir='ltr'><strong>Ma—</strong></span> 
     </span>
    </p>
   </div>
   <div class='ocr_carea' id='block_1_87' title="bbox 2228 3953 3823 4037">
    <p class='ocr_par' dir='ltr' id='par_1_87' title="bbox 2228 3953 3823 4037">
     <span class='ocr_line' id='line_1_87' title="bbox 2228 3953 3823 4037; baseline -0.005 -21"><span class='ocrx_word' id='word_1_642' title='bbox 2228 3962 2419 4018; x_wconf 91' lang='lat' dir='ltr'><strong>rinum</strong></span> <span class='ocrx_word' id='word_1_643' title='bbox 2441 3963 2771 4033; x_wconf 92' lang='lat' dir='ltr'><strong>episcopum</strong></span> <span class='ocrx_word' id='word_1_644' title='bbox 2785 3966 3157 4037; x_wconf 91' lang='lat' dir='ltr'><strong>consecravit,</strong></span> <span class='ocrx_word' id='word_1_645' title='bbox 3178 3967 3465 4037; x_wconf 88' lang='lat' dir='ltr'><strong>reprobus</strong></span> <span class='ocrx_word' id='word_1_646' title='bbox 3485 3962 3665 4029; x_wconf 87' lang='lat' dir='ltr'><strong>fuerit,</strong></span> <span class='ocrx_word' id='word_1_647' title='bbox 3678 3953 3823 4014; x_wconf 77' lang='lat' dir='ltr'><strong>Mari—</strong></span> 
     </span>
    </p>
   </div>
   <div class='ocr_carea' id='block_1_88' title="bbox 2228 4048 3823 4127">
    <p class='ocr_par' dir='ltr' id='par_1_88' title="bbox 2228 4048 3823 4127">
     <span class='ocr_line' id='line_1_88' title="bbox 2228 4048 3823 4127; baseline -0.001 -22"><span class='ocrx_word' id='word_1_648' title='bbox 2228 4064 2338 4106; x_wconf 92' lang='lat' dir='ltr'><strong>nus</strong></span> <span class='ocrx_word' id='word_1_649' title='bbox 2350 4051 2626 4121; x_wconf 90' lang='lat' dir='ltr'><strong>reprobus</strong></span> <span class='ocrx_word' id='word_1_650' title='bbox 2637 4052 2749 4108; x_wconf 89' lang='lat' dir='ltr'><strong>erit</strong></span> <span class='ocrx_word' id='word_1_651' title='bbox 2771 4055 2917 4123; x_wconf 71' lang='lat' dir='ltr'><strong>,etsi</strong></span> <span class='ocrx_word' id='word_1_652' title='bbox 2935 4068 3043 4111; x_wconf 94' lang='lat' dir='ltr'><strong>non</strong></span> <span class='ocrx_word' id='word_1_653' title='bbox 3068 4054 3246 4111; x_wconf 89' lang='lat' dir='ltr'><strong>fuerit</strong></span> <span class='ocrx_word' id='word_1_654' title='bbox 3261 4058 3570 4127; x_wconf 91' lang='lat' dir='ltr'><strong>episcopus</strong></span> <span class='ocrx_word' id='word_1_655' title='bbox 3596 4048 3823 4107; x_wconf 73' lang='lat' dir='ltr'><strong>Marinus.</strong></span> 
     </span>
    </p>
   </div>
   <div class='ocr_carea' id='block_1_89' title="bbox 2228 4134 3825 4215">
    <p class='ocr_par' dir='ltr' id='par_1_89' title="bbox 2228 4134 3825 4215">
     <span class='ocr_line' id='line_1_89' title="bbox 2228 4134 3825 4215; baseline -0.003 -21"><span class='ocrx_word' id='word_1_656' title='bbox 2228 4152 2403 4209; x_wconf 89' lang='lat' dir='ltr'><strong>quare</strong></span> <span class='ocrx_word' id='word_1_657' title='bbox 2430 4140 2490 4195; x_wconf 91' lang='lat' dir='ltr'><strong>in</strong></span> <span class='ocrx_word' id='word_1_658' title='bbox 2535 4140 2781 4197; x_wconf 60' lang='lat' dir='ltr'><strong>(lerensi</strong></span> <span class='ocrx_word' id='word_1_659' title='bbox 2830 4144 2962 4199; x_wconf 91' lang='lat' dir='ltr'><strong>sede</strong></span> <span class='ocrx_word' id='word_1_660' title='bbox 2998 4144 3429 4215; x_wconf 90' lang='lat' dir='ltr'><strong>ordinationes,</strong></span> <span class='ocrx_word' id='word_1_661' title='bbox 3485 4134 3825 4199; x_wconf 87' lang='lat' dir='ltr'><strong>consecratio-</strong></span> 
     </span>
    </p>
   </div>
   <div class='ocr_carea' id='block_1_90' title="bbox 2227 4220 3828 4302">
    <p class='ocr_par' dir='ltr' id='par_1_90' title="bbox 2227 4220 3828 4302">
     <span class='ocr_line' id='line_1_90' title="bbox 2227 4220 3828 4302; baseline 0.007 -19"><span class='ocrx_word' id='word_1_662' title='bbox 2227 4241 2347 4297; x_wconf 92' lang='lat' dir='ltr'><strong>nes,</strong></span> <span class='ocrx_word' id='word_1_663' title='bbox 2390 4228 2747 4299; x_wconf 90' lang='lat' dir='ltr'><strong>baptisteria,</strong></span> <span class='ocrx_word' id='word_1_664' title='bbox 2775 4236 2832 4287; x_wconf 93' lang='lat' dir='ltr'><strong>et</strong></span> <span class='ocrx_word' id='word_1_665' title='bbox 2874 4233 3072 4302; x_wconf 89' lang='lat' dir='ltr'><strong>populi</strong></span> <span class='ocrx_word' id='word_1_666' title='bbox 3117 4234 3585 4291; x_wconf 90' lang='lat' dir='ltr'><strong>conﬁrmationes</strong></span> <span class='ocrx_word' id='word_1_667' title='bbox 3637 4220 3828 4293; x_wconf 57' lang='lat' dir='ltr'><strong>exegi”</strong></span> 
     </span>
    </p>
   </div>
   <div class='ocr_carea' id='block_1_91' title="bbox 2225 4317 3826 4393">
    <p class='ocr_par' dir='ltr' id='par_1_91' title="bbox 2225 4317 3826 4393">
     <span class='ocr_line' id='line_1_91' title="bbox 2225 4317 3826 4393; baseline -0.001 -21"><span class='ocrx_word' id='word_1_668' title='bbox 2225 4319 2409 4389; x_wconf 91' lang='lat' dir='ltr'><strong>Igitur</strong></span> <span class='ocrx_word' id='word_1_669' title='bbox 2459 4318 2511 4374; x_wconf 91' lang='lat' dir='ltr'><strong>si</strong></span> <span class='ocrx_word' id='word_1_670' title='bbox 2556 4320 2813 4376; x_wconf 86' lang='lat' dir='ltr'><strong>Marinus</strong></span> <span class='ocrx_word' id='word_1_671' title='bbox 2856 4322 3164 4393; x_wconf 90' lang='lat' dir='ltr'><strong>episcopus</strong></span> <span class='ocrx_word' id='word_1_672' title='bbox 3207 4337 3323 4380; x_wconf 90' lang='lat' dir='ltr'><strong>non</strong></span> <span class='ocrx_word' id='word_1_673' title='bbox 3378 4324 3512 4390; x_wconf 87' lang='lat' dir='ltr'><strong>fuit,</strong></span> <span class='ocrx_word' id='word_1_674' title='bbox 3556 4317 3826 4389; x_wconf 79' lang='lat' dir='ltr'><strong>Stephanus</strong></span> 
     </span>
    </p>
   </div>
   <div class='ocr_carea' id='block_1_92' title="bbox 472 4398 3825 4483">
    <p class='ocr_par' dir='ltr' id='par_1_92' title="bbox 472 4398 3825 4483">
     <span class='ocr_line' id='line_1_92' title="bbox 472 4398 3825 4483; baseline 0.001 -25"><span class='ocrx_word' id='word_1_675' title='bbox 472 4415 626 4458; x_wconf 92' lang='lat' dir='ltr'><strong>mum</strong></span> <span class='ocrx_word' id='word_1_676' title='bbox 657 4407 828 4474; x_wconf 93' lang='lat' dir='ltr'><strong>atque</strong></span> <span class='ocrx_word' id='word_1_677' title='bbox 860 4402 1407 4473; x_wconf 89' lang='lat' dir='ltr'><strong>prophanissimum,</strong></span> <span class='ocrx_word' id='word_1_678' title='bbox 1433 4408 1490 4458; x_wconf 92' lang='lat' dir='ltr'><strong>et</strong></span> <span class='ocrx_word' id='word_1_679' title='bbox 1529 4408 1713 4459; x_wconf 92' lang='lat' dir='ltr'><strong>mente</strong></span> <span class='ocrx_word' id='word_1_680' title='bbox 1744 4404 1911 4459; x_wconf 89' lang='lat' dir='ltr'><strong>reisa</strong></span> <span class='ocrx_word' id='word_1_681' title='bbox 1949 4406 2116 4477; x_wconf 84' lang='lat' dir='ltr'><strong>capi—</strong></span> <span class='ocrx_word' id='word_1_682' title='bbox 2146 4405 2200 4467; x_wconf 95' lang='lat' dir='ltr'><strong>D</strong></span> <span class='ocrx_word' id='word_1_683' title='bbox 2227 4406 2465 4463; x_wconf 86' lang='lat' dir='ltr'><strong>Adriani</strong></span> <span class='ocrx_word' id='word_1_684' title='bbox 2529 4408 2707 4481; x_wconf 92' lang='lat' dir='ltr'><strong>ﬁlius,</strong></span> <span class='ocrx_word' id='word_1_685' title='bbox 2785 4410 2885 4480; x_wconf 92' lang='lat' dir='ltr'><strong>qui</strong></span> <span class='ocrx_word' id='word_1_686' title='bbox 2942 4417 3135 4481; x_wconf 88' lang='lat' dir='ltr'><strong>postea</strong></span> <span class='ocrx_word' id='word_1_687' title='bbox 3202 4412 3560 4483; x_wconf 66' lang='lat' dir='ltr'><strong>apostolicus</strong></span> <span class='ocrx_word' id='word_1_688' title='bbox 3620 4398 3825 4463; x_wconf 69' lang='lat' dir='ltr'><strong>exstitit.</strong></span> 
     </span>
    </p>
   </div>
   <div class='ocr_carea' id='block_1_93' title="bbox 469 4491 2118 4563">
    <p class='ocr_par' dir='ltr' id='par_1_93' title="bbox 469 4491 2118 4563">
     <span class='ocr_line' id='line_1_93' title="bbox 469 4491 2118 4563; baseline 0.002 -15"><span class='ocrx_word' id='word_1_689' title='bbox 469 4491 550 4549; x_wconf 87' lang='lat' dir='ltr'><strong>tis</strong></span> <span class='ocrx_word' id='word_1_690' title='bbox 564 4502 594 4533; x_wconf 85' lang='grc' dir='ltr'><strong>ιι</strong></span> <span class='ocrx_word' id='word_1_691' title='bbox 617 4496 705 4548; x_wconf 91' lang='lat' dir='ltr'><strong>est</strong></span> <span class='ocrx_word' id='word_1_692' title='bbox 717 4492 938 4557; x_wconf 90' lang='lat' dir='ltr'><strong>dicere)</strong></span> <span class='ocrx_word' id='word_1_693' title='bbox 961 4505 1096 4563; x_wconf 90' lang='lat' dir='ltr'><strong>ergo</strong></span> <span class='ocrx_word' id='word_1_694' title='bbox 1114 4492 1377 4563; x_wconf 90' lang='lat' dir='ltr'><strong>Joannes,</strong></span> <span class='ocrx_word' id='word_1_695' title='bbox 1402 4491 1504 4562; x_wconf 90' lang='lat' dir='ltr'><strong>qui</strong></span> <span class='ocrx_word' id='word_1_696' title='bbox 1526 4493 1810 4549; x_wconf 88' lang='lat' dir='ltr'><strong>Marinum</strong></span> <span class='ocrx_word' id='word_1_697' title='bbox 1828 4508 2118 4552; x_wconf 79' lang='lat' dir='ltr'><strong>consecra-</strong></span> 
     </span>
    </p>
   </div>
   <div class='ocr_carea' id='block_1_94' title="bbox 540 4705 1250 4788">
    <p class='ocr_par' dir='ltr' id='par_1_94' title="bbox 540 4705 1250 4788">
     <span class='ocr_line' id='line_1_94' title="bbox 540 4705 1250 4788; baseline -0.001 -26"><span class='ocrx_word' id='word_1_698' title='bbox 540 4705 741 4788; x_wconf 38' lang='grc' dir='ltr'><strong>εροάε,</strong></span> <span class='ocrx_word' id='word_1_699' title='bbox 775 4705 1062 4788; x_wconf 74' lang='lat' dir='ltr'><strong>mendose,</strong></span> <span class='ocrx_word' id='word_1_700' title='bbox 1092 4707 1250 4774; x_wconf 78' lang='lat' dir='ltr'><strong>facit.</strong></span> 
     </span>
    </p>
   </div>
   <div class='ocr_carea' id='block_1_95' title="bbox 540 4775 1205 4902">
    <p class='ocr_par' dir='ltr' id='par_1_95' title="bbox 540 4775 1205 4902">
     <span class='ocr_line' id='line_1_95' title="bbox 540 4775 1061 4846; baseline -0.002 -15"><span class='ocrx_word' id='word_1_701' title='bbox 540 4775 569 4817; x_wconf 72' lang='grc' dir='ltr'>δ</span> <span class='ocrx_word' id='word_1_702' title='bbox 593 4775 754 4846; x_wconf 88' lang='lat' dir='ltr'><strong>Cod.,</strong></span> <span class='ocrx_word' id='word_1_703' title='bbox 781 4775 1061 4842; x_wconf 78' lang='lat' dir='ltr'><strong>degluviit.</strong></span> 
     </span>
     <span class='ocr_line' id='line_1_96' title="bbox 547 4843 1205 4902; baseline 0 0"><span class='ocrx_word' id='word_1_704' title='bbox 547 4860 573 4890; x_wconf 76' lang='grc' dir='ltr'><strong>ο</strong></span> <span class='ocrx_word' id='word_1_705' title='bbox 595 4845 742 4902; x_wconf 90' lang='lat' dir='ltr'><strong>Psal.</strong></span> <span class='ocrx_word' id='word_1_706' title='bbox 767 4858 852 4902; x_wconf 86' lang='lat' dir='ltr'><strong>cv.</strong></span> <span class='ocrx_word' id='word_1_707' title='bbox 885 4860 939 4900; x_wconf 92' lang='lat' dir='ltr'><strong>v.</strong></span> <span class='ocrx_word' id='word_1_708' title='bbox 967 4843 1033 4902; x_wconf 75' lang='grc'><strong>46</strong></span> <span class='ocrx_word' id='word_1_709' title='bbox 1056 4851 1113 4902; x_wconf 91' lang='lat' dir='ltr'><strong>et</strong></span> <span class='ocrx_word' id='word_1_710' title='bbox 1137 4843 1205 4902; x_wconf 75' lang='lat' dir='ltr'><strong>i7</strong></span> 
     </span>
    </p>
   </div>
   <div class='ocr_carea' id='block_1_96' title="bbox 539 4886 1224 4986">
    <p class='ocr_par' dir='ltr' id='par_1_96' title="bbox 539 4886 1195 4986">
     <span class='ocr_line' id='line_1_97' title="bbox 539 4886 1195 4986; baseline 0.002 -13"><span class='ocrx_word' id='word_1_711' title='bbox 539 4922 566 4960; x_wconf 73' lang='grc' dir='ltr'>ἀ</span> <span class='ocrx_word' id='word_1_712' title='bbox 593 4886 755 4973; x_wconf 66' lang='lat' dir='ltr'><strong>isaiaa</strong></span> <span class='ocrx_word' id='word_1_713' title='bbox 781 4887 878 4986; x_wconf 69' lang='lat' dir='ltr'><strong>ui,</strong></span> <span class='ocrx_word' id='word_1_714' title='bbox 912 4931 969 4971; x_wconf 92' lang='lat' dir='ltr'><strong>v.</strong></span> <span class='ocrx_word' id='word_1_715' title='bbox 1000 4886 1113 4974; x_wconf 45' lang='lat'><strong>“5:”</strong></span> <span class='ocrx_word' id='word_1_716' title='bbox 1147 4886 1195 4902; x_wconf 58' lang='lat' dir='ltr'><strong>H</strong></span> 
     </span>
    </p>
   </div>
   <div class='ocr_carea' id='block_1_97' title="bbox 540 4989 2113 5067">
    <p class='ocr_par' dir='ltr' id='par_1_97' title="bbox 540 4989 2113 5067">
     <span class='ocr_line' id='line_1_98' title="bbox 540 4989 2113 5067; baseline 0.006 -24"><span class='ocrx_word' id='word_1_717' title='bbox 540 4997 564 5026; x_wconf 77' lang='grc' dir='ltr'><strong>ο</strong></span> <span class='ocrx_word' id='word_1_718' title='bbox 598 4989 798 5067; x_wconf 33' lang='grc' dir='ltr'>*(1ράηῄ</span> <span class='ocrx_word' id='word_1_719' title='bbox 846 4989 1107 5067; x_wconf 63' lang='lat' dir='ltr'><strong>arbitrari</strong></span> <span class='ocrx_word' id='word_1_720' title='bbox 1168 4992 1539 5067; x_wconf 60' lang='lat' dir='ltr'><strong>Formosiana.</strong></span> <span class='ocrx_word' id='word_1_721' title='bbox 1577 5034 1589 5047; x_wconf 93' lang='lat'><strong>.</strong></span> <span class='ocrx_word' id='word_1_722' title='bbox 1623 5034 1636 5048; x_wconf 94' lang='lat'><strong>.</strong></span> <span class='ocrx_word' id='word_1_723' title='bbox 1678 5031 1693 5047; x_wconf 90' lang='lat'><strong>.</strong></span> <span class='ocrx_word' id='word_1_724' title='bbox 1738 4998 2113 5067; x_wconf 77' lang='lat' dir='ltr'><strong>praesumptio.</strong></span> 
     </span>
    </p>
   </div>
   <div class='ocr_carea' id='block_1_98' title="bbox 539 5060 1748 5201">
    <p class='ocr_par' dir='ltr' id='par_1_98' title="bbox 539 5060 1748 5201">
     <span class='ocr_line' id='line_1_99' title="bbox 590 5060 1748 5135; baseline 0.003 -19"><span class='ocrx_word' id='word_1_725' title='bbox 590 5060 749 5131; x_wconf 88' lang='lat' dir='ltr'><strong>Cod.,</strong></span> <span class='ocrx_word' id='word_1_726' title='bbox 775 5062 837 5113; x_wconf 76' lang='lat' dir='ltr'><strong>in</strong></span> <span class='ocrx_word' id='word_1_727' title='bbox 874 5060 1197 5117; x_wconf 81' lang='lat' dir='ltr'><strong>dementiam</strong></span> <span class='ocrx_word' id='word_1_728' title='bbox 1234 5064 1492 5128; x_wconf 81' lang='lat' dir='ltr'><strong>frenesim</strong></span> <span class='ocrx_word' id='word_1_729' title='bbox 1524 5060 1748 5135; x_wconf 64' lang='lat' dir='ltr'><strong>poteris.</strong></span> 
     </span>
     <span class='ocr_line' id='line_1_100' title="bbox 539 5130 1283 5201; baseline 0.001 -14"><span class='ocrx_word' id='word_1_730' title='bbox 539 5139 568 5178; x_wconf 74' lang='grc' dir='ltr'><strong><em>κ</em></strong></span> <span class='ocrx_word' id='word_1_731' title='bbox 603 5131 763 5187; x_wconf 68' lang='lat' dir='ltr'><strong>Isaiae</strong></span> <span class='ocrx_word' id='word_1_732' title='bbox 791 5143 911 5201; x_wconf 89' lang='lat' dir='ltr'><strong>cap.</strong></span> <span class='ocrx_word' id='word_1_733' title='bbox 943 5145 1072 5201; x_wconf 78' lang='lat' dir='ltr'><strong>XLV,</strong></span> <span class='ocrx_word' id='word_1_734' title='bbox 1105 5147 1158 5186; x_wconf 94' lang='lat' dir='ltr'><strong>v.</strong></span> <span class='ocrx_word' id='word_1_735' title='bbox 1191 5130 1283 5188; x_wconf 74' lang='grc'><strong>22.</strong></span> 
     </span>
    </p>
   </div>
   <div class='ocr_carea' id='block_1_99' title="bbox 540 5171 1603 5329">
    <p class='ocr_par' dir='ltr' id='par_1_99' title="bbox 540 5171 1603 5329">
     <span class='ocr_line' id='line_1_101' title="bbox 540 5171 1421 5276; baseline 0 -18"><span class='ocrx_word' id='word_1_736' title='bbox 540 5203 564 5241; x_wconf 72' lang='grc' dir='ltr'>δ</span> <span class='ocrx_word' id='word_1_737' title='bbox 1178 5171 1343 5275; x_wconf 48' lang='lat' dir='ltr'><strong>inim</strong></span> <span class='ocrx_word' id='word_1_738' title='bbox 1372 5221 1421 5260; x_wconf 93' lang='lat' dir='ltr'><strong>o.</strong></span> 
     </span>
     <span class='ocr_line' id='line_1_102' title="bbox 542 5274 1603 5329; baseline -0.003 0"><span class='ocrx_word' id='word_1_739' title='bbox 542 5279 556 5318; x_wconf 83' lang='lat' dir='ltr'><strong>i</strong></span> <span class='ocrx_word' id='word_1_740' title='bbox 580 5274 741 5329; x_wconf 89' lang='lat' dir='ltr'><strong>Cod..</strong></span> <span class='ocrx_word' id='word_1_741' title='bbox 766 5274 908 5327; x_wconf 81' lang='lat' dir='ltr'><strong>dari.</strong></span> <span class='ocrx_word' id='word_1_742' title='bbox 1592 5298 1603 5305; x_wconf 87' lang='lat'><strong>-</strong></span> 
     </span>
    </p>
   </div>
   <div class='ocr_carea' id='block_1_100' title="bbox 532 5314 2111 5458">
    <p class='ocr_par' dir='ltr' id='par_1_100' title="bbox 532 5316 2111 5458">
     <span class='ocr_line' id='line_1_103' title="bbox 532 5316 2111 5458; baseline 0.006 -59"><span class='ocrx_word' id='word_1_743' title='bbox 532 5346 688 5458; x_wconf 50' lang='lat' dir='ltr'><strong>{Pro</strong></span> <span class='ocrx_word' id='word_1_744' title='bbox 713 5316 1004 5414; x_wconf 63' lang='lat' dir='ltr'><strong>depositus.</strong></span> <span class='ocrx_word' id='word_1_745' title='bbox 1038 5347 1275 5430; x_wconf 81' lang='lat' dir='ltr'><strong>Textum</strong></span> <span class='ocrx_word' id='word_1_746' title='bbox 1315 5346 1541 5405; x_wconf 91' lang='lat' dir='ltr'><strong>felicior</strong></span> <span class='ocrx_word' id='word_1_747' title='bbox 1581 5349 1799 5421; x_wconf 92' lang='lat' dir='ltr'><strong>aliquis</strong></span> <span class='ocrx_word' id='word_1_748' title='bbox 1835 5354 2111 5409; x_wconf 91' lang='lat' dir='ltr'><strong>emendet.</strong></span> 
     </span>
     <span class='ocr_line' id='line_1_104' title="bbox 598 5415 2111 5458; baseline 0 0"><span class='ocrx_word' id='word_1_749' title='bbox 598 5415 690 5458; x_wconf 77' lang='grc' dir='ltr'><strong>νρι</strong></span> <span class='ocrx_word' id='word_1_750' title='bbox 723 5418 796 5458; x_wconf 71' lang='lat' dir='ltr'><strong>mi</strong></span> <span class='ocrx_word' id='word_1_751' title='bbox 822 5415 1113 5458; x_wconf 68' lang='lat' dir='ltr'><strong>ahnndm-A</strong></span> <span class='ocrx_word' id='word_1_752' title='bbox 1152 5418 1379 5458; x_wconf 78' lang='grc' dir='ltr'><strong>νπιρηιι·</strong></span> <span class='ocrx_word' id='word_1_753' title='bbox 1446 5420 1529 5458; x_wconf 79' lang='lat' dir='ltr'><strong>vol</strong></span> <span class='ocrx_word' id='word_1_754' title='bbox 1584 5421 1877 5458; x_wconf 77' lang='lat' dir='ltr'><strong>lnnmmlnm</strong></span> <span class='ocrx_word' id='word_1_755' title='bbox 1906 5426 2111 5458; x_wconf 59' lang='grc' dir='ltr'><strong>κίοι-η-</strong></span> 
     </span>
    </p>
   </div>
   <div class='ocr_carea' id='block_1_101' title="bbox 598 5415 2119 5552">
    <p class='ocr_par' dir='ltr' id='par_1_101' title="bbox 598 5415 2119 5552">
     <span class='ocr_line' id='line_1_105' title="bbox 598 5415 2119 5493; baseline 0.005 -21"><span class='ocrx_word' id='word_1_756' title='bbox 598 5415 693 5472; x_wconf 86' lang='lat' dir='ltr'><strong>Vel</strong></span> <span class='ocrx_word' id='word_1_757' title='bbox 723 5418 796 5470; x_wconf 83' lang='lat' dir='ltr'><strong>aa</strong></span> <span class='ocrx_word' id='word_1_758' title='bbox 822 5415 1113 5473; x_wconf 90' lang='lat' dir='ltr'><strong>abundare</strong></span> <span class='ocrx_word' id='word_1_759' title='bbox 1152 5418 1398 5491; x_wconf 86' lang='lat' dir='ltr'><strong>videtur,</strong></span> <span class='ocrx_word' id='word_1_760' title='bbox 1446 5420 1532 5476; x_wconf 91' lang='lat' dir='ltr'><strong>vel</strong></span> <span class='ocrx_word' id='word_1_761' title='bbox 1583 5415 1879 5493; x_wconf 79' lang='lat' dir='ltr'><strong>legendum</strong></span> <span class='ocrx_word' id='word_1_762' title='bbox 1905 5426 2119 5493; x_wconf 77' lang='lat' dir='ltr'><strong>episco-</strong></span> 
     </span>
     <span class='ocr_line' id='line_1_106' title="bbox 598 5486 2117 5552; baseline 0.009 -13"><span class='ocrx_word' id='word_1_763' title='bbox 598 5503 692 5552; x_wconf 71' lang='grc' dir='ltr'><strong>επις</strong></span> <span class='ocrx_word' id='word_1_764' title='bbox 716 5486 831 5543; x_wconf 90' lang='lat' dir='ltr'><strong>nisi</strong></span> <span class='ocrx_word' id='word_1_765' title='bbox 856 5486 1089 5543; x_wconf 89' lang='lat' dir='ltr'><strong>illorum</strong></span> <span class='ocrx_word' id='word_1_766' title='bbox 1113 5492 1427 5552; x_wconf 90' lang='lat' dir='ltr'><strong>temporum</strong></span> <span class='ocrx_word' id='word_1_767' title='bbox 1463 5492 1760 5550; x_wconf 92' lang='lat' dir='ltr'><strong>idiotismo</strong></span> <span class='ocrx_word' id='word_1_768' title='bbox 1778 5499 1980 5551; x_wconf 88' lang='lat' dir='ltr'><strong>auctor</strong></span> <span class='ocrx_word' id='word_1_769' title='bbox 1997 5500 2117 5552; x_wconf 87' lang='lat' dir='ltr'><strong>uta-</strong></span> 
     </span>
    </p>
   </div>
   <div class='ocr_carea' id='block_1_102' title="bbox 459 5491 2117 5687">
    <p class='ocr_par' dir='ltr' id='par_1_102' title="bbox 459 5491 2117 5687">
     <span class='ocr_line' id='line_1_107' title="bbox 459 5491 2117 5571; baseline 0.007 -30"><span class='ocrx_word' id='word_1_770' title='bbox 459 5491 692 5559; x_wconf 85' lang='lat' dir='ltr'><strong>patum;</strong></span> <span class='ocrx_word' id='word_1_771' title='bbox 716 5491 831 5571; x_wconf 72' lang='lat' dir='ltr'><strong>nisi</strong></span> <span class='ocrx_word' id='word_1_772' title='bbox 856 5491 1089 5543; x_wconf 90' lang='lat' dir='ltr'><strong>illorum</strong></span> <span class='ocrx_word' id='word_1_773' title='bbox 1113 5492 1427 5559; x_wconf 90' lang='lat' dir='ltr'><strong>temporum</strong></span> <span class='ocrx_word' id='word_1_774' title='bbox 1463 5491 1760 5550; x_wconf 82' lang='lat' dir='ltr'><strong>idiotismo</strong></span> <span class='ocrx_word' id='word_1_775' title='bbox 1778 5491 1980 5551; x_wconf 77' lang='lat' dir='ltr'><strong>auctor</strong></span> <span class='ocrx_word' id='word_1_776' title='bbox 1997 5500 2117 5552; x_wconf 87' lang='lat' dir='ltr'><strong>uta-</strong></span> 
     </span>
     <span class='ocr_line' id='line_1_108' title="bbox 468 5557 1699 5687; baseline 0.002 -72"><span class='ocrx_word' id='word_1_777' title='bbox 468 5558 1009 5687; x_wconf 41' lang='lat' dir='ltr'><strong>turkqggdlggattisu</strong></span> <span class='ocrx_word' id='word_1_778' title='bbox 1035 5557 1217 5618; x_wconf 87' lang='lat' dir='ltr'><strong>fuisse</strong></span> <span class='ocrx_word' id='word_1_779' title='bbox 1246 5561 1445 5619; x_wconf 91' lang='lat' dir='ltr'><strong>nullus</strong></span> <span class='ocrx_word' id='word_1_780' title='bbox 1474 5562 1699 5622; x_wconf 88' lang='lat' dir='ltr'><strong>dubito.</strong></span> 
     </span>
    </p>
   </div>
   <div class='ocr_carea' id='block_1_103' title="bbox 669 5644 942 5688">
    <p class='ocr_par' dir='ltr' id='par_1_103' title="bbox 669 5644 942 5688">
     <span class='ocr_line' id='line_1_109' title="bbox 669 5644 942 5688; baseline -0.011 -1"><span class='ocrx_word' id='word_1_781' title='bbox 669 5644 942 5688; x_wconf 82' lang='lat' dir='ltr'><strong>abundat.</strong></span> 
     </span>
    </p>
   </div>
   <div class='ocr_carea' id='block_1_104' title="bbox 2225 4496 3825 4575">
    <p class='ocr_par' dir='ltr' id='par_1_104' title="bbox 2225 4496 3825 4575">
     <span class='ocr_line' id='line_1_110' title="bbox 2225 4496 3825 4575; baseline -0.001 -23"><span class='ocrx_word' id='word_1_782' title='bbox 2225 4496 2505 4553; x_wconf 92' lang='lat' dir='ltr'><strong>diaconus</strong></span> <span class='ocrx_word' id='word_1_783' title='bbox 2536 4511 2647 4555; x_wconf 90' lang='lat' dir='ltr'><strong>non</strong></span> <span class='ocrx_word' id='word_1_784' title='bbox 2693 4498 2848 4572; x_wconf 86' lang='lat' dir='ltr'><strong>fuit;</strong></span> <span class='ocrx_word' id='word_1_785' title='bbox 2877 4501 3036 4572; x_wconf 91' lang='lat' dir='ltr'><strong>quia,</strong></span> <span class='ocrx_word' id='word_1_786' title='bbox 3084 4506 3392 4575; x_wconf 90' lang='lat' dir='ltr'><strong>postquam</strong></span> <span class='ocrx_word' id='word_1_787' title='bbox 3423 4502 3711 4573; x_wconf 84' lang='lat' dir='ltr'><strong>episcOpus</strong></span> <span class='ocrx_word' id='word_1_788' title='bbox 3740 4500 3825 4547; x_wconf 86' lang='lat' dir='ltr'><strong>non</strong></span> 
     </span>
    </p>
   </div>
   <div class='ocr_carea' id='block_1_105' title="bbox 2297 4705 3391 4779">
    <p class='ocr_par' dir='ltr' id='par_1_105' title="bbox 2297 4705 3391 4779">
     <span class='ocr_line' id='line_1_111' title="bbox 2297 4705 3391 4779; baseline 0.003 -18"><span class='ocrx_word' id='word_1_789' title='bbox 2297 4712 2340 4741; x_wconf 82' lang='grc' dir='ltr'><strong>ιιι</strong></span> <span class='ocrx_word' id='word_1_790' title='bbox 2358 4705 2534 4779; x_wconf 65' lang='grc' dir='ltr'><strong>Εονῐθ</strong></span> <span class='ocrx_word' id='word_1_791' title='bbox 2558 4705 2858 4779; x_wconf 86' lang='lat' dir='ltr'><strong>legendum</strong></span> <span class='ocrx_word' id='word_1_792' title='bbox 2887 4723 3089 4763; x_wconf 82' lang='lat' dir='ltr'><strong>veneno</strong></span> <span class='ocrx_word' id='word_1_793' title='bbox 3116 4708 3199 4765; x_wconf 94' lang='lat' dir='ltr'><strong>vel</strong></span> <span class='ocrx_word' id='word_1_794' title='bbox 3223 4724 3391 4764; x_wconf 81' lang='lat' dir='ltr'><strong>como.</strong></span> 
     </span>
    </p>
   </div>
   <div class='ocr_carea' id='block_1_106' title="bbox 2295 4777 3515 4851">
    <p class='ocr_par' dir='ltr' id='par_1_106' title="bbox 2295 4777 3515 4851">
     <span class='ocr_line' id='line_1_112' title="bbox 2295 4777 3515 4851; baseline 0.002 -19"><span class='ocrx_word' id='word_1_795' title='bbox 2295 4787 2327 4818; x_wconf 85' lang='grc' dir='ltr'><strong>ιι</strong></span> <span class='ocrx_word' id='word_1_796' title='bbox 2354 4777 2515 4851; x_wconf 82' lang='lat' dir='ltr'><strong>Lege,</strong></span> <span class='ocrx_word' id='word_1_797' title='bbox 2539 4778 2589 4833; x_wconf 91' lang='lat' dir='ltr'><strong>si</strong></span> <span class='ocrx_word' id='word_1_798' title='bbox 2621 4777 2825 4849; x_wconf 78' lang='lat' dir='ltr'><strong>placet,</strong></span> <span class='ocrx_word' id='word_1_799' title='bbox 2857 4783 2908 4833; x_wconf 81' lang='lat' dir='ltr'><strong>et</strong></span> <span class='ocrx_word' id='word_1_800' title='bbox 2928 4785 3102 4834; x_wconf 84' lang='lat' dir='ltr'><strong>mente</strong></span> <span class='ocrx_word' id='word_1_801' title='bbox 3128 4782 3312 4849; x_wconf 81' lang='lat' dir='ltr'><strong>reipsa</strong></span> <span class='ocrx_word' id='word_1_802' title='bbox 3347 4781 3515 4851; x_wconf 83' lang='lat' dir='ltr'><strong>capti.</strong></span> 
     </span>
    </p>
   </div>
   <div class='ocr_carea' id='block_1_107' title="bbox 2294 4847 3827 4943">
    <p class='ocr_par' dir='ltr' id='par_1_107' title="bbox 2294 4847 3827 4943">
     <span class='ocr_line' id='line_1_113' title="bbox 2294 4847 3827 4943; baseline -0.008 -28"><span class='ocrx_word' id='word_1_803' title='bbox 2294 4847 2660 4943; x_wconf 66' lang='lat' dir='ltr'><strong>Joannis</strong></span> <span class='ocrx_word' id='word_1_804' title='bbox 2679 4847 2945 4915; x_wconf 85' lang='lat' dir='ltr'><strong>mendose</strong></span> <span class='ocrx_word' id='word_1_805' title='bbox 2970 4847 3299 4932; x_wconf 76' lang='lat' dir='ltr'><strong>geminatur</strong></span> <span class='ocrx_word' id='word_1_806' title='bbox 3331 4860 3393 4916; x_wconf 92' lang='lat' dir='ltr'><strong>in</strong></span> <span class='ocrx_word' id='word_1_807' title='bbox 3409 4847 3625 4916; x_wconf 75' lang='lat' dir='ltr'><strong>codice.</strong></span> <span class='ocrx_word' id='word_1_808' title='bbox 3651 4851 3827 4912; x_wconf 89' lang='lat' dir='ltr'><strong>Ibidem</strong></span> 
     </span>
    </p>
   </div>
   <div class='ocr_carea' id='block_1_108' title="bbox 2227 4927 3832 5084">
    <p class='ocr_par' dir='ltr' id='par_1_108' title="bbox 2227 4927 3832 5084">
     <span class='ocr_line' id='line_1_114' title="bbox 2227 4927 2998 5001; baseline 0.003 -18"><span class='ocrx_word' id='word_1_809' title='bbox 2227 4927 2369 5001; x_wconf 89' lang='lat' dir='ltr'><strong>lege,</strong></span> <span class='ocrx_word' id='word_1_810' title='bbox 2396 4927 2648 4984; x_wconf 62' lang='grc' dir='ltr'><strong>ϐων-επεὶ.</strong></span> <span class='ocrx_word' id='word_1_811' title='bbox 2975 4927 2998 4932; x_wconf 61' lang='grc'>⁷</span> 
     </span>
     <span class='ocr_line' id='line_1_115' title="bbox 2231 4994 3832 5084; baseline 0.001 -32"><span class='ocrx_word' id='word_1_812' title='bbox 2231 5072 2245 5084; x_wconf 45' lang='grc'><strong>.</strong></span> <span class='ocrx_word' id='word_1_813' title='bbox 2296 5010 2332 5084; x_wconf 53' lang='grc' dir='ltr'>ιζ</span> <span class='ocrx_word' id='word_1_814' title='bbox 2355 4999 2515 5084; x_wconf 83' lang='lat' dir='ltr'><strong>Cod.,</strong></span> <span class='ocrx_word' id='word_1_815' title='bbox 2544 5002 2736 5064; x_wconf 84' lang='lat' dir='ltr'><strong>reccio,</strong></span> <span class='ocrx_word' id='word_1_816' title='bbox 2778 5000 3063 5075; x_wconf 91' lang='lat' dir='ltr'><strong>mendose,</strong></span> <span class='ocrx_word' id='word_1_817' title='bbox 3092 5016 3213 5075; x_wconf 91' lang='lat' dir='ltr'><strong>pro,</strong></span> <span class='ocrx_word' id='word_1_818' title='bbox 3245 5008 3410 5075; x_wconf 83' lang='lat' dir='ltr'><strong>recte,</strong></span> <span class='ocrx_word' id='word_1_819' title='bbox 3462 5001 3548 5059; x_wconf 91' lang='lat' dir='ltr'><strong>vel</strong></span> <span class='ocrx_word' id='word_1_820' title='bbox 3596 5003 3739 5066; x_wconf 83' lang='lat' dir='ltr'><strong>recto,</strong></span> <span class='ocrx_word' id='word_1_821' title='bbox 3781 4994 3832 5047; x_wconf 71' lang='lat' dir='ltr'><strong>ut</strong></span> 
     </span>
    </p>
   </div>
   <div class='ocr_carea' id='block_1_109' title="bbox 2229 5074 3831 5217">
    <p class='ocr_par' dir='ltr' id='par_1_109' title="bbox 2229 5074 3831 5217">
     <span class='ocr_line' id='line_1_116' title="bbox 2229 5074 3831 5217; baseline 0.005 -22"><span class='ocrx_word' id='word_1_822' title='bbox 2229 5074 2515 5217; x_wconf 49' lang='grc' dir='ltr'><strong>ιηςῑεὲίξὲί,</strong></span> <span class='ocrx_word' id='word_1_823' title='bbox 2546 5143 2830 5217; x_wconf 91' lang='lat' dir='ltr'><strong>mendose,</strong></span> <span class='ocrx_word' id='word_1_824' title='bbox 2854 5145 3201 5217; x_wconf 79' lang='lat' dir='ltr'><strong>im‘ptorem;</strong></span> <span class='ocrx_word' id='word_1_825' title='bbox 3235 5146 3604 5215; x_wconf 88' lang='lat' dir='ltr'><strong>reposuimus</strong></span> <span class='ocrx_word' id='word_1_826' title='bbox 3618 5140 3831 5210; x_wconf 60' lang='grc' dir='ltr'><strong>ἐπιφθο-</strong></span> 
     </span>
    </p>
   </div>
   <div class='ocr_carea' id='block_1_110' title="bbox 2227 5212 3805 5289">
    <p class='ocr_par' dir='ltr' id='par_1_110' title="bbox 2227 5212 3805 5289">
     <span class='ocr_line' id='line_1_117' title="bbox 2227 5212 3805 5289; baseline 0.011 -25"><span class='ocrx_word' id='word_1_827' title='bbox 2227 5219 2365 5289; x_wconf 52' lang='grc' dir='ltr'><strong>ιρηιζ</strong></span> <span class='ocrx_word' id='word_1_828' title='bbox 2385 5212 2442 5268; x_wconf 93' lang='lat' dir='ltr'><strong>id</strong></span> <span class='ocrx_word' id='word_1_829' title='bbox 2486 5217 2573 5269; x_wconf 85' lang='lat' dir='ltr'><strong>est</strong></span> <span class='ocrx_word' id='word_1_830' title='bbox 2608 5212 2996 5289; x_wconf 37' lang='lat' dir='ltr'><strong>violatorem.&quot;</strong></span> <span class='ocrx_word' id='word_1_831' title='bbox 3186 5212 3199 5289; x_wconf 54' lang='grc' dir='ltr'><em>ί</em></span> <span class='ocrx_word' id='word_1_832' title='bbox 3300 5212 3318 5215; x_wconf 63' lang='grc'><strong><em>“</em></strong></span> <span class='ocrx_word' id='word_1_833' title='bbox 3694 5283 3727 5289; x_wconf 59' lang='grc' dir='ltr'>η</span> <span class='ocrx_word' id='word_1_834' title='bbox 3793 5277 3805 5289; x_wconf 87' lang='grc'>,</span> 
     </span>
    </p>
   </div>
   <div class='ocr_carea' id='block_1_111' title="bbox 2297 5283 3831 5369">
    <p class='ocr_par' dir='ltr' id='par_1_111' title="bbox 2297 5283 3831 5369">
     <span class='ocr_line' id='line_1_118' title="bbox 2297 5283 3831 5369; baseline -0.027 1"><span class='ocrx_word' id='word_1_835' title='bbox 2297 5285 2483 5369; x_wconf 50' lang='grc' dir='ltr'><strong>ξλεμ</strong></span> <span class='ocrx_word' id='word_1_836' title='bbox 2530 5287 2863 5358; x_wconf 60' lang='lat' dir='ltr'><strong>sacerdotii;</strong></span> <span class='ocrx_word' id='word_1_837' title='bbox 2914 5286 3000 5343; x_wconf 74' lang='grc' dir='ltr'><strong>νει</strong></span> <span class='ocrx_word' id='word_1_838' title='bbox 3032 5288 3253 5361; x_wconf 79' lang='lat' dir='ltr'><strong>supple,</strong></span> <span class='ocrx_word' id='word_1_839' title='bbox 3285 5289 3506 5343; x_wconf 64' lang='lat' dir='ltr'><strong>oriint&#39;s</strong></span> <span class='ocrx_word' id='word_1_840' title='bbox 3547 5290 3645 5342; x_wconf 89' lang='lat' dir='ltr'><strong>aut</strong></span> <span class='ocrx_word' id='word_1_841' title='bbox 3672 5283 3831 5347; x_wconf 73' lang='lat' dir='ltr'><strong>digni-</strong></span> 
     </span>
    </p>
   </div>
   <div class='ocr_carea' id='block_1_112' title="bbox 2226 5361 3830 5498">
    <p class='ocr_par' dir='ltr' id='par_1_112' title="bbox 2226 5361 3830 5498">
     <span class='ocr_line' id='line_1_119' title="bbox 2226 5361 3830 5498; baseline 0.002 -18"><span class='ocrx_word' id='word_1_842' title='bbox 2226 5361 2581 5498; x_wconf 41' lang='lat' dir='ltr'><strong>taﬁoannes</strong></span> <span class='ocrx_word' id='word_1_843' title='bbox 2632 5442 2774 5498; x_wconf 88' lang='lat' dir='ltr'><strong>papa</strong></span> <span class='ocrx_word' id='word_1_844' title='bbox 2829 5431 2949 5486; x_wconf 82' lang='lat' dir='ltr'><strong>VIII</strong></span> <span class='ocrx_word' id='word_1_845' title='bbox 2995 5430 3143 5487; x_wconf 92' lang='lat' dir='ltr'><strong>obiit</strong></span> <span class='ocrx_word' id='word_1_846' title='bbox 3189 5443 3341 5487; x_wconf 87' lang='lat' dir='ltr'><strong>anno</strong></span> <span class='ocrx_word' id='word_1_847' title='bbox 3395 5427 3523 5485; x_wconf 76' lang='grc'><strong>882.</strong></span> <span class='ocrx_word' id='word_1_848' title='bbox 3569 5429 3696 5484; x_wconf 86' lang='lat' dir='ltr'><strong>Cum</strong></span> <span class='ocrx_word' id='word_1_849' title='bbox 3723 5431 3830 5490; x_wconf 76' lang='lat' dir='ltr'><strong>ergo</strong></span> 
     </span>
    </p>
   </div>
   <div class='ocr_carea' id='block_1_113' title="bbox 2226 5496 3830 5573">
    <p class='ocr_par' dir='ltr' id='par_1_113' title="bbox 2226 5496 3830 5573">
     <span class='ocr_line' id='line_1_120' title="bbox 2226 5496 3830 5573; baseline -0.002 -20"><span class='ocrx_word' id='word_1_850' title='bbox 2226 5502 2428 5554; x_wconf 90' lang='lat' dir='ltr'><strong>auctor</strong></span> <span class='ocrx_word' id='word_1_851' title='bbox 2448 5496 2622 5573; x_wconf 87' lang='lat' dir='ltr'><strong>hujus</strong></span> <span class='ocrx_word' id='word_1_852' title='bbox 2633 5496 2910 5573; x_wconf 45' lang='lat' dir='ltr'><strong>“opusculi</strong></span> <span class='ocrx_word' id='word_1_853' title='bbox 2932 5501 3616 5573; x_wconf 15' lang='lat' dir='ltr'><strong>scriberetpostgtriginta</strong></span> <span class='ocrx_word' id='word_1_854' title='bbox 3634 5501 3830 5573; x_wconf 51' lang='lat' dir='ltr'><strong>annos;</strong></span> 
     </span>
    </p>
   </div>
   <div class='ocr_carea' id='block_1_114' title="bbox 2225 5566 3828 5697">
    <p class='ocr_par' dir='ltr' id='par_1_114' title="bbox 2225 5566 3828 5697">
     <span class='ocr_line' id='line_1_121' title="bbox 2225 5566 3828 5697; baseline -0.002 -72"><span class='ocrx_word' id='word_1_855' title='bbox 2225 5568 2573 5697; x_wconf 47' lang='lat' dir='ltr'><strong>anggeﬁgus,</strong></span> <span class='ocrx_word' id='word_1_856' title='bbox 2597 5566 2821 5627; x_wconf 83' lang='lat' dir='ltr'><strong>constat</strong></span> <span class='ocrx_word' id='word_1_857' title='bbox 2841 5572 2987 5630; x_wconf 89' lang='lat' dir='ltr'><strong>hanc</strong></span> <span class='ocrx_word' id='word_1_858' title='bbox 3004 5566 3325 5646; x_wconf 69' lang='lat' dir='ltr'><strong>apologi&#39;am</strong></span> <span class='ocrx_word' id='word_1_859' title='bbox 3347 5566 3532 5630; x_wconf 74' lang='lat' dir='ltr'><strong>fuisSe</strong></span> <span class='ocrx_word' id='word_1_860' title='bbox 3556 5566 3828 5627; x_wconf 79' lang='lat' dir='ltr'><strong>confectam</strong></span> 
     </span>
    </p>
   </div>
  </div>
