4058 6154
236 271 347 329 833

1169 269 1534 326 INVECTIVA
1571 252 1932 325 IN'ROMAM
1969 265 2104 324 PRO
2151 267 2472 328 FouMoso
2519 269 2712 326 ΡΛΡΑ.

3536 263 3644 322 834

227 393 364 462 fuit,
392 396 450 448 et
479 405 706 448 sacrum
741 392 1088 462 episcopalis
1105 392 1259 461 juris
1297 392 1630 462 mysterium
1661 405 1683 432 ι
1707 406 1886 446 usur—
1915 387 1972 448 A
2000 391 2231 464 necjnon
2263 393 2624 449 invitationis
2645 398 2700 448 et
2723 393 3135 461 advocationis,
3169 397 3496 448 sanctorum
3531 391 3647 446 uti-

227 484 418 553 pando
491 482 778 543 tractavit,
832 481 1040 537 ultioni
1090 482 1219 549 Oza,
1275 482 1374 552 qui
1430 494 1616 536 arcam
1657 480 1884 536 Domini

229 572 470 642 indigne
524 575 755 642 tangere
803 571 1187 640 prasumpsit,
1237 570 1434 640 procul
1475 569 1654 626 dubio
1685 569 1880 638 subja-

227 661 372 716 cuit.
404 659 691 715 Similiter
719 665 775 715 et
806 660 1128 730 Stephanus
1164 674 1265 715 nec
1301 660 1581 716 diaconus
1611 659 1744 730 fuit,
1787 672 1887 714 nec

227 749 590 820 apostolicus
611 749 854 804 existere
894 749 1101 819 potuit,
1141 750 1278 818 quia
1306 749 1560 820 indigne,
1599 749 1648 804 si
1694 749 1771 804 ita
1801 754 1888 803 est

230 844 293 895 ut
335 838 572 906 asseris,
615 837 763 892 sacri
812 837 1152 894 diaconatus
1205 839 1536 908 mysterium
1572 838 1784 908 attigit.
1827 837 1886 892 Si

228 926 513 996 dampnas
535 926 840 996 Marinum,
873 927 1117 996 dampna
1140 928 1430 996 Joannem,
1453 927 1697 996 dampna
1715 926 1887 981 etiam

227 1015 602 1084 Stephanum,
656 1016 1005 1085 Formosum,
1060 1016 1319 1087 Sergium
1373 1020 1429 1072 et
1470 1030 1665 1072 omnes
1712 1019 1892 1085 quot-

229 1108 372 1175 quot
402 1103 476 1158 ab
518 1103 643 1173 ipso
671 1104 883 1158 Joanne
913 1103 1120 1158 Marini
1155 1105 1563 1174 pradecessore
1604 1105 1662 1160 in
1695 1108 1890 1159 sancta

227 1192 363 1247 sede
403 1191 720 1261 apostolica
763 1206 985 1248 summo
1022 1193 1363 1262 pontificiali
1404 1195 1535 1264 jure
1578 1193 1888 1249 sessionem

232 1281 582 1338 habuerunt.
634 1281 811 1336 Totus
876 1294 1009 1352 ergo
1073 1282 1340 1353 mundus,
1391 1288 1445 1338 et
1521 1296 1715 1339 omnes
1767 1283 1892 1352 ejus

227 1368 585 1424 Christiana
658 1369 789 1423 fidei
849 1369 1201 1425 habitatores
1255 1379 1451 1428 contra
1508 1377 1561 1427 te
1613 1372 1883 1427 clament:

231 1457 372 1523 Quia
415 1475 598 1512 omnes
649 1459 926 1528 decepisti,
973 1464 1022 1512 et
1056 1462 1179 1529 ipsa
1217 1460 1438 1529 decepta
1481 1478 1552 1515 es.
1608 1463 1894 1517 Constan-

234 1547 518 1617 tin0polis
553 1561 816 1618 namque,
865 1548 1088 1618 Sicilia,
1133 1554 1246 1605 tota
1275 1550 1461 1618 Italia,
1507 1551 1714 1620 Gallia,
1745 1550 1895 1605 Ger—

234 1638 450 1705 mania,
494 1637 552 1692 in
580 1650 822 1707 quarum
868 1639 1084 1708 spaciis
1116 1640 1563 1710 metropolitani,
1606 1640 1706 1711 qui
1747 1638 1896 1695 subd

1998 483 2158 538 litate
2189 483 2416 537 Patrum
2445 482 2894 537 didicimusesse
2924 482 3214 552 migratos.
3243 481 3495 548 Quorum
3529 479 3640 548 pri-

1997 587 2142 641 mus,
2162 578 2223 627 ut
2237 572 2560 641 retulimus,
2577 569 3338 640 beatissimusapostolorum
3356 569 3639 638 princeps,

1996 663 2270 734 regnique
2295 662 2543 718 calestis
2567 661 2816 732 claviger
2845 660 3011 729 fecit;
3034 665 3090 715 et
3112 658 3448 726 Alexander,
3473 663 3640 726 prout

1995 753 2263 808 Historia
2283 751 2428 806 liber
2443 751 2854 806 Ecclesiastica
2878 748 3066 815 refert,
3087 748 3264 804 unius
3277 746 3646 816 Cappadocia

1996 840 2252 896 civitatis
2275 839 2597 908 episcopus,
2632 838 2908 893 utilitatis
2937 851 3000 892 ac
3032 834 3392 891 necessitatis
3425 831 3646 888 intuitu

1999 930 2274 986 nobiliter
2303 926 2330 968 h
2361 929 2603 984 exstitit.
2649 926 3076 996 Subsequamur
3099 937 3232 996 ergo
3258 927 3508 977 cateros.
3539 922 3648 976 Pe—

1999 1021 2224 1091 rigenes
2286 1019 2346 1073 in
2400 1016 2616 1073 Petrisi
2653 1021 2740 1072 est
2788 1017 3090 1072 ordinatus
3162 1013 3493 1083 episcopus;
3549 1008 3645 1064 sed

1999 1109 2271 1179 quoniam
2285 1108 2540 1163 civitatis
2553 1107 2680 1176 ejus
2697 1106 2848 1161 cives
2861 1105 3170 1161 noluerunt
3190 1117 3318 1158 eum
3333 1100 3645 1169 suscipere,

1999 1199 2262 1253 Romana
2282 1197 2539 1252 civitatis
2561 1196 2864 1265 episcopus
2879 1193 3060 1264 jussit
3079 1206 3206 1249 eum
3227 1192 3286 1247 in
3307 1189 3645 1246 Corinthum

2001 1286 2383 1356 metropolim,
2437 1283 2707 1340 defuncto
2745 1284 2871 1352 ejus
2917 1282 3201 1352 episcOpo,
3243 1277 3644 1346 inthronizari,

1999 1376 2188 1444 eique,
2238 1375 2416 1429 donec
2453 1371 2692 1440 advixit,
2721 1371 2985 1426 Ecclesia
3032 1367 3278 1440 prafuit.
3311 1366 3644 1423 Dositheum

1998 1464 2300 1520 Seleuciaj
2335 1461 3016 1532 cpiscopum,Alexander
3038 1455 3651 1526 Antiochenusepisco—

2002 1570 2109 1624 pus
2133 1553 2190 1608 in
2208 1554 2443 1608 Tarsum
2465 1551 2684 1606 Cilicia
2700 1549 3057 1619 demigravit.
3082 1545 3532 1602 Reverentiusab
3552 1544 3653 1599 Ar-

2001 1643 2088 1698 cis
2117 1641 2147 1682 k
2179 1684 2192 1710 ,
2218 1640 2521 1696 Phanicia
2555 1640 2611 1694 in
2633 1640 2840 1708 Tyrum
2871 1637 3149 1708 migratus
3177 1639 3294 1690 est:
3317 1636 3559 1690 Joannes
3581 1633 3652 1688 de

236 1725 544 1796 fraganeos
577 1726 928 1796 episcOpales
953 1733 1134 1783 catus
1163 1742 1280 1783 sua
1309 1729 1726 1784 consecrationi
1758 1729 1895 1783 vin—
1924 1715 1976 1776 Β
2001 1729 2302 1788 GardiliaJ
2340 1734 2594 1784 mutatus
2623 1734 2709 1783 est
2743 1727 2800 1782 in
2831 1725 3217 1794 Prochoniso;
3257 1723 3552 1779 Palladius
3581 1720 3651 1777 ab

231 1814 455 1879 dicant,
490 1814 694 1885 degere
739 1815 1024 1886 videntur,
1072 1818 1345 1873 adversus
1378 1823 1430 1873 te
1481 1824 1794 1873 causantur
1839 1821 1895 1872 et

235 1902 634 1973 querelantur,
665 1904 801 1973 quia
829 1905 1028 1961 nullus
1052 1906 1525 1976 metropolitanus
1549 1905 1586 1962 δ.
1606 1920 1896 1963 consecra-

233 1990 456 2046 tionem
479 1990 660 2047 facere
685 1998 886 2062 potest,
908 1995 1020 2049 nisi
1043 2009 1074 2050 a
1091 1996 1222 2050 sede
1243 1995 1556 2065 opostolica
1584 1996 1824 2066 pallium
1845 2007 1871 2036 ο

234 2084 452 2134 sumat.
507 2079 553 2134 A
596 2094 710 2150 quo
748 2095 881 2152 ergo
928 2083 1289 2154 Bysancium,
1318 2099 1444 2154 qua
1485 2084 1897 2140 Constantino—

239 2168 398 2238 polis
424 2173 680 2239 vocatur,
723 2170 1006 2239 Ravenna,
1039 2172 1244 2227 Forum
1287 2173 1450 2242 Julii,
1487 2174 1891 2244 Mediolanum,

237 2257 678 2328 Hebrudunum,
733 2258 1048 2329 Arelatum,
1101 2261 1462 2332 Lugdunum,
1526 2262 1731 2317 civitas
1783 2263 1900 2316 Re—

241 2360 472 2402 morum
517 2345 562 2416 d,
622 2347 876 2419 Colonia,
920 2350 1211 2420 Maguntia
1263 2360 1307 2422 ο,
1347 2357 1675 2422 cateraque
1720 2350 1888 2405 urbes

239 2435 721 2505 metropolitana,
758 2437 869 2491 nisi
901 2437 972 2492 ab
997 2439 1310 2508 apostolica
1341 2445 1611 2509 potestate
1657 2441 1896 2510 pallium

238 2530 480 2578 sumant
504 2522 524 2564 τ
550 2524 578 2577 ‘?
601 2525 658 2579 Si
705 2525 784 2580 ita
821 2531 907 2580 est
931 2531 992 2582 ut
1025 2528 1238 2596 prodis,
1277 2533 1431 2583 totus
1481 2543 1619 2598 pene
1650 2530 1899 2585 mundus

244 2626 351 2682 per
378 2626 559 2668 annos
583 2627 697 2668 xxx
749 2614 806 2668 in
858 2615 1029 2670 ruina
1073 2616 1296 2685 positus
1321 2621 1424 2685 est,
1460 2631 1569 2673 non
1612 2618 1795 2673 solum
1827 2617 1896 2672 ad

239 2702 713 2770 dampnationem
756 2717 1081 2773 corporum,
1142 2719 1335 2761 verum
1384 2705 1576 2775 etiam,
1612 2707 1760 2777 quod
1793 2707 1902 2762 de-

239 2792 432 2847 terius
471 2798 574 2862 est,
620 2792 686 2847 ad
735 2793 1139 2849 detrimentum
1193 2795 1515 2850 animarum
1548 2808 1620 2848 8.
1658 2795 1765 2863 Qui
1799 2795 1902 2850 di—

239 2893 550 2935 numerare
598 2886 781 2950 potest
823 2881 1020 2936 stellas
1066 2883 1216 2952 cali,
1270 2887 1326 2938 et
1371 2897 1598 2938 arenam
1647 2899 1772 2954 qua
1816 2887 1903 2939 est

240 2968 298 3024 in
359 2967 556 3024 littore
593 2969 790 3038 maris,
844 2970 938 3025 hic
988 2971 1352 3026 dinumerare
1423 2973 1632 3042 poterit
1679 2973 1902 3028 animas

2003 1819 2333 1889 Helenopoli
2371 1823 2624 1874 mutatus
2653 1822 2739 1871 est
2780 1817 2836 1870 in
2886 1816 3189 1884 Asponam.
3223 1813 3544 1868 Alexander
3579 1809 3651 1866 ab

2002 1909 2118 1963 alia
2149 1907 2474 1976 llelenopoli
2519 1906 2578 1960 in
2608 1904 2978 1973 Adrianopoli
3005 1908 3257 1958 mutatus
3285 1907 3388 1957 est.
3431 1902 3655 1970 Grego-

2005 1998 2130 2052 rius
2166 1997 2557 2052 Nazianzenus
2597 1994 2760 2064 prius
2791 1993 2968 2048 unius
2992 1991 3249 2047 civitatis
3285 1987 3654 2059 Cappadocia

2008 2085 2121 2142 fuit
2159 2086 2483 2156 episcopus,
2518 2097 2644 2154 qua.
2671 2082 2890 2138 Sasima
2914 2080 3232 2150 dicebatur,
3263 2078 3470 2135 deinde
3501 2075 3651 2130 beati

2005 2175 2204 2231 Basilii
2227 2179 2283 2229 et
2310 2174 2557 2229 aliorum
2585 2173 2981 2243 episcoporum
3007 2183 3308 2237 consensu,
3334 2166 3649 2233 Nazianzo;

2005 2264 2266 2320 Meletius
2297 2263 2460 2333 prius
2488 2261 2757 2317 Sebastia
2793 2258 3056 2316 Ecclesia
3087 2255 3334 2328 prafuit,
3377 2259 3433 2311 et
3461 2257 3652 2324 postea

2006 2353 2326 2408 Antiochia
2369 2352 2572 2422 prasul
2627 2355 2712 2406 est
2744 2349 3133 2414 constitutus;
3187 2344 3537 2400 Theoscbius
3583 2340 3653 2395 ab

2005 2442 2240 2512 Apamia
2263 2441 2411 2496 Asia
2435 2438 2777 2496 transfertur
2795 2439 2853 2492 in
2868 2435 3328 2504 Eudoxiopolim,
3349 2447 3473 2504 qua
3493 2431 3655 2502 prius

2006 2531 2321 2587 Salambria
2354 2529 2691 2585 vocabatur:
2723 2526 3066 2596 Polycarpus
3102 2524 3172 2578 de
3204 2523 3647 2579 urbe.............

2058 2662 2112 2675 ..
2150 2628 2190 2654 σι
2239 2619 2297 2674 in
2338 2617 2659 2687 Nicopolim
2707 2615 2964 2670 Thracia
3014 2617 3268 2668 mutatus
3295 2617 3418 2680 est;
3463 2611 3652 2666 lliero-

2011 2709 2210 2780 philus
2233 2708 2303 2763 de
2326 2705 2691 2777 Trapezopoli
2717 2702 2976 2773 Phrygia
3010 2701 3068 2756 in
3094 2699 3456 2756 Antiochiam
3481 2704 3656 2755 muta-

2011 2805 2105 2854 tus
2143 2803 2272 2853 estn
2303 2796 2571 2861 Pisidia;
2604 2793 2882 2864 Sylvanus
2905 2805 2937 2846 a
2970 2788 3354 2860 Philippopoli
3403 2787 3658 2843 Thracia

2013 2892 2268 2942 mutatus
2296 2890 2382 2940 est
2405 2883 2679 2940 Troadam
2709 2901 2723 2951 ;
2757 2880 3040 2937 Eusebius
3068 2893 3295 2950 quoque
3323 2877 3393 2932 de
3415 2876 3654 2948 quadam

2013 2989 2182 3044 parva
2230 2974 2482 3044 civitate,
2528 2971 2844 3041 apostolica
2886 2969 3247 3037 auctoritate,
3292 2971 3546 3022 mutatus
3575 2970 3660 3021 est

238 3063 293 3113 et
347 3071 589 3127 corpora
640 3072 836 3114 eorum
882 3059 981 3129 qui
1034 3058 1250 3130 absque
1309 3060 1590 3130 baptismo
1643 3067 1696 3118 et
1751 3062 1900 3118 sacri
1938 3042 1986 3104 C
2010 3042 2414 3119 Alexandriam
2445 3042 2773 3130 {similiter
2799 3058 2954 3114 Felix
2990 3058 3061 3112 de
3090 3057 3323 3111 civitate
3349 3069 3461 3125 qua
3494 3053 3659 3110 ordi-

238 3147 582 3202 chrismatis
623 3147 894 3203 unctione
935 3162 1034 3218 per
1074 3154 1155 3205 tot
1187 3164 1466 3206 annorum
1508 3151 1798 3206 curricula
1829 3151 1898 3207 ad

239 3242 463 3292 tartara
495 3241 632 3292 sunt
657 3237 921 3292 demersi.
955 3238 1257 3294 Missarum
1285 3240 1456 3294 etiam
1485 3239 1762 3296 solemnia
1785 3241 1899 3296 nisi

239 3325 312 3380 ab
339 3325 777 3395 antiquissimis
807 3326 951 3381 viris
996 3328 1232 3383 minime
1267 3333 1402 3384 sunt
1427 3328 1724 3384 celebrata.
1759 3329 1902 3398 Quis

240 3415 399 3469 enim
433 3428 628 3470 sacros
675 3413 858 3470 fontes
887 3415 1244 3472 benediceret
1276 3423 1332 3473 et
1361 3422 1618 3473 sanctum
1651 3417 1902 3473 chrisma

243 3503 572 3572 conficeret,
601 3508 703 3558 aut
727 3504 860 3574 quis
891 3506 1230 3574 panitentes
1268 3507 1510 3563 solveret
1543 3514 1644 3565 aut
1674 3507 1898 3580 ligaret,

243 3605 378 3646 cum
409 3592 601 3646 omnis
631 3591 770 3647 ordo
795 3593 1220 3650 ecclesiasticus
1252 3596 1332 3652 ita
1361 3597 1429 3652 ad
1466 3597 1578 3654 ima
1607 3598 1900 3669 ceciderit,

245 3687 330 3751 ut,
369 3681 528 3735 sicut
557 3685 620 3735 tu
655 3694 801 3737 ausu
836 3680 1054 3738 nefario
1078 3688 1134 3738 et
1173 3699 1268 3740 ore
1305 3687 1607 3742 temerario
1631 3687 1902 3758 delatras,

247 3769 402 3824 nihil
437 3769 726 3838 habuerit,
755 3771 901 3826 nihil
925 3771 1195 3828 dederit?
1223 3775 1406 3845 Igitur
1429 3776 1544 3844 jam
1569 3783 1790 3847 tempus
1820 3783 1908 3832 est

248 3863 312 3913 ut
345 3858 416 3913 ad
463 3864 818 3930 conceptum,
852 3860 1005 3915 sicut
1044 3851 1244 3918 sumus
1285 3863 1554 3933 polliciti,
1608 3866 1906 3921 redeamus

245 3947 586 4017 eloquium;
613 3953 669 4002 et
694 3947 830 4018 quia
852 3949 1181 4005 Formosum
1206 3965 1410 4022 papam
1445 3953 1764 4010 invasorem
1793 3967 1906 4009 non

249 4037 438 4093 fuisse
470 4036 918 4108 declaravimus;
973 4039 1052 4094 ita
1092 4055 1269 4110 aque,
1303 4047 1403 4098 aut
1445 4042 1642 4114 inique
1670 4043 1909 4113 deposi-

250 4134 401 4196 tum,
455 4125 687 4180 restitui
739 4141 919 4198 posse,
972 4133 1029 4183 et
1073 4129 1143 4184 de
1188 4129 1442 4187 Ecclesia
1479 4131 1547 4187 ad
1596 4132 1907 4188 Ecclesiam

250 4213 497 4286 migrari
549 4213 820 4286 valuisse,
862 4217 1044 4272 sancti
1079 4218 1330 4287 Spiritus
1367 4218 1658 4276 infusione
1687 4220 1912 4276 diluci-

250 4304 478 4359 demus.
508 4302 802 4359 Plurimos
829 4305 981 4360 enim
1015 4307 1410 4377 episcoporum
1439 4309 1576 4364 aliis
1605 4323 1672 4364 ex
1700 4309 1912 4365 civita-

2011 3157 2180 3208 natus
2222 3155 2343 3206 erat
2393 3149 2670 3204 electione
2717 3146 2954 3214 civium,
2997 3149 3226 3215 propter
3253 3142 3573 3197 doctrinam
3605 3145 3660 3196 et

2011 3241 2214 3295 bonam
2239 3253 2405 3310 quam
2451 3237 2691 3292 habebat
2721 3236 2914 3302 vitam,
2949 3231 3238 3289 communi
3260 3231 3658 3300 episcoporum

2011 3334 2068 3384 et
2080 3328 2434 3398 reliquorum
2453 3325 2830 3392 sacerdotum,
2851 3335 2914 3377 ac
2934 3321 3129 3391 populi
3147 3330 3190 3390 ο,
3209 3319 3456 3375 consilio
3480 3323 3659 3374 trans-

2013 3417 2166 3473 latus
2194 3422 2280 3472 est
2319 3415 2622 3486 Ephesum.
2655 3414 2776 3467 Non
2808 3411 2960 3465 enim
2991 3409 3200 3464 transit
3232 3408 3303 3462 de
3329 3407 3564 3462 civitate
3587 3407 3655 3461 ad

2012 3507 2322 3575 civitatem,
2348 3504 2447 3576 qui
2477 3517 2585 3558 non
2619 3515 2723 3557 suo
2765 3500 2938 3555 libitu
2971 3503 3072 3553 aut
3101 3497 3320 3553 ambitu
3363 3496 3467 3550 hoc
3499 3493 3654 3565 facit,

2013 3599 2108 3654 sed
2151 3596 2402 3652 utilitate
2451 3591 2691 3664 quadam
2731 3594 2830 3646 aut
2889 3588 3242 3657 necessitate,
3297 3585 3660 3656 aliorumque

2015 3691 2204 3742 ortatu
2252 3689 2308 3739 et
2380 3681 2626 3738 consilio
2675 3677 3016 3750 populorum
3059 3696 3088 3737 p
3119 3673 3488 3730 transfertur:
3560 3687 3661 3729 nec

2015 3773 2360 3832 transfertur
2393 3772 2462 3826 de
2489 3768 2698 3824 minori
2726 3767 2959 3823 civitate
2988 3765 3056 3820 ad
3092 3764 3382 3832 majorem.
3417 3761 3517 3832 qui
3557 3762 3663 3818 hoc

2017 3879 2126 3920 non
2171 3862 2410 3929 ambitu,
2439 3864 2539 3916 aut
2565 3857 2793 3928 propria
2817 3855 3110 3911 voluntate
3153 3851 3312 3921 facit,
3347 3851 3442 3907 sed
3477 3855 3578 3906 aut
3605 3850 3660 3904 vi

2015 3968 2047 4009 a
2080 3953 2307 4023 propria
2348 3951 2479 4006 sede
2507 3947 2725 4018 pulsus,
2758 3949 2859 4001 aut
2886 3943 3223 3999 necessitate
3260 3944 3513 4008 coactus,
3564 3941 3664 3994 aut

2018 4042 2270 4100 utilitate
2299 4039 2432 4110 loci,
2454 4043 2555 4094 aut
2578 4035 2797 4107 populi,
2826 4045 2936 4090 non
2968 4031 3228 4102 superbe,
3248 4029 3340 4086 sed
3367 4027 3666 4084 humiliter

2017 4131 2088 4187 ab
2117 4131 2253 4186 aliis
2292 4127 2604 4184 translatus
2639 4131 2696 4181 et
2736 4123 3161 4180 inthronizatus
3183 4125 3287 4176 est.
3321 4119 3469 4188 Quia
3496 4117 3665 4173 homo

2017 4220 2171 4275 videt
2205 4219 2263 4274 in
2294 4215 2458 4282 facie,
2488 4216 2638 4270 Deus
2667 4217 2855 4268 autem
2885 4211 2948 4266 in
2976 4210 3163 4266 corde.
3214 4209 3336 4263 Non
3368 4220 3502 4278 ergo
3529 4219 3667 4261 mu-

2022 4313 2105 4364 tat
2151 4308 2359 4375 sedem,
2397 4305 2498 4376 qui
2553 4315 2663 4359 non
2698 4305 2876 4356 mutat
2928 4303 3186 4354 mentem.
3221 4294 3475 4352 Sufﬁciat
3514 4307 3666 4349 nunc

251 4392 420 4448 tibus
457 4392 528 4447 ad
571 4391 736 4462 alias,
787 4407 954 4451 causa
1011 4396 1368 4454 necessitatis
1409 4403 1582 4468 atque
1613 4399 1910 4472 utilitatis,
1937 4398 1992 4460 D
2022 4399 2092 4454 de
2110 4386 3238 4461 mutationeettransmigrationesedium
3259 4382 3664 4452 satisdixisse;

326 4517 536 4595 gliege,
570 4515 850 4595 si.placet,
886 4517 979 4574 hic
1004 4523 1060 4574 et
1103 4520 1270 4589 paulo
1313 4520 1482 4595 infra,
1510 4525 1909 4579 ministerium:

329 4557 871 4652 δῖιῖἱῖἐιῖἁίΤὶῖἑῖἶὲ.

332 4670 358 4699 ο
385 4658 501 4712 Cod
537 4699 547 4709 .
574 4659 840 4727 palleum,
872 4659 964 4715 hic
1003 4667 1058 4716 et
1085 4662 1255 4719 infra.

328 4731 356 4770 «ι
382 4729 546 4802 Cod.,
588 4731 950 4802 Remo-rarum,
986 4734 1268 4802 mendose.

330 4808 353 4835 °
381 4798 546 4868 Cod.,
595 4802 893 4867 Magoniia.
941 4798 948 4802 ’
1047 4798 1058 4807 ’

333 4869 357 4910 f
386 4873 550 4942 Lege,
584 4870 632 4925 si
667 4873 872 4996 glacet,
919 4880 1160 4930 sumunt.
1203 4879 1271 4933 Et
1297 4882 1429 4934 nota
1478 4879 1626 4949 quod
1678 4879 1749 4934 ab
1777 4879 1915 4935 hinc

337 4955 452 4996 aue
477 4941 545 4996 ad
569 4955 664 4996 ver
705 4957 757 4996 a.
779 4946 1003 4996 solveret
1023 4952 1120 4996 aut
1140 4948 1353 4996 linrzrot-
1374 4950 1622 4996 scrinmr
1639 4951 1747 4996 ista
1772 4949 1914 4996 falsa

260 4955 470 5067 3:331
475 4941 757 5067 adtverba,
779 4946 1003 5000 solveret
1023 4952 1120 5001 aut
1140 4948 1354 5016 ligarct,
1374 4941 1622 5022 scriptor
1639 4951 1747 5006 iste
1771 4949 1914 5007 falso

258 5027 424 5068 CODCI
436 5027 564 5067 ιιιιιι
578 5053 589 5064 .

333 5096 365 5136 s
394 5085 524 5167 Hac
548 5084 799 5167 itenm,si,
831 5093 892 5167 ut
913 5102 1108 5158 reapse
1131 5092 1375 5167 videtur,
1406 5093 1775 5167 intelligenda
1797 5093 1916 5167 sint

258 5154 331 5234 de
363 5156 747 5234 metropolitis
789 5172 820 5234 ξι
854 5154 1119 5234 Formoso
1160 5154 1426 5231 pontifice
1458 5154 1632 5234 pallio
1661 5165 1912 5234 donatis,

259 5231 438 5307 atque
479 5226 550 5307 de
591 5229 915 5307 eorumdem
951 5226 1676 5307 _ordina'tionihus,'noster
1713 5226 1918 5305 apoloé

262 5297 688 5377 gistapalmari
723 5313 913 5355 errore
932 5302 1252 5372 decipitur;
1287 5319 1415 5360 cum
1441 5297 1708 5377 'pallium,
1743 5297 1914 5361 etiam

264 5367 338 5448 ab
373 5368 682 5448 illegitimo
717 5385 860 5448 papa
888 5367 1200 5446 acceptum,
1236 5367 1804 5446 metropolitanorum
1831 5393 1916 5434 0r-

263 5438 599 5494 dinatiOnes
623 5438 731 5496 non
766 5438 1033 5499 intlrmet.

340 5509 367 5587 ξι
395 5511 603 5587 Nescio
635 5524 707 5587 an
751 5513 1046 5584 legendum
1081 5517 1178 5587 sit,
1203 5519 1488 5573 mobiliter.

341 5578 355 5664 ἰ
395 5581 492 5664 γει
543 5583 746 5664 Putris,
793 5578 856 5640 ut
900 5599 968 5641 ex
1016 5578 1250 5646 Auxilio
1304 5589 1454 5646 infra
1508 5590 1701 5648 citato.
1750 5591 1910 5664 Cod.,

270 5652 558 5725 mendose,
594 5654 806 5709 Petrus.

2091 4521 2110 4575 J'
2144 4521 2302 4590 Cod.,
2331 4518 2626 4590 Seleutica.

2091 4589 2592 4664 illCod.,Arc_l_iis.__
2895 4650 2926 4664 Δ
3017 4658 3027 4664 _
3081 4651 3114 4664 η

2092 4644 2398 4718 lAuct—ilius
2438 4658 2633 4714 libello
2671 4672 2710 4726 1,
2739 4671 2863 4733 cap,
2894 4650 2957 4733 3,Δ
2979 4658 3045 4733 et_
3078 4651 3180 4707 lib.
3225 4665 3287 4721 11,
3317 4663 3445 4733 cap.
3479 4644 3569 4731 ἢ,
3603 4647 3670 4703 de

2022 4733 2457 4790 ordinationibus
2487 4747 2521 4783 α
2545 4733 2790 4802 Formosa
2819 4729 3013 4802 factis,
3036 4726 3152 4802 hac
3180 4726 3409 4802 nomina
3436 4726 3670 4802 episc‘of

2062 4819 2223 4862 orum
2247 4803 2346 4874 qui
2374 4793 2924 4874 transmigraverunt
2948 4797 3016 4874 ad
3041 4795 3213 4874 aliam
3247 4793 3433 4874 sedem
3467 4793 3671 4874 recitat

2047 4880 2138 4933 'ere
2167 4876 2235 4931 ad
2263 4864 2526 4944 unguem,
2560 4864 2752 4926 ut'hic.
2780 4867 3025 4944 Consule
3050 4865 3358 4944 Morinum,
3397 4864 3468 4944 de
3488 4867 3672 4919 sacris

2021 4933 2525 5010 Ordinatioﬁ’ibus,
2554 4943 2692 5010 part.
2731 4954 2794 4994 ιι.
2831 4955 2881 5008 p.
2915 4936 3118 5010 349_et
3145 4933 3462 5010 37i,_apud
3502 4946 3670 5005 quem

2022 5005 2193 5076 etiam
2217 5031 2318 5087 pro
2344 5005 2641 5070 nonnullis
2660 5005 3021 5067 variantibus
3042 5005 3387 5062 lectionibus
3407 5005 3670 5061 lectorem

2091 5090 2394 5144 mittimus.

2025 5106 2464 5214 Γθξξιηῗέιῐὲἓιῖᾷιη
2501 5155 2586 5211 sic
2629 5153 2862 5224 supple:
2905 5151 3302 5220 Antapristena
3337 5147 3442 5220 (vel
3490 5147 3672 5201 Ante—

2016 5232 2288 5304 pristcna)
2319 5231 2524 5304 Mysia,
2559 5241 2647 5304 ex_
2668 5226 2922 5304 Auxilio.

2095 5317 2120 5343 ιι
2153 5290 2451 5357 ιιὶῡ’θῐὶῖῖῐη
2484 5290 2715 5368 supple:
2753 5298 2994 5351 Obtimus
3027 5293 3096 5348 ab
3119 5291 3461 5368 Agarglamia.
3489 5290 3672 5368 Pliry—

2024 5378 2126 5443 giae
2165 5377 2220 5427 in
2257 5361 2613 5428 Antiochiam
2638 5371 2878 5431 Pisidia,
2910 5374 3014 5423 etc.
3045 5385 3058 5437 ;
3093 5380 3160 5420 ex
3191 5365 3383 5419 eodem
3419 5374 3520 5414 ms.
3555 5361 3672 5412 Pa—

2025 5449 2196 5502 sidia.

2095 5498 2308 5585 eV'Codq
2348 5516 2500 5584 Apli.
2547 5516 2663 5570 Nos
2697 5509 3052 5580 interpretati
3080 5519 3278 5588 sumus
3303 5498 3592 5588 acpopuii.

2098 5601 2126 5644 P
2150 5576 2306 5645 Cod.§
2349 5576 2582 5642 aliorum
2607 5576 2947 5653 ortatuﬂea:
2969 5576 3191 5634 concilio
3224 5576 3519 5643 pociorum.
