4058 6154
403 296 511 354 835

1829 284 2128 342 FORMOSI
2179 281 2391 337 ΡΑΡᾸΞ.

3713 281 3825 339 836

405 440 560 484 nunc
601 425 672 483 de
723 423 1196 481 reconciliatione
1242 420 1597 492 pontiﬁcum,
1649 417 1748 489 qui
1775 417 1930 486 juste
1959 419 2060 471 aut
2085 405 2141 466 A
2167 408 2329 466 dium
2383 410 2590 468 ducere
2644 410 3100 481 temptabimus’r
3129 411 3291 481 ,dies
3337 413 3468 465 ante
3492 407 3579 478 (ut
3615 409 3829 480 remur)

406 517 621 586 injuste
641 513 936 585 dampnati
963 517 1099 569 sunt
1117 515 1287 582 prout
1306 509 1624 568 auctoritas
1639 507 1822 575 docet,
1836 505 2060 560 eviden-

405 610 492 662 ter
514 605 701 661 dicam
740 605 906 660 modo
933 613 974 656 ι.
1019 604 1264 657 Joannes
1305 600 1744 670 Chrysostomus
1773 608 1804 650 a
1832 593 2059 650 duobus

404 694 641 766 synodis
677 693 1126 750 orthodoxorum
1170 689 1284 747 fuit
1323 689 1637 760 judicatus,
1707 686 1802 742 sed
1850 685 2057 740 iterum

403 784 670 842 Ecclesia
700 798 819 840 sua
849 781 963 840 fuit
999 781 1326 838 restitutus.
1358 781 1470 836 Nec
1517 792 1630 834 non
1660 781 1718 832 et
1757 773 2061 830 Marcellus

405 875 710 946 episcopus
733 870 1224 943 AncyraGalitia
1267 867 1564 940 depositus
1597 864 1746 935 fuit;
1792 865 1888 920 sed
1922 875 2060 933 pro-

406 963 600 1034 prium
625 961 984 1034 postmodum
1007 959 1220 1029 recepit
1239 961 1650 1027 episcopatum.
1672 949 2012 1023 Asclepiqu
2041 993 2057 1020 ,

291 1115 298 1121 ,
406 1051 540 1109 item
572 1051 866 1122 judicatus
891 1065 925 1105 a
954 1049 1188 1120 synodo,
1217 1046 1528 1103 Ecclesiam
1551 1058 1712 1102 suam
1745 1045 1936 1113 postea
1963 1054 2061 1096 re-

403 1142 592 1213 cepit;
624 1140 912 1196 Lucianus
939 1139 1245 1210 episcopus
1271 1133 1738 1204 Adrianopolites
1761 1145 1787 1173 ο
1821 1173 1836 1202 ,
1862 1143 1895 1186 a
1917 1143 2060 1201 papa

403 1230 558 1288 Julio
576 1229 946 1299 dampnatus,
983 1226 1345 1299 postmodum
1385 1223 1601 1294 recepit
1623 1220 1934 1278 Ecclesiam
1963 1217 2056 1274 sui

403 1319 785 1390 episcOpatus.
838 1318 978 1374 Item
1011 1314 1367 1386 Quirinillus
1389 1312 1418 1355 ἀ
1449 1356 1463 1385 ,
1506 1309 2061 1382 Hierosolymitanus

404 1407 709 1478 episcopus
761 1406 1064 1478 depositus
1113 1403 1261 1475 fuit;
1313 1408 1506 1475 postea
1537 1399 1946 1458 reconciliatus
1973 1400 2060 1454 est

401 1497 672 1553 Ecclesia
700 1509 834 1553 sua.
881 1495 1075 1550 Simili
1120 1494 1286 1550 modo
1314 1498 1371 1550 et
1408 1490 1849 1563 Polychronium
1890 1497 1934 1559 θ,
1966 1487 2061 1543 ei-

403 1586 532 1644 dem
608 1585 875 1642 Ecclesia
923 1582 1655 1653 suaeHierosolymitana
1710 1578 2056 1650 pontiﬁcem,

2169 512 2338 569 quam
2393 513 2579 556 sermo
2623 499 2888 556 cessabit.
2929 500 3034 556 Cui
3070 513 3204 571 ergo
3233 497 3699 569 comparabimus
3727 498 3830 553 te?

2167 587 2254 643 vel
2285 589 2378 646 cui
2402 589 2859 646 assimilabimus
2881 593 2952 660 te,
2982 603 3014 646 ο
3035 589 3208 645 Roma
3229 587 3256 642 τ
3282 589 3483 655 Magna
3515 587 3747 640 enim...
3776 598 3800 627 ε

2165 694 2316 733 mare
2341 681 2588 734 contritio
2611 685 2724 734 tua.
2761 680 2893 745 Quis
2912 679 3215 734 medebitur
3241 678 3392 732 tibi?
3429 676 3714 746 Propheta
3742 679 3831 731 tui

2166 766 2424 822 viderunt
2461 769 2609 836 falsa
2653 773 2704 822 et
2740 769 2950 835 stulta;
2989 785 3084 822 nec
3125 766 3444 837 aperiebant
3475 766 3830 835 iniquitatem

2169 861 2318 912 tuam
2338 861 2399 911 ut
2436 861 2485 911 te
2511 862 2881 912 converterent
2898 861 2918 898 ι
2947 899 2964 922 ,
3001 861 3050 910 et
3074 860 3354 910 sanarent.
3378 855 3723 909 Planxerunt
3738 869 3832 908 su-

2159 961 2264 1017 per
2305 951 2354 1000 te
2399 963 2579 1001 omnes
2620 951 2960 1002 transeuntes
2995 962 3100 1017 per
3127 948 3312 1015 viam;
3361 944 3721 998 sibilaverunt
3775 948 3830 998 et

2166 1040 2448 1091 moverunt
2498 1041 2665 1106 caput
2711 1052 2892 1109 suum,
2939 1036 3174 1092 dicentes
3195 1055 3213 1090 :
3265 1035 3512 1090 Haecine
3556 1037 3634 1089 est
3693 1035 3829 1088 urbs

2161 1127 2396 1196 perfecti
2433 1125 2660 1198 decoris,
2691 1131 2741 1182 et
2763 1127 3026 1195 gaudium
3049 1127 3316 1180 universa
3339 1129 3498 1181 terra
3533 1133 3565 1164 ιι
3591 1127 3619 1180 ?
3643 1125 3832 1180 Scru-

2168 1217 2290 1268 tare
2318 1227 2452 1286 ergo
2481 1215 2605 1271 vias
2642 1219 2791 1287 tuas,
2826 1219 2882 1271 et
2911 1218 3241 1271 convertere
3287 1214 3357 1270 ad
3407 1214 3742 1286 Dominum,
3769 1219 3831 1270 et

2168 1303 2502 1360 salvaberis.
2549 1304 2698 1374 Quid
2755 1304 2937 1376 igitur
2963 1305 3034 1361 ad
3080 1303 3198 1360 hac
3243 1303 3446 1360 dices?
3484 1305 3624 1360 Nam
3654 1303 3832 1376 vulgo

2167 1393 2407 1465 dicitur,
2431 1394 2676 1450 stultum
2701 1407 2824 1450 esse
2843 1393 2992 1450 alios
3012 1408 3290 1466 coercere,
3310 1407 3440 1451 cum
3467 1393 3832 1464 sibimetipsi

2169 1496 2280 1539 non
2308 1483 2488 1540 valeat
2510 1483 2733 1542 frenum
2767 1484 3076 1555 imponere.
3113 1485 3235 1554 Quo
3267 1484 3460 1556 itaque
3489 1491 3650 1554 pacto
3675 1483 3833 1540 alios

2168 1572 2257 1628 vis
2305 1572 2666 1646 redarguere,
2707 1588 2835 1630 cum
2877 1573 2987 1629 tibi
3021 1573 3180 1630 nulla
3211 1573 3289 1629 sit
3337 1579 3586 1644 potestas
3616 1579 3838 1629 temet-—

403 1675 602 1732 Sixtus
630 1673 659 1716 h
689 1685 830 1745 papa
859 1671 1210 1743 dampnavit,
1241 1675 1299 1728 et
1329 1671 1538 1728 iterum
1565 1668 1582 1710 i
1619 1669 1768 1740 idem
1795 1665 2060 1724 reconci—
2090 1742 2128 1745 _
2170 1660 2352 1731 ipsam
2377 1673 2409 1702 ν
2439 1662 2726 1735 corrigere
2751 1663 2779 1716 ‘P
2823 1663 2925 1719 Per
2974 1662 3228 1719 ambitus
3269 1663 3420 1719 enim
3479 1669 3535 1718 et
3576 1662 3838 1719 seditio—

404 1763 588 1822 liavit.
626 1742 1006 1820 Innocentius
1033 1761 1168 1818 item
1200 1742 1344 1832 papa
1382 1759 1649 1817 Fotinum
1675 1756 1694 1813 ,ἱ
1725 1756 2058 1828 episcopum
2089 1742 2142 1804 Β
2169 1764 2289 1822 nes,
2344 1750 2756 1824 belligerando,
2834 1754 2904 1809 ad
2981 1767 3268 1811 summum
3336 1753 3524 1823 apicis
3594 1752 3834 1810 culmen

402 1853 767 1924 dampnavit;
819 1853 914 1908 sed
954 1852 1077 1922 ipse
1125 1856 1318 1922 postea
1360 1863 1489 1907 eum
1536 1850 1597 1905 in
1645 1862 1764 1905 sua
1792 1847 2060 1904 Ecclesiae
2168 1837 2560 1913 belligerando
2607 1853 2638 1883 κ
2670 1842 2961 1913 principes
2992 1843 3078 1900 tui
3118 1843 3474 1900 contendunt
3506 1843 3738 1913 subire;
3771 1849 3839 1898 et

405 1941 705 2014 prOprium
732 1940 992 1998 restituit
1021 1943 1252 1997 statum.
1281 1941 1418 1996 Item
1449 1938 1666 1995 Miseno
1705 1937 2001 2008 episcopo,
2025 1951 2058 1992 a
2167 1927 2356 1985 adhuc
2382 1941 2413 1984 Υ
2445 1929 2754 2002 iniquitate
2792 1946 2896 1988 sua
2946 1937 3356 2002 permanentes,
3396 1931 3836 2006 unusquisque,

400 2029 588 2086 Felice
630 2045 775 2102 papa
829 2031 1163 2102 dampnato,
1193 2027 1459 2086 Gelasius
1502 2040 1646 2098 papa
1683 2039 1978 2083 successor
2004 2022 2037 2066 k
2169 2019 2319 2090 quod
2349 2020 2542 2076 animo
2589 2021 2871 2091 concepit,
2905 2035 3074 2092 Opere
3106 2021 3390 2093 complere
3418 2026 3677 2078 conatur.
3709 2022 3839 2078 Pro

405 2118 578 2176 illius
607 2120 1057 2177 communicavit
1084 2123 1140 2176 et
1167 2133 1297 2176 eum
1335 2117 1601 2173 Ecclesia
1631 2130 1748 2173 sua
1779 2113 2055 2171 restituit.
2170 2105 2276 2164 hac
2303 2109 2456 2164 enim
2488 2123 2548 2165 re
2567 2121 2592 2151 ι
2619 2109 2909 2167 diluvium
2937 2111 3265 2182 supervenit
3295 2111 3564 2167 universo
3584 2110 3834 2179 mundo,

403 2208 679 2267 Leontius
707 2214 920 2281 autem,
944 2210 1083 2266 dum
1095 2213 1242 2265 esset
1264 2205 1573 2278 presbyter,
1599 2204 1898 2275 depositus
1923 2202 2056 2275 fuit,
2167 2195 2534 2270 deletaquella
2560 2204 2647 2255 est
2675 2199 2864 2255 omnis
2899 2214 3031 2256 caro
3056 2200 3126 2255 de
3160 2200 3464 2272 superﬁcie
3503 2205 3687 2271 terra,
3713 2213 3842 2255 ex—

403 2298 499 2354 sed
529 2302 721 2368 postea
761 2297 822 2353 in
847 2297 1173 2368 ‘_Antiochia
1199 2294 1526 2365 patriarcha
1560 2293 1803 2349 exstitit.
1838 2293 2060 2363 Grego—
2169 2286 2352 2356 ceptis
2389 2292 2515 2345 octo
2560 2288 2865 2345 animabus
2907 2289 2969 2345 in
3007 2303 3139 2345 arca
3181 2289 3463 2358 salvatis;
3525 2289 3609 2344 sic
3666 2289 3838 2344 enim

403 2385 532 2442 rius
561 2392 802 2458 quartus
829 2399 972 2456 papa
997 2387 1304 2452 Romanus,
1328 2381 1731 2452 Theodosium,
1759 2395 1922 2452 quem
1954 2380 2064 2436 Eu-
2169 2381 2367 2431 sancta
2397 2376 2456 2432 in
2509 2377 2962 2448 praecedentibus
3005 2378 3152 2434 dicit
3196 2378 3524 2449 Scriptura:
3565 2378 3839 2434 Videntes

403 2475 610 2545 genius
637 2476 764 2544 ejus
805 2481 1128 2531 antecessor
1158 2471 1496 2543 presbyterii
1545 2470 1758 2526 honore
1795 2469 2060 2538 privave—
2166 2461 2274 2537 ﬁlii
2300 2467 2400 2520 Dei
2438 2468 2586 2536 ﬁlias
2624 2467 2902 2522 hominum
2940 2469 3086 2538 quod
3114 2473 3288 2522 essent
3305 2469 3571 2538 pulchra,
3594 2483 3842 2536 accepe-

405 2565 514 2632 rat,
561 2567 768 2618 sancta
804 2561 1072 2618 Ecclesia
1105 2561 1358 2632 Signina
1385 2557 1422 2629 ι,
1454 2557 1810 2614 consecravit
1828 2557 2060 2626 episco—
2166 2563 2298 2613 runt
2335 2557 2440 2612 sibi
2469 2573 2663 2612 umores
2693 2573 2760 2612 ea
2791 2557 3040 2611 omnibus
3069 2573 3208 2627 quas
3236 2557 3509 2625 elegerant
3527 2557 3623 2609 bb.
3657 2556 3723 2610 Et
3749 2556 3837 2611 ad

406 2662 563 2720 pum.
589 2648 740 2706 'Ibas
783 2663 1028 2720 namque
1069 2649 1374 2720 episcOpus
1419 2646 1716 2718 judicatus
1769 2644 1902 2717 fuit,
1959 2644 2056 2700 sed
2166 2645 2654 2717 comprimendam
2694 2651 2805 2702 tua
2829 2645 3158 2702 sedulitatis
3188 2645 3566 2702 temeritatem
3600 2643 3697 2716 per
3727 2651 3842 2701 te-

403 2742 599 2795 sancta
612 2739 863 2809 synodus
875 2737 1146 2794 canonice
1158 2749 1318 2793 suam
1333 2735 1423 2792 illi
1455 2733 2053 2792 restituitEcclesiam.
2169 2737 2302 2793 meti
2311 2749 2467 2807 psam
2481 2735 2890 2792 Veritasdicit:
2917 2736 3317 2807 Quinqueenim
3335 2737 3481 2790 uiros
3507 2735 3780 2799 habuisti,
3800 2749 3841 2792 ο

406 2827 682 2885 Nicolaus
703 2843 847 2900 papa
875 2827 1204 2884 Zachariam
1235 2827 1566 2898 episcopum
1596 2833 1656 2896 ιη,
1687 2839 1789 2896 pro
1819 2838 1884 2881 eo
1905 2823 2055 2895 quod
2166 2827 2362 2899 Roma,
2397 2827 2609 2882 ethunc
2629 2839 2681 2870 cc
2701 2842 2856 2896 quem
2898 2825 3081 2890 habes,
3105 2841 3213 2880 non
3243 2831 3322 2880 est
3345 2829 3471 2880 tuus
3491 2826 3579 2880 vir
3599 2823 3660 2866 ἀεὶ
3680 2827 3840 2882 Nam

401 2916 961 2988 Constantinopolim
985 2917 1242 2974 directus
1267 2915 1542 2972 Phocium
1570 2915 1906 2976 invasorem,
1929 2911 2062 2969 sub-
2165 2916 2492 2988 Formosus,
2517 2929 2684 2986 quem
2716 2914 3116 2972 crudelissima
3148 2915 3591 2986 prasumptioue
3621 2915 3694 2970 de
3722 2929 3843 2971 se—

405 3005 487 3062 ito
534 3020 565 3063 e
603 3005 752 3062 laico
789 3005 1064 3062 clericum
1107 3002 1340 3076 factum,
1397 3007 1454 3060 et
1511 3015 1610 3074 per
1639 3000 2060 3059 ecclesiasticos
2092 3069 2135 3076 _
2169 3007 2368 3076 pulcro
2398 3004 2725 3076 extraxisti,
2758 3009 2814 3060 et
2835 3012 2882 3041 οο
2921 3017 3162 3076 summa,
3209 3009 3406 3060 sancta
3424 3007 3482 3060 et
3505 3003 3842 3074 apostolica

403 3094 640 3152 ordines
671 3095 980 3165 improvise
1008 3094 1076 3150 ad
1107 3069 1555 3165 patriarchatum
1587 3091 2060 3161 Constantinopo—
2086 3069 2138 3136 α
2167 3069 2298 3153 sede
2335 3095 2500 3152 vivus
2527 3069 2802 3165 residens,
2842 3069 3196 3150 consecravit
3231 3069 3560 3150 Joannemﬂ:
3602 3094 3673 3150 ad
3703 3108 3845 3164 pre-

403 3184 523 3243 leos
539 3190 868 3256 provectum
887 3182 1315 3255 approbavit,et
1338 3181 1624 3256 Ignatium
1649 3180 2055 3253 patriarcham,
2168 3185 2554 3258 sbyteratum;
2589 3185 2689 3256 qui
2731 3189 2944 3256 postea,
2985 3184 3150 3254 juxta
3177 3183 3486 3240 Romanam
3515 3189 3844 3240 consuetu-

403 3275 594 3332 virum
621 3279 882 3331 sanctum
908 3280 965 3329 et
979 3273 1222 3343 justum,
1252 3271 1596 3344 reprobavit,
1630 3271 1691 3327 in
1717 3285 1821 3328 sua
1844 3271 2059 3342 synodo
2167 3276 2360 3333 dinem
2381 3280 2437 3332 et
2456 3273 2963 3344 consecrationem,
2991 3274 3059 3329 ad
3081 3273 3495 3344 apostolicatus
3515 3271 3837 3345 fastigium

408 3364 612 3422 merito
632 3363 954 3434 damnavit;
989 3363 1086 3420 sed
1112 3361 1404 3420 Adrianus
1435 3375 1576 3432 papa
1601 3375 1731 3418 eum
1764 3362 1821 3417 in
1850 3360 2061 3432 pristi—
2167 3365 2571 3437 conscendens,
2597 3363 2894 3419 Kailonem
2916 3362 3294 3419 Ravennatem
3315 3363 3834 3434 archiepiscopum

402 3465 539 3510 num
587 3451 858 3509 Ecclesia
895 3465 1013 3508 sua
1060 3454 1272 3508 statum
1325 3450 1624 3506 revocavit.
1679 3449 2003 3506 Rotbadum
2033 3463 2059 3489 ιι

400 3546 612 3598 sancta
641 3539 1076 3597 Suessionensis
1112 3538 1380 3595 Ecclesia
1411 3539 1740 3608 episcopum
1765 3549 1792 3579 0
1819 3537 2053 3609 synodo,

397 3629 496 3688 cui
530 3629 769 3686 Carolus
799 3643 897 3684 rex
923 3626 1210 3697 interfuit,
1257 3627 1754 3698 condempnatum,
1786 3625 2058 3683 Nicolaus

403 3732 547 3790 papa
601 3717 1019 3788 reconciliavit,
1059 3720 1115 3773 et
1167 3715 1411 3786 propria
1459 3715 1726 3772 Ecclesia
1773 3716 2048 3773 restituit.

394 3809 640 3863 Joannes
667 3819 811 3876 papa
857 3805 1202 3876 Anspertum
1241 3804 1720 3860 Mediolanensem
1749 3805 2050 3876 archiepi-

398 3909 658 3964 scopum,
687 3908 789 3965 pro
845 3907 912 3949 eo
953 3894 1100 3965 quod
1148 3893 1362 3964 legatos
1401 3907 1635 3950 summa
1665 3902 1872 3952 sancta
1897 3895 2054 3952 sedis

401 3982 735 4055 apostolica
775 3983 1026 4054 recipere
1071 3983 1262 4041 noluit
1290 3997 1319 4040 ι)
1345 4025 1362 4056 ,
1389 3991 1624 4043 vocatus
1673 3985 1742 4042 ad
1770 3987 2050 4058 synodum

398 4071 598 4130 venire
618 4073 986 4144 contempsit,
1022 4073 1081 4129 in
1110 4073 1324 4144 synodo
1350 4075 1712 4146 dampnavit;
1738 4076 1832 4132 sed
1859 4080 2050 4146 postea

397 4161 583 4220 eidem
615 4172 642 4216 (ι
669 4163 937 4220 Ecclesia
975 4162 1250 4220 restituit.
1293 4165 1443 4234 Quid
1486 4163 1695 4234 plura?
1721 4163 1779 4220 Si
1815 4168 2051 4221 cunctas

405 4253 743 4323 pontiﬁcum
771 4253 1168 4310 restitutiones
1191 4267 1255 4310 ac
1287 4253 1822 4325 transmigrationes
1852 4253 1911 4309 in
1944 4266 2051 4310 me

465 4365 489 4394 ι
508 4351 593 4410 Ab
625 4352 719 4409 bis
743 4366 926 4424 usque
954 4352 1023 4424 ad
1055 4351 1248 4424 verba,
1272 4353 1519 4424 Joannes
1537 4367 1709 4424 papa,
1737 4355 1868 4424 et_c.,
1904 4364 2048 4408 con-

395 4393 1023 4482 ειιῑὲᾜιὶῖιῖιῖἷῖίῦῗ
1045 4393 1897 4495 ιὶζ’ὁῗὲιζνιίιὶἴῖἐιὶεἵὲἓίἕὲῖ.

467 4495 497 4539 b
517 4497 677 4568 Cod.,
710 4497 1010 4566 Asclipius.

467 4577 492 4610 ο
517 4568 676 4638 Cod.,
694 4568 988 4636 Adrianop

464 4640 493 4682 ἀ
519 4639 661 4706 Lege
685 4639 942 4706 Cyrillus.

463 4716 490 4777 εἴ
505 4709 667 4777 Cod.,
706 4709 1134 4764 Palichronium.

469 4775 494 4820 ί
520 4775 663 4850 Le§;e
699 4779 959 4848 ejusdem.

465 4869 498 4913 ε
519 4849 742 4915 Τὸεαεε
777 4859 1049 4916 abundat.

465 4927 500 4972 ιι
529 4929 663 4987 Cod.
675 4973 690 4988 .
725 4932 938 4988 Sextus.

974 5016 1038 5074 II,
1081 5017 1130 5058 c.
1177 4998 1266 5073 2i,
1298 5002 1412 5074 ipse
1439 5019 1576 5058 eum.

463 5073 484 5146 εἰ
518 5073 665 5146 Lege
687 5075 955 5130 Photium.

463 5141 496 5184 ι
523 5141 623 5210 (λζ
638 5144 850 5200 Gelasio
879 5159 1043 5214 papa
1087 5147 1400 5200 successori.

465 5214 781 5289 lAux_ilius
807 5214 912 5289 lib:
945 5229 1009 5284 ιι,
1045 5229 1168 5286 cap.
1190 5214 1279 5272 24.
1309 5216 1458 5286 apud
1490 5215 1776 5272 Morinum
1806 5215 2038 5289 ibidem,

392 5287 501 5344 col.
544 5284 641 5343 374
656 5329 671 5359 ,
713 5286 854 5358 legit
867 5284 1150 5359 Seguine}.

463 5356 680 5428 InCod.,
716 5356 1002 5420 mendose,
1043 5359 1356 5428 episcopus;
1393 5363 1448 5414 et
1487 5356 1657 5428 infra,
1688 5360 1868 5414 subito
1905 5361 2041 5415 laico

989 4567 1154 4622 alitis.

391 5429 706 5486 clericorum
731 5433 914 5497 factus
943 5433 1010 5484 et.
1022 5469 1034 5482 .
1045 5469 1058 5484 .
1071 5470 1082 5481 .
1095 5469 1106 5481 .
1129 5434 1430 5498 provectus.

460 5512 489 5613 ἒ
515 5499 1004 5644 Βιεξῐιιᾶδῐιίίοεεθ,
1037 5500 1344 5558 Rochadum
1383 5505 1582 5558 sancta
1611 5502 1896 5558 Sessionis.

461 5655 492 5698 ι)
519 5643 731 5714 Supple
761 5649 830 5700 et.

465 5735 494 5776 q
517 5713 674 5785 Cod.,
708 5715 970 5783 ejusdem.

2073 4427 2129 4490 D
2237 4426 2360 4481 IsSu

2167 3455 2538 3524 consecravit,
2569 3467 2634 3510 ac
2665 3452 3027 3524 postmodum
3056 3452 3115 3508 in
3131 3459 3326 3508 sancta
3358 3453 3593 3524 synodo,
3619 3451 3833 3508 eadem

2168 3545 2228 3602 in
2263 3544 2403 3601 urbe
2440 3547 2798 3615 congregata,
2847 3541 2942 3598 cui
2979 3540 3366 3598 Landebertus
3421 3553 3488 3595 es
3509 3540 3835 3612 imperator

2165 3632 2452 3703 interfuit,
2479 3632 2798 3702 apostolico
2842 3629 3032 3688 favore
3073 3629 3327 3686 viriliter
3374 3629 3605 3686 resedit.
3650 3630 3833 3687 Kailo

2161 3735 2292 3779 vero
2339 3721 2810 3792 archiepiscopus
2857 3721 3084 3776 Petrum
3139 3718 3551 3775 Bononiensem
3575 3719 3824 3789 episco-

2162 3825 2296 3882 pum
2356 3809 2746 3866 consecravit:
2799 3810 3000 3866 Petrus
3046 3813 3238 3864 autem
3283 3808 3660 3865 Bononiensis
3701 3810 3835 3880 epi-

2162 3913 2389 3971 scopus,
2459 3898 2723 3954 Kailonis
2769 3897 2832 3940 Μ)
2873 3895 3305 3970 archiepiscOpi
3373 3895 3821 3970 subfraganeus,

2158 3989 2428 4046 Joannem
2505 3985 2559 4059 ii,
2609 3986 2814 4060 (abhus
2866 3987 2972 4043 via
3035 3991 3147 4043 tua
3202 3985 3324 4042 sedi
3376 3982 3410 4038 ii
3453 3986 3675 4060 praest)
3717 4000 3828 4056 per

2160 4091 2451 4136 sacrorum
2495 4077 2764 4134 ordinum
2825 4089 3116 4145 ascensus,
3187 4075 3256 4131 ad
3306 4075 3606 4132 diaconem
3653 4089 3808 4132 con—

2159 4167 2421 4224 secravit.
2476 4165 2754 4222 Defuncto
2806 4179 2938 4222 vero
2985 4166 3170 4233 Petro,
3227 4163 3380 4219 idem
3421 4164 3667 4220 Joannes
3702 4165 3822 4220 Bo—

2161 4257 2494 4316 noniensem
2527 4257 2590 4301 kk
2612 4255 2944 4326 Ecclesiam,
3006 4253 3225 4310 vivente
3263 4252 3505 4310 Kailone
3549 4251 3579 4289 ιι
3632 4254 3824 4310 δωδίο

2231 4366 2255 4396 ι’
2281 4353 2440 4423 Cod.,
2468 4355 2924 4422 rctewnptavimus.

2406 4425 2495 4495 ple
2529 4430 2605 4480 est
2641 4425 2804 4479 velut.

2228 4505 2250 4540 ι
2285 4496 2546 4568 Vulgata,
2579 4496 2653 4550 ad
2669 4496 3047 4568 panitentiam
3073 4497 3448 4566 provocarent.

2227 4581 2258 4611 υ
2285 4563 2490 4622 Thrén.
2527 4563 2588 4637 ll,
2612 4563 2768 4621 v.16
2796 4580 2952 4636 seqq.
3073 4563 3096 4566 “
3339 4580 3348 4590 ι

2227 4650 2259 4681 ν
2281 4639 2441 4709 Cod.,
2461 4639 2816 4708 temetipsum.

2225 4735 2258 4766 ι
2286 4709 2369 4768 Τὸ
2397 4719 2766 4790 belligerando
2806 4717 3446 4790 mendosegeminatur.

2224 4809 2256 4852 y
2284 4789 2494 4918 Sugple
2523 4792 2602 4844 in.

2225 4877 2250 4907 ι
2277 4861 2354 4918 Co
2399 4903 2437 4918 ..
2470 4877 2575 4918 res.

2225 4877 2250 4907 ι
2277 4860 2437 4932 Cod.,
2470 4877 2575 4923 res,
2623 4860 2914 4917 solacum.

2225 4931 2465 5004 “Cod.,
2507 4933 2837 5002 delectaque,
2871 4931 3154 5004 mendose.

2224 5006 2284 5050 bb
2303 5001 2586 5060 Gene’seos
2609 5001 2739 5074 cap:
2768 5017 2847 5074 v1,
2879 5019 2930 5060 v.
2965 5001 3018 5058 2.

2225 5090 2279 5122 cc
2301 5075 2561 5147 Vulgata,
2585 5090 2749 5129 nunc.

2223 5151 2280 5194 dd
2303 5143 2641 5216 Joannisiv,
2685 5159 2739 5200 v.
2789 5143 2874 5200 48.

2221 5223 2268 5286 99
2295 5219 2400 5274 Pro
2425 5222 2475 5272 et
2503 5217 2623 5286 lege
2647 5219 2726 5272 in.

2225 5285 2270 5328 ff
2292 5290 2500 5358 Nempe
2530 5290 2799 5344 Joannem
2831 5301 3030 5359 papam
3056 5287 3152 5344 IX.

2223 5369 2289 5412 88
2309 5362 2448 5430 Lege
2472 5361 2808 5415 Lambertus.

2219 5432 2280 5476 hh
2309 5431 2468 5502 Cod.,
2500 5432 2768 5486 Kalionis.

2221 5506 2254 5548 ii
2301 5501 2512 5572 Nempe
2538 5503 2806 5558 Joannem
2845 5501 3160 5572 Decimum,
3193 5501 3545 5572 antipapam.

2221 5572 2260 5627 J'i
2290 5573 2457 5629 Forte
2487 5572 2806 5644 legendum:
2841 5574 2938 5642 qui
2974 5574 3196 5644 abusive
3225 5577 3331 5628 tua
3347 5573 3488 5637 sedi,
3511 5578 3617 5629 etc.

2220 5647 2282 5715 3k
2301 5644 2460 5715 Cod.,
2499 5642 2874 5709 Bonihensem,
2901 5642 3180 5703 mendose.

2223 5713 2252 5752 ¹¹
2275 5715 2436 5787 Cod.,
2450 5713 2691 5772 'Katone.
