2029 3077
95 139 151 169 857

721 139 893 167 EPISTOLE
912 139 955 166 ET
973 138 1181 168 PRIVILEGIA.

1755 143 1809 172 838

96 202 248 236 episcopo,
278 203 377 228 contra
410 207 521 228 omnem
553 207 693 229 canonum
722 201 922 229 auctoritatem
936 199 965 229 A
980 199 1149 228 tollentibus
1168 208 1222 229 non
1243 203 1378 236 pepercit,
1400 206 1507 238 quanto
1525 204 1616 239 magis
1635 205 1807 234 hominibus

98 245 234 273 invadere
255 245 458 279 prasumpsit;
480 248 662 273 consecratus
685 252 798 281 quoque
819 245 925 272 missa-

98 297 162 318 rum
180 289 321 317 solemnia
342 289 499 324 pontilicali
517 290 582 324 jure
602 290 718 326 indigne
739 290 877 324 exercuit,
898 291 926 316 et

98 335 232 363 inlicitas
254 334 484 362 consecrationes
507 335 620 370 exegit;
646 341 701 369 qua
726 334 835 368 relicta,
857 340 926 361 san—

97 382 173 408 ctam
197 380 352 407 Romanam
373 381 401 406 et
420 379 605 410 apostolicam
626 379 781 407 Ecclesiam
808 377 927 406 nefariis

97 424 222 452 ausibus
242 423 401 458 usurpavit.
418 424 452 450 Et
468 426 531 451 tun-
551 431 601 458 pro
616 423 702 451 libitu
723 431 775 451 suo
795 423 855 451 vult
875 422 930 450 sol-

97 476 163 496 vere
185 471 214 496 et
237 468 348 503 ligare;
373 470 415 502 et,
438 467 515 496 velut
537 467 650 495 Lucifer
673 468 735 501 ille,
760 467 810 503 qui
834 467 928 495 sedem

98 521 182 542 suam
207 514 238 541 in
261 513 404 548 Aquilone
426 519 529 547 ponere
554 512 656 548 voluit,
680 515 707 540 et
731 512 760 540 in
787 512 877 540 altum
900 519 930 540 se

97 558 253 592 extollens,
280 557 404 585 similem
425 558 483 585 Deo
507 557 648 592 gloriatus
670 559 713 585 est
735 556 804 592 fore,
829 557 931 585 catho—

99 603 189 630 licam
214 605 243 630 et
266 602 455 630 universalem
479 601 634 629 Ecclesiam
657 602 719 629 vult
740 601 932 629 excommuni-

97 654 177 681 care,
203 649 231 674 et
250 646 390 681 justiores
413 649 442 674 et
463 646 620 674 sanctiores
642 653 672 674 se
694 646 797 681 quarit
819 645 934 673 anathe«

100 691 252 719 matizare.
279 691 352 725 Quis
376 690 452 718 enim
476 690 502 718 ei
527 697 560 718 ex
585 690 638 718 hoc
662 690 826 718 crediturus
851 689 933 717 erit?

98 736 149 771 (Ne
173 736 316 771 glorietur
337 742 417 770 aque
436 735 594 762 distinctus
613 737 664 762 aut
682 734 851 770 accinctus.)
871 735 932 762 Non

99 783 144 809 est
162 780 243 808 enim
266 781 352 814 Deus,
377 780 454 808 sicut
478 780 571 807 homo.
597 779 626 807 Si
649 779 725 807 enim
749 778 860 814 angelis
887 785 935 806 ex-

134 850 147 862 ι
163 844 237 878 Lege
252 851 334 873 nunc,
351 842 394 870 vel
411 845 510 869 tamen.
525 842 559 869 Et
573 844 638 869 nota
652 842 738 869 etiam
755 848 788 868 ex
805 841 857 868 hoc
871 841 933 869 loco

102 879 199 913 palam
208 877 274 906 fieri
285 878 453 912 scriptorem
464 880 592 905 nostrum
605 878 658 904 hoc
667 877 835 912 Colloquium
844 878 933 905 Roma

101 921 239 942 exarasse
261 913 315 941 sub
332 914 438 941 Joanne
456 914 483 941 X
502 913 647 948 antipapa.

137 951 153 972 b
177 949 259 984 Cod.,
276 950 433 976 cat-tollatur.

981 247 1024 272 est
1039 245 1204 280 cavendum,
1218 253 1251 273 ne
1266 246 1440 274 extollantur
1455 247 1477 273 ι).
1488 248 1632 283 Scriptum
1649 251 1692 276 est
1707 250 1781 277 enim
1799 259 1805 276 ε

982 290 1042 316 Non
1068 290 1132 324 plus
1159 298 1261 324 sapere,
1289 299 1370 325 quam
1396 294 1498 326 oportet
1526 301 1640 327 sapere;
1666 300 1700 321 ne
1723 293 1806 329 forte,

982 333 1050 361 dum
1070 335 1134 368 plus
1148 335 1210 362 vult
1225 342 1285 362 esse
1308 343 1392 370 quam
1409 335 1456 366 sit,
1478 337 1516 364 sit
1537 337 1632 364 minus
1653 344 1738 372 quam
1759 338 1806 365 sit.

982 377 1131 413 Ca~terum,
1153 379 1285 413 quamvis
1304 380 1422 415 indigne
1442 380 1584 415 legatione
1606 383 1634 408 et
1650 382 1809 409 sacerdotio

983 421 1090 450 Christi
1113 422 1261 458 fungimur
1275 429 1297 455 ο,
1319 423 1395 451 sicut
1417 424 1499 452 docet
1519 424 1690 460 Apostolus,
1715 433 1809 460 pacem

984 467 1175 503 deposcimus,
1194 468 1412 495 unanimitatem
1431 469 1564 504 petimus,
1582 474 1609 497 et
1625 474 1661 505 te,
1679 477 1695 497 ο
1710 470 1808 506 Roma,

985 518 1048 546 qua
1061 519 1092 539 es
1103 515 1188 546 caput
1203 513 1330 540 omnium
1345 515 1485 548 nostrum,
1498 515 1594 542 sanari
1610 515 1811 550 ﬂagitamus...

985 558 1012 583 et
1037 562 1070 583 ne
1093 559 1148 583 tam
1177 556 1275 584 leviter
1301 557 1330 584 in
1356 558 1538 592 postmodum
1562 559 1769 587 scandalizeris
1787 559 1810 595 ἀ,

987 600 1080 627 modis
1095 600 1229 629 omnibus
1244 608 1413 636 exoramus;
1435 602 1498 637 ipso
1515 603 1685 640 auxiliante,
1707 604 1754 632 cui
1770 607 1814 632 est

988 644 1060 679 laus,
1084 644 1184 680 honor,
1206 648 1233 673 et
1252 646 1341 678 virus,
1363 649 1390 673 et
1413 646 1504 681 gloria
1524 654 1587 675 cum
1608 649 1664 676 Deo
1681 649 1762 677 Patre
1783 649 1811 676 in

988 689 1099 716 unitate
1118 690 1244 724 Spiritus
1265 691 1366 724 sancti,
1389 697 1437 726 per
1462 691 1687 721 interminabilia
1709 694 1812 721 sacula

989 733 1169 762 saculorum.
1186 734 1283 762 Amen.

1025 847 1037 861 ε
1051 841 1158 880 Auctor
1169 842 1256 876 hujus
1269 842 1407 880 apologia
1420 843 1467 871 hic
1478 844 1645 880 episcopum
1659 845 1701 873 vel
1713 846 1812 874 saltem

990 877 1185 912 presbyterum
1207 884 1237 904 se
1261 877 1365 912 proditi

1023 912 1034 932 ’³
1047 913 1126 946 C0d.,
1147 913 1340 940 scandalizari.

571 1049 999 1109 FORMOSI
1058 1049 1348 1107 PAPE

412 1148 818 1204 EPISTOL/E
876 1147 971 1201 ET
1020 1147 1525 1206 PRIVILEGIA.

670 1238 720 1269 (Ex
733 1237 818 1263 Mansi
833 1238 857 1262 ct
870 1236 1072 1262 Collectionibus
1085 1237 1282 1268 recentioribus,
1296 1238 1305 1269 )

515 1345 534 1372 Ι.

306 1405 340 1425 AD
368 1404 509 1425 MONACHUS
532 1404 553 1424 S.
582 1403 742 1425 THEUDERII.

435 1452 527 1487 (Anno
544 1450 618 1486 892.)

109 1516 318 1544 Immunitatem
339 1516 365 1542 et
389 1514 518 1555 bonorum
542 1521 653 1577 sagi-tum
669 1515 777 1548 ﬁrmum
798 1514 823 1539 et
842 1511 939 1539 stabile

433 1558 478 1577 ius
493 1558 570 1577 conce
592 1559 600 1576 ι
615 1570 621 1576 .

428 1558 478 1585 Jus
493 1558 621 1577 concedit.

148 1615 296 1642 Fouosus
313 1613 474 1649 episcopus,
494 1619 592 1640 servus
609 1617 755 1639 servorum
771 1610 832 1645 Dei,
854 1616 941 1637 vene-

112 1657 436 1693 randarongregationi
449 1657 651 1684 monachorum
663 1654 835 1683 venerabilis
848 1660 941 1681 mona-

113 1704 199 1731 sterii
215 1703 242 1730 S.
257 1702 412 1730 Theuderii
427 1700 599 1729 confessoris
614 1699 733 1733 Christi,
749 1698 799 1726 siti
818 1698 847 1726 in
860 1697 943 1726 terri-

115 1748 193 1776 torio
214 1747 380 1781 Viennensi,
406 1746 436 1774 in
459 1748 636 1781 perpetuum.

152 1792 275 1827 Quando
298 1799 351 1820 nos
371 1791 484 1826 piorum
508 1791 646 1825 locorum,
664 1790 747 1825 juxta
763 1788 837 1824 quod
860 1787 943 1816 nobis

116 1837 264 1865 divinitus
277 1839 320 1865 est
332 1836 529 1870 commissum,
541 1835 702 1863 studiosius
713 1834 851 1870 gerimus,
864 1835 943 1861 tanto

117 1882 203 1910 nobis
213 1881 326 1916 copiam
337 1881 475 1908 mercedis
485 1879 674 1915 acquirimus,
685 1882 712 1907 et
722 1881 815 1907 status
827 1878 943 1905 illorum

117 1927 225 1962 potiori
247 1926 356 1962 vigebit
376 1925 536 1961 regimine;
552 1927 580 1952 et
600 1924 663 1952 ideo
682 1931 747 1951 vera
767 1923 881 1951 devotio
897 1929 946 1957 per

116 1972 295 2000 Barnoinum
312 1970 580 1998 reverendissimum
596 1969 843 2003 archiepiscopum
859 1967 946 1995 Vien-

948 1342 1060 1378 Banni
1083 1342 1185 1371 libram
1211 1344 1333 1380 argenti.
1360 1345 1394 1372 Et
1419 1347 1553 1380 praeterea
1579 1346 1761 1374 decernimus
1789 1349 1818 1374 et

992 1387 1159 1415 ordinamus
1172 1390 1200 1416 et
1213 1389 1420 1418 constituimus
1432 1392 1460 1417 et
1475 1392 1669 1419 contestamur
1685 1394 1717 1419 ut
1730 1391 1817 1419 dece—

992 1432 1093 1466 dente,
1125 1440 1202 1460 more
1234 1433 1373 1469 humano,
1409 1434 1551 1469 praedicta
1587 1436 1818 1471 congregationis

993 1476 1104 1510 abbate,
1135 1484 1226 1512 neque
1253 1485 1377 1513 prasens
1407 1478 1541 1513 prafatus
1569 1480 1737 1515 episcopus,
1768 1487 1818 1508 nec

995 1520 1148 1555 quisquam
1173 1528 1368 1550 successorum
1393 1522 1463 1551 illus
1484 1524 1584 1559 aliquo
1605 1528 1672 1559 typo
1693 1527 1721 1552 et
1743 1523 1817 1552 fastu

995 1565 1147 1600 superbia,
1164 1568 1214 1593 aut
1232 1567 1361 1594 avaritia
1376 1569 1403 1594 et
1422 1568 1602 1603 cupiditatis,
1619 1572 1646 1596 et
1662 1569 1818 1597 iracundia

996 1609 1086 1637 alium
1104 1610 1233 1638 abbatem
1253 1611 1352 1647 aliquo
1368 1615 1493 1647 tempore
1508 1617 1535 1641 et
1548 1614 1647 1649 aliquo
1664 1614 1745 1641 modo
1762 1614 1818 1649 ipsi

995 1654 1210 1690 congregationi
1235 1655 1380 1690 imponere
1398 1660 1560 1692 praesumat,
1583 1658 1640 1685 nisi
1657 1665 1740 1693 quem
1764 1658 1818 1693 ipsi

997 1699 1140 1732 monachi,
1162 1699 1252 1727 libera
1272 1700 1410 1728 electione
1429 1704 1457 1729 et
1476 1702 1636 1737 devotione,
1662 1703 1818 1730 secundum

998 1743 1124 1779 regulam
1148 1744 1239 1772 sancti
1263 1745 1406 1773 Benedicti
1431 1746 1488 1774 sibi
1511 1746 1658 1782 elegerint.

1033 1788 1085 1816 Sed
1109 1796 1200 1824 neque
1221 1797 1255 1817 ex
1280 1790 1326 1818 his
1347 1790 1492 1825 omnibus,
1515 1799 1578 1826 qua
1602 1791 1821 1826 prasentialiter

1000 1832 1139 1869 obtinent,
1154 1833 1312 1862 mobilibus
1321 1837 1349 1862 et
1360 1835 1568 1871 immobilibus,
1578 1838 1606 1863 et
1617 1843 1679 1871 qua
1687 1837 1821 1871 deinceps

999 1886 1015 1906 a
1031 1878 1196 1906 senioribus
1207 1881 1235 1906 et
1247 1879 1346 1915 aliquo
1362 1880 1444 1908 modo
1457 1881 1534 1914 juste
1550 1881 1704 1915 promereri
1718 1883 1821 1916 potue-

1000 1923 1069 1957 rint,
1089 1922 1148 1950 ullo
1164 1922 1247 1950 modo
1261 1923 1364 1951 exinde
1378 1923 1490 1959 aliquid
1507 1924 1655 1952 auferatur
1669 1925 1704 1952 ab
1723 1925 1821 1960 aliquo

1001 1974 1092 2002 neque
1113 1968 1281 2003 minuatur;
1298 1969 1346 1996 sed
1367 1975 1458 2004 neque
1478 1972 1679 2005 commutetur,
1697 1970 1754 1997 nisi
1775 1977 1823 2004 per

117 2023 235 2044 nensem
250 2018 348 2043 nostro
361 2014 505 2050 suggessit
515 2013 700 2049 apostolatui,
714 2015 746 2040 ut
759 2012 854 2047 ipsum
867 2018 947 2039 vene-
959 2009 983 2040 C
1000 2011 1174 2040 voluntatem
1190 2013 1410 2041 monachorum:
1426 2014 1496 2049 quin
1508 2014 1593 2041 etiam
1605 2014 1630 2041 si
1641 2017 1740 2042 contra
1751 2015 1822 2042 hanc

117 2061 210 2089 rabile
225 2060 430 2088 monasterium
446 2066 503 2087 una
514 2058 660 2086 vobiscum
674 2057 832 2093 apostolica
846 2056 946 2084 muni—

118 2113 216 2133 remus
227 2104 409 2132 auctoritate.
424 2103 501 2131 Unde
513 2110 564 2131 nos
575 2102 704 2130 omnium
717 2101 946 2130 sollicitudinem

118 2152 260 2186 gerentes,
285 2151 312 2176 et
334 2148 457 2176 maxime
478 2148 628 2175 audientes
653 2154 702 2174 vos
725 2147 759 2175 de
779 2145 946 2174 Trecassino

117 2194 259 2223 comitatu
281 2200 315 2221 ex
338 2192 511 2220 monasterio
532 2193 622 2219 Dervo
641 2198 657 2219 a
677 2191 749 2218 facie
772 2196 946 2226 paganorum

118 2240 242 2274 elapsos,
259 2241 287 2266 et
300 2238 375 2273 quod
392 2237 426 2265 ab
445 2237 542 2265 eodem
557 2236 713 2264 venerabili
730 2235 947 2270 archiepiscopo

119 2282 351 2311 misericorditer
380 2282 507 2316 suscepti
536 2281 621 2317 estis,
652 2280 784 2308 inclinati
815 2279 948 2315 precibus

119 2328 237 2361 vestris,
265 2333 313 2361 per
338 2326 426 2360 hujus
450 2325 614 2360 apostolica
638 2327 742 2353 nostra
765 2324 948 2352 auctoritatis

119 2371 307 2407 privilegium
321 2378 370 2398 vos
384 2370 457 2398 inibi
473 2370 593 2398 ﬁrmiter
605 2372 633 2397 et
644 2369 740 2405 quiete
753 2370 809 2397 Deo
822 2369 949 2397 militare

119 2416 334 2450 conﬁrmamus,
356 2418 383 2443 et
399 2422 461 2450 qua
482 2414 643 2442 necessaria
657 2420 718 2441 esse
733 2413 867 2441 videntur
887 2413 948 2441 loco

119 2464 148 2489 et
169 2460 344 2489 monasterio
366 2459 418 2488 diu
441 2462 584 2495 noctuque
600 2458 809 2487 instantissime
824 2458 948 2494 operari,

119 2509 148 2534 et
158 2505 305 2533 canonica
320 2505 378 2533 imo
387 2504 462 2533 beati
477 2504 623 2532 Benedicti
636 2504 740 2539 regula
754 2503 879 2539 obedire,
892 2506 949 2531 tam

120 2551 151 2578 in
168 2549 296 2578 ecclesia
312 2549 532 2584 restauratione,
550 2556 634 2584 quam
651 2549 700 2577 ubi
717 2552 744 2576 et
760 2548 809 2576 ubi
824 2548 948 2583 expedit,

120 2602 151 2623 ea
166 2595 280 2622 scilicet
297 2594 407 2622 ratione
423 2596 455 2622 ut
468 2600 559 2628 neque
572 2593 663 2621 eidem
680 2593 835 2621 venerabili
850 2593 950 2620 archi—

121 2639 268 2674 episcopo.
276 2645 366 2674 neque
372 2638 697 2666 cuilibetsuccessorum
708 2645 825 2666 suorum
836 2638 949 2665 licitum

121 2684 160 2711 sit
172 2684 235 2711 illis
243 2684 347 2711 durum
357 2683 507 2711 servitium
518 2683 672 2717 imponere,
685 2689 776 2717 neque
786 2682 948 2718 longissimi

122 2728 239 2756 itineris
268 2728 491 2762 profectionem;
527 2727 574 2754 sed
606 2734 697 2762 neque
725 2726 949 2754 mansionaticos

122 2780 269 2808 onerosos,
282 2779 373 2808 neque
389 2779 516 2807 censum,
534 2775 636 2807 praeter
647 2772 674 2799 id
688 2772 763 2807 quod
781 2771 948 2806 impositum

123 2821 174 2853 est,
193 2818 224 2846 in
239 2817 396 2846 festivitate
411 2816 542 2852 pradicti
561 2816 652 2845 sancti
673 2815 827 2845 Theuderii
847 2816 876 2844 in
895 2815 950 2845 ﬁne

1001 2057 1201 2084 auctoritatem
1230 2057 1296 2092 quis
1319 2065 1402 2093 agere
1428 2058 1590 2094 tentaverit,
1621 2058 1787 2086 nullatenus
1808 2066 1823 2086 a

1002 2101 1131 2137 quolibet
1143 2104 1266 2129 nostram
1278 2102 1401 2130 abeundi
1416 2103 1604 2138 prasentiam,
1617 2110 1823 2131 successorum-

1003 2153 1058 2182 que
1081 2149 1244 2175 nostrorum
1275 2146 1371 2174 abbati
1391 2150 1419 2175 et
1446 2148 1594 2176 monachis
1617 2148 1773 2184 denegetur
1797 2150 1824 2175 et

1003 2191 1199 2227 prohibeatur,
1226 2191 1285 2219 sive
1312 2192 1467 2220 insidietur
1489 2192 1634 2221 facultas:
1658 2196 1685 2221 et
1710 2195 1824 2228 propter

1002 2236 1178 2272 adjntorium
1197 2237 1403 2271 omnipotentis
1418 2237 1468 2265 Dei
1488 2237 1708 2272 impetrandum,
1730 2240 1758 2265 et
1776 2238 1825 2265 in—

1003 2281 1204 2309 tercessionem
1236 2281 1327 2309 sancti
1359 2282 1444 2317 Petri,
1476 2284 1505 2310 et
1532 2285 1635 2310 nostra
1672 2282 1825 2311 charitatis

1003 2325 1156 2360 auxilium,
1177 2325 1249 2353 abba
1271 2325 1398 2360 illorum,
1421 2326 1534 2354 nomine
1550 2325 1711 2354 Adalricus.
1729 2326 1826 2354 taliter

1002 2377 1066 2398 cum
1083 2370 1319 2398 reverendissimo
1333 2370 1549 2406 archiepiscopo
1568 2371 1709 2399 Barnoino
1725 2371 1826 2400 limina

1004 2415 1095 2443 sancti
1111 2415 1185 2442 Petri
1201 2415 1378 2442 acceleravit.
1397 2415 1457 2450 Qua
1471 2415 1627 2443 dilectione
1638 2419 1667 2444 et
1679 2417 1827 2451 apostola—

1005 2462 1051 2487 tus
1067 2459 1157 2487 nostri
1171 2459 1342 2487 auctoritate
1354 2460 1487 2487 commoti
1501 2466 1633 2495 rogamus
1647 2463 1675 2488 et
1690 2461 1824 2496 petimus,

1004 2507 1032 2532 et
1046 2511 1079 2532 ex
1091 2504 1147 2532 Deo
1167 2506 1195 2531 et
1209 2510 1257 2539 per
1272 2505 1359 2531 Deum
1378 2506 1405 2531 et
1423 2510 1472 2538 per
1492 2504 1583 2531 sancti
1599 2504 1672 2532 Petri
1692 2506 1825 2534 meritum

1006 2548 1154 2584 nostrique
1169 2548 1325 2576 ministerii
1342 2548 1527 2575 reverentiam
1543 2548 1709 2583 adjuramus
1723 2553 1751 2578 et
1764 2557 1828 2578 con-

1006 2596 1153 2628 testamur,
1165 2595 1196 2621 ut
1206 2592 1303 2621 nullus
1312 2592 1453 2620 nobilium
1462 2595 1489 2620 et
1500 2593 1657 2628 potentium
1666 2594 1825 2622 vicinorum

1006 2640 1033 2665 et
1045 2640 1124 2665 extra
1136 2637 1361 2671 advenientium,
1373 2640 1401 2664 et
1413 2636 1638 2673 circumquaque
1650 2638 1822 2673 degentium,

1006 2682 1188 2717 aliquatenus
1205 2682 1277 2709 mala
1296 2681 1356 2710 illis
1370 2681 1475 2709 inferre
1497 2686 1657 2717 prasumat,
1679 2685 1706 2709 et
1720 2682 1826 2716 absque

1006 2726 1065 2762 lege
1080 2727 1251 2761 inquietare,
1270 2730 1298 2754 et
1312 2726 1429 2754 mobilia
1443 2729 1470 2755 et
1490 2726 1648 2754 immobilia
1671 2731 1822 2759 usurpare:

1005 2771 1053 2798 sed
1077 2778 1167 2806 neque
1192 2771 1347 2799 servientes
1370 2771 1485 2799 illorum
1506 2772 1652 2798 destruere
1673 2770 1824 2805 quisquam

1006 2817 1146 2851 pertentet
1159 2824 1166 2851 ς
1181 2818 1209 2843 et
1223 2813 1324 2844 amodo
1337 2816 1468 2844 volumus
1482 2821 1530 2843 eos
1546 2821 1662 2843 securos
1674 2817 1702 2844 et
1714 2813 1828 2850 quietos
