4060 6150
503 255 612 316 839

1911 237 2163 298 FORMOE

2274 235 2458 293 PAPE
3742 245 3829 307 διο

508 395 858 456 permanere,
875 377 1191 451 apostolica
1216 374 1569 448 protectione
1592 373 1751 428 tutos
1773 371 1946 456 atque
1967 363 2152 456 muni-
2177 354 2238 415 A
2268 365 2540 456 perpetuo
2580 366 2831 456 tempore
2872 362 3266 456 immutabilis
3281 371 3602 456 permaneat.
3626 368 3742 425 Cum
3773 371 3832 428 iis

507 451 618 542 tos,
651 485 780 527 cum
809 469 1078 526 omnibus
1111 465 1282 523 rebus
1318 459 1718 519 immobilibus
1749 460 1806 512 et
1840 451 2156 542 mobilibus

507 560 576 617 ad
605 539 794 630 ipsum
825 557 1149 614 venerabile
1177 551 1585 611 monasterium
1618 542 2064 618 pertinentibus.
2095 539 2156 594 Si

511 649 646 721 quis
693 651 906 718 autem,
964 646 1114 717 quod
1167 656 1277 700 non
1328 645 1613 711 optamus,
1659 633 1965 692 temerario
2011 643 2158 721 ausu

509 718 708 794 contra
723 737 833 793 hoc
850 733 1141 806 privilegii
1160 730 1342 788 nostri
1362 735 1637 786 statutum
1655 723 1826 798 (quod
1843 722 1912 778 ad
1931 718 2158 776 laudem

507 826 610 882 Dei
649 823 1080 896 omnipotentis,
1120 825 1176 878 et
1215 820 1469 891 ejusdem
1509 816 1594 888 pii
1631 813 1743 870 loci
1785 809 2158 868 stabilitatem

511 915 635 972 ﬁeri
665 911 1042 986 decrevimus)
1078 911 1138 967 in
1167 914 1288 968 toto
1311 913 1369 964 et
1407 921 1476 963 ex
1511 909 1669 977 parte
1701 914 1868 975 agere
1895 907 2162 969 praesum-

512 1003 711 1076 pserit,
757 1006 813 1060 et
865 1002 926 1057 in
979 999 1252 1058 omnibus
1303 1011 1415 1054 non
1456 991 1862 1056 observaverit,
1909 987 2066 1076 sciat
2100 996 2160 1040 se

511 1074 861 1150 auctoritate
881 1090 1031 1147 beati
1059 1088 1212 1145 Petri
1235 1085 1482 1158 apostoli
1504 1088 1676 1154 atque
1699 1084 1894 1137 nostra
1917 1074 2162 1132 anathe—

511 1183 686 1238 matis
725 1180 980 1238 vinculis
1025 1176 1438 1246 innodandum,
1484 1178 1542 1230 et
1578 1186 1612 1229 a
1655 1182 1828 1241 regno
1874 1165 1998 1236 Dei,
2043 1161 2157 1219 nisi

513 1269 846 1341 resipuerit,
885 1266 1295 1324 alienandum:
1327 1263 1428 1335 qui
1464 1265 1654 1318 autem
1687 1271 1858 1314 verus
1885 1257 2081 1312 custos
2105 1255 2162 1307 et

511 1359 842 1417 observator
881 1355 1190 1426 exstiterit,
1238 1350 1693 1409 benedictionem
1742 1350 1800 1402 et
1845 1341 2086 1417 gratiam
2129 1352 2163 1395 a

509 1448 758 1506 Domino
803 1445 1078 1516 consequi
1120 1446 1424 1499 mereatur.

587 1536 876 1606 Scriptum
903 1548 1002 1604 per
1031 1545 1260 1588 manum
1286 1527 1575 1586 Anastasii
1603 1521 1900 1583 scriniarii
1921 1521 1977 1576 S.
2005 1519 2072 1573 R.
2095 1517 2158 1573 Ε.

516 1624 577 1680 in
607 1637 798 1680 mense
819 1620 1181 1691 Novembrio,
1212 1617 1531 1674 indictione
1558 1613 1644 1672 40.
1674 1615 1820 1670 Bene
1847 1609 2048 1666 valete.

583 1711 726 1768 Data
750 1725 830 1767 vn
859 1709 982 1766 Kal.
1013 1687 1344 1765 Decembris
1370 1720 1470 1778 per
1494 1717 1725 1762 manum
1749 1699 1934 1774 Sergii
1965 1692 2163 1769 primi-
2191 1687 2246 1750 B

517 1801 683 1873 cerii,
708 1799 1029 1858 defensoris
1053 1802 1262 1854 sanctae
1291 1795 1446 1853 sedis
1471 1793 1818 1866 apostolicae,
1849 1793 2165 1864 imperante

518 1893 729 1948 domno
755 1889 1021 1961 piissimo
1047 1889 1147 1943 PP.
1174 1886 1434 1958 Augusto
1457 1883 1676 1940 Vidone
1699 1895 1732 1936 a
1750 1883 1863 1938 Deo
1893 1887 2166 1940 coronato

517 1993 724 2052 magno
751 1979 1094 2050 imperatore
1125 1989 1277 2033 anno
1313 1973 1364 2048 4,
1392 1977 1450 2032 et
1484 1975 1615 2044 post
1642 1971 2008 2028 consulatum
2041 1973 2166 2043 ejus

514 2082 665 2126 anno
691 2066 742 2141 4,
788 2067 1107 2125 indictione
1151 2065 1234 2124 40.

1377 2193 1446 2248 II.

1033 2347 1410 2394 NEOCJESAREJE
1474 2345 1798 2390 EUPHRASL’E
1859 2342 2166 2386 PROVINCIE

1183 2419 1500 2461 EPISCOPUM.

1159 2508 1344 2582 (Anno
1377 2507 1527 2582 892.)

519 2621 827 2690 ReSpondet
861 2621 1057 2676 litteris
1087 2636 1124 2673 α
1149 2619 1398 2687 Styliano
1426 2617 1512 2690 ad,
1530 2616 1866 2690 Stephanum
1889 2629 2099 2687 papam
2128 2613 2172 2670 V

797 2693 1002 2760 missis,
1064 2706 1202 2760 quas
1257 2704 1428 2758 supra
1475 2689 1878 2758 descripsimus.

529 2352 598 2394 AD
655 2349 884 2393 STYLIAN
892 2349 966 2392 UM

590 2815 836 2872 Litteras
883 2813 1212 2871 sanctitatis
1263 2817 1375 2870 tuae
1429 2813 1500 2869 ad
1551 2811 1924 2883 apostolicam
1979 2810 2166 2868 sedem

524 2905 750 2973 missas,
799 2907 905 2960 etc.
963 2902 1072 2972 (Ita
1121 2903 1406 2958 decurtata
1451 2903 1513 2956 in
1559 2901 1737 2957 codice
1776 2900 2066 2963 habentur,
2117 2903 2169 2954 et

2267 464 2398 507 vero
2441 452 2543 521 qui
2583 466 2617 508 a
2646 453 2850 510 Photio
2894 451 3130 510 fuerunt
3169 454 3414 510 ordinati
3456 455 3833 515 misericorditer

2268 553 2372 597 nos
2401 546 2680 612 gerentes,
2713 543 3080 600 decernimus
3105 546 3170 598 ut
3198 541 3402 599 oblatis
3430 542 3628 600 libellis
3647 559 3699 600 se
3717 546 3831 603 deli-

2267 628 2464 700 quisse
2493 629 2800 704 fateantur,
2832 635 2888 688 et
2918 631 3310 702 paenitentiam
3339 631 3548 688 veniam
3582 633 3832 702 deprecen-

2268 723 2385 790 tur,
2418 719 2754 789 pollicentes
2774 733 2833 776 se
2858 734 3153 792 nunquam
3181 719 3292 776 tale
3317 720 3449 791 quid
3475 722 3831 779 commissuros.

2266 807 2483 862 Deinde
2528 807 2622 864 his
2669 809 2935 879 peractis,
2987 823 3115 881 qua:
3163 813 3478 880 sequuntur
3516 811 3701 881 omnia,
3742 826 3834 882 qua

2270 897 2486 953 nostris
2533 896 2749 955 litteris
2799 899 3066 955 mandata
3111 897 3556 969 conspiciuntur.
3606 913 3702 954 una
3737 913 3832 956 cum

2268 985 2562 1056 praedictis
2603 987 2748 1043 viris
2792 987 3068 1044 sanctitas
3111 991 3211 1044 tua
3252 991 3492 1059 peragat,
3535 1000 3626 1042 nec
3661 987 3833 1058 aliquid

2269 1073 2549 1148 addendo,
2609 1091 2712 1133 nec
2766 1077 3152 1134 diminuendo
3203 1080 3302 1133 aut
3357 1075 3732 1133 commutando.
3776 1079 3834 1132 ιω

2269 1164 2424 1220 enim
2446 1170 2503 1221 et
2520 1179 2554 1222 a
2576 1167 2762 1238 nobis,
2786 1170 2842 1223 et
2866 1180 2899 1223 a
2921 1166 3236 1224 reverentia
3260 1170 3356 1222 tua
3378 1165 3438 1222 in
3453 1165 3834 1222 communionem
3935 1166 3938 1170 '

2273 1251 2531 1310 ﬁdelium
2559 1256 2803 1326 receptis
2824 1260 2890 1313 ut
2915 1255 3103 1323 laicis,
3127 1254 3455 1312 scandalum
3475 1253 3742 1310 delebitur.
3762 1254 3836 1309 His

2270 1357 2404 1400 vero
2435 1345 2703 1415 peractis,
2734 1345 2784 1401 si
2816 1345 2952 1416 quis
2983 1345 3240 1416 ipsorum
3265 1343 3666 1401 communicare
3691 1355 3840 1398 renue-

2271 1431 2370 1502 rit,
2401 1433 2624 1489 noverit
2653 1433 2906 1504 seipsum
2937 1447 2971 1490 a
2999 1433 3400 1491 communione
3429 1437 3606 1488 nostra
3641 1430 3836 1487 alienum

2273 1521 2414 1578 fore.
2447 1524 2508 1578 In
2537 1522 2781 1580 Domino
2810 1521 3008 1579 valete.

3047 1667 3140 1722 III.

2379 1807 2449 1848 AD
2487 1806 2856 1850 HERIMANNUM
2915 1806 3290 1850 COLONIENSEM
3329 1803 3759 1848 ARCHIEPISCOPUI.

2914 1919 3100 1989 (Anno
3127 1917 3282 1986 892.)

2383 2057 2790 2136 [Lappenberg,
2828 2063 3286 2133 Hamburgisches
3335 2055 3762 2132 Urkundenbuch.]

2347 2205 2638 2262 Fonmosus
2664 2207 2988 2280 episcopus,
3031 2221 3230 2263 servus
3266 2219 3554 2263 servorum
3588 2203 3694 2272 Dei,
3722 2212 3843 2256 reve-

2279 2295 2610 2352 rentissimo
2664 2300 2722 2352 et
2763 2297 3130 2353 sanctissimo
3175 2298 3525 2365 Haemum,
3579 2289 3842 2364 Agrippina

2277 2384 2529 2442 Coloniae
2571 2384 3024 2457 archiepiscOpo.

2351 2473 2597 2530 Litteras
2627 2479 2756 2530 tuas
2794 2475 3142 2544 apostolatui
3175 2478 3378 2532 nostro
3419 2473 3678 2545 delegatas
3703 2477 3846 2524 coram

2278 2561 2449 2619 nobis
2473 2562 2704 2619 recitari
2731 2561 2993 2631 fecimus,
3023 2563 3084 2620 in
3109 2563 3332 2635 quibus
3355 2561 3718 2620 continebatur
3734 2554 3844 2627 quod

2280 2650 2389 2720 piae
2420 2651 2836 2708 recordationis
2865 2653 2973 2708 Leo
3001 2665 3167 2724 papa,
3197 2651 3466 2710 decessor
3493 2647 3739 2722 quondam
3763 2656 3846 2699 nov

2278 2743 2414 2811 ster,
2463 2738 2816 2810 temporibus
2857 2739 3046 2796 Caroli
3095 2740 3284 2813 Magni
3337 2737 3672 2811 imperatoris
3705 2745 3850 2804 para-

2277 2827 2458 2898 chias,
2510 2829 2876 2895 monasteria,
2906 2829 3180 2886 ecclesias
3223 2832 3284 2885 et
3333 2828 3572 2886 familias
3604 2831 3849 2891 omnesque

2277 2929 2368 2972 res
2395 2915 2728 2987 Agrippinae
2767 2917 3019 2976 Coloniae
3057 2923 3444 2990 competentes
3473 2915 3676 2989 propria
3707 2914 3851 2967 aucto-

508 2996 636 3083 Ροδέ
675 2992 851 3083 multa
895 2993 1176 3083 ἔνευξζατίδ
1215 3006 1382 3046 causa
1418 2989 1760 3083 οτηὶδείῨ-ξικο
1803 2993 2098 3083 εεςιιωξταν
2201 3022 2249 3083 C
2277 2985 2457 3062 ritate
2491 2985 2897 3077 inscriptionis
2941 2985 3231 3064 roboravel
3249 3007 3301 3062 it
3342 3011 3397 3064 et
3423 2985 3490 3062 ab
3526 2985 3618 3060 illo
3651 3007 3849 3069 tempore

514 3081 668 3138 Petis
714 3080 1192 3152 misericordiam,
1240 3084 1298 3137 et
1339 3094 1452 3136 non
1501 3079 1710 3136 scribis
1755 3078 2040 3150 quomodo
2088 3076 2168 3133 sit

514 3169 856 3242 exhibenda,
891 3183 1076 3241 neque
1115 3170 1232 3240 cui,
1266 3168 1530 3225 saeculari
1569 3167 1839 3224 videlicet
1872 3167 1957 3224 vel
1990 3180 2172 3223 sacer-

515 3259 658 3316 doti.
705 3259 764 3315 Si
808 3259 962 3315 enim
1004 3259 1334 3316 saecularem
1373 3258 1615 3327 dixeris,
1655 3257 1821 3314 venia
1863 3257 2078 3329 dignus
2119 3254 2172 3312 is

515 3348 649 3420 erit,
693 3353 964 3419 tanquam
1010 3361 1042 3404 a
1087 3347 1348 3405 smculari
1391 3347 1736 3420 dignitatem
1779 3347 2064 3416 adeptus:
2116 3344 2168 3400 si

516 3451 648 3494 vero
693 3437 1042 3495 sacerdotem
1083 3437 1269 3506 dicas,
1310 3451 1422 3494 non
1451 3437 1692 3494 adhibes
1731 3441 1974 3492 mentem
2017 3434 2166 3506 quod

515 3525 857 3598 dignitatem
897 3525 1146 3596 praebere
1180 3539 1292 3582 non
1325 3525 1516 3596 potuit
1544 3525 1645 3596 qui
1675 3525 2019 3595 dignitatem
2055 3535 2169 3578 non

517 3614 778 3672 habebat.
826 3615 988 3670 Nihil
1022 3614 1212 3684 potuit
1241 3614 1485 3670 Photius
1511 3619 1715 3684 praeter
1737 3613 2169 3669 damnationem

515 3717 688 3774 quam
721 3703 948 3773 habuit,
986 3717 1084 3774 per
1115 3702 1544 3772 impositionem
1585 3701 1836 3773 obliquae
1863 3715 2086 3772 manus,
2115 3704 2172 3756 et

513 3791 938 3847 damnationem
984 3789 1247 3860 praebuit.
1285 3789 1580 3858 Quomodo
1609 3789 1951 3862 dignitatem
1980 3789 2172 3860 potuit

515 3879 778 3948 accipere
836 3878 938 3949 qui
1000 3877 1286 3948 particeps
1349 3876 1536 3934 factus
1597 3882 1684 3934 est
1738 3877 2113 3934 condemnato
2141 3876 2170 3932 ‘I

513 3966 799 4036 Quoniam
825 3979 927 4037 pro
952 3966 1220 4022 ordinato
1239 3966 1698 4024 misericordiam
1717 3966 1976 4024 obtinere
1996 3966 2168 4039 petis,

517 4054 910 4112 animadverte
949 4055 1100 4126 quod
1143 4055 1531 4113 ordinatorem
1558 4057 1756 4128 potius
1795 4056 1970 4121 foves,
1999 4057 2168 4128 juxta

517 4145 752 4202 Domini
779 4158 1006 4202 sacrum
1027 4145 1356 4218 eloquium:
1393 4147 1492 4202 Vel
1513 4149 1680 4216 facite
1703 4148 1951 4202 arborem
1977 4148 2171 4202 bonam

515 4240 568 4290 et
594 4237 814 4302 fructus
855 4235 974 4304 ejus
1005 4235 1204 4292 bonos:
1251 4237 1336 4291 vel
1371 4238 1538 4306 facite
1575 4238 1823 4292 arborem
1853 4237 2076 4300 malam,
2118 4239 2170 4292 et

513 4327 728 4395 fructus
768 4323 888 4394 ejus
928 4325 1118 4380 malos.
1157 4326 1430 4396 Nunquid
1465 4330 1642 4396 potest
1670 4329 1803 4395 ﬁcus
1843 4341 2007 4380 uvam
2037 4341 2168 4395 pro-

513 4413 731 4478 ducere,
758 4413 843 4468 vel
869 4415 999 4468 vitis
1036 4416 1170 4483 ﬁcus
1192 4417 1221 4468 ?
1245 4411 1455 4483 (Matth.
1491 4413 1659 4486 χχιι.)
1695 4412 2005 4484 Oportebat
2044 4414 2164 4488 igi—

515 4506 613 4559 tur
655 4502 824 4560 istam
863 4503 1195 4573 Ecclesium,
1234 4503 1295 4558 in
1329 4515 1442 4572 qua
1482 4501 1620 4558 talia
1659 4503 2166 4573 deprehenduntur

515 4591 682 4664 facta,
711 4592 1084 4666 gravissimas
1123 4593 1261 4648 dare
1285 4605 1502 4663 poenas,
1531 4595 1596 4648 ut
1621 4591 1952 4663 hujusmodi
1981 4594 2166 4665 poenis

512 4685 700 4735 vestra
768 4679 1022 4736 Ecclesia
1080 4683 1440 4751 purgaretur.
1495 4679 1762 4736 Continet
1811 4687 2000 4738 autem
2061 4696 2165 4740 nos

514 4767 844 4839 benignitas
865 4773 924 4823 et
949 4766 1195 4824 fratrum
1219 4768 1478 4841 dilectio,
1509 4784 1635 4840 quae
1660 4770 1830 4828 nobis
1859 4772 2164 4842 persuadet

516 4860 580 4913 ut
619 4855 738 4912 alia
787 4857 1021 4928 quidem
1067 4857 1394 4915 toleremus.
1440 4859 1799 4932 Quapropter
1843 4861 2164 4918 misimuse

513 4943 689 5000 latere
732 4950 930 5003 nostro
974 4945 1452 5019 religiosissimos
1485 4948 1790 5020 episcopos
1832 4950 2164 5008 Landenul—

513 5031 636 5089 tum
663 5033 1020 5107 Capuanum,
1046 5041 1104 5092 et
1131 5035 1470 5104 Romanum,
1501 5038 1850 5108 quibuscum
1881 5041 2164 5097 sanctita-

513 5124 624 5177 tem
652 5121 824 5178 etiam
857 5127 1014 5180 tuam
1046 5123 1346 5182 hortamur
1375 5127 1698 5200 convenire,
1729 5142 1948 5186 necnon
1973 5131 2164 5188 Theo-

516 5210 845 5282 phylactum
914 5213 1418 5284 metrOpolitanum
1480 5213 1746 5288 Ancyrae,
1812 5222 1868 5272 et
1931 5218 2160 5275 Petrum

515 5301 738 5358 ﬁdelem
781 5305 1082 5358 nostrum:
1138 5306 1204 5358 ut
1255 5303 1334 5358 ita
1377 5308 1508 5360 ante
1551 5306 1744 5362 omnia
1791 5305 1852 5362 in
1890 5305 2160 5364 Photium

515 5391 1002 5462 praevaricatorem
1056 5395 1112 5445 et
1168 5391 1356 5464 legum
1413 5406 1729 5450 eversorem
1789 5397 2072 5454 sententia
2128 5413 2163 5456 a

515 5479 1030 5551 praedecessoribus
1067 5481 1439 5538 mcumeuicis
1478 5483 1850 5553 pontiﬁcibus
1891 5491 2165 5559 synodice

515 5568 756 5642 prolata,
812 5581 1030 5627 necnon
1076 5581 1110 5626 a
1163 5575 1360 5629 nostra
1412 5572 1743 5632 humilitate
1798 5579 2152 5655 conﬁrmata,

2276 3094 2598 3152 Bremensis
2651 3095 2813 3152 sedes
2863 3095 3047 3152 eidem
3103 3095 3378 3153 Ecclesiae
3434 3093 3664 3164 subjecta
3718 3084 3851 3144 fuerit

2279 3197 2463 3255 usque
2485 3185 2553 3240 ad
2587 3187 2813 3256 tempus
2840 3185 3173 3242 Guntharii.
3207 3184 3550 3242 Audivimus
3571 3177 3790 3252 equidem
3810 3176 3848 3227 et

2278 3273 2572 3330 credimus
2600 3271 2818 3342 fuisse;
2852 3273 2949 3330 sed
2982 3273 3167 3332 relatu
3199 3273 3572 3346 quorumdam
3598 3264 3850 3326 didicimus

2278 3375 2400 3419 eam
2442 3362 2500 3418 in
2545 3363 2772 3420 ultimis
2807 3363 3044 3433 ﬁnibus,
3089 3361 3189 3419 ubi
3232 3363 3444 3437 pagani
3480 3359 3704 3417 conﬁnes
3734 3355 3847 3419 sunt,

2279 3467 2440 3524 esse;
2465 3466 2660 3510 verum
2685 3452 2990 3526 asseritur,
3023 3457 3316 3525 quatenus
3343 3448 3636 3509 Gunthirii
3658 3451 3851 3512 tempore

2279 3541 2602 3598 Ludovicus
2641 3541 2926 3613 quondam
2958 3555 3056 3598 rex
3096 3546 3293 3598 sancto
3337 3541 3543 3610 studio,
3573 3529 3850 3593 reverentis-

2279 3629 2558 3686 simorum
2596 3630 3182 3702 archiepiscOporum,
3223 3630 3498 3687 consultu
3529 3641 3620 3684 seu
3647 3628 3696 3680 et
3721 3615 3851 3677 nobi-

2280 3719 2422 3776 lium
2449 3719 2791 3790 0ptimatum
2815 3720 3135 3791 apostolico
3159 3733 3467 3791 consensu,
3492 3715 3628 3774 inibi
3645 3713 3848 3769 decreve-

2280 3807 2360 3863 rit
2385 3807 2690 3865 instituere
2713 3809 3008 3879 praelatum
3031 3808 3156 3880 qui,
3179 3807 3296 3864 sibi
3321 3806 3532 3865 Christi
3551 3802 3737 3860 favente
3752 3806 3844 3868 gra-

2279 3897 2380 3969 tia,
2409 3895 2641 3953 verbum
2668 3897 2801 3954 ﬁdei
2823 3893 3133 3954 seminaret
3159 3897 3220 3953 in
3242 3896 3534 3969 gentibus,
3556 3904 3668 3963 quae
3688 3883 3850 3942 nullam

2280 3985 2467 4056 ipsius
2499 3985 2782 4042 habebant
2811 3987 3098 4044 notitiam.
3128 3987 3197 4042 Et
3226 3986 3410 4043 misso
3438 3983 3722 4046 Salomone,
3745 3981 3855 4028 reve-

2279 4074 2610 4132 rentissimo
2638 4074 2987 4132 Constantiaz
3023 4075 3316 4147 episcopo,
3350 4070 3614 4144 expetivit
3643 4081 3672 4123 a
3695 4063 3852 4147 saltm

2279 4163 2697 4220 recordationis
2721 4165 2932 4220 domno
2959 4163 3215 4224 Nicolao.
3251 4146 3548 4219 decessore
3574 4159 3756 4220 nostro,
3781 4146 3852 4202 llu-

2272 4235 2527 4321 jusniodi
2552 4255 2813 4310 sanctum
2837 4258 2894 4308 et
2917 4254 3031 4309 Deo
3053 4251 3296 4324 dignum
3328 4247 3580 4308 roborari
3605 4243 3851 4324 decretum:

2278 4343 2562 4410 quatenus
2610 4346 2808 4413 gentes
2856 4355 2983 4412 qua:
3033 4323 3379 4412 ignorabant
3420 4341 3608 4406 Deum,
3649 4323 3850 4386 doctrina

2275 4427 2597 4485 Bremensis
2621 4429 2908 4500 Ecclesiae,
2933 4443 3059 4500 qua:
3081 4429 3142 4484 in
3163 4427 3444 4485 afﬁnitate
3464 4424 3635 4498 posita
3657 4413 3853 4488 neglecta

2276 4517 2565 4574 interdum
2616 4517 2897 4590 tabuerat,
2937 4518 3006 4574 ad
3049 4523 3312 4574 sanctum
3352 4531 3495 4588 Opus
3533 4500 3850 4582 eXpergefacl!

2272 4610 2602 4678 assurgeret
2631 4610 2687 4662 et
2716 4607 2964 4680 segnitie
2992 4607 3254 4678 deposita
3283 4607 3354 4662 ad
3390 4601 3764 4678 agriculturam
3785 4598 3849 4680 ac-

2272 4675 2605 4767 cingeretur
2628 4675 2861 4752 Domini
2898 4675 3230 4767 Salvatoris,
3267 4709 3334 4752 ac
3359 4675 3676 4762 exstirpatis
3707 4675 3853 4767 idolu‘

2274 4760 2460 4841 latria:
2495 4784 2759 4841 sentibus
2783 4784 3159 4841 seminarium
3194 4760 3507 4857 spargeret,
3537 4760 3673 4835 unde
3695 4760 3853 4864 ῐηιιιξξξ

2275 4873 2406 4944 plex
2435 4871 2666 4930 fructus
2693 4873 2762 4929 ad
2792 4873 2993 4929 divina
3024 4873 3226 4930 horrea
3259 4855 3592 4944 perveniret.
3621 4855 3852 4918 Prmterito

2273 4943 2463 5018 autem
2492 4975 2664 5035 anno,
2695 4977 2826 5020 cum
2858 4963 3063 5019 exinde
3087 4943 3468 5019 ventilaretur
3496 4949 3714 5029 quastio
3739 4943 3852 5000 inter

2275 5052 2490 5125 legatos
2519 5051 2628 5108 tibi
2660 5053 2981 5110 commissae
3008 5051 3277 5108 Ecclesiae
3311 5061 3528 5107 necnon
3565 5047 3618 5100 et
3641 5041 3856 5129 Bremen-

2275 5123 2392 5196 sem
2430 5141 2774 5213 antistitem,
2821 5141 2960 5213 quia
3006 5137 3096 5198 r'es
3141 5142 3200 5196 in
3242 5139 3511 5211 ambiguo
3551 5133 3662 5189 erat
3694 5123 3851 5213 posita,

2273 5235 2482 5286 temere
2505 5212 2896 5287 deﬁinirinon
2931 5229 3152 5286 debuit.
3186 5228 3364 5298 Cujus
3393 5225 3472 5281 rei
3503 5219 3674 5295 gratia
3699 5212 3855 5267 decre'

2272 5324 2395 5374 tum
2421 5323 2527 5382 est,
2562 5323 2626 5374 ut
2653 5324 2967 5375 conventus
2997 5317 3493 5375 sanctissimorum
3522 5299 3853 5398 θρὶξίξορίξτψ

2275 5405 2336 5462 in
2359 5407 2699 5477 competenti
2726 5407 2849 5464 loco
2875 5407 3058 5480 ﬁeret,
3087 5407 3184 5463 cui
3205 5402 3507 5475 Mogontiaa
3525 5392 3856 5480 archiepiw‘:

2275 5510 2382 5566 pus
2408 5465 2756 5568 praesideret,
2789 5465 3105 5567 apostolica
3133 5465 3478 5552 auctoritate
3507 5465 3851 5578 manilii-“vf:

2274 5565 2332 5643 et
2348 5565 2447 5644 tua
2466 5591 2523 5644 et
2537 5565 2758 5658 prmfati
2778 5565 3064 5645 antistitis
3081 5581 3444 5658 querimonia
3471 5565 3855 5646 diligentissime
