4058 6154
180 330 283 389 844

1426 325 1769 383 EPISTOLE
1816 325 1902 381 ET
1939 322 2350 381 PRIVILEGIA.

181 462 647 531 perscrutaretur
686 463 742 513 et
762 458 848 512 sic
876 458 1104 514 demum
1147 471 1275 513 cum
1308 457 1512 528 legatis
1538 456 1610 511 ab
1639 469 1835 512 eorum
1864 451 1921 511 A
1949 453 2303 521 roboramus,
2351 456 2775 526 conﬁrmamus,
2809 466 2865 514 et
2897 460 2953 514 in
3000 463 3333 531 perpetuum
3358 461 3596 517 stabili-

180 549 429 620 collegio
474 562 575 603 seu
623 546 883 617 quolibet
930 547 1201 616 episcopo
1241 546 1474 617 utrique
1503 545 1573 601 ad
1604 548 1840 614 aposto—

182 637 355 692 licam
388 635 693 691 venissetis
726 634 1199 690 deliberationem
1237 634 1680 704 percipiendam.
1715 632 1842 687 Au—

177 708 311 763 dire
341 708 556 777 quippe
585 712 641 762 et
681 706 989 771 discutere,
1020 719 1130 761 non
1180 719 1311 762 vero
1348 706 1591 762 deﬁnire
1640 704 1844 773 injun—

179 803 340 852 ctum
369 802 475 852 est.
524 796 765 866 Ideoque
798 794 853 850 id
888 795 1077 864 ipsum
1107 799 1172 850 ut
1202 795 1318 858 ﬁat,
1356 799 1748 862 exspectamus
1786 796 1842 848 et

181 886 549 957 injungimus
576 884 842 941 condicto
884 890 1155 954 tempore,
1189 898 1379 939 mense
1425 881 1693 938 videlicet
1715 880 1845 937 Au-

179 964 372 1047 gusto,
442 972 741 1044 praesentis
777 972 1013 1028 decimae
1050 972 1410 1029 indictionis.
1452 972 1663 1027 Revera
1704 975 1840 1025 tunc

182 1063 437 1119 liberius
495 1061 737 1117 delinire
780 1062 1011 1131 poterit,
1059 1061 1196 1132 quia
1242 1060 1522 1116 attentius
1566 1058 1839 1114 ventilata

179 1152 431 1223 quaestio
459 1151 517 1205 in
552 1150 828 1220 potiorem
866 1149 1126 1205 veritatis
1158 1149 1341 1205 lucem
1375 1152 1653 1218 erumpet,
1687 1145 1838 1202 beati

177 1241 286 1296 Job
350 1239 627 1309 exemplo,
680 1238 780 1308 qui
823 1239 937 1295 ait:
989 1239 1241 1302 Causam,
1299 1254 1466 1308 quam
1518 1237 1838 1296 nesciebam,

183 1329 608 1396 diligentissime
648 1329 1042 1395 inuestigabam
1094 1327 1214 1397 (Job
1263 1341 1423 1399 XXIX,
1480 1323 1582 1397 i6).
1637 1323 1845 1379 Enim-

182 1432 323 1473 vero
356 1416 751 1487 hujuscemodi
779 1416 1121 1486 disceptatio
1154 1431 1264 1473 non
1294 1416 1608 1473 secundum
1638 1414 1846 1482 cujus-

184 1507 336 1563 libet
359 1506 615 1576 libitum,
645 1505 740 1561 sed
768 1506 882 1561 Deo
916 1506 1121 1575 placite
1162 1505 1489 1561 deﬁnienda
1526 1508 1630 1560 est.
1664 1502 1848 1571 Opta-

186 1609 321 1721 mlllS
361 1593 692 1650 reverentiae
735 1597 848 1649 tum
885 1594 1327 1650 sanctimoniam
1363 1593 1505 1648 bene
1532 1592 1593 1647 in
1616 1590 1847 1646 Christo

186 1680 253 1721 va
283 1680 404 1721 ere.

184 1680 404 1722 valere.

979 1753 1067 1810 Ν.

482 1858 505 1885 ³
533 1857 704 1899 BULLA
754 1858 857 1899 PRO
908 1857 1159 1899 ECCLESIA
1199 1856 1563 1899 GERUNDENSI.

840 1950 1020 2023 (Anno
1065 1950 1214 2024 892.)

264 2057 561 2112 Fonmosus
583 2058 906 2128 episcopus,
929 2072 1127 2114 servus
1148 2071 1442 2114 servorum
1468 2055 1591 2126 Dei,
1619 2054 1683 2108 Β.
1717 2056 1775 2108 et
1798 2048 1857 2111 S.

186 2147 513 2202 Servo-Dei
545 2152 755 2202 sanctae
781 2147 1175 2203 Gerundensis
1203 2145 1476 2202 Ecclesiae
1496 2145 1783 2214 episcopo,
1808 2143 1865 2196 et

188 2249 297 2306 per
320 2241 375 2291 te
406 2236 469 2290 in
494 2236 683 2291 eadem
715 2236 1026 2291 venerabili
1062 2235 1315 2292 Ecclesia
1342 2235 1401 2290 in
1431 2238 1783 2304 perpetuum.

267 2324 436 2380 Sicut
463 2324 569 2394 per’
588 2324 802 2380 donum
847 2324 1031 2381 sancti
1082 2324 1339 2394 Spiritus
1367 2323 1530 2379 beato
1558 2320 1862 2392 apostolo—

188 2425 328 2467 rum
358 2410 611 2481 principi
636 2412 798 2466 Petro
826 2416 881 2466 et
905 2411 1122 2466 caelesti
1149 2411 1309 2483 regni
1331 2410 1617 2481 clavigero
1641 2405 1860 2479 ligandi

186 2506 373 2571 atque
412 2499 670 2555 solvendi
720 2498 791 2555 ab
824 2500 946 2569 ipso
985 2499 1228 2555 Domino
1258 2499 1472 2555 tradita
1502 2502 1587 2553 est
1616 2501 1863 2567 potestas

190 2586 550 2659 evangelica,
580 2586 960 2657 subsequente
985 2588 1229 2644 lectione
1258 2602 1385 2658 qua:
1436 2588 1515 2643 ita
1561 2588 1709 2643 inter
1748 2601 1866 2642 ca:-

190 2683 322 2731 tera
361 2674 476 2729 ait:
516 2676 595 2728 Tu
650 2690 704 2728 es
744 2676 939 2729 Petrus
983 2679 1033 2729 et
1070 2690 1235 2746 super
1264 2676 1405 2729 hanc
1442 2680 1656 2746 petram
1683 2675 1865 2744 aediﬁ-

190 2765 334 2817 cabo
356 2763 656 2818 Ecclesium
679 2778 853 2817 meam
898 2765 1118 2834 (Matth.
1152 2770 1294 2832 XVI),
1326 2771 1383 2820 et
1413 2764 1656 2835 reliqua,
1711 2768 1819 2819 etc.
1845 2780 1861 2832 ;

193 2854 284 2909 ita
316 2852 481 2907 sedes
508 2853 843 2924 apostolica,
902 2854 1178 2910 canonica
1208 2853 1495 2926 legalique
1524 2854 1865 2910 auctoritate

195 2940 467 3009 suﬁ'ulta,
513 2941 784 2998 omnibus
816 2942 1092 2999 Ecclesiis
1120 2943 1222 2997 Dei
1274 2957 1371 3013 per
1414 2944 1745 2999 universum
1780 2955 1866 2998 or-

196 3029 331 3085 bem
360 3027 593 3085 diﬁ‘usis
612 3029 882 3102 suﬁ‘ragia
911 3037 969 3085 et
987 3032 1146 3101 justa
1172 3031 1582 3100 postulationis
1600 3030 1866 3087 subsidia

1953 558 2079 599 mus
2110 544 2169 600 in
2197 561 2305 602 usu
2336 551 2392 602 et
2424 546 2679 603 utilitate
2698 548 2951 616 ejusdem
2978 550 3242 604 Ecclesia
3268 550 3596 606 Gerunden-

1951 632 2053 702 sis,
2082 634 2177 690 cui
2224 649 2466 705 prmesse
2502 635 2881 707 dignosceris.
2931 636 2989 691 id
3030 641 3117 692 est
3144 650 3339 693 omnes
3379 637 3601 694 domos-

1950 720 2143 790 cellas,
2195 723 2487 793 ecclesias,
2533 725 2721 794 villas,
2772 730 2984 795 curtes,
3049 725 3370 795 parochias,
3408 729 3595 793 terrae,

1951 808 2166 880 vineas,
2206 817 2386 880 prata,
2420 812 2615 883 silvas,
2646 827 2757 869 una
2788 827 2917 869 cum
2947 812 3201 885 famulis,
3233 819 3291 869 et
3316 812 3432 869 alia
3470 827 3603 869 om-

1952 897 2050 953 nia
2094 913 2220 969 quae
2257 900 2327 955 ab
2377 901 2841 971 imperatoribus,
2875 902 3108 972 regibus
3144 908 3203 958 et
3242 903 3380 959 aliis
3424 903 3601 961 Deum

1951 985 2292 1044 timentibus
2336 990 2404 1045 in
2464 990 2657 1046 eadem
2716 991 2968 1047 Ecclesia
3023 991 3231 1048 collata
3294 996 3450 1063 sunt,
3501 1005 3603 1048 seu

1950 1074 2291 1133 confe‘renda
2337 1083 2526 1150 erunt,
2561 1080 2736 1136 simul
2773 1093 2905 1136 cum
2939 1080 3194 1137 raﬁcum.
3224 1094 3325 1137 seu
3357 1094 3611 1152 pascua-

1950 1163 2103 1221 rium
2126 1165 2234 1222 sub
2265 1172 2363 1223 tua
2404 1171 2748 1239 tuorumque
2772 1182 3167 1226 successorum
3192 1170 3416 1226 ditione
3443 1176 3610 1241 pote-

1951 1260 2094 1310 state
2124 1256 2474 1313 omnimodis
2502 1258 2941 1328 conﬁrmamus;
2984 1263 3301 1315 statuentes
3330 1259 3437 1315 sub
3461 1274 3609 1331 apo—

1953 1345 2156 1401 stolica
2187 1360 2449 1417 censura,
2494 1360 2595 1403 seu
2625 1347 2812 1403 divini
2848 1348 3062 1418 judicii
3097 1351 3525 1420 protestatione,
3554 1354 3612 1405 et

1954 1434 2340 1491 anathematis
2379 1435 2697 1508 interdicti,
2746 1441 2811 1492 ut
2836 1436 2983 1491 nulli
3010 1450 3262 1507 unquam
3290 1451 3492 1509 magno
3521 1438 3608 1492 vel

1960 1535 2130 1594 parvo
2158 1524 2378 1579 homini
2404 1524 2576 1581 liceat
2597 1524 2913 1596 quamlibet
2938 1523 3165 1581 fortiam
3188 1526 3273 1582 vel
3296 1526 3619 1597 Oppressio-

1960 1625 2087 1668 nem
2121 1612 2180 1667 in
2210 1612 2481 1668 omnibus
2510 1612 2681 1669 rebus
2709 1613 2836 1683 ejus
2879 1611 3081 1684 facere,
3128 1619 3230 1669 aut
3276 1619 3609 1685 potestatem

1959 1700 2213 1772 aliquam
2237 1701 2461 1772 habere,
2494 1701 2580 1757 vel
2610 1702 2861 1773 aliquam
2898 1703 3266 1776 distringere,
3288 1708 3391 1760 aut
3418 1694 3616 1775 quali—

1875 1775 1928 1836 B
1961 1796 2275 1861 tercunque
2300 1790 2585 1847 teloneum
2606 1790 2676 1846 ab
2705 1793 2791 1848 eis
2811 1793 3057 1864 exigere,
3082 1775 3218 1848 sive.
3265 1834 3278 1847 .
3322 1834 3337 1848 .
3383 1834 3397 1848 .
3444 1833 3456 1846 .
3491 1789 3622 1849 ubi-

1959 1892 2184 1949 cunque
2212 1892 2310 1935 eos
2347 1893 2449 1950 pro
2480 1880 2839 1951 quibuslibet
2861 1882 3055 1937 causis
3085 1893 3387 1951 provocare
3413 1894 3621 1951 praesu-

1968 1976 2120 2042 mat;
2162 1970 2257 2026 sed
2288 1984 2321 2026 a
2366 1969 2723 2040 providentia
2775 1970 2866 2026 sui
2894 1970 3148 2040 episcOpi
3180 1983 3353 2026 causa
3380 1970 3616 2026 illorum

1968 2061 2241 2117 audiatur
2282 2065 2340 2116 et
2392 2059 2663 2115 canonice
2714 2058 3073 2115 terminatur.
3112 2059 3173 2115 Si
3223 2059 3357 2129 quis
3403 2063 3616 2129 autem,

1973 2149 2122 2220 quod
2153 2164 2265 2206 non
2297 2154 2579 2221 optamus,
2628 2153 2826 2205 contra
2856 2148 2964 2204 hoc
2996 2147 3363 2220 privilegium
3387 2161 3421 2204 a
3451 2147 3620 2203 nobis

1974 2243 2250 2295 statutum
2287 2239 2588 2295 temerario
2625 2250 2771 2295 ansu
2800 2250 2963 2310 agere
3003 2236 3451 2307 praesumpserit,
3473 2237 3622 2293 sciat

1975 2343 2034 2384 se
2071 2328 2451 2384 anathematis
2479 2328 2731 2384 vinculis
2770 2327 3126 2397 innodatum,
3147 2330 3205 2382 et
3237 2327 3353 2383 nisi
3394 2340 3455 2383 se
3480 2326 3623 2382 arri-

1975 2417 2165 2487 puerit
2193 2431 2226 2473 a
2255 2431 2335 2473 re.
2380 2458 2393 2471 .
2438 2458 2451 2471 .
2499 2458 2511 2471 .
2558 2458 2571 2471 .
2618 2457 2631 2469 .
2676 2458 2688 2471 .
2737 2458 2750 2470 .
2795 2457 2808 2471 .
2855 2457 2869 2471 .
2903 2414 3106 2471 Caetera
3144 2416 3545 2470 desiderantur.

2767 2525 2830 2580 V.

2044 2629 2112 2670 AD
2136 2628 2486 2670 ADALGARIUM
2518 2625 2980 2669 ARCHIEPISCOPUH
3011 2622 3550 2667 HAMMABURGENSEM.

2612 2702 2792 2775 (Anno
2842 2700 2989 2777 892.)

1973 2796 2241 2857 Decernit,
2304 2798 2365 2849 ut
2430 2794 2949 2862 Hammaburgensis
3013 2795 3255 2849 Ecclesia
3291 2794 3623 2848 Bremensem

2043 2866 2450 2991 adlsutbsidium
2487 2866 2703 2929 habeat,
2748 2867 2914 2920 donec
2942 2865 3320 2935 suffraganeos
3344 2867 3629 2920 instituere

2043 2953 2111 2991 va
2136 2954 2199 2991 ea
2232 2974 2242 2986 .

2042 2953 2242 2991 valeat.

2046 3028 2353 3088 Fonmosus,
2407 3040 2606 3082 servus
2643 3039 2935 3082 servorum
2983 3027 3105 3098 Dei,
3153 3025 3630 3083 reverendissimo

200 3126 270 3175 ut
323 3118 590 3187 praebeat,
625 3124 740 3174 tam
782 3119 967 3176 divini
1020 3133 1190 3190 quam
1246 3119 1479 3174 humani
1508 3120 1663 3189 juris
1716 3119 1865 3175 ratio
1896 3105 1944 3168 C
1974 3121 2030 3172 et
2054 3116 2419 3172 sanctissimo
2445 3115 2761 3170 ADALGARIO
2784 3114 3217 3185 archiepiscopo
3245 3115 3632 3171 Hammabur-

202 3207 485 3278 postulat.
521 3208 702 3278 Igitur
730 3208 981 3279 veniens,
1018 3209 1134 3277 jam
1160 3208 1314 3264 dicte
1338 3208 1642 3264 Serve-Dei
1692 3221 1869 3263 vene—

204 3294 420 3351 rabilis
439 3294 724 3365 episcope,
745 3309 916 3352 causa
946 3296 1229 3352 orationis
1258 3296 1327 3352 ad
1360 3296 1685 3352 eorumdem
1727 3309 1870 3350 san-

201 3385 474 3441 ctissima
520 3385 811 3441 beatorum
863 3386 1252 3455 apostolorum
1299 3386 1524 3455 limina,
1566 3384 1865 3455 subjecisti

205 3474 385 3529 nobis
433 3477 715 3543 quatenus
768 3473 1096 3543 apostolica:
1154 3481 1360 3530 nostra:
1412 3472 1871 3530 conﬁrmationis

207 3560 521 3633 privilegio
558 3560 893 3617 conﬁrmare
934 3561 1269 3619 deberemus
1298 3577 1493 3619 omnes
1513 3577 1604 3619 res
1631 3561 1871 3618 mobiles

205 3649 470 3720 ejusdem
493 3649 886 3705 Gerundensis
932 3650 1218 3723 Ecclesiaa,
1254 3651 1313 3707 in
1350 3652 1619 3708 honorem
1661 3655 1871 3707 sancta:

208 3740 310 3795 Dei
363 3738 684 3794 Geuitricis
713 3743 770 3793 et
816 3752 1038 3809 semper
1094 3740 1353 3812 Virginis
1401 3741 1593 3797 Maria:
1625 3740 1871 3797 domina:

212 3834 448 3899 nostrae,
486 3827 584 3882 ubi
614 3826 816 3884 beatus
841 3828 999 3883 Felix
1026 3830 1245 3885 Christi
1273 3836 1485 3900 martyr
1526 3844 1762 3900 corpore
1794 3843 1874 3884 re-

211 3916 490 3989 quiescit,
535 3915 642 3971 hoc
686 3923 773 3972 est
800 3916 1020 3988 domos,
1070 3918 1275 3990 pleves,
1339 3919 1533 3987 cellas,
1578 3918 1869 3989 ecclesias,

212 4006 409 4075 villas,
459 4010 515 4061 et
554 4005 799 4074 insulas,
845 4006 1171 4075 Majoricam
1214 4007 1459 4080 scilicet,
1512 4007 1870 4072 Minoricam,

213 4098 431 4162 curtes,
496 4093 818 4164 parochias,
887 4099 1087 4167 terras,
1159 4096 1374 4169 vineas,
1448 4102 1626 4167 prata,
1676 4096 1872 4163 silvas,

218 4197 333 4239 una
377 4195 506 4237 cum
558 4180 801 4239 familiis
851 4184 1155 4255 utriusque
1197 4199 1388 4254 sexus,
1436 4201 1565 4242 cum
1607 4183 1877 4242 omnibus

212 4270 564 4341 adjacentiis
601 4271 745 4334 suis,
779 4287 905 4343 qua:
928 4286 960 4328 a
984 4274 1100 4343 piis
1131 4273 1597 4347 imperatoribus,
1646 4271 1878 4345 regibus

214 4361 301 4416 vel
322 4360 469 4416 aliis
497 4361 674 4416 Deum
701 4360 1037 4418 timentibus
1063 4362 1122 4418 in
1152 4364 1345 4419 eadem
1375 4364 1731 4420 Gerundensi
1762 4364 1878 4417 Ec—

1975 3219 2157 3277 gensn.

2046 3294 2410 3350 Arbitramur
2429 3299 2584 3350 tuam
2614 3293 3073 3364 sanctimoniam,
3103 3297 3273 3363 prout
3303 3293 3627 3363 injunctum

1979 3380 2181 3452 fuerat,
2223 3382 2292 3438 ad
2324 3382 2694 3452 apostolicam
2751 3382 2940 3438 sedem
2998 3380 3289 3451 festinare,
3345 3386 3630 3451 quatenus

1978 3471 2338 3541 disceptatio,
2373 3486 2499 3542 quae
2534 3471 2684 3527 inter
2731 3475 2785 3525 te
2804 3475 2860 3526 et
2894 3472 3274 3526 llermannum
3297 3469 3631 3542 Agrippina;

1977 3560 2227 3615 Colonia:
2239 3559 2775 3616 reverendissimum
2788 3558 3283 3629 archiepiscopum
3296 3557 3633 3629 ventilatur,

1978 3650 2047 3706 de
2078 3650 2363 3705 Bremensi
2406 3648 2655 3705 Ecclesia
2686 3648 2854 3703 ﬁnem
2892 3648 3192 3717 acciperet.
3229 3648 3334 3704 Sed
3375 3648 3501 3718 ipso
3532 3661 3632 3717 per

1981 3739 2374 3795 suosvicarios
2396 3737 2697 3794 insistente
2725 3743 2781 3793 et
2801 3737 3217 3809 querimoniam
3247 3737 3637 3807 multiplican-

1981 3834 2054 3897 te,
2084 3841 2187 3883 cur
2208 3833 2363 3883 tuam
2388 3840 2501 3883 non
2528 3826 2863 3883 exhibueris
2886 3826 3266 3897 praesentiam,
3306 3825 3503 3882 saltem
3534 3839 3634 3896 per

1981 3916 2331 3973 defensorem
2385 3915 2686 3986 vicarium,
2749 3930 2861 3972 non
2895 3916 3180 3972 modicum
3226 3915 3521 3972 miramur.
3573 3919 3633 3973 In

1984 4020 2096 4077 quo
2139 4005 2433 4075 suspicare
2474 4004 2759 4061 tribuitur
2799 4019 3177 4075 summopere,
3215 4005 3636 4061 contentionem

1985 4109 2098 4152 non
2127 4094 2291 4151 odire
2334 4093 2432 4164 qui
2471 4093 2683 4163 judicii
2709 4093 3039 4165 aequitatem
3070 4101 3314 4151 conatur
3337 4092 3638 4150 subterfu-

1986 4198 2153 4255 gere:
2191 4183 2505 4254 praesertim
2531 4196 2660 4239 cum
2703 4190 2758 4239 et
2777 4184 3083 4255 Maguntiaa
3110 4183 3513 4241 sanctissimus
3538 4196 3640 4238 ar—

1988 4273 2411 4344 chiepiscopus,
2448 4272 2543 4328 cui
2565 4272 2635 4328 de
2664 4273 2767 4328 hac
2798 4286 2857 4328 re
2888 4278 2953 4328 ut
2980 4273 3278 4329 veritatem
3315 4272 3640 4343 inquireret

1990 4376 2089 4434 per
2110 4361 2426 4419 confratres
2446 4366 2500 4418 et
2532 4360 2955 4418 collimitaneos
2977 4361 3275 4431 episc0pos
3314 4359 3636 4429 injunctum

214 4450 395 4506 clesia
426 4449 635 4506 collata
661 4454 816 4520 sunt,
844 4451 996 4507 sicut
1028 4452 1150 4521 ipse
1182 4466 1333 4509 nunc
1364 4468 1544 4524 usque
1570 4454 1738 4525 legali
1770 4467 1873 4510 or—
1905 4451 1960 4512 D
1990 4452 2195 4523 fuerat,
2236 4453 2305 4507 ad
2348 4465 2452 4508 nos
2485 4451 2743 4507 scribens
2775 4449 3188 4522 signiﬁcaverit
3224 4457 3508 4519 quatenus
3555 4461 3642 4503 ve-

214 4539 357 4596 dine
387 4546 580 4595 tenere
620 4539 854 4596 videris.
907 4540 1062 4596 Unde
1108 4541 1439 4599 salubribus
1497 4543 1878 4613 petitionibus

217 4630 342 4685 tuis
392 4628 659 4684 inclinati
698 4629 1064 4686 decernimus
1092 4637 1150 4687 et
1178 4645 1212 4687 a
1240 4632 1504 4701 praesenti
1530 4633 1633 4688 hac
1658 4634 1879 4689 decima

220 4718 545 4775 indictione
578 4732 674 4789 per
696 4720 801 4775 hoc
825 4720 1204 4790 apostolicum
1228 4726 1486 4777 nostrum
1512 4722 1882 4794 privilegium

292 4836 327 4867 ι
354 4827 413 4899 lu
430 4824 680 4899 ecclesia
703 4825 1059 4899 Gerundensi
1103 4832 1428 4884 asservatur
1454 4827 1708 4899 diploma
1740 4830 1885 4885 For-

224 4898 373 4954 mosi
426 4896 665 4951 Romani
699 4896 990 4966 pontiﬁcis
1029 4911 1424 4968 papyraceum,
1451 4896 1883 4957 Servo-DeiGe-

228 4968 508 5041 rundcnsi
536 4968 803 5041 episcopo
822 4968 1040 5041 datum.
1067 4971 1257 5041 Nuper
1284 4971 1389 5026 hoc
1416 4972 1669 5041 diploma
1699 4972 1886 5028 edidit

228 5039 549 5109 Martenius
572 5039 628 5093 in
650 5039 995 5094 Collectione
1008 5040 1365 5109 amplissima
1383 5039 1647 5099 Anedoct.
1674 5050 1808 5099 tom.
1841 5045 1880 5107 l,

231 5125 357 5187 pag.
386 5108 511 5187 239.
564 5110 680 5187 Ego
729 5124 860 5187 vero
905 5110 1071 5166 illius
1106 5108 1207 5167 exe
1231 5112 1393 5187 inplar
1433 5128 1501 5168 ex
1530 5115 1884 5187 autographa

226 5180 591 5256 Gerundensi
620 5181 990 5256 descriptum
1030 5195 1179 5256 anno
1222 5180 1358 5241 4736
1408 5186 1621 5256 accepi,
1661 5180 1717 5242 ἐι
1755 5180 1884 5241 cum

229 5254 387 5309 edito
425 5251 681 5326 contuli,
744 5258 916 5322 atque
971 5254 1158 5308 inveni
1205 5256 1494 5326 exemplar
1520 5251 1781 5312 Martenii
1814 5258 1884 5312 ad

232 5338 295 5398 ea
323 5323 528 5398 verba_:
580 5324 991 5398 inperpetuum
1019 5326 1325 5381 stabilimus
1353 5323 1634 5396 desinere,
1664 5328 1888 5398 reliqua

233 5395 444 5470 deesse.
488 5394 899 5470 Desiderantur
941 5402 1131 5451 autem
1155 5398 1237 5470 in
1262 5394 1630 5470 autographa
1649 5394 1889 5467 pontiﬁ—

234 5466 336 5521 cia:
356 5467 541 5535 datae;
568 5464 629 5519 in
651 5471 921 5521 contextu
943 5476 1127 5522 tamen
1152 5468 1392 5524 habetur
1403 5464 1636 5523 ind'ictio
1649 5464 1884 5530 decima,

234 5550 303 5591 ex
330 5551 445 5607 quo
491 5536 794 5608 colligitur
821 5537 925 5591 hoc
943 5539 1199 5608 diploma
1232 5553 1382 5595 anno
1408 5540 1622 5595 Christi
1643 5538 1751 5595 892
1777 5540 1891 5596 da—

239 5612 358 5665 tum
404 5608 615 5669 fuisse...
663 5609 865 5663 Petrus
890 5608 961 5663 de
1000 5612 1189 5666 Marca
1238 5610 1299 5665 in
1337 5611 1646 5682 appendice
1685 5612 1887 5669 Marcia

674 5706 909 5761 PATROL.
948 5705 1201 5762 CXXIX.

1989 4540 2286 4596 aientibus
2315 4539 2807 4597 reverendissimis
2827 4539 3116 4609 episcOpis
3133 4537 3203 4594 ad
3226 4534 3634 4609 Frankenford,

1988 4632 2058 4687 de
2100 4630 2202 4686 hac
2235 4630 2424 4686 eadem
2459 4643 2519 4685 re
2545 4630 2996 4702 diligentissima
3022 4628 3169 4685 facta
3215 4625 3393 4684 fuerit
3435 4625 3644 4697 inqui—

1991 4720 2151 4792 sitio,
2222 4733 2529 4790 omnesque
2595 4718 2905 4776 dimcesani
2977 4718 3231 4790 ejusdem
3280 4715 3644 4773 Coloniensis

1992 4827 2331 4897 Hispanicae,
2378 4841 2503 4899 pag.
2543 4823 2678 4899 284.
2723 4839 2792 4881 ex
2834 4825 3191 4899 chartulario
3236 4822 3647 4899 ecclesiaaﬁe-

1993 4893 2300 4956 rundensis
2321 4893 2539 4969 'profért
2562 4898 2815 4968 diploma
2845 4896 3082 4969 Romani
3115 4895 3341 4969 summi
3354 4893 3647 4969 pontiﬁcis

1991 4970 2283 5026 Servo-Dei
2320 4964 2586 5040 episcopo
2623 4964 3005 5038 Gerundensi,
3039 4967 3189 5040 quod
3234 4964 3438 5040 iisdem
3470 4964 3645 5022 ferme

1993 5042 2183 5125 verbis
2217 5037 2679 5125 conceptum‘est
2719 5054 2797 5125 ac.
2828 5037 3309 5125 oilllilid'.l"or_'mosiw2
3357 5037 3408 5093 si
3464 5049 3642 5125 pauca

1993 5114 2287 5184 excipias;
2331 5109 2491 5169 aliud
2530 5112 2662 5169 item
2712 5111 2944 5170 exhibet
2964 5109 3230 5184 ejusdem
3270 5109 3510 5184 Romani
3544 5120 3644 5177 pro

1994 5180 2234 5242 ecclesia
2255 5180 2573 5249 Helenensi,
2602 5191 2657 5241 et
2682 5186 2782 5241 lib.
2819 5196 2881 5238 lli
2927 5183 3126 5237 Marcze
3168 5180 3490 5251 Hispanicae
3515 5192 3638 5249 pag.

1995 5256 2100 5314 370
2145 5258 2216 5312 de
2252 5257 2488 5327 epochis
2520 5257 2721 5313 horum
2767 5255 3149 5324 diplomatum
3196 5252 3456 5327 disserit,
3499 5261 3644 5327 quas

1995 5329 2064 5384 ad
2114 5317 2346 5384 examen
2396 5334 2557 5400 vocat
2603 5330 2808 5399 Pagius
2837 5317 2923 5382 'ad
2969 5340 3180 5400 annum
3207 5320 3351 5400 3397,
3396 5317 3549 5400 nam.
3583 5317 3632 5400 6ἶ

1996 5403 2017 5455 Ι
2025 5400 2228 5454 nterim
2250 5399 2499 5455 Formosi
2531 5386 2782 5468 diplouma
2804 5413 2904 5469 pro
2938 5399 3177 5454 ecclesia
3197 5386 3552 5450 Gerundensi
3571 5386 3638 5440 ad

1999 5470 2161 5526 ﬁdem
2190 5471 2473 5542 prototypi
2504 5469 2599 5525 hic
2627 5472 2875 5526 dandum
2898 5482 3211 5542 censemus;

2528 5543 2834 5599 Doumcus
2869 5544 3148 5596 GEORGIUS
3180 5538 3496 5591 Romcmus.

3368 5699 3441 5761 27

3487 326 3703 386 842ν
