4058 6154
402 317 516 378 843.

1839 307 2136 364 FORMOSI
2175 305 2370 362 PAPE

3715 301 3831 360 844

354 477 364 486 -
405 441 681 514 episcopi,
704 439 959 496 Francho
982 436 1251 494 videlicet
1280 434 1650 507 Tungrensis,
1677 429 2060 488 Vodelbaldus
2089 427 2143 486 A
2172 441 2300 483 mur
2328 427 2614 498 equidem,
2647 429 3088 484 sanctimoniam
3121 431 3276 484 tuam
3325 429 3394 484 ad
3425 426 3826 498 apostolorum

403 529 802 601 Trajectensis‘,
833 525 1153 582 Wofelmus
1181 520 1834 595 Mimigardevordensis,
1868 520 2059 572 Druo-

401 635 470 693 go
521 617 996 685 Mimidomensis,
1047 614 1374 686 Egilmarus
1423 608 1898 681 Osnabrugensis.
1943 604 2054 662 sub

398 707 823 765 testiﬁcationis
863 709 1136 775 praetextu
1165 701 1454 758 testiﬁcati
1490 704 1648 769 sunt,
1680 710 1862 768 usque
1899 695 1967 750 ad
1997 701 2050 749 te

398 798 624 856 nullum
643 795 972 852 Brumensis
991 791 1258 850 Ecclesiae
1284 789 1582 861 praesulem
1605 787 1834 844 modum
1865 783 2052 853 subje-

393 886 607 942 ctionis
621 883 947 941 Coloniensi
973 880 1226 937 antistiti
1249 877 1677 948 contempsisse,
1706 875 1798 931 sed
1829 886 2048 942 semper

396 977 721 1032 decessores
751 979 901 1040 tuos,
934 971 1034 1042 qui
1065 969 1246 1026 eidem
1289 966 1574 1023 Bremensi
1604 964 1872 1020 Ecclesiae
1897 975 2051 1032 prae-

399 1064 635 1122 fuerunt
661 1077 696 1120 a
716 1059 1072 1133 temporibus
1101 1072 1218 1116 suae
1245 1055 1724 1123 Christianitatis,
1755 1051 1876 1108 sedi
1895 1051 2055 1106 Colo-

398 1153 586 1212 niensi
618 1151 799 1210 fuisse
833 1149 1137 1222 subjectos.
1181 1146 1386 1202 Verum
1413 1144 1550 1215 quia
1576 1147 1864 1198 tantorum
1894 1141 2058 1196 viro—

399 1258 528 1300 rum
553 1240 948 1299 testimonium
975 1235 1244 1293 frustrari
1276 1248 1390 1290 non
1419 1231 1666 1303 expedit,
1703 1237 1760 1286 et
1786 1229 1855 1286 ad
1883 1234 2061 1285 statu-

399 1337 520 1388 tum
551 1327 816 1386 veniendi
847 1332 1071 1397 tempus
1093 1323 1364 1380 festinare
1383 1321 1472 1377 vel
1491 1319 1751 1391 delegare
1774 1318 2056 1374 vicarium

397 1418 708 1487 distulisti,
727 1416 872 1474 tanti
892 1413 1166 1484 temporis
1187 1410 1628 1483 querimoniam,
1649 1422 1716 1463 ac
1741 1407 2054 1478 legatorum

397 1513 750 1567 constantem
795 1503 1130 1560 instantiam
1177 1501 1351 1556 nihili
1385 1499 1628 1570 pendere
1675 1497 2054 1552 inhumanum

397 1597 717 1654 videbatur.
764 1595 810 1666 Q
853 1596 1122 1663 apropter
1161 1589 1389 1658 arctati,
1432 1588 1569 1644 hinc
1599 1600 1669 1642 ne
1695 1583 2057 1647 Coloniensis

397 1685 650 1742 Ecclesia
693 1681 982 1754 justitiam
1037 1680 1315 1750 perderet,
1366 1677 1498 1732 inde
1542 1689 1611 1731 ne
1671 1673 2056 1730 llammabur-

2171 514 2392 578 limina,
2445 522 2614 585 prout
2667 517 3154 588 mandaveramus,
3189 519 3382 573 venire
3419 523 3478 572 et
3520 517 3649 571 viva
3690 518 3832 571 voce

2169 608 2354 660 tecum
2379 605 2448 660 de
2467 606 2717 676 generali
2747 606 2912 661 illius
2941 606 3252 662 barbaricae
3279 607 3467 678 gentis
3496 605 3685 661 salute
3715 610 3835 660 tra-

2167 697 2340 747 ctare.
2381 693 2486 748 Sed
2531 695 2669 765 quia
2707 695 2877 750 aliter
2931 709 3102 766 quam
3141 701 3539 766 optaveramus
3583 694 3829 763 accidit,

2169 779 2492 838 inﬁrmitati
2535 782 2902 856 imputantes,
2948 784 3297 840 calumniam
3330 798 3430 855 pro
3473 784 3578 840 hoc
3609 782 3834 838 inferre

2164 869 2504 928 desinimus.
3371 937 3382 945 _

2235 961 2536 1018 Contentio
2591 963 2804 1033 itaque.
2857 979 2983 1034 qua:
3027 964 3180 1020 inter
3221 969 3276 1021 te
3317 970 3375 1020 et
3423 963 3825 1035 Adalgarium,

2167 1051 2687 1108 reverentissimum
2726 1052 3222 1123 archiepiscopum
3254 1053 3702 1126 Hamburgensis
3725 1054 3833 1107 Ec-

2165 1140 2374 1206 clesiae,
2440 1142 2712 1196 ventilata
2768 1147 2857 1197 est
2903 1157 3003 1212 pro
3042 1143 3295 1200 Ecclesia
3350 1144 3662 1214 Bremensi,
3719 1156 3828 1213 pro

2167 1244 2276 1300 qua
2305 1231 2374 1286 ad
2410 1233 2788 1288 venerabilem
2823 1233 3321 1303 archiepiscopum
3345 1233 3656 1304 Moguntite
3686 1233 3833 1288 scri-

2167 1317 2298 1375 bere
2353 1323 2642 1390 praeterito
2693 1337 2845 1380 anno
2908 1322 3303 1394 prmvidimus,
3351 1327 3638 1392 quatenus
3697 1323 3832 1390 ejus

2165 1409 2360 1465 studio
2389 1411 2468 1466 rei
2509 1412 2719 1468 veritas
2749 1413 3052 1485 inquisita,
3093 1411 3283 1466 ablata
3325 1411 3727 1482 ambiguitate,
3764 1410 3831 1464 in

2165 1495 2465 1554 clariorem
2517 1500 2699 1556 lucem
2755 1507 3097 1572 erumperet,
3146 1501 3271 1570 ipso
3313 1503 3486 1570 prout
3535 1499 3836 1556 scribente

2165 1585 2502 1660 didicimus,
2570 1590 3014 1646 testiﬁcantibus
3075 1588 3461 1644 sanctissimis
3507 1588 3829 1659 episcopis,

2169 1674 2268 1744 qui
2299 1675 2716 1735 Francanorfut
2741 1685 3146 1747 convenerunt,
3179 1683 3435 1748 apparet,
3465 1683 3579 1732 tua:
3603 1677 3835 1733 dicere-

398 1774 592 1848 gensis
621 1771 894 1842 Ecclesia,
929 1783 1056 1840 qua:
1097 1767 1166 1823 ad
1197 1766 1453 1839 gentium
1480 1763 1836 1820 vocationem
1871 1763 2054 1818 insti—
2083 1781 2134 1842 Β
2165 1766 2251 1821 cis
2279 1767 2576 1824 ecclesiam
2608 1782 2750 1824 esse.
2793 1769 3034 1838 Ideoque
3057 1767 3445 1836 dispensative
3476 1765 3533 1820 id
3556 1765 3835 1822 determi-

397 1869 521 1924 tuta
541 1861 747 1932 fuerat,
775 1859 1040 1918 subsidio
1054 1857 1330 1914 destituta
1349 1855 1643 1923 deﬁceret;
1665 1853 2052 1923 dispensative

397 1952 749 2016 censuimus,
783 1954 1064 2020 quatenus
1085 1945 1458 2017 quoadusque
1478 1943 1676 2000 divina
1706 1941 2053 2015 suffragante

400 2040 584 2114 gratia
607 2039 901 2110 praelibata
920 2033 1460 2106 Hammaburgensis
1479 2032 1732 2088 Ecclesia
1750 2031 1809 2086 in
1828 2036 2049 2086 tantum

399 2129 695 2199 dilatetur,
737 2132 802 2184 ut
834 2125 1182 2197 episcopiam
1216 2122 1520 2178 instituere
1559 2121 1760 2188 valeat,
1784 2120 1900 2189 jam
1928 2132 2054 2174 me-

403 2225 676 2276 moratam
722 2217 1073 2272 Bremensem
1117 2211 1428 2268 Ecclesiam
1477 2211 1546 2266 ad
1577 2209 1906 2266 subsidium
1942 2209 2052 2263 ha-

401 2309 572 2378 beat;
603 2311 660 2363 et
699 2304 926 2376 quoties
951 2303 1008 2358 in
1044 2301 1268 2373 magnis
1295 2314 1360 2356 ac
1391 2298 1848 2370 prtenecessariis
1872 2310 2053 2352 cano-

401 2395 552 2452 nicis
599 2393 844 2466 negotiis
886 2390 1226 2462 oportuerit,
1282 2401 1394 2443 non
1439 2386 1792 2456 subjectione
1829 2385 2046 2456 aliqua,

399 2484 496 2540 sed
527 2481 731 2538 aﬁ‘ectu
762 2480 1025 2535 fraternae
1053 2475 1358 2533 charitatis
1381 2473 1920 2545 Iiammaburgensis
1948 2487 2050 2527 ar-

399 2570 821 2640 chiepiscopus,
854 2569 955 2638 qui
985 2566 1238 2637 ejusdem
1261 2563 1580 2620 Bremensis
1606 2563 1870 2618 Ecclesiae
1907 2563 2048 2632 regi-

401 2673 526 2716 men
557 2657 797 2722 obtinet,
845 2671 944 2726 per
985 2670 1046 2712 se
1073 2661 1174 2711 aut
1207 2654 1487 2710 vicarium
1519 2666 1679 2707 suam
1728 2651 1904 2706 vicem
1945 2665 2048 2722 ge-

401 2753 636 2820 rentem,
690 2747 751 2802 in
809 2743 1162 2814 adjutorium
1209 2740 1567 2797 Coloniensis
1622 2739 2044 2809 archiepiscopi

397 2837 677 2893 invitatus
719 2833 984 2890 accedat:
1031 2830 1270 2887 dilatata
1307 2835 1495 2885 autem
1540 2826 2044 2898 Hammaburgensi

393 2923 668 2988 Ecclesia,
699 2922 971 2994 largitore
987 2919 1243 2975 omnium
1268 2917 1547 2974 bonorum
1569 2915 2040 2986 adminiculante,

395 3019 452 3071 et
481 3012 742 3070 fundatis
783 3010 1116 3082 episcopiis,
1151 3021 1297 3078 saepe
1336 3011 1641 3062 memorata
1661 3004 1909 3060 Colonia:
1947 3018 2047 3059 se—

2165 1867 2298 1910 nare
2327 1857 2586 1925 Oportuit
2625 1870 2692 1912 eo
2727 1857 2997 1912 videlicet
3031 1856 3253 1922 ordine,
3279 1860 3342 1910 ut
3375 1860 3431 1910 et
3458 1854 3836 1910 Coloniensis

2161 1943 2412 2000 Ecclesia
2446 1960 2554 2000 non
2584 1947 2906 2015 privaretur
2935 1943 3328 2000 facultatibus.
3357 1950 3414 1998 et
3437 1943 3834 2015 llamburgen-

2161 2034 2245 2089 sis
2293 2035 2564 2106 Ecclesia,
2609 2036 2704 2106 pio
2736 2035 2918 2091 labori
2948 2035 3164 2105 dedita,
3197 2048 3308 2090 non
3349 2033 3604 2104 patietur
3633 2047 3836 2103 penu-

2162 2125 2330 2179 riam.
2382 2127 2530 2182 unde
2576 2130 2836 2194 oporteat
2863 2126 2976 2180 Deo
3024 2123 3377 2194 acceptabile
3406 2137 3556 2192 opus
3583 2123 3827 2178 cessari.

2160 2213 2516 2284 Quapropter
2579 2215 2891 2270 statuimus
2943 2218 3008 2270 ut
3059 2226 3361 2284 quousque
3419 2213 3836 2282 dispensatore

2161 2301 2439 2359 bonorum
2461 2303 2718 2358 omnium
2759 2303 3056 2374 largiente,
3091 2303 3260 2371 cujus
3295 2307 3439 2358 nutu
3467 2303 3665 2359 omnia
3699 2303 3830 2360 dis-

2163 2399 2492 2462 pensantur,
2526 2391 2972 2464 llamburgensis
2999 2391 3250 2447 Ecclesia
3283 2389 3435 2446 infra
3465 2404 3833 2463 paganorum

2161 2481 2436 2538 terminos
2464 2481 2700 2536 dilatari
2728 2481 2928 2552 valaet,
2972 2479 3070 2536 ubi
3104 2480 3405 2550 episcopia
3431 2479 3665 2536 fundari
3697 2495 3840 2550 pos-

2159 2569 2295 2638 sint,
2352 2571 2705 2626 Bremensem
2753 2569 3061 2625 Ecclesiam
3098 2573 3289 2624 teneat
3335 2569 3404 2624 ad
3456 2569 3824 2624 subsidium.

2156 2659 2226 2714 Et
2249 2659 2320 2714 ob
2344 2658 2448 2714 hoc
2471 2657 2720 2715 fraterno
2741 2658 3045 2714 charitatis
3067 2657 3292 2722 aﬁ'ectu,
3319 2671 3430 2715 non
3459 2658 3833 2727 subjectione

2156 2747 2372 2817 aliqua,
2419 2748 2647 2818 quoties
2696 2762 2796 2817 pro
2833 2746 3150 2816 majoribus
3193 2746 3606 2802 ecclesiasticis
3635 2760 3834 2818 nego—

2158 2836 2259 2891 tiis
2299 2836 2584 2892 librandis
2623 2842 2777 2892 certa
2808 2835 2956 2891 ratio
2999 2835 3202 2907 exigit,
3233 2835 3516 2891 invitatus
3552 2837 3674 2905 ipse
3717 2851 3832 2905 per

2155 2939 2214 2980 se
2245 2927 2300 2980 in
2333 2925 2685 2995 adjutorium
2715 2925 3076 2982 Coloniensis
3107 2925 3371 2982 Ecclesia:
3403 2926 3672 2982 accedere
3700 2939 3826 2982 non

2157 3015 2364 3086 pigeat,
2396 3015 2481 3070 vel
2513 3015 2562 3070 si
2601 3015 3030 3085 praedicationis
3059 3027 3226 3084 opere
3258 3014 3590 3086 implicatus
3623 3029 3722 3084 per
3757 3030 3831 3070 se

309 3163 314 3168 ,
389 3104 492 3160 des
559 3103 913 3158 Bremensem
970 3099 1208 3168 recipiat
1275 3095 1604 3152 Ecclesiam.
1661 3095 2040 3149 Inhumanum

2158 3104 2347 3158 venire
2373 3103 2716 3174 nequiverit,
2744 3104 3023 3160 vicarium
3051 3103 3248 3159 saltem
3281 3103 3518 3176 deleget,
3551 3105 3651 3174 qui
3684 3105 3828 3174 ejus

391 3193 604 3266 quippe
650 3198 738 3247 est
767 3191 917 3252 inter
948 3187 1250 3244 saecularcs
1279 3185 1467 3240 aliena
1513 3184 1646 3253 jura
1695 3182 2038 3252 pervadere:

393 3285 608 3354 quanto
635 3279 816 3352 magis
845 3276 1242 3334 sanctissimos
1265 3273 1564 3343 episcopos
1592 3277 1840 3328 statutos
1868 3285 1900 3327 a
1931 3272 2043 3325 Pa-

389 3369 580 3427 tribus
607 3367 926 3441 transgredi
953 3365 1248 3435 terminos,
1271 3368 1328 3419 et
1349 3377 1446 3419 eos
1476 3360 1724 3432 litigare,
1758 3359 1858 3431 qui
1884 3361 2042 3430 pacis

386 3459 596 3516 debent
645 3457 900 3514 subditis
946 3453 1203 3524 exempla
1245 3451 1544 3524 praebere?
1585 3451 1710 3504 Haec
1737 3455 1925 3505 autem
1967 3449 2038 3504 ad

388 3549 495 3606 hoc
513 3549 740 3604 decreta
780 3551 868 3603 est
916 3541 1292 3613 dispensatio,
1344 3546 1408 3596 ut
1445 3553 1552 3608 pax
1598 3537 1806 3608 vigeat,
1859 3541 2040 3592 cesset

383 3637 696 3707 contentio,
732 3640 789 3690 et
837 3633 1086 3704 justitia:
1133 3631 1383 3701 vigorem
1436 3625 1846 3682 misericordiae
1893 3639 2042 3680 com.

383 3725 573 3796 passio
615 3728 907 3793 temperet,
963 3720 1208 3776 scientes
1254 3717 1380 3772 sine
1421 3715 1580 3786 pacis
1625 3714 1772 3770 bono
1811 3713 2040 3771 nullum

379 3817 494 3870 Deo
525 3823 735 3868 munus
772 3810 893 3866 fore
921 3805 1286 3878 acceptabile.

1163 3949 1252 4004 Vl.

467 4093 538 4136 AD
594 4089 963 4134 BERIMANNUM
1015 4086 1388 4130 COLONIENSEM
1447 4083 1931 4128 AIlCIllEPISCOPUM.

1024 4181 1205 4255 (Anno
1249 4177 1398 4254 892.)

485 4312 889 4387 [Lappenberg,
930 4308 1385 4378 Hamburgisches
1449 4303 1927 4374 Urkundcnbuch.]

2151 3192 2331 3248 vicem
2357 3199 2720 3262 repraesentet
2743 3197 2801 3249 et
2827 3193 3102 3249 conanice
3145 3191 3550 3248 deliberationi
3581 3193 3830 3262 adjutor

2153 3281 2423 3337 intersit,
2462 3282 2668 3338 Divina
2724 3287 2910 3338 autem
2977 3281 3201 3338 ditione
3269 3280 3616 3353 suﬁ‘ragante
3679 3296 3823 3338 cum

2149 3370 2596 3442 Hamburgensis
2616 3371 2862 3428 Ecclesia
2887 3377 3269 3443 augmentata,
3293 3385 3395 3428 ceu
3422 3371 3818 3440 praetulimus,

2151 3456 2346 3530 fuerit,
2378 3459 2739 3516 Coloniensis
2775 3451 3027 3516 Ecclesia
3050 3473 3154 3516 sua
3185 3459 3447 3530 recipiat,
3479 3459 3621 3530 quia
3655 3460 3818 3516 inter

2151 3548 2448 3605 saecularia
2491 3550 2718 3622 negotia
2743 3562 2855 3604 non
2899 3549 3130 3619 expedit
3161 3549 3433 3620 cuiquam
3459 3548 3650 3603 aliena
3674 3549 3822 3617 jura

2151 3639 2473 3708 pervadere,
2516 3645 2730 3709 quanto
2778 3637 2971 3694 minus
3014 3637 3308 3710 religiosis
3347 3637 3661 3709 episcOpis,
3701 3639 3810 3707 qui

2149 3739 2252 3783 suo
2277 3727 2492 3782 ducatu
2520 3741 2619 3797 per
2643 3727 2788 3783 viam
2809 3725 3058 3796 justitite
3076 3727 3146 3782 ad
3175 3726 3429 3782 caelestia
3458 3739 3632 3798 regna
3659 3739 3818 3782 com-

2148 3814 2389 3870 missum
2428 3814 2543 3870 sibi
2585 3815 2860 3885 populum
2905 3813 3114 3870 debent
3151 3815 3476 3884 perducere.

2217 3904 2402 3960 Aliter
2433 3910 2621 3961 autem
2654 3910 2848 3962 nostro
2886 3903 3232 3974 apostolatui
3269 3904 3591 3960 deliberare
3613 3905 3808 3962 visum

2147 4007 2259 4050 non
2307 4001 2413 4062 est,
2459 4007 2530 4050 ne
2575 3994 2878 4064 smpedicta
2939 3993 3384 4066 Hamburgensis
3427 3993 3682 4050 Ecclesia
3730 3997 3807 4050 ad

2145 4084 2499 4138 vocationem
2540 4083 2795 4155 gentium
2865 4082 3134 4138 instituta
3190 4083 3381 4138 ablato
3436 4083 3812 4139 annihiletur

2145 4172 2408 4228 subsidio
2437 4177 2493 4228 et
2519 4171 2713 4240 inopia
2734 4178 2968 4242 cogente
2992 4185 3027 4226 a
3049 4171 3163 4226 Deo
3190 4171 3368 4242 digno
3402 4184 3574 4242 Opere
3599 4178 3806 4239 cesset,

2147 4260 2462 4330 praesertim
2505 4273 2636 4315 cum
2683 4265 2740 4314 et
2789 4259 3053 4315 decessor
3091 4264 3284 4314 noster
3332 4259 3650 4316 recolendte
3681 4273 3812 4316 me-

2146 4350 2342 4406 moriae
2371 4349 2660 4417 Nicolaus,
2702 4349 3005 4421 Ludovico,
3059 4348 3312 4421 glorioso
3361 4362 3509 4419 rege,
3548 4363 3650 4418 per
3694 4350 3813 4406 Sa-

447 4461 738 4517 Fonuoscs
777 4456 1101 4527 episcopus,
1134 4466 1333 4509 servus
1380 4461 1671 4505 servorum
1717 4447 1839 4515 Dei,
1871 4459 2034 4502 reve—
2066 4461 2119 4521 D
2148 4439 2428 4496 lomonem
2485 4439 3010 4494 reverentissimum
3055 4438 3402 4494 Constantia:
3441 4438 3804 4509 episcopum,

382 4549 714 4606 rentissimo
765 4559 822 4602 et
859 4542 1226 4600 sanctissimo
1269 4537 1548 4594 contratri
1595 4541 1815 4606 nostro,
1853 4536 2035 4590 llam-

379 4652 584 4707 mNNo,
613 4634 1044 4705 archiepiscopo
1081 4627 1428 4686 Coloniensi.

452 4723 796 4782 Visitatlone
841 4727 959 4786 tua,
1012 4717 1354 4775 charissime
1401 4713 1709 4774 confrater.
1759 4712 2034 4769 laetiﬁcati

382 4827 604 4881 sumus,
665 4824 698 4866 a
749 4817 804 4866 te
857 4807 1098 4866 directis
1161 4804 1586 4862 venerabilibus
1640 4801 2036 4859 sacerdotibus

380 4902 641 4974 receptis.
693 4899 902 4956 Verum
945 4912 1072 4954 cum
1108 4897 1178 4954 de
1221 4905 1319 4953 tua
1366 4893 1764 4951 incolumitate
1803 4905 1899 4948 eos
1937 4905 2038 4962 per

381 4991 641 5050 ordinem
690 4987 985 5061 inquirere
1026 4986 1406 5051 studeremus,
1448 4982 1850 5052 comperimus,
1891 4981 2036 5050 ipsis

384 5078 811 5154 indagantibus,
872 5083 930 5135 te
977 5074 1440 5132 incommoditate
1469 5070 1728 5142 corporis
1754 5069 2030 5141 laborare,

381 5178 441 5230 et
459 5169 864 5230 condoluimus
895 5165 1229 5237 plurimum.
1268 5164 1527 5219 Attamen
1561 5162 1620 5216 in
1653 5161 1758 5216 hoc
1783 5159 2036 5216 consola-

384 5277 516 5319 mur
567 5259 704 5332 quia
771 5256 1038 5312 novimus
1093 5253 1374 5323 scriptum
1425 5251 1484 5305 in
1545 5249 1817 5319 Eloquio:
1869 5248 2033 5314 Quem

381 5353 565 5421 diligit
603 5349 887 5418 Dominus,
937 5346 1189 5411 castigat,
1251 5347 1302 5395 ct
1353 5341 1576 5408 corripit
1629 5354 1836 5392 omnem
1877 5354 2033 5407 quem

378 5443 576 5511 recipit
625 5437 814 5508 (Hebr.
897 5447 1001 5502 XII,
1053 5430 1141 5498 6;
1198 5432 1375 5484 Ρνου..
1427 5441 1514 5497 lll,
1578 5423 1680 5499 42).
1753 5426 1841 5481 Sit
1899 5439 2032 5496 ergo

381 5543 614 5591 oramus
639 5525 948 5584 inﬁrmitas
963 5522 1080 5576 haec
1101 5519 1169 5576 ad
1201 5517 1438 5574 salutem
1469 5529 1535 5570 ac
1555 5515 1788 5570 celerem
1805 5515 2034 5571 Christo

382 5619 661 5690 largiente
704 5619 990 5672 mereatur
1015 5607 1288 5680 consequi
1337 5605 1656 5663 sanitatem.
1697 5603 2037 5660 Arbitraba-

2147 4529 2548 4598 intercedente,
2601 4542 2705 4583 suo
2749 4527 3054 4598 privilegio
3092 4527 3445 4582 Bremensem
3485 4527 3804 4583 Ecclesiam

2142 4618 2442 4689 Ansgario,
2494 4616 2906 4690 llamburgensi
2932 4617 3385 4686 archiepiscopo,
3419 4617 3808 4673 conﬁrmave-

2145 4709 2242 4764 rit.
2311 4708 2416 4762 Sed
2476 4706 2611 4778 quia
2677 4706 2983 4778 indignum
3035 4706 3388 4772 censuimus,
3437 4707 3800 4762 sacerdotum

2145 4796 2469 4868 quempiam
2535 4795 2724 4851 aliena
2791 4795 2924 4864 jura
2974 4793 3278 4865 pervadere
3321 4794 3550 4864 propiis
3603 4802 3804 4851 trans-

2145 4887 2358 4960 gressis
2371 4885 2693 4955 liminibus,
2710 4884 2951 4954 proinde
2963 4883 3020 4940 id
3033 4884 3420 4954 dispensative
3434 4883 3804 4941 instituimus

2143 4976 2385 5047 tempori
2407 4973 2787 5043 consulentes,
2811 4978 2878 5029 ut
2890 4979 2947 5030 et
2963 4973 3196 5044 justitia
3223 4972 3520 5043 proprium
3545 4973 3801 5044 vigorem

2143 5072 2330 5124 teneat
2385 5071 2441 5121 et
2508 5063 2906 5120 misericordia
2971 5063 3422 5133 compassionem
3481 5063 3799 5136 impendat,

2141 5155 2432 5211 contentio
2477 5157 2658 5210 cesset
2699 5158 2755 5208 et
2788 5151 3044 5208 charitas
3083 5150 3362 5206 inviolata
3391 5151 3689 5221 persistat.

2215 5243 2584 5314 Privilegium
2615 5242 2788 5296 etiam
2832 5247 2944 5296 tute
2973 5239 3239 5296 Ecclesiae
3290 5245 3461 5309 prout
3490 5241 3794 5311 petiveras,

2143 5333 2540 5390 renovavimus
2577 5345 2642 5387 ac
2674 5337 2786 5386 tua:
2814 5329 3326 5386 venerabilitudini
3369 5343 3469 5400 per
3491 5337 3798 5400 prmsentes

2144 5422 2504 5494 presbyteros
2531 5420 2938 5492 delegavimus,
2975 5425 3419 5487 commonentes,
3444 5424 3511 5474 ut
3537 5419 3598 5474 in
3621 5419 3802 5474 omni-

2144 5513 2252 5568 bus
2279 5525 2345 5566 ac
2372 5524 2486 5580 prae
2514 5509 2781 5564 omnibus
2813 5521 3003 5579 pacem
3035 5507 3249 5578 diligas
3269 5513 3324 5562 et
3352 5507 3540 5563 eidem
3575 5520 3796 5578 semper

2149 5601 2406 5670 insistas,
2469 5611 2595 5671 qua:
2671 5597 2943 5669 specialis
2997 5602 3083 5653 est
3139 5596 3462 5652 arrhabona
3533 5597 3790 5653 omnium
