4060 6150
214 351 327 411 845

1457 352 1801 409 EPISTOLJE
1847 350 1935 407 ET
1972 352 2380 410 PRIVILEGIA.

3517 357 3624 417 846

218 480 500 551 fidelium,
535 480 661 534 sine
698 491 811 548 qua
845 477 1064 533 nullum
1098 491 1307 535 munus
1347 479 1460 533 Deo
1488 481 1575 533 est
1603 476 1953 547 accepta—A
1985 479 2299 549 quamlibet
2327 480 2665 551 dignitatem
2714 479 2919 538 fulcite
2959 482 3185 539 licitum
3218 483 3297 539 sit
3323 490 3424 541 aut
3452 488 3623 543 etiam

216 570 355 625 bile.
408 570 477 624 Et
521 583 627 639 pax
674 568 797 639 Dei,
850 582 975 638 qua:
1013 573 1319 638 exsuperat
1356 581 1580 624 omnem
1619 580 1869 633 sensum,

215 658 513 715 custodiat
535 672 635 714 cor
656 662 816 713 tuum
838 662 894 713 et
922 657 1361 729 intelligentiam
1386 662 1540 714 tuam
1566 657 1624 711 in
1644 656 1873 711 Christo

213 748 371 818 Jesu,
404 746 648 803 Domino
678 752 892 802 nostro.

996 881 1106 937 VII.

473 1004 543 1045 AD
582 1002 875 1046 BERNONEM
908 1002 1159 1045 ABBATEM
1196 1002 1619 1045 GIGNIACENSEM.

550 1118 626 1170 De
646 1116 950 1184 privilegiis
976 1115 1217 1184 ejusdem
1236 1116 1569 1169 monasterii.

293 1243 586 1297 Fonuosus
622 1255 819 1297 servus
852 1254 1143 1297 servorum
1186 1240 1285 1296 Dei
1324 1241 1567 1295 BERNONI
1606 1237 1879 1309 religioso

221 1345 290 1387 ac
340 1329 654 1386 venerabili
705 1329 898 1385 abbati
950 1329 1367 1386 cmnobitarum
1414 1329 1527 1387 sito
1582 1326 1878 1383 territorio

224 1418 617 1491 Lugdunensi,
643 1419 792 1489 quod
819 1419 879 1473 in
906 1419 1120 1474 honore
1142 1418 1291 1473 beati
1314 1418 1463 1475 Petri
1487 1417 1878 1487 apostolorum

227 1507 516 1578 principis
551 1512 943 1563 constructum
973 1521 1096 1564 esse
1134 1507 1501 1578 dignoscitur
1527 1507 1585 1561 in
1624 1505 1747 1561 loco
1778 1503 1878 1575 qui

222 1596 546 1667 Gigniacus
586 1595 941 1665 perhibetur,
975 1610 1041 1652 ac
1072 1596 1132 1651 in
1162 1597 1358 1651 eodem
1389 1594 1704 1651 venerabili
1753 1606 1883 1647 mo—

225 1686 483 1742 nasterio
530 1686 587 1740 in
636 1690 990 1755 perpetuum.

295 1774 575 1831 Convenit
594 1775 909 1844 apostolico
936 1774 1307 1830 moderamini
1335 1774 1428 1844 pia
1453 1773 1729 1845 religione
1751 1771 1883 1842 pol—
1904 1798 1957 1860 Β

225 1864 483 1919 lentibus
504 1862 771 1918 benevola
795 1863 1188 1933 compassioue
1208 1876 1543 1919 succurrere
1563 1870 1618 1917 et
1639 1874 1883 1932 poscen—

227 1954 376 2010 tium
399 1953 614 2009 animis
633 1952 806 2008 alacri
830 1953 1129 2008 devotione
1152 1952 1437 2022 impertiri
1460 1966 1774 2008 assensum.
1800 1952 1882 2005 Ex

228 2043 336 2099 hoc
357 2043 515 2098 enim
541 2042 686 2098 lucri
712 2042 1076 2112 potissimum
1105 2042 1352 2112 pretium
1379 2056 1410 2097 a
1431 2042 1727 2098 conditore
1752 2054 1883 2096 om-

228 2131 394 2187 nium
440 2131 679 2186 Domino
731 2144 1141 2200 promeremur,
1187 2130 1322 2185 dum
1367 2130 1715 2187 venerabilia
1759 2129 1882 2185 loca

227 2224 553 2291 Opportune
582 2219 847 2275 ordinata
876 2219 943 2274 ad
980 2219 1271 2275 meliorem
1303 2218 1521 2275 fuerint
1550 2219 1676 2275 sine
1704 2218 1882 2275 dubio

230 2316 447 2366 statum
482 2310 767 2378 perducta.
804 2308 989 2381 Igitur
1015 2323 1323 2378 pr0peraus
1355 2309 1475 2378 ipse
1506 2310 1684 2364 Berno
1710 2322 1886 2363 vene-

232 2399 443 2455 rabilis
492 2398 669 2454 abbas
717 2398 786 2453 ad
848 2397 1140 2453 beatorum
1207 2398 1594 2467 apostolorum
1658 2396 1882 2466 limina,

234 2493 606 2556 nostramque
623 2487 823 2542 adiens
837 2485 1208 2555 apostolicam
1230 2486 1608 2555 praesentiam,
1632 2485 1884 2541 retulisti

238 2576 410 2631 nobis
460 2575 648 2644 ipsum
704 2579 1073 2630 memoratum
1126 2574 1449 2630 caznobium
1496 2588 1529 2629 a
1575 2580 1629 2629 te
1674 2580 1888 2644 tuoque

234 2661 585 2718 consobrino
616 2661 844 2717 nomine
872 2660 1086 2716 Laiﬁno
1110 2662 1180 2717 de
1207 2662 1457 2731 propriis
1488 2660 1657 2717 rebus
1682 2661 1890 2716 vestris

235 2751 521 2806 duntaxat
553 2750 611 2805 in
645 2749 859 2805 honore
888 2750 1069 2805 sancti
1103 2751 1251 2804 Petri
1294 2756 1687 2805 constructum
1718 2754 1890 2820 atque

237 2838 497 2894 dicatum
570 2838 833 2907 existere,
893 2844 949 2893 et
1001 2842 1064 2893 ut
1104 2837 1175 2892 ab
1228 2838 1498 2894 omnibus
1567 2837 1894 2893 immutila—

238 2934 362 2982 tum
403 2934 680 2997 servetur,
725 2940 825 2997 per
857 2926 1181 2981 testamenti
1217 2926 1500 2997 paginam,
1535 2927 1686 2997 quod
1727 2924 1894 2981 nobis

236 3014 580 3069 servandum
624 3013 976 3085 contulistis,
1016 3012 1201 3068 eidem
1240 3012 1403 3069 beato
1438 3014 1599 3070 Petro
1645 3011 1896 3067 caelestis

239 3103 404 3173 regni
455 3102 737 3174 clavigero
780 3102 1060 3173 nobisque
1109 3116 1207 3172 per
1239 3102 1339 3158 Dei
1387 3102 1629 3174 gratiam
1681 3100 1898 3157 vicario
1928 3123 1976 3183 ρ

237 3191 543 3247 obtulistis
579 3191 647 3246 ad
688 3192 1099 3259 sempiternum
1140 3191 1304 3248 vobis
1341 3192 1654 3248 remedium
1698 3188 1899 3245 confe—

240 3281 502 3336 rendum.
528 3280 658 3337 Ideo
682 3280 1055 3354 suggessistis
1081 3286 1277 3337 nostro
1297 3278 1644 3349 apostolatui
1673 3283 1734 3333 ut
1753 3292 1900 3349 apo—

241 3368 441 3425 stolici
478 3368 659 3424 nostri
693 3368 985 3441 privilegii
1018 3369 1162 3424 illud
1192 3368 1487 3425 sanctione
1518 3366 1895 3422 muniremus.

238 3457 600 3526 Quapropter
624 3457 773 3527 quod
803 3457 1093 3515 statuistis
1118 3458 1314 3513 devote
1333 3455 1718 3524 admittentes,
1745 3454 1902 3524 peti—

242 3545 577 3616 tionemque
640 3550 883 3601 vestram
947 3552 1125 3601 ratam
1187 3545 1556 3615 arbitrantes,
1620 3543 1901 3598 inclinare

242 3634 516 3705 precibus
545 3635 749 3691 vestris
776 3649 874 3705 per
900 3636 1073 3705 hujus
1095 3634 1496 3704 prmoeptionis
1521 3633 1725 3688 seriem
1751 3646 1903 3702 pra:-

240 3725 467 3781 dictum
518 3724 839 3779 venerabile
876 3723 1199 3781 cmnobium
1239 3737 1369 3779 cum
1400 3722 1568 3777 cellis
1596 3735 1698 3777 seu
1728 3721 1897 3789 casis,

248 3813 445 3883 terris,
484 3812 689 3893 vineis,
730 3812 1037 3883 casalibus,
1082 3812 1299 3877 fundis,
1335 3811 1537 3882 pratis,
1572 3810 1758 3878 silvis,
1788 3822 1900 3864 una

244 3918 378 3960 cum
411 3902 637 3958 colonis
666 3907 722 3958 et
758 3902 1090 3972 colonabus,
1136 3914 1354 3957 necnon
1383 3907 1439 3957 et
1477 3900 1743 3956 cellulam
1775 3914 1900 3970 quae

239 3999 482 4050 vocatur
530 3992 720 4047 Balma
763 4007 892 4048 cum
940 3991 1279 4062 adjacentiis
1322 3992 1466 4062 suis,
1514 3990 1707 4046 omnia
1749 3995 1803 4043 et
1840 3988 1899 4043 in

239 4081 521 4139 omnibus
549 4095 674 4151 qua:
703 4086 815 4137 tam
844 4096 877 4137 a
908 4081 1180 4153 gloriosis
1212 4080 1444 4153 regibus
1469 4092 1638 4150 quam
1664 4078 1734 4132 ab
1763 4077 1902 4133 aliis

237 4173 422 4227 Deum
455 4169 796 4225 timentibus
833 4169 981 4225 inibi
1022 4171 1154 4225 data
1180 4169 1263 4225 vel
1306 4172 1584 4238 praacepta
1629 4171 1785 4237 sunt,
1812 4166 1897 4221 vel

238 4260 519 4328 deinceps
540 4258 780 4314 Domino
800 4258 1107 4328 adjuvante
1126 4258 1390 4314 donanda
1408 4262 1597 4327 erunt,
1625 4256 1728 4310 hac
1750 4269 1902 4325 pra:—

243 4357 396 4413 senti
422 4356 595 4411 tertia
616 4354 834 4410 decima
869 4355 1185 4410 indictione
1213 4353 1529 4423 apostolica
1559 4352 1902 4408 auctoritate

239 4445 672 4511 conﬁrmamus,
705 4443 1017 4514 munimus,
1046 4448 1103 4498 et
1129 4442 1186 4497 in
1216 4445 1551 4511 perpetuum
1573 4438 1680 4495 sub
1695 4440 1825 4509 jure
1846 4444 1902 4493 et

237 4532 471 4588 ditione
499 4536 671 4602 atque
696 4536 971 4601 potestate
996 4530 1147 4585 beati
1180 4530 1330 4585 Petri
1358 4527 1605 4599 apostoli
1627 4534 1684 4583 et
1707 4532 1899 4583 nostra

240 4621 648 4677 conﬁrmatum
673 4619 1025 4687 stabilimus,
1060 4619 1139 4675 ita
1163 4618 1391 4674 scilicet
1416 4622 1479 4673 ut
1501 4616 1650 4673 nulli
1676 4616 1899 4672 homini

310 4797 336 4824 ι
372 4781 600 4850 Scripta
643 4781 873 4836 videtur
919 4778 1099 4836 fuisse
1142 4779 1262 4834 haec
1302 4776 1545 4848 epistola
1590 4780 1717 4847 post
1744 4776 1903 4832 cele-

243 4854 470 4908 bratam
502 4852 874 4923 Anglicanam
905 4852 1204 4922 synodum,
1228 4851 1301 4923 de
1318 4850 1489 4923 cujus
1510 4853 1762 4923 tempore
1785 4862 1896 4923 non

242 4925 413 4995 plane
443 4919 685 4978 constat.
716 4925 794 4978 De
825 4919 1163 4995 hac'synodo
1188 4921 1520 4995 Willelmus
1547 4919 1899 4995 ll_lalmes_bu-

240 4990 502 5051 i'iensis:
544 5015 570 5045 ει
602 4995 705 5049 Sed
751 4998 815 5050 ut
856 4994 924 5049 ad
974 4990 1251 5063 nostrum,
1296 4991 1529 5063 inquit,
1556 4990 1895 5063 Edvvardum

241 5073 517 5135 revertar,
546 5066 687 5136 quid
717 5067 843 5134 ejus
864 5071 1115 5134 tempore
1137 5066 1207 5119 de
1229 5061 1897 5136 renovandisepiscopa-

240 5139 402 5193 tibus
448 5134 673 5206 a’papa
724 5138 992 5191 Formosa
1039 5143 1382 5207 praeceptum
1430 5134 1891 5207 sit,gjucu_ndum

239 5216 379 5278 puto
412 5204 729 5263 memoratu
756 5225 770 5274 ;
796 5208 989 5277 itaque
1017 5204 1206 5262 verbis
1226 5204 1437 5262 eisdem
1464 5205 1678 5276 quibus
1700 5204 1890 5258 inveni

238 5281 523 5349 scriptum
568 5280 920 5333 interseram.

313 5346 556 5403 n'Anno
601 5364 715 5418 quo
749 5364 780 5404 a
824 5348 1123 5404 nativitate
1168 5347 1395 5403 Domini
1441 5346 1714 5403 transacti
1755 5349 1891 5400 sunt

241 5421 375 5475 anni
403 5420 677 5491 nongenti
700 5427 966 5490 quatuor,
1002 5420 1162 5474 misit
1184 5433 1323 5489 papa
1352 5419 1655 5474 Formosus
1683 5419 1739 5491 in
1765 5418 1891 5471 Au—

243 5491 417 5562 gliam
449 5490 749 5561 epistolas,
782 5493 997 5561 quibus
1025 5491 1197 5545 dabat
1240 5490 1884 5545 excommunicationem

242 5561 297 5617 et
325 5562 791 5634 maledictionem
841 5565 957 5634 regi
999 5561 1291 5631 Edwardo,
1339 5567 1395 5616 et
1430 5562 1704 5634 omnibus
1744 5562 1883 5615 sub-

232 5634 407 5702 jectis
444 5634 593 5702 ejus,
638 5648 738 5703 pro
782 5632 1175 5688 benedictione
1219 5647 1386 5702 quam
1430 5634 1660 5687 dederat
1686 5632 1890 5703 beatus

240 5705 560 5776 Gregorius
591 5702 746 5775 genti
777 5704 1089 5775 Anglorum
1104 5717 1147 5776 7a
1173 5704 1305 5776 sede
1335 5703 1516 5776 sancti
1550 5702 1717 5776 Petri;
1749 5704 1888 5776 Nam

240 5789 343 5845 per
359 5771 809 5848 'septem'annos
848 5771 1045 5847 p‘lenos
1083 5774 1362 5832 destituta
1390 5771 1575 5831 fuerat
1603 5772 1891 5845 episcopis

1925 4487 1980 4548 D

1981 570 2053 625 de
2085 570 2228 639 ipsis
2255 570 2634 627 donatoribus
2672 584 3072 642 quamcunque
3101 573 3215 628 vim
3245 578 3346 629 aut
3374 574 3626 645 aliquam

1983 660 2408 729 oppressionem
2460 660 2669 715 ibidem
2723 658 2934 715 inferre
2975 664 3076 716 aut
3122 675 3212 717 res
3256 662 3498 718 donatas
3542 665 3628 720 vel

1985 748 2188 803 amodo
2240 749 2441 804 devote
2490 749 2786 805 donandas
2847 762 3077 820 quoquo
3141 750 3306 806 modo
3357 749 3628 807 auferre:

1989 837 2181 907 potius
2223 842 2411 893 autem
2459 838 2685 893 firmum
2711 842 2767 893 et
2795 837 2867 893 ab
2904 838 3175 894 omnibus
3217 839 3629 896 immutilatum

1983 926 2347 983 custodiatur
2365 926 2433 982 ad
2458 928 2555 996 jus
2574 933 2631 982 et
2661 927 3011 996 protectione
3041 927 3189 983 beati
3221 928 3373 983 Petri
3400 933 3636 998 aposto-

1987 1014 2173 1072 lorum
2198 1016 2497 1086 principis.
2519 1016 2577 1071 Si
2599 1022 2808 1077 autem.
2833 1017 2983 1086 quod
3005 1017 3317 1073 humanum
3333 1020 3441 1086 est,
3458 1016 3636 1072 abbas

1989 1105 2248 1175 przedicti
2291 1105 2538 1161 ccenobii
2582 1105 2812 1172 obierit,
2862 1107 3225 1178 congregatio
3274 1106 3461 1177 ipsius
3508 1118 3637 1163 mo—

1990 1194 2227 1250 nasterii
2258 1207 2327 1249 ex
2348 1192 2557 1264 seipsis
2582 1194 2894 1249 secundum
2921 1195 3097 1251 Deum
3124 1200 3179 1251 et
3199 1196 3452 1267 regulam
3484 1194 3635 1251 beati

1988 1283 2299 1352 Benedicti,
2322 1297 2487 1354 quem
2503 1284 2768 1339 idoneum
2789 1298 2902 1353 prae
2917 1283 3194 1354 viderint,
3219 1284 3490 1341 concordi
3507 1290 3638 1341 voto

1991 1372 2194 1427 habeat
2221 1385 2441 1442 semper
2481 1373 2737 1444 eligendi,
2756 1377 2812 1429 et
2841 1374 3152 1430 secundum
3196 1388 3405 1431 morem
3440 1376 3499 1431 in
3528 1375 3639 1431 ab—

1990 1461 2174 1518 batem
2219 1460 2332 1518 sibi
2380 1462 2748 1533 praeticiendi.
2798 1465 2876 1518 De
2919 1464 3162 1520 decimis
3199 1470 3387 1521 autem
3432 1468 3637 1537 qumsti

1991 1550 2153 1615 estis,
2199 1565 2263 1606 eo
2295 1550 2443 1621 quod
2474 1551 2545 1606 de
2585 1551 2837 1622 propriis
2880 1552 3088 1608 vestris
3122 1567 3153 1609 a
3183 1554 3346 1611 vobis
3392 1555 3635 1624 persolvi

1991 1645 2341 1710 quaerantur.
2387 1639 2546 1711 Quod
2593 1640 2642 1696 si
2688 1640 2767 1696 ita
2811 1654 2871 1697 se
2918 1655 3007 1697 res
3048 1640 3235 1713 habet,
3284 1642 3389 1700 hoc
3433 1657 3503 1699 ne
3542 1644 3641 1699 ﬂat

1995 1730 2417 1799 interdicimus,
2462 1730 2707 1786 maxime
2744 1745 2873 1787 cum
2918 1732 3197 1801 scriptum
3228 1732 3307 1788 sit
3346 1746 3415 1788 ne
3458 1746 3643 1789 sacer-

1989 1819 2152 1875 dotes
2180 1819 2431 1874 decimas
2454 1819 2591 1874 dare
2614 1825 2909 1891 cogantur.
2943 1820 3223 1892 Quisquis
3252 1827 3462 1889 autem.
3488 1823 3637 1893 quod

1992 1922 2104 1963 non
2129 1913 2413 1978 optamus,
2439 1912 2549 1962 tam
2569 1908 2808 1977 eX‘ipsis
2827 1909 3206 1966 donatoribus
3227 1924 3395 1981 quam
3416 1924 3485 1966 ex
3506 1910 3643 1967 aliis

1993 1997 2294 2053 temerario
2318 2010 2463 2053 ausu
2484 1997 2554 2052 de
2573 1996 2804 2052 donatis
2820 1996 2990 2053 rebus
3005 1997 3089 2053 vel
3112 1999 3397 2055 donandis
3415 2000 3639 2070 aliquid

1992 2084 2217 2142 auferre
2259 2086 2705 2157 prazsumpserit,
2748 2085 2867 2141 sive
2911 2086 3226 2157 quamlibet
3256 2086 3643 2159 (calumniam)

1992 2175 2177 2231 eidem
2202 2175 2546 2231 monasterio
2574 2174 2827 2244 ipsiusve
2854 2175 3149 2231 monachis
3175 2175 3431 2247 ingerere
3451 2182 3644 2232 tenta—

1994 2264 2160 2334 verit,
2179 2269 2235 2320 et
2255 2268 2452 2320 contra
2471 2264 2575 2320 hoc
2599 2269 2856 2319 nostrum
2874 2264 3249 2334 apostolicum
3276 2266 3641 2338 privilegium

1995 2368 2160 2426 agere
2178 2368 2289 2410 non
2310 2352 2724 2424 formidaverit,
2749 2353 2896 2409 sciat
2915 2368 2975 2410 se
2991 2355 3374 2411 anathematis
3393 2355 3646 2412 vinculis

1998 2443 2412 2513 innodandum,
2438 2446 2494 2497 et
2525 2442 2639 2498 nisi
2669 2442 2978 2512 resipuerit
2997 2456 3028 2497 a
3055 2456 3223 2515 regno
3251 2443 3351 2498 Dei
3379 2442 3641 2499 alienan~

1998 2533 2155 2588 dum.
2176 2532 2285 2601 Qui
2317 2537 2504 2587 autem
2520 2544 2687 2587 verus
2716 2536 2911 2586 custos
2930 2536 2985 2586 et
3009 2530 3339 2588 observator
3361 2532 3537 2602 hujus
3565 2532 3647 2602 pii

2001 2622 2182 2677 nostri
2210 2621 2412 2677 statuti
2444 2620 2753 2691 exstiterit,
2785 2620 3238 2677 benedictionem
3268 2624 3325 2676 et
3353 2621 3593 2693 gratiam
3618 2634 3649 2675 a

2000 2711 2243 2767 Domino
2291 2712 2402 2766 Deo
2448 2714 2644 2767 nostro
2686 2709 2959 2780 consequi
3002 2716 3303 2765 mereatur.
3352 2709 3648 2780 Scriptum

2004 2815 2103 2870 per
2132 2814 2358 2856 manum
2390 2799 2574 2871 Sergii
2608 2799 2901 2856 scriniarii
2930 2803 3140 2855 sanctae
3162 2798 3424 2854 Romanae
3456 2799 3655 2854 Eccle-

2004 2889 2105 2945 sim
2143 2890 2202 2944 in
2237 2903 2427 2944 mense
2465 2888 2825 2960 Novembrio,
2874 2887 3191 2944 indictione
3234 2888 3648 2959 suprascripta,

2008 2992 2105 3047 per
2137 2991 2364 3034 manum
2408 2978 2680 3047 Stephani
2720 2977 3053 3033 cancellarii
3093 2983 3301 3033 sanctae
3331 2978 3486 3034 sedis
3510 2990 3656 3048 apo-

2006 3066 2244 3136 stolicae,
2268 3066 2580 3135 imperante
2603 3066 2840 3121 Domino
2859 3066 3124 3135 piissimo
3138 3066 3397 3138 Augusto
3411 3065 3655 3124 Arnulfo

2006 3166 2038 3209 a
2067 3155 2180 3209 Deo
2211 3158 2498 3209 coronato.
2543 3154 2687 3208 Bene
2721 3152 2919 3209 valete.

2286 3341 2346 3382 IN
2377 3341 2694 3389 SEQUENTE!
2726 3342 3025 3387 EPISTOLAM
3060 3346 3375 3390 ADMONITIO.

2009 3488 2250 3557 Sequens
2288 3490 2529 3544 Formosi
2553 3505 2721 3560 papa:
2748 3492 2976 3559 epistola
3008 3497 3386 3559 argumentum
3417 3492 3658 3562 prwbuit

2083 3559 2465 3638 disceptationi
2514 3563 2654 3616 inter
2701 3562 2962 3638 eruditos,
3018 3564 3182 3638 cujus
3226 3564 3469 3638 deﬁnitio
3513 3572 3660 3638 certa

2084 3646 2229 3702 nunc
2254 3634 2417 3685 etiam
2446 3637 2807 3702 ewspcctatur.
2833 3634 2965 3687 Cum
2984 3650 3105 3688 vero
3134 3636 3202 3689 cl.
3238 3637 3471 3690 Wilkins
3500 3634 3658 3690 suam

2084 3717 2147 3773 ea
2182 3701 2249 3755 de
2282 3719 2340 3754 re
2368 3704 2618 3757 exhibe-re
2658 3705 3022 3773 conjecturam
3059 3706 3112 3759 in
3145 3708 3438 3760 novissima
3472 3710 3661 3762 conci—

2087 3772 2282 3826 liorum
2320 3789 2522 3841 magna
2559 3775 2865 3829 Britanniae
2902 3780 2952 3829 et
3000 3776 3191 3831 Scotize
3228 3778 3532 3832 collectione
3575 3795 3663 3833 υο-

2086 3844 2459 3919 luerit,_quam
2491 3847 2596 3899 huc
2621 3849 2942 3914 transferre,
2971 3852 3023 3901 et
3050 3864 3136 3902 res
3155 3850 3278 3917 ipsa
3300 3850 3576 3919 poscebat,
3609 3854 3661 3904 et

2086 3915 2373 3970 lectoribus
2393 3932 2502 3970 non
2522 3919 2799 3984 ingratum
2822 3920 2941 3985 fore
2963 3921 3161 3987 putavi
3171 3915 3201 3988 “;
3227 3915 3348 3974 ideo
3373 3926 3433 3974 ut
3456 3925 3664 3975 contro-

2082 3988 2272 4039 versiae
2336 3993 2716 4054 argumentum
2775 3990 2966 4043 melius
3027 3994 3276 4045 teneatur
3337 3992 3507 4046 veluti
3560 3992 3661 4045 sub

2082 4062 2323 4125 aspectu,
2375 4063 2489 4112 tum
2530 4060 2815 4127 epistolam
2862 4062 3057 4128 ipsam,
3099 4077 3219 4115 cum
3260 4065 3309 4115 et
3352 4061 3657 4118 doctissimi

2082 4128 2234 4181 illius
2275 4129 2451 4196 Angli
2484 4129 2918 4184 dissertationem
2947 4131 3307 4187 eathibendam
3337 4133 3492 4187 duxi.

2770 4281 2906 4336 VIII.

2451 4417 2521 4457 an
2557 4383 2841 4458 sriscoros
2884 4417 3098 4459 ANGLIE
3128 4416 3159 4446 α
3190 4447 3203 4460 .

2082 4527 2380 4585 Fratribus
2422 4532 2479 4584 et
2510 4528 2653 4585 ﬁliis
2684 4528 2743 4584 in
2780 4528 3010 4586 Christo
3054 4530 3325 4587 omnibus
3365 4531 3657 4604 episcOpis

2007 4616 2249 4689 Anglize,
2288 4617 2595 4673 Fonmosus.

2008 4777 2198 4856 omnis
2224 4777 2381 4849 regio
2406 4777 2891 4856 Gevissorum,_i_d
2923 4785 3015 4856 est
3039 4781 3500 4856 \Vestsaxonum.
3530 4785 3653 4856 Quo

2007 4849 2226 4918 audito,
2260 4850 2625 4922 congregavit
2656 4863 2753 4904 rex
2782 4851 3094 4922 Edwardus
3126 4853 3405 4922 synodum
3438 4849 3655 4914 senato-

2008 4919 2354 4997 rumgentis
2382 4919 2716 4997 Anglorum,
2747 4921 2843 4997 cui
2874 4919 3213 4997 presidebat
3244 4924 3652 4997 Pleigmundus

2005 4990 2935 5063 archiepiscOpusCantuariensis
2975 4990 3652 5063 interpretans'districte

2003 5061 2172 5143 verba
2213 5062 2542 5143 apostolicae
2591 5062 2913 5143 legationis.
2956 5061 3253 5143 Tunc—rex
3296 5071 3647 5143 et_episcopi

2003 5132 2219 5209 elegere
2247 5133 2371 5209 sibi
2390 5134 2633 5209 suisque
2652 5132 3244 5209 salubreconsilium,
3276 5143 3333 5194 et
3350 5132 3514 5209 juxta
3546 5132 3652 5198 v6-

2002 5217 2121 5281 cem
2149 5204 2501 5281 Dominicam
2527 5222 2543 5281 ε
2574 5205 2764 5281 Messis
2808 5206 3028 5281 quidem
3056 5204 3250 5269 multa,
3288 5204 3528 5281 operarii
3552 5230 3653 5267 au-

2002 5279 2105 5355 tem
2142 5277 2310 5358 pauci
2360 5276 2569 5358 (Matth.
2624 5276 2721 5356 rx),
2781 5280 3071 5358 elegerunt
3118 5286 3174 5358 e_t_
3219 5276 3647 5358 constituerunt

2000 5348 2261 5424 singulos
2289 5348 2586 5424 episcopos
2614 5348 2866 5424 singulis
2897 5352 3213 5424 provinciis
3235 5354 3598 5410 Gevissorum
3625 5371 3643 5424 ς

1998 5423 2055 5493 et
2079 5419 2227 5488 quod
2256 5418 2393 5493 olim
2413 5419 2529 5493 duo
2558 5418 2909 5493 habuerunt,
2934 5422 2990 5477 in
3020 5425 3275 5493 quinque
3298 5418 3640 5480 diviserunt.

1996 5490 2135 5543 Acto
2150 5490 2396 5561 concilio
2412 5489 2882 5561 archiepiscopus
2902 5489 3130 5549 Romam
3153 5489 3282 5549 cum
3308 5495 3642 5550 honorificis

1999 5560 2335 5633 muneribus
2360 5561 2526 5627 adiit,
2556 5575 2754 5631 papam
2777 5560 2907 5618 eum
2934 5577 3132 5633 magna
3160 5564 3488 5621 humilitate
3509 5565 3638 5633 pla-

1995 5631 2165 5700 cavit,
2224 5631 2515 5703 decretum
2574 5633 2723 5702 regis
2780 5631 3059 5701 recitavit,
3119 5635 3268 5702 quod
3321 5631 3639 5703 apostolica

1999 5702 2244 5757 maxime
2288 5702 2522 5773 placuit.
2558 5703 2801 5759 Rediens
2836 5703 2895 5757 in
2926 5704 3190 5773 patriam,
3225 5704 3287 5761 in
3317 5702 3458 5761 urbe
3484 5706 3638 5766 Can-

1999 5774 2202 5830 tuarize
2232 5787 2345 5830 uno
2387 5773 2481 5829 die
2519 5779 2729 5843 septem
2770 5773 3069 5843 episcopos
3106 5777 3319 5844 septem
3361 5777 3638 5845 Ecclesiis
