4058 6154
473 281 581 342 847

1916 279 2218 338 FORMOSI
2255 281 2448 338 PAPJE

3726 303 3812 370 848

539 415 754 473 Audito
777 413 1048 470 nefandos
1073 414 1223 470 ritus
1247 426 1592 486 paganorum
1620 413 1763 483 [ms.,
1785 411 2004 468 auditis
2027 425 2115 468 ne-
2145 405 2195 465 A
2227 411 2611 482 Doroberniae,
2635 413 2756 470 sive
2783 413 3162 471 Canterberia‘.
3185 411 3328 488 [ms.,
3353 416 3706 496 Cantuburiaa]
3732 439 3812 482 ar-

472 504 773 560 fandorum
823 502 1037 558 ritibus
1082 502 1448 574 paganorum]
1495 501 1757 571 partibus
1802 501 1859 555 in
1908 500 2115 555 vestris

469 592 868 664 repullulasse,
895 598 952 647 et
977 605 1077 648 vos
1107 591 1362 647 tenuisse
1381 590 1700 659 silentium,
1725 595 1789 645 ut
1811 602 1980 644 canes
2002 602 2111 644 non

467 683 720 738 valentes
760 681 988 750 latrare,
1035 680 1228 754 gladio
1267 679 1649 749 separationis
1685 691 1716 733 a
1747 692 1982 748 corpore
2009 679 2110 734 Dei

470 769 720 826 Ecclesia
769 764 912 842 [ms.,
953 765 1238 842 Ecclesia]
1287 781 1388 824 vos
1434 766 1608 824 ferire
1641 766 2106 823 deliberavimus.

468 858 574 916 Sed
601 859 760 930 quia,
785 862 848 914 ut
873 857 1041 914 nobis
1069 857 1316 914 dilectus
1341 855 1517 912 frater
1546 861 1741 913 noster
1763 856 2112 912 l'lemundus

469 948 614 1020 [ms.,
654 947 1070 1019 Plegemundus
1108 947 1194 1000 hic
1227 951 1279 1000 et
1315 942 1490 1014 intra]
1533 945 1842 1014 intimavit,
1886 945 2108 1001 tandem

465 1037 810 1110 evigilastis.
843 1041 900 1092 et
927 1034 1146 1092 semina
1183 1034 1342 1090 verbi
1379 1035 1481 1089 Dei
1525 1033 1662 1089 olim
1707 1033 2114 1089 venerabiliter

459 1126 612 1196 jacta
641 1126 702 1182 in
731 1130 883 1181 terra
914 1124 1224 1196 Anglorum
1263 1122 1524 1192 cmpistis
1554 1135 1844 1188 renovare,
1876 1135 2114 1178 mucro-

464 1229 590 1272 nem
637 1213 1026 1270 devorationis
1073 1208 1220 1286 [ms.,
1275 1207 1680 1285 devotationis]
1733 1211 2107 1282 retrahentes,

459 1290 993 1372 Dei'omnipotentis
1007 1306 1064 1358 et
1079 1301 1229 1358 beati
1247 1301 1399 1356 Petri
1417 1301 1806 1370 apostolorum
1827 1301 2110 1372 principis

462 1390 915 1448 benedictionem
953 1389 1117 1447 vobis
1157 1388 1460 1460 mittimus,
1503 1395 1731 1446 orantes
1769 1394 1835 1446 ut
1866 1389 1924 1444 in
1969 1389 2110 1445 bene

461 1479 666 1550 coeptis
695 1479 1168 1549 perseverantiam
1202 1478 1476 1535 habeatis.
1511 1480 1621 1535 Vos
1649 1479 1802 1534 enim
1833 1479 1974 1535 estis
2003 1477 2112 1534 fra-

462 1575 598 1634 tres,
627 1568 698 1624 de
719 1567 934 1640 quibus
965 1567 1208 1639 loquens
1236 1567 1515 1624 Dominus
1547 1568 1697 1624 inter
1724 1567 1842 1623 alia
1873 1567 2068 1638 inquit
2093 1585 2106 1622 :

468 1659 572 1713 Vos
593 1659 720 1712 estis
738 1657 824 1711 sal
843 1661 1032 1728 terrae;
1055 1661 1106 1710 et
1124 1658 1173 1712 si
1195 1657 1280 1711 sal
1303 1658 1604 1719 evanuerit,
1631 1659 1692 1710 in
1711 1672 1816 1726 quo
1839 1657 2069 1712 satietur
2083 1659 2112 1712 ?

2225 501 2590 572 chiepiscopo
2611 503 2847 574 ejusque
2867 504 3298 560 successoribus
3318 504 3581 578 legitimis
3599 513 3809 570 eamdem

2223 589 2562 659 dignitatem
2593 591 2998 648 conﬁrmamus
3019 610 3036 655 ς
3061 592 3408 661 mandantes,
3438 599 3493 649 et
3518 600 3809 656 auctoritate

2219 678 2344 743 Dei,
2369 683 2423 733 et
2445 677 2593 733 beati
2623 679 2771 734 Petri
2799 681 3188 750 apostolorum
3218 680 3494 752 principis
3522 686 3814 756 praecipien-

2221 771 2324 832 tes,
2345 767 2468 835 utej
2480 781 2545 822 us
2556 768 2852 824 canonicis
2867 767 3356 838 dispositionibus
3369 783 3556 826 omnes
3569 771 3809 846 obediant,

2221 859 2278 909 et
2307 854 2505 911 nullus
2532 869 2729 911 eorum
2757 870 2882 926 quae
2910 857 2962 912 ei
2995 856 3235 928 suisque
3264 859 3672 916 successoribus
3696 875 3813 932 apo-

2221 943 2426 999 stolica
2467 945 2810 1001 auctoritate
2850 958 3116 1001 concessa
3161 950 3316 1016 sunt,
3357 947 3592 1004 violator
3623 950 3807 1008 existat.

2219 1031 2277 1087 Si
2299 1037 2488 1088 autem
2517 1032 2710 1103 quivis
2732 1033 3028 1090 hominum
3058 1039 3255 1090 contra
3283 1033 3400 1090 haec
3419 1035 3708 1106 aliquando
3727 1039 3809 1096 niti

2219 1133 2285 1175 ac
2309 1121 2650 1177 imminuere
2679 1121 2984 1178 tentaverit
3011 1122 3176 1192 sciat,
3202 1135 3260 1178 se
3282 1122 3476 1192 procul
3503 1123 3665 1180 dubio
3691 1127 3812 1182 mul-

2219 1209 2485 1265 ctandum
2519 1208 2638 1266 fore
2666 1211 2822 1279 gravi
2845 1211 3220 1279 anathemate,
3253 1216 3311 1266 et
3341 1225 3371 1266 a
3391 1225 3615 1280 corpore
3637 1218 3810 1269 sanctae

2217 1298 2504 1368 Ecclesiae,
2527 1313 2695 1369 quam
2720 1299 3042 1370 inquietare
3070 1299 3327 1368 molitur,
3355 1305 3612 1370 perpetuo
3633 1301 3730 1358 nisi
3751 1317 3811 1358 re-

2219 1387 2466 1457 sipuerit
2510 1387 2909 1458 separandum.

2698 1546 2836 1587 NOTA
2875 1545 3097 1586 DAVIDIS
3132 1545 3390 1586 WILKINS.

2293 1679 2318 1710 α
2347 1659 2520 1712 Error
2549 1657 2645 1712 hic
2676 1655 3118 1712 inextricabilis.
3150 1655 3534 1728 Deprehendit
3557 1655 3812 1728 Baronius,

460 1744 674 1816 (Matth.
702 1745 781 1818 v.)
805 1747 873 1801 Et
894 1727 1101 1801 iterum
1125 1762 1139 1798 :
1168 1746 1274 1800 Vos
1299 1747 1427 1800 estis
1454 1745 1552 1799 luat
1567 1745 1762 1798 mundi
1783 1745 1968 1818 (ibid.)
1995 1763 2012 1799 :
2035 1745 2092 1802 si

2218 1733 2274 1818 BE
2303 1729 2578 1818 medetur:
2613 1728 2698 1818 1‘.“
2725 1729 3267 1818 oricat2§,9s.t.:.ss!
3295 1727 3637 1818 iratis?”
3658 1727 3815 1818 ζωοί»

463 1833 734 1906 gniﬁcare
759 1834 953 1890 volens
975 1846 1072 1904 per
1096 1833 1252 1889 verbi
1279 1833 1619 1904 sapientiam
1644 1833 1868 1890 condiri
1893 1840 2109 1890 mentes

463 1922 760 1979 hominum
780 1936 812 1978 a
831 1922 994 1980 vobis
1013 1922 1215 1978 debere
1233 1939 1250 1992 ;
1267 1927 1325 1978 et
1345 1923 1405 1978 in
1429 1921 1705 1994 moribus,
1729 1929 1785 1978 et
1807 1923 1866 1978 in
1888 1922 2005 1978 vita
2024 1936 2111 1978 ve-

459 2015 577 2068 stra
612 2011 773 2068 bona:
796 2011 1046 2068 actionis
1074 2011 1354 2082 studium,
1402 2012 1568 2082 quasi
1611 2011 1803 2068 lumen
1834 2026 2108 2082 apparere

461 2099 613 2169 ﬁdei,
647 2114 746 2172 per
770 2101 921 2172 quod
948 2101 1272 2174 gradientes
1300 2101 1370 2156 ad
1401 2101 1600 2171 vitam,
1627 2101 1911 2172 quomodo
1940 2107 2104 2158 caute

455 2188 768 2251 ambulent.
785 2190 1036 2260 videant,
1056 2194 1120 2246 ut
1137 2189 1206 2246 ad
1227 2189 1666 2259 promissionem
1691 2194 1915 2246 aeternae
1933 2189 2105 2247 beati-

455 2277 678 2334 tudinis
714 2278 842 2334 sine
869 2277 1082 2334 offensa
1121 2284 1416 2335 currentes
1454 2279 1677 2336 valeant
1716 2280 2028 2348 pervenire.

521 2365 685 2422 Nunc
709 2366 1095 2438 accingimini-
1114 2379 1270 2438 ergo,
1302 2371 1359 2422 et
1387 2367 1624 2438 vigilate
1654 2372 1854 2422 contra
1884 2367 2101 2423 leonem

453 2453 552 2525 qui
579 2454 792 2510 circuit
822 2451 966 2528 [ms.,
995 2455 1306 2524 circumit],
1338 2468 1602 2525 quaerens
1633 2468 1798 2524 quem
1830 2455 2096 2522 devoret;

450 2547 506 2596 et
536 2554 648 2596 non
676 2542 977 2610 patiamini
1011 2543 1259 2599 ulterius
1290 2543 1348 2597 in
1385 2542 1616 2614 regione
1644 2547 1830 2598 vestra
1859 2542 2099 2612 penuria

451 2634 743 2700 pastorum
779 2630 1166 2686 Christianam
1199 2631 1362 2686 tidem
1395 2631 1537 2701 [ms.,
1583 2630 1938 2704 religionem]
1970 2632 2102 2688 vio—

451 2715 582 2780 lari,
610 2731 833 2790 gregem
856 2717 956 2774 Dei
981 2719 1196 2790 vagari,
1217 2719 1493 2790 dispergi,
1517 2719 1812 2788 dissipari.
1837 2721 1942 2776 Sed
1967 2733 2097 2777 cum

451 2819 604 2862 unus
628 2807 864 2878 obierit,
889 2807 1034 2863 alter
1062 2807 1163 2878 qui
1197 2807 1438 2864 idoneus
1460 2806 1638 2864 fuerit
1661 2809 1934 2864 canonice
1961 2824 2098 2870 nro-

451 2895 612 2956 tinus
639 2895 998 2968 subrogetur.
1027 2897 1165 2951 Nam
1191 2897 1503 2952 secundum
1537 2896 1712 2967 legem
1741 2897 1936 2967 plures
1960 2897 2094 2954 facti

451 2989 588 3040 sunt
615 2985 956 3057 sacerdotes,
988 2998 1054 3042 eo
1085 2986 1235 3055 quod
1270 2990 1448 3040 morte
1475 2985 1918 3056 prohiberentur
1949 2983 2092 3060 [ms.,

2217 1813 2332 1854 rem
2363 1799 2593 1870 ingerit.
2626 1797 2811 1861 Anno,
2846 1799 3041 1868 inquit
3071 1797 3566 1868 Malmesburgius,
3589 1813 3674 1868 qut
3695 1815 3816 1852 ana.

2213 1873 2424 1925 tivitatc
2456 1872 2672 1924 Domini
2702 1871 2969 1924 transacti
3000 1874 3129 1924 sunt
3161 1871 3425 1936 nongenti
3445 1875 3678 1938 quatuor,
3696 1871 3813 1924 misit

2204 1958 2360 2012 papa
2397 1943 2680 1995 Formosus
2726 1943 2786 1995 in
2823 1940 3087 2008 Angliam
3130 1941 3414 2012 epistolas,
3463 1941 3643 2008 quibus
3679 1941 3815 2012 dabat

2212 2011 2814 2067 emcommunicationcm
2865 2016 2916 2065 et
2964 2011 3406 2065 interdictionem
3457 2013 3570 2079 regi
3625 2011 3812 2064 Edwar-

2213 2083 2303 2146 do,
2336 2092 2442 2139 etc.
2481 2084 2562 2139 Ad
2612 2083 2718 2138 hoc
2765 2083 3049 2138 Barionus
3078 2100 3091 2136 :
3119 2085 3207 2136 Ita
3255 2081 3597 2146 Willielmus,
3639 2081 3810 2152 inquit,

2213 2156 2272 2208 Μ
2271 2155 2709 2209 almesbur-iensis
2727 2171 2742 2222 ;
2765 2154 2861 2207 sed
2867 2157 3004 2223 puto
3023 2155 3154 2207 vitio
3168 2155 3474 2223 scriptoris,
3494 2153 3630 2222 quod
3643 2157 3814 2219 factum

2213 2231 2290 2280 est
2325 2227 2422 2280 hoc
2449 2241 2592 2280 anno
2622 2225 3058 2292 octingentesimo
3096 2227 3450 2292 nonagesimo
3493 2227 3687 2293 quarto,
3713 2225 3816 2278 scri-

2205 2302 2363 2366 ptum
2389 2297 2493 2364 legi
2517 2311 2660 2350 anno
2690 2297 3090 2362 nongentesimo
3121 2300 3345 2364 quarto,
3377 2295 3452 2349 ad
3479 2295 3616 2363 quod
3638 2299 3812 2366 tempus

2212 2363 2415 2422 certum
2443 2363 2562 2430 est,
2617 2383 2726 2420 non
2774 2369 3016 2436 potuisse
3049 2363 3348 2436 perveni-rc
3394 2369 3702 2426 Formosum,
3728 2363 3815 2418 sed

2213 2440 2368 2506 longo
2401 2444 2528 2492 ante
2567 2453 2677 2492 esse
2717 2439 3053 2506 defunctum.
3099 2437 3265 2492 Recte
3301 2437 3485 2508 quoad
3520 2437 3806 2508 Formosum

2211 2524 2451 2579 papam;
2480 2509 2574 2565 sed
2610 2522 2720 2564 non
2753 2509 2944 2564 minus
2969 2509 3085 2577 jam
3117 2507 3400 2564 erratrice
3432 2509 3604 2578 quoad
3633 2507 3814 2562 Edwar-

2209 2581 2342 2636 dum
2386 2594 2592 2650 regem.
2641 2579 2733 2634 Uti
2777 2579 2930 2635 enim
2975 2580 3287 2650 Formosus
3318 2583 3700 2650 mortuusiest
3739 2589 3815 2650 per

2209 2647 2551 2707 novennium
2583 2656 2713 2705 ante
2741 2664 2952 2706 annum
2991 2649 3222 2720 Domini
3260 2647 3394 2720 904,
3435 2650 3518 2705 sic
3551 2647 3815 2720 Edwardus

2208 2736 2318 2778 non
2341 2728 2426 2778 est
2449 2722 2736 2778 salutatus
2758 2736 2855 2776 rex
2878 2722 2936 2776 in
2959 2734 3111 2776 anno
3127 2718 3253 2790 904,
3281 2718 3390 2777 nec
3412 2735 3507 2791 per
3526 2719 3813 2776 sexennium

2207 2799 2422 2862 postea,
2465 2793 2514 2848 si
2543 2793 2615 2848 de
2664 2793 2877 2848 nostris
2911 2792 3091 2848 nostri
3133 2805 3244 2848 non
3289 2793 3606 2848 caecutiant.
3643 2791 3808 2862 verum

2209 2859 2392 2935 igitur
2411 2859 2460 2920 Si
2481 2863 2656 2920 fuerit
2674 2864 2822 2934 quod
2845 2864 3151 2935 Formosus
3174 2863 3280 2920 hoc
3311 2860 3729 2935 promulgaverit
3748 2859 3814 2935 in-

2209 2929 2532 3002 térdictum,
2555 2935 2676 2990 ﬁeri
2691 2929 2923 2990 necesse
2938 2939 3024 2989 est
3041 2933 3098 2988 in
3117 2929 3378 3004 tempore
3393 2929 3616 2989 Aluredi
3636 2929 3807 3004 Magni,

2207 3007 2308 3076 qui
2332 3007 2467 3062 licet
2489 3007 2640 3077 regis
2662 3004 2960 3077 fruebatur
2981 3004 3173 3077 titulo,
3195 3005 3429 3062 ditione
3455 3009 3628 3059 tamen
3647 3004 3816 3072 pulsus

451 3069 922 3147 prohibebantur]
957 3087 1303 3143 permanere.
1337 3075 1496 3143 Quod
1522 3073 1697 3130 David
1726 3075 2098 3130 considerans
2125 3087 2174 3151 ί]
2205 3069 2291 3151 est
2321 3091 2352 3132 a
2381 3069 2580 3144 Danis,
2611 3089 2712 3132 nec
2749 3076 2904 3151 hanc
2936 3077 3080 3131 satis
3111 3069 3687 3151 integre_readep_tus,
3708 3084 3814 3151 cum

451 3157 570 3234 [ms.
603 3161 762 3224 add.,
793 3167 850 3217 et
880 3161 939 3216 in
985 3162 1196 3232 spiritu
1238 3162 1456 3218 Christi
1494 3162 1803 3217 Ecclesiam
1844 3161 2096 3218 futuram

447 3248 568 3308 fore
607 3263 1035 3320 permansurum
1071 3251 1142 3306 ad
1188 3251 1355 3306 tinem
1399 3265 1580 3322 usque
1623 3251 1818 3308 saeculi
1865 3252 2100 3322 prospi—

443 3335 624 3414 ciens]
667 3340 752 3396 ait
783 3359 796 3395 :
827 3342 933 3394 Pro
982 3341 1234 3410 patribus
1287 3343 1396 3396 tuis
1438 3347 1733 3396 nascentur
1780 3337 1932 3414 [ms.,
1976 3343 2098 3396 nati

443 3429 592 3500 sunt]
627 3430 728 3484 tibi
767 3431 890 3500 ﬁlii,
931 3433 1222 3484 constitues
1265 3445 1350 3485 eos
1386 3433 1665 3501 principes
1697 3447 1863 3500 super
1889 3447 2095 3485 omnem

443 3522 644 3574 terram
670 3513 749 3591 [in
777 3533 984 3572 omnem
1005 3523 1206 3572 terram
1234 3519 1445 3574 desunt
1466 3519 1525 3574 in
1559 3516 1686 3592 ms.]
1722 3519 1889 3588 (Psal.
1922 3519 2088 3590 xuv).

443 3606 614 3662 Nulla
645 3606 839 3676 itaque
869 3619 1024 3661 mora
1052 3607 1129 3660 sit
1153 3606 1502 3676 subrogandi
1534 3605 1734 3678 alium,
1761 3619 1891 3661 cum
1923 3607 2094 3676 quili-

442 3692 538 3750 bet
565 3694 921 3750 sacerdotum
953 3707 1021 3748 ex
1055 3693 1159 3748 hac
1189 3693 1308 3748 vita
1340 3693 1707 3764 migraverit;
1739 3695 1834 3749 sed
1870 3708 1998 3750 mox
2029 3701 2093 3750 ut

443 3782 556 3847 illi,
585 3783 686 3852 qui
719 3777 918 3850 primaé
946 3781 1100 3836 sedis
1132 3781 1517 3850 principatum
1551 3795 1769 3853 gerens,
1810 3783 1961 3838 inter
1993 3797 2092 3838 vos

441 3869 664 3926 caeteris
683 3869 972 3938 episcOpis
1000 3882 1238 3937 praeesse
1261 3869 1645 3941 dignoscitur,
1671 3869 1870 3926 fratris
1895 3871 2090 3928 obitus

441 3957 618 4014 fuerit
632 3957 1028 4029 denuntiatus,
1048 3955 1198 4012 facta
1217 3957 1495 4014 electione
1511 3959 1785 4016 canonica
1805 3960 1948 4017 alter
1963 3975 2090 4017 con-

440 4050 696 4102 secratus
715 4045 1000 4102 succedat.
1029 4044 1174 4113 Quis
1193 4051 1381 4103 autem
1403 4046 1553 4103 inter
1572 4063 1671 4104 vos
1698 4049 2086 4120 principatum

363 4171 369 4178 -
439 4140 630 4190 tenere
658 4133 877 4205 debeat,
911 4148 1103 4206 quaeve
1133 4135 1294 4192 sedes
1322 4136 1667 4208 episcopalis
1697 4139 1920 4195 caeteris
1950 4153 2086 4208 prte-

441 4222 651 4294 polleat
681 4222 996 4294 habeatque
1022 4223 1352 4295 primatum,
1376 4225 1688 4284 abolitanis
1713 4223 1855 4299 [ms.,
1882 4227 1953 4282 ab
1977 4228 2080 4284 oli-

439 4310 611 4389 tanis]
645 4313 1002 4384 temporibus
1031 4315 1398 4371 notissimum
1425 4323 1529 4371 est.
1559 4318 1719 4385 Nam,
1755 4323 1820 4372 ut
1843 4331 1912 4372 ex
1933 4317 2088 4373 scri-

438 4403 554 4474 ptis
574 4403 722 4460 beati
745 4403 1028 4476 Gregorii,
1051 4405 1289 4474 ejusque
1310 4418 1704 4460 successorum
1725 4412 1999 4478 tenemus,
2023 4406 2081 4461 in

433 4492 799 4550 Doroberniaa
841 4489 987 4566 [ms.,
1031 4488 1404 4566 Dorobernia]
1444 4493 1678 4548 civitate
1722 4495 2080 4565 metmpolim

433 4581 736 4650 sedemque
784 4581 1025 4650 primam
1074 4579 1454 4650 episcopalem
1505 4589 1724 4638 canstat
1752 4597 1874 4639 esse
1920 4583 2080 4654 regni

429 4669 765 4740 Anglorum,
788 4669 884 4724 cui
909 4668 1254 4724 venerabilis
1279 4667 1454 4726 frater
1487 4677 1678 4727 noster
1706 4671 2082 4728 Pleimundus

433 4769 586 4812 nunc
607 4769 846 4825 praeesse
871 4755 1271 4828 dignoscitur;
1291 4758 1459 4828 cujus
1482 4759 1750 4816 honorem
1771 4760 2080 4832 dignitatis

434 4858 539 4901 nos
580 4843 698 4901 ullo
730 4848 890 4914 pacto
930 4843 1198 4900 imminui
1245 4847 1651 4920 permittimus,
1699 4851 1793 4906 sed
1837 4851 1888 4906 ei
1923 4851 2074 4907 vices

429 4933 774 5004 apostolicas
818 4947 916 5004 per
947 4934 1140 4990 omnia
1177 4949 1370 5006 gerere
1409 4940 1762 4996 mandamus.

498 5023 569 5078 Et
592 5021 744 5077 sicut
767 5021 968 5078 beatus
995 5023 1307 5096 Gregorius
1334 5039 1476 5095 papa
1506 5027 1692 5096 primo
1721 5032 1921 5084 vestra:
1947 5043 2078 5101 gen-

429 5111 508 5167 tis
535 5109 802 5180 episcopo
839 5111 1163 5182 Augustino
1193 5126 1388 5168 omnes
1431 5114 1740 5186 Anglorum
1773 5118 2074 5188 episcopos

427 5212 550 5256 esse
579 5198 864 5268 subjectos
888 5199 1211 5269 constituit,
1235 5201 1320 5256 sic
1346 5215 1449 5257 nos
1470 5205 1880 5272 praenominato
1905 5205 2073 5264 fratri

427 5304 764 5376 ordinavit:
810 5303 1209 5376 Fridestanum
1256 5302 1377 5376 [al.,
1425 5307 1945 5374 Frethelsthanumi
2001 5315 2069 5370 ad

423 5375 914 5454 Wintonieus'em,
934 5374 1302 5454 Adelstanuin
1325 5379 1394 5433 ad
1410 5379 1559 5454 Corn
1571 5379 1890 5454 urbensem,
1913 5378 2072 5441 Wer-

425 5454 654 5505 stanum
685 5446 754 5502 ad
785 5445 1346 5516 Schirebornensem,
1391 5449 1770 5506 Athelelmum
1803 5445 2069 5512 ad'Wel-

427 5520 661 5588 lensem,
693 5515 988 5575 Eidulfum
1017 5517 1087 5573 ad
1117 5518 1470 5575 Cridiensem
1499 5519 1559 5575 in
1585 5522 1852 5580 Devonia.
1875 5526 1980 5582 Sed
2011 5535 2069 5585 et

425 5589 910 5663 aliisjprovinciis
937 5589 1242 5663 constituit
1269 5591 1416 5647 duos
1443 5592 1758 5663 episcopos.
1790 5595 2069 5654 Australi-

425 5659 536 5718 bus
557 5659 879 5718 saxonibus
902 5661 1089 5717 virum
1113 5660 1382 5720 idoneum
1401 5659 1734 5738 Bernegtim,
1761 5672 1817 5724 et
1838 5669 2067 5728 Merciis

2206 3149 2511 3204 Formosus
2543 3141 2682 3217 pene
2712 3147 3102 3217 pontificatum
3137 3141 3302 3201 iniit.
3329 3141 3736 3217 Errasse'igit'ur
3755 3141 3816 3196 vi-

2203 3219 2408 3275 deatur
2433 3214 2890 3286 Malinesburius,
2915 3225 3015 3272 aut
3038 3217 3292 3286 scriptor
3318 3214 3656 3288 aliquis,v’el
3681 3215 3732 3288 in
3756 3224 3816 3266 re-

2205 3304 2327 3360 gem
2363 3289 2757 3345 interdictioni
2798 3283 3179 3358 subjicienda,
3212 3289 3308 3344 vel
3343 3283 3660 3343 Ed'wardum
3698 3283 3816 3339 forte

2204 3359 2306 3435 pro
2326 3362 2593 3435 Aluredo.
2621 3361 2725 3416 Sed
2741 3373 2866 3435 nec
2883 3360 2987 3416 hoc
3006 3359 3445 3435 er_rorem_tollit
3463 3378 3474 3414 :
3495 3371 3614 3414 nam
3636 3361 3814 3435 septem

2206 3427 2296 3488 illi
2329 3447 2472 3502 quos
2494 3433 2553 3486 in
2586 3446 2699 3487 una
2722 3431 2818 3487 die
2841 3429 3019 3502 factos
3045 3430 3164 3486 dici
3186 3431 3514 3500 episcopos,
3532 3443 3649 3502 non
3675 3427 3813 3482 electi

2203 3499 2492 3558 sunt—ante
2534 3517 2666 3558 ann.
2703 3504 2859 3557 Dom.
2910 3499 3042 3570 904,
3085 3515 3186 3557 nec
3221 3499 3542 3558 consecrati
3585 3503 3813 3569 postmo-

2202 3575 2562 3650 dum,_donec
2583 3573 2966 3650 Plegmundus
2989 3573 3468 3650 archiepiscopus
3489 3573 3594 3650 iter
3617 3571 3816 3650 Romam

2201 3645 2584 3714 expediverat,
2616 3652 2672 3700 et
2694 3643 3004 3714 epistolam
3048 3643 3307 3715 (quamga
3341 3658 3482 3715 papa
3514 3643 3580 3698 ad
3623 3643 3818 3715 episco-

2202 3712 2304 3785 pon
2336 3712 2756 3792 hic‘dedim‘usj
2789 3729 2900 3792 una
2939 3712 3072 3792 cum
3087 3712 3810 3792 ’absolu_t’ione__detulisset,

2199 3801 2348 3861 anno
2370 3787 2594 3861 scilicet
2612 3785 2820 3861 905ml
2845 3787 2998 3861 hunc
3015 3787 3274 3861 circiter.
3313 3785 3652 3861 Inscribitur
3670 3785 3814 3861 etiam

2199 3858 2439 3928 cpistola
2474 3859 2573 3914 illa
2605 3857 2746 3914 solis
2775 3857 3062 3926 episcopis
3089 3857 3348 3928 .Angliaa.
3379 3863 3436 3913 et
3463 3858 3532 3913 de
3565 3866 3682 3924 rege
3715 3851 3814 3928 illic

2200 3918 2269 4000 ne
2297 3930 2529 3987 verbum
2563 3918 2994 4000 quidemiadeo
3026 3934 3088 3984 ut
3115 3928 3174 4000 in
3193 3918 3392 3984 dubio
3418 3928 3500 4000 sit
3522 3940 3590 4000 an
3622 3918 3709 4000 rex
3729 3918 3816 4000 sub

2201 3993 2871 4076 interdictoponebatur.
2899 3999 3060 4076 Certe
3086 3998 3136 4054 si
3158 4012 3292 4053 cum
3319 3995 3710 4076 Malmesburio
3737 3993 3811 4076 hu:

2193 4071 2290 4139 jus
2342 4071 2634 4127 interdicti
2686 4076 2742 4124 et
2783 4070 3040 4140 epistolae
3079 4076 3374 4126 auctorem
3427 4070 3813 4137 susceperimus

2197 4143 2528 4198 Formosum
2560 4155 2780 4212 papam,
2819 4142 2876 4196 in
2909 4141 3176 4212 historiis
3208 4142 3433 4198 nostris
3461 4141 3654 4212 ingens
3681 4145 3814 4191 error

2197 4219 2304 4286 est,
2335 4220 2391 4268 et
2417 4228 2485 4286 ne
2514 4214 2585 4268 ab
2612 4211 2830 4282 (Edipo
2854 4211 3216 4286 extricabilis
3250 4231 3264 4280 ς
3298 4214 3396 4269 sed
3424 4213 3478 4286 isi
3515 4211 3810 4286 Formosum

2197 4283 2526 4355 subrepisse
2569 4297 2825 4340 censeam
2859 4297 2959 4352 pro
2991 4285 3172 4339 Leone
3202 4297 3350 4354 papa
3388 4285 3452 4354 V,
3483 4295 3591 4337 non
3621 4291 3713 4350 ego
3739 4283 3809 4329 vi-

2116 4389 2168 4450 D
2193 4353 2484 4450 “851.519.”.
2514 4356 2836 4450 23993352
2863 4355 3468 4450 (ἐΈῘέΞδλιῗέξέίῗὲηξιίθέ
3479 4363 3724 4450 Ἦῧιίέξωιξέ

2265 4417 2488 4496 Quibus
2513 4425 2839 4498 Spelmanni
2869 4426 3024 4498 notis
3053 4425 3364 4498 stricturas
3383 4417 3624 4498 addidit
3663 4417 3809 4498 Gahbr.

2191 4488 2516 4554 Cossartius
2551 4488 2607 4552 in
2640 4497 2776 4552 edit.
2807 4497 3024 4553 Concil.
3060 4496 3170 4552 vol.
3205 4497 3305 4568 1X,
3340 4511 3466 4567 pag.
3503 4491 3596 4568 431
3628 4508 3653 4568 :_
3677 4510 3701 4540 α
3723 4488 3806 4556 Si"

2193 4569 2402 4624 nodum
2443 4569 2814 4639 Anglicanam
2844 4567 3117 4624 attribuit
3162 4563 3688 4639 Malmesburiensis
3718 4570 3806 4639 nor.

2189 4653 2338 4696 anno
2381 4637 2506 4702 904,
2535 4634 2618 4695 ἰιι
2647 4640 2732 4694 ait
2775 4640 3054 4695 Baronius
3080 4659 3095 4706 ς
3120 4639 3216 4694 sed
3252 4637 3583 4697 905ςαηηο,
3626 4634 3806 4700 inquit1

2189 4725 2294 4778 quo
2326 4727 2361 4764 (ι
2387 4713 2690 4767 Nativitatc
2729 4713 2996 4767 transacti
3027 4715 3154 4764 sunt
3191 4713 3329 4763 anni
3373 4707 3500 4765 904.
3533 4707 3697 4774 Quem
3713 4711 3810 4778 319:

2189 4771 2325 4836 imm
2357 4783 2491 4872 imis
2523 4786 2836 4872 negetoe‘sse
2875 4780 3390 4872 nongentesimum'
3426 4771 3810 4872 quintum"

2186 4839 2572 4925 consentiunt,
2592 4839 3807 4925 ﬁtvides,factaﬁantuariensisEcclesiazstrd

2185 4923 2292 4978 nod
2305 4939 2370 4978 us
2383 4924 2476 4979 hic
2487 4938 2547 4980 se
2558 4921 3196 4992 odertvindicedignus,
3211 4936 3380 4992 quem
3400 4927 3524 4991 post
3537 4921 3811 4990 Barouium

2183 4994 2588 5065 animadvertit
2618 4995 2888 5050 collector
2916 4991 3288 5065 Anglicanus.
3324 4994 3440 5065 Qui
3471 4991 3622 5046 enim
3649 4995 3812 5065 conc}:

2185 5063 2327 5121 lium
2354 5065 2458 5122 hoc
2487 5065 2679 5121 haberi
2703 5079 2852 5120 anno
2884 5055 3314 5136 nongentesimo
3345 5055 3550 5118 'uinto
3584 5055 3811 5130 potuerit

2185 5135 2292 5189 sub
2322 5137 2588 5189 Formosa
2629 5149 2788 5189 uana.
2832 5137 2932 5189 aui
2963 5136 3133 5189 annis
3171 5139 3299 5189 ante
3339 5079 3534 5189 decem
3567 5121 3811 5186 obierat?

2185 5135 2292 5192 sub
2322 5121 2588 5193 Formoso
2629 5149 2789 5206 papa,
2832 5137 2932 5205 qui
2963 5121 3133 5191 annis
3171 5121 3534 5208 autetiam!“
3567 5121 3812 5208 δδίθτξιῖ

2181 5208 2306 5278 Quo
2336 5214 2498 5278 pacto
2541 5205 2867 5278 pontiﬁcias
2902 5208 3126 5263 litteras
3157 5206 3226 5261 ad
3251 5205 3596 5259 Edwardum
3626 5205 3808 5255 senio-

2180 5314 2556 5384 Cenulphum,
2589 5314 2658 5369 ad
2693 5314 2982 5370 civitatem
3026 5309 3364 5384 Dorcestrite
3399 5309 3632 5384 inpago
3668 5303 3812 5384 Οξοέ-

2182 5387 2291 5442 nite
2315 5405 2329 5454 ;
2355 5378 2459 5444 boc
2483 5378 2654 5441 etiam
2681 5390 2864 5441 totum
2899 5398 3038 5455 papa
3065 5381 3340 5455 ﬁrmavit,
3366 5387 3433 5435 ut
3456 5378 3807 5455 damnaretur

2181 5459 2241 5514 in
2271 5445 2626 5529 perpetuum,
2661 5457 2759 5529 qui
2809 5445 2916 5529 hoc
2957 5445 3268 5511 i'ntirmaret
3307 5445 3623 5507 decretum.
3647 5445 3806 5529 _Misgil

2176 5518 2350 5586 etiam
2373 5518 2443 5582 'in
2485 5518 2836 5585 Britanniam
2874 5527 3115 5594 lttteras.
3159 5536 3402 5598 quarum
3443 5518 3725 5590 exemplar
3749 5524 3802 5568 se

2177 5601 2399 5674 quitur.
2441 5617 2468 5649 n
