4060 6150
266 223 380 282 853

269 345 429 408 tium,
466 350 572 404 etc.

273 423 402 486 post
431 432 520 474 an.
565 418 691 476 8J1.
721 436 835 492 quo
877 421 970 478 hic
999 418 1250 492 pontifex
1282 427 1568 484 Romanus
1613 418 1919 486 ordinat-us

267 495 377 569 est,
415 496 472 546 et
514 500 810 562 postquam
857 493 1026 550 Fulco
1063 497 1544 569 archiepiscopus
1583 501 1916 558 Rhemensis

267 561 417 640 duas
475 576 602 640 mox
662 561 1002 640 memoratas
1063 561 1305 638 litteras,
1362 561 1606 640 quarum
1661 573 1920 629 meminit

273 633 626 714 Flodoardus
655 635 724 690 ad
748 634 981 714 Alfredn
1010 633 1460 714 a_regem,'et'ad
1485 641 1916 714 Plegmundum

269 704 771 786 archiepiscopum
793 704 1663 786 Cantuariensemscripsisset;
1696 729 1822 770 cnm
1858 717 1915 771 in

272 777 352 854 iis
376 777 543 831 verba
577 777 746 854 faciat
771 779 837 830 de
862 783 1275 846 perversissima
1296 777 1439 838 secta
1460 777 1753 854 paganicis
1776 803 1922 840 erro-

269 847 427 924 ribus
451 853 1079 924 exertu,_memoret(]ue
1100 856 1404 924 incestuosa
1436 847 1671 910 litcciu‘iw
1698 860 1919 924 fomen-

268 923 348 987 ta,
385 919 470 974 uti
498 919 568 974 ab
587 919 822 997 Alfordo
855 919 1032 997 citato
1061 923 1440 997 observatum,
1470 928 1570 996 qui
1591 919 1754 982 addit
1782 929 1920 985 Ead-

270 1003 492 1044 merum
521 992 857 1046 monachum
896 993 1368 1052 Cantuariensem
1410 992 1699 1053 auctorem
1736 1011 1916 1055 accu—

270 1066 459 1116 ratum
499 1060 1144 1144 Ietnalalmesbu‘riehsi
1189 1068 1590 1144 antiquiorem
1661 1069 1915 1144 Formosi

269 1145 475 1186 nomen
497 1132 592 1204 his
611 1133 824 1189 litteris
843 1131 1160 1204 prgefixisse
1188 1138 1245 1193 in
1275 1131 1375 1194 lib'.
1395 1154 1426 1195 ν
1450 1142 1754 1196 Novorum.
1777 1143 1921 1197 llinc

268 1215 383 1285 non
401 1203 666 1285 malescri
675 1207 790 1285 psit
805 1203 1218 1285 Parkerus,_vir
1237 1224 1268 1265 e
1288 1212 1917 1285 sectaProtestantium,

269 1273 330 1328 in
353 1273 790 1353 Anth._Britan.
824 1279 960 1353 dum
979 1279 1049 1334 de
1073 1273 1418 1352 Plegmundo
1437 1283 1726 1353 loquitur:
1759 1273 1922 1338 Tam-'-

258 1360 374 1414 pus
395 1347 766 1414 effeminatum
817 1351 914 1408 hoc
966 1354 1140 1420 fuisse
1171 1347 1483 1408 'Varnerus
1511 1347 1592 1408 ’ἱη
1637 1355 1920 1409 Fasciculo

1195 230 1588 287 STEPHANUS
1635 231 1809 289 PAPA
1857 235 1926 290 VI
1969 210 2040 274 '—
2077 234 2354 291 NOTITIA
2390 233 2748 316 IIISTORICA

3571 226 3680 288 854

608 347 796 432 Quare
823 349 944 432 haec
975 350 1216 432 epistola
1260 355 1394 432 d_ata
1419 370 1450 411 a
1477 357 1744 432 Formoso
1775 373 1916 430 papa
1946 359 2004 422 A
2027 365 2324 432 temporum
2372 363 2702 432 pronuntiat
2747 379 2760 416 :
2821 361 2981 415 Fides
3003 403 3018 424 ,
3076 351 3309 432 inquit,
3359 365 3472 418 tum
3516 363 3678 418 valde

2031 433 2251 502 deﬁcere
2281 437 2456 504 cupit,
2502 440 2553 488 et
2581 434 2762 487 clerici
2797 433 3070 501 maleﬁciis
3100 439 3258 486 erant
3301 434 3492 504 dediti,
3543 450 3677 488 con—
3755 495 3761 501 ,

2031 503 2382 573 surgentibus
2421 507 2596 560 sectis.
2643 504 2972 567 Sacerdotes
3019 503 3170 559 enim
3211 504 3392 574 aliqui
3429 503 3678 562 feminav

2033 591 2159 630 rum
2181 576 2522 632 commercio
2546 577 2635 632 usi
2663 580 2717 630 et
2737 575 2903 630 abusi
2925 580 3096 640 sunt;
3121 575 3268 644 quod
3293 574 3363 628 ab
3388 575 3676 644 episcOpis

2033 647 2239 702 moniti
2275 647 2560 703 obstinate
2584 646 2886 702 defendere
2918 649 3304 714 perrexerunt.
3345 647 3516 700 Porro
3561 645 3676 701 htec

2029 718 2094 773 ad
2136 718 2485 789 Anglicanas
2515 719 2814 787 episcopos
2844 715 3340 789 epistola,_nonin
3382 715 3682 789 librisRe-

2029 804 2160 860 gum
2187 787 2740 856 a’Malmesburiensi
2771 788 3024 860 recitata,
3048 787 3132 842 uti
3139 787 3378 860 laudata
3404 787 3674 860 synodus,

2029 855 2123 916 sed
2155 861 2254 915 lib.
2288 855 2394 934 [de
2423 863 2620 934 Gestis
2643 859 2834 934 Pontif
2871 873 3096 934 .._pag_..
3132 855 3258 934 2i],
3295 855 3526 934 dudee
3551 855 3679 928 pri-4

2027 937 2183 987 matu
2209 932 2624 1003 archiepiscopi
2662 929 3094 987 Cantuariensis
3122 929 3384 1003 disserit,
3437 929 3678 999 ideoque

2031 1003 2288 1059 Formosi
2331 999 2773 1074 papte'te'mpore
2814 1001 3181 1074 daripotuit,
3225 1001 3320 1056 sed
3365 999 3514 1074 inter
3555 1014 3676 1056 cam

2029 1079 2084 1128 et
2115 1072 2418 1144 synodum'
2448 1075 2818 1144 Anglicanam
2859 1072 3020 1128 nulla
3057 1077 3144 1144 est
3189 1072 3473 1144 connexio,
3503 1089 3518 1142 ;
3551 1077 3679 1141 post

2031 1142 2264 1200 mortem
2306 1146 2459 1200 enim
2495 1142 2770 1206 Formosi,
2805 1145 2973 1199 bellis
3004 1144 3060 1198 in
3091 1142 3299 1214 Anglia
3324 1143 3516 1198 omnia
3542 1148 3678 1198 tur—

2034 1215 2327 1288 bantibus,
2362 1231 2598 1288 regnum
2635 1217 3072 1288 Westsaxon‘um
3114 1228 3211 1284 per
3238 1227 3420 1288 annos
3462 1218 3676 1288 septem

2031 1287 2156 1342 sine
2175 1284 2450 1357 episcopo
2477 1287 2610 1356 fuit,
2662 1293 2719 1343 et
2763 1292 2888 1357 post
2920 1286 3064 1342 illud
3089 1284 3447 1356 septenninm
3472 1284 3676 1340 conci-

2034 1357 2178 1413 lium
2209 1357 2590 1430 Anglicanum
2621 1365 2900 1414 coactum.

1543 1576 1720 1620 ANNO
1781 1575 2016 1620 DOMINI
2074 1579 2440 1622 DCCCXCVII.

1344 1709 2321 1818 STEPHANUS
2423 1713 2590 1818 Vl

1623 1895 1970 1953 PONTIFEX
2026 1897 2381 1956 ROMANUS.

1774 2028 2181 2040 —————.—_—

930 2132 1332 2204 NOTITIA
1406 2131 1934 2202 HISTORICA
2009 2135 2106 2203 IN
2183 2103 2767 2204 STEPHANUM
2872 2134 3008 2206 vr.

1293 2265 1467 2330 (Apud
1511 2265 1704 2328 Mansl,
1755 2265 2109 2318 Coneiliorum
2155 2265 2313 2328 ampl.
2359 2264 2652 2328 Collectio.)

1786 2391 2191 2402 .——_——————

329 2478 652 2548 Stephanus
685 2486 881 2537 sextus
923 2481 1204 2538 successit
1239 2482 1526 2539 Formoso.
1574 2482 1905 2539 Bonifacius
1938 2485 1991 2546 B
2018 2482 2270 2553 gitisque
2291 2482 2482 2540 tribus
2501 2482 2766 2552 abscisis,
2802 2483 2860 2538 in
2886 2481 3138 2538 Tiberim
3169 2482 3374 2551 jactari
3401 2482 3670 2608 praecepit
3728 2525 3736 2530 .

329 2551 415 2604 tim
457 2552 558 2608 aui
605 2553 876 2608 invadens
918 2555 1106 2608 sedem
1150 2553 1521 2608 apostolicam
1555 2556 1741 2608 tenuit
1781 2569 1902 2608 eam
2015 2560 2366 2608 cunctosnue
2395 2569 2538 2608 quos
2569 2555 2688 2608 ipse
2709 2555 3072 2608 ordinaverat
3097 2553 3277 2608 gradu
3307 2554 3536 2608 nronrio
3602 2567 3670 2608 e-

257 2551 415 2623 enim
457 2552 558 2622 qui
605 2553 876 2608 invadens
918 2555 1106 2609 sedem
1150 2553 1521 2623 apostolicam
1555 2556 1741 2610 tenuit
1781 2569 1902 2610 eam

255 2621 831 2696 diebusquindecim,
855 2639 963 2696 non
989 2631 1077 2680 est
1110 2621 1498 2696 numerandus
1529 2627 1680 2681 inter
1707 2627 1906 2696 ponti—

259 2693 429 2760 ﬁces;
466 2699 659 2766 utpote
689 2695 788 2765 qui
825 2695 980 2751 velut
1012 2697 1177 2751 homo
1207 2695 1596 2766 nefariusjam
1627 2693 1790 2752 antea
1815 2697 1905 2753 bis

259 2766 444 2838 gradu
475 2765 791 2838 depositus,
841 2768 1089 2836 primum
1117 2781 1148 2823 a
1181 2765 1490 2824 diaconatu
1537 2783 1602 2824 ac
1636 2769 1842 2824 deinde
1871 2783 1904 2824 a

261 2837 676 2909 presbyteratu,
721 2837 785 2893 in
831 2841 1076 2909 ltomana
1131 2839 1345 2909 synodo
1389 2839 1496 2895 sub
1545 2841 1758 2896 Joanne
1803 2854 1901 2909 pa-

259 2907 819 2993 paglxgd‘amnatus‘
865 2908 1104 2993 fuit..l-‘_£t
1142 2907 1498 2993 quanquam
1523 2917 1762 2993 uterque
1791 2907 1902 2993 per

257 2979 398 3050 vim,
453 2985 658 3034 metum
709 2987 764 3034 et
805 2979 1174 3050 tyrannidem
1203 2979 1390 3036 sedem
1433 2983 1622 3050 adepti
1661 2979 1896 3038 fuerint.

255 3049 512 3122 adeoque
539 3050 799 3122 intrusus
827 3049 1038 3120 pariter
1061 3053 1350 3108 intrusum
1377 3049 1684 3122 expulerit,
1710 3060 1898 3108 tamen

254 3120 580 3188 Stephanus
609 3121 669 3176 in
712 3136 946 3178 numero
973 3130 1027 3178 et
1051 3125 1200 3179 serie
1234 3120 1566 3192 pontificum
1605 3120 1894 3179 communi

257 3192 542 3264 sententia
571 3201 921 3263 numeratur,
946 3195 1082 3264 quia
1105 3196 1174 3250 ad
1214 3194 1532 3264 periculum
1569 3195 1904 3250 schismatis

255 3263 648 3336 avertendum,
673 3265 860 3333 illum,
894 3263 1226 3336 quanquam
1255 3264 1422 3336 homo
1454 3265 1899 3321 scelestissimus

255 3341 445 3407 esset,_
461 3335 766 3407 universus
791 3335 982 3392 clerus
999 3335 1358 3407 approbavit,
1389 3341 1619 3406 totaque
1648 3337 1901 3392 Ecclesia

255 3404 543 3460 catholica
590 3421 689 3475 pro
725 3407 939 3463 Christi
995 3404 1210 3463 vicario
1267 3413 1323 3462 et
1373 3404 1700 3463 successore
1751 3408 1898 3462 Petri

253 3475 510 3548 agnovit.
542 3477 675 3531 Nam
705 3493 835 3548 cum
865 3479 1037 3534 Fulco
1064 3479 1398 3538 Rhenensis
1431 3479 1903 3548 archiepiscopus

254 3545 678 3621 eumgir‘ormoso
703 3545 1072 3621 subrogatum
1103 3551 1497 3620 intellexisset,
1519 3545 1815 3620 obsequiis
1847 3554 1905 3604 et

253 3616 485 3691 ofﬁciis,
520 3633 645 3688 quae
669 3633 860 3676 recens
879 3616 1087 3676 creatis
1116 3616 1762 3691 pontiﬁcibus'exhiberi
1802 3635 1906 3676 so—

252 3689 394 3757 lent,
437 3692 787 3762 scriptisque
818 3693 887 3748 ad
927 3706 1057 3748 eum
1099 3689 1329 3760 litteris,
1385 3699 1528 3748 teste
1568 3692 1901 3758 Flodoardo,

252 3774 385 3816 eum
413 3769 714 3835 veneratus
737 3769 856 3818 est:
895 3777 1006 3819 non
1054 3765 1324 3835 ignorans
1357 3779 1416 3820 se
1455 3765 1627 3818 etiam
1666 3765 1724 3818 in
1764 3777 1905 3818 suc-

2015 2560 2366 2625 cunctosque
2395 2569 2538 2624 quos
2569 2555 2688 2624 ipse
2709 2555 3072 2610 ordinaverat
3097 2553 3277 2624 gradu
3307 2554 3536 2623 proprio

2016 2626 2235 2694 positos
2268 2627 2477 2680 iterum
2519 2625 2829 2682 ordinavit.
2873 2625 3031 2694 Quod
3065 2638 3232 2696 quam
3269 2625 3410 2680 male
3439 2625 3650 2695 egerit,

2017 2698 2180 2778 Pater
2203 2710 2259 2752 sa
2272 2697 2616 2778 actis-sime,“
2627 2697 3080 2778 animadvertere
3105 2696 3318 2778 poteris
3333 2713 3355 2778 ᾗ
3389 2697 3666 2778 quoniam

2013 2773 2070 2822 et
2103 2769 2182 2838 hi,
2207 2769 2307 2838 qui
2351 2782 2382 2822 a
2405 2768 2549 2824 Juda
2580 2765 2808 2824 Domini
2853 2767 3035 2822 nostri
3054 2765 3185 2822 Jesu
3209 2765 3432 2838 Christi
3461 2765 3666 2836 prodi-

2013 2837 2318 2910 tore,ante
2347 2839 2750 2907 proditionem,
2784 2839 3024 2894 salutem
3064 2852 3164 2894 seu
3207 2837 3660 2910 benedictionem

2011 2911 2384 2979 apostolicam
2408 2917 2798 2980 perceperunt,
2836 2923 2900 2965 ea
2933 2915 3060 2980 post
3087 2909 3490 2980 proditionem,
3527 2923 3667 2979 pro-

2015 2981 2244 3050 priique
2265 2982 2524 3050 corporis
2546 2982 2974 3050 suspensionem
3002 2981 3237 3036 minime
3259 2986 3396 3036 sunt
3431 2981 3660 3050 privati,

2013 3053 2126 3106 nisi
2147 3066 2292 3121 quos
2309 3052 2566 3121 improba
2585 3050 2728 3107 forte
2743 3050 3096 3108 deitedarant
3112 3051 3350 3120 ﬂagitia.
3391 3051 3670 3108 Benedic-

2013 3124 2129 3177 ctio
2146 3123 2456 3192 siquidem,
2473 3137 2600 3192 quae
2616 3121 2902 3178 ministris
2913 3122 3130 3176 Christi
3149 3122 3526 3192 impenditur.
3553 3135 3665 3178 non

2012 3208 2114 3263 per
2139 3190 2290 3254 eum,
2315 3193 2414 3262 qui
2440 3190 2687 3249 videtur.
2711 3193 3059 3248 sacerdotem
3089 3190 3419 3263 infunditur
3446 3212 3462 3258 -,
3484 3205 3666 3263 neque

2011 3262 2164 3336 enim
2191 3265 2290 3333 qui
2334 3264 2485 3336 rigat
2523 3271 2612 3336 est
2647 3264 2894 3334 aliquid,
2936 3277 3117 3336 neque
3147 3263 3246 3333 qui
3296 3262 3532 3332 plantat,
3566 3262 3662 3336 sed

2012 3335 2116 3405 qui
2142 3335 2299 3392 incre
2359 3334 2555 3389 entum
2585 3335 2706 3393 dat.
2733 3336 2897 3390 Deus.
2922 3334 3159 3402 Quanta:
3189 3339 3376 3388 autem
3401 3334 3667 3405 auctori-

2010 3403 2144 3473 atis,
2184 3412 2520 3477 quantaque
2563 3405 2866 3477 religionis
2918 3418 3058 3477 papa
3115 3406 3420 3477 Formosus
3467 3403 3664 3477 fuerit,

2015 3477 2151 3549 hinc
2179 3475 2451 3549 colligere
2475 3475 2800 3549 possumus,
2825 3475 3099 3547 quoniam
3129 3476 3267 3531 dum
3283 3490 3331 3549 _a
3349 3475 3665 3549 piscatori;

2013 3547 2123 3604 bus
2142 3545 2500 3618 postmodum
2533 3553 2683 3604 esset
2725 3545 3010 3618 inventus,
3037 3552 3211 3617 atque
3231 3545 3299 3601 ad
3347 3545 3496 3601 beati
3520 3559 3667 3616 apo-

2014 3617 2292 3674 stolorum
2323 3619 2606 3690 principis
2629 3619 2926 3690 ecclesiam
2943 3617 3296 3690 deportatus,
3335 3622 3662 3690 sanctorum

2016 3691 2270 3760 quaedam
2298 3687 2576 3760 imagines
2598 3692 2747 3746 hunc
2767 3691 2825 3744 in
2847 3689 3036 3744 loculo
3053 3687 3664 3760 positumvenerabili-

2017 3759 2102 3816 ter
2123 3759 2472 3816 salutarun’t.
2501 3764 2613 3816 Hoc
2639 3774 2884 3832 namque
2907 3774 2939 3832 a
2973 3759 3439 3832 religiosissimis
3471 3760 3668 3816 Roma-

251 3833 587 3916 cessoribus
614 3831 1119 3916 indignis_Petrum
1145 3850 1218 3916 ac
1238 3837 1530 3916 christum
1549 3835 1900 3916 venerarissi
1937 3853 1986 3916 ί]
2025 3846 2108 3916 na;
2130 3832 2296 3916 urbis
2321 3833 2464 3916 viris
2483 3847 2729 3916 persaepe
2749 3831 2966 3916 audivi.

254 3902 465 3958 iisdem
501 3902 766 3959 debitum
802 3907 1020 3961 cultum
1070 3913 1126 3962 et
1169 3907 1551 3964 obedientiam
1608 3905 1894 3960 deferret:

251 3981 453 4049 contra
486 3989 616 4030 vero
644 3976 701 4030 in
729 3977 939 4049 iisdem
965 3979 1190 4034 eosdem
1223 3991 1506 4049 spernere,
1541 3977 1588 4031 si
1616 3991 1785 4047 quam
1811 3978 1898 4031 de-

253 4043 426 4100 bebat
465 4048 835 4102 reverentiam
867 4062 976 4104 non
1001 4043 1312 4106 exhiberet.

327 4116 732 4190 Pontificatum
751 4120 1086 4188 auspicatus
1124 4129 1211 4176 est
1235 4137 1266 4176 a
1297 4119 1601 4190 sacrilegio
1634 4118 1755 4190 illo,
1785 4132 1899 4190 quo

250 4203 467 4258 corpus
501 4189 750 4244 Formosi
782 4191 1170 4256 exhumatum,
1223 4189 1675 4248 sacerdotalibus
1719 4189 1900 4244 indu—

252 4260 469 4335 mentis
493 4260 778 4335 indutum,
799 4262 1100 4333 tribusque
1119 4264 1326 4335 digitis
1351 4262 1699 4335 mutilatum,
1735 4261 1793 4335 in
1811 4260 1899 4314 'l‘i-

251 4331 437 4386 berim
473 4332 730 4400 projecit,
755 4331 1062 4403 omnesque
1103 4331 1398 4390 ab'eodem
1446 4333 1742 4388 ordinatos
1784 4333 1900 4386 ite-

252 4409 380 4476 rato
411 4403 732 4476 consecrari
761 4409 816 4458 et
840 4405 1098 4476 ordinari
1126 4406 1408 4476 praecepit.
1434 4405 1607 4458 Miror
1627 4417 1762 4476 qua
1799 4415 1898 4476 rae

251 4475 415 4530 tione
451 4474 809 4544 Onuphrius,
854 4475 912 4529 in
935 4473 1140 4531 annot.’
1162 4491 1228 4532 ac
1274 4473 1572 4541 Platinam,
1627 4475 1768 4530 hanc
1814 4473 1892 4528 rei

252 4553 427 4618 gestae
456 4545 758 4601 historiam
792 4552 1059 4616 tanquam
1083 4546 1401 4603 fabulosam
1436 4546 1598 4616 plane
1633 4545 1892 4618 rejici-at;

251 4617 383 4673 eum
437 4624 642 4686 praeter
673 4617 911 4688 antiqua
946 4627 1306 4675 monumenta
1345 4625 1401 4674 et
1427 4617 1723 4688 synodalia
1747 4623 1890 4688 acta,

250 4689 322 4744 de
343 4689 563 4759 quibus
598 4687 747 4743 infra
777 4687 884 4744 sub
927 4689 1138 4745 Joanne
1179 4693 1273 4760 1x,
1311 4687 1696 4758 Luitprandus
1723 4687 1895 4760 libro

252 4757 463 4830 primo,
487 4760 676 4829 capite
696 4767 912 4828 octavo,
939 4762 1191 4816 eandem
1217 4757 1308 4816 his
1328 4757 1519 4816 verbis
1553 4757 1902 4830 manifestis-

251 4829 399 4887 Sime
449 4831 741 4887 describat
790 4838 847 4886 et
885 4831 1244 4888 detestetur:
1299 4834 1568 4887 Formoso
1605 4829 1894 4898 defuncto,

253 4903 471 4975 inquit,
509 4902 1020 4975 atqueﬂArnulpho
1071 4903 1131 4958 in
1183 4903 1414 4973 prepria
1447 4916 1687 4975 reverso,
1724 4901 1896 4975 isqui

254 4971 382 5044 post
412 4971 650 5030 mortem
671 4971 925 5030 Formosi
962 4987 1101 5044 papa
1131 4971 1484 5030 constitutus
1530 4978 1616 5028 est
1639 4971 1898 5043 (Bonifa-

251 5047 380 5102 cius
405 5045 686 5101 nimirum
716 5046 920 5116 dequo
943 5045 1136 5117 supra)
1179 5046 1510 5116 expellitur,
1549 5045 1895 5117 Sergiusque

255 5131 396 5188 papa
416 5117 954 5187 (memoria'lapsus
986 5116 1372 5186 Luitprandus
1413 5117 1474 5172 in
1497 5117 1730 5172 nomine
1755 5116 1894 5188 erat)

2068 3903 2305 3958 Addidit
2347 3901 2574 3971 culpam
2616 3901 2798 3974 culpae
2859 3901 3182 3974 Stephanus
3219 3915 3380 3974 papa,
3434 3902 3662 3972 quando

2013 3974 2250 4029 collecta
2295 3975 2510 4042 synodo
2552 3971 2856 4042 nefarium,
2903 3971 3143 4042 impium
3187 3979 3243 4027 et
3265 3971 3662 4028 detestandum

2014 4044 2240 4100 facinus
2261 4045 2615 4114 approbavit.
2647 4045 2754 4115 [psi
2783 4045 2935 4099 enim
2960 4045 3180 4115 lapides
3203 4043 3312 4098 tale
3338 4050 3660 4112 portentum

2011 4113 2310 4183 exsecrati,
2333 4130 2436 4170 sua
2461 4122 2596 4170 tunc
2615 4113 2744 4171 voce
2771 4121 2964 4170 mutua
2996 4113 3296 4170 "-ollisione
3313 4115 3656 4180 clamarunt,

2009 4197 2378 4257 spontaneum
2403 4187 2682 4242 libentius
2707 4187 2818 4256 pati
2843 4186 3090 4256 ruinam,
3112 4200 3225 4256 qua
3249 4200 3281 4238 ιι
3307 4191 3371 4241 ιιι
3410 4187 3658 4257 Romana

2007 4255 2245 4314 ecclesia
2296 4263 2452 4314 tanto
2495 4255 2761 4313 seandalo
2804 4259 3069 4327 depressa
3119 4255 3392 4311 maneret.
3438 4255 3665 4312 Accidit

2011 4337 2145 4385 tunc
2169 4338 2232 4385 ut
2264 4334 2624 4384 sacrosancta
2659 4327 2898 4383 basilica
2930 4328 3345 4394 Lateranensis,
3383 4327 3658 4396 primaria

2011 4400 2302 4471 pontillcis
2337 4400 2518 4469 sedes,
2573 4400 2886 4470 impulsore
2934 4398 3135 4469 angelo
3178 4397 3324 4471 malo
3370 4397 3443 4452 ab
3487 4398 3658 4454 altari

2011 4468 2192 4542 usque
2205 4474 2271 4526 ad
2297 4479 2490 4542 portas
2509 4468 2798 4540 prostrata
2815 4468 3124 4542 corruet-ct,
3145 4468 3284 4539 quia
3297 4481 3657 4542 nequa-quam

2008 4539 2158 4599 stare
2189 4539 2447 4610 poterant
2484 4539 2748 4613 parietes,
2795 4542 2931 4610 dum
2979 4540 3160 4613 prima
3193 4539 3456 4613 cardinis
3503 4539 3660 4613 petra

2007 4615 2151 4670 tanti
2175 4609 2451 4668 facinoris
2474 4609 2798 4669 terrmmotu
2815 4609 3092 4668 concussa
3122 4609 3344 4666 fuisset.
3380 4609 3652 4683 Sacrilegi

2009 4685 2300 4756 pontillcis
2334 4683 2579 4755 facinus,
2628 4699 2741 4754 quo
2782 4697 2820 4756 7a
2863 4683 3134 4756 defuncto
3185 4695 3404 4752 pmnam
3457 4682 3658 4756 inique

2007 4753 2214 4828 exegit,
2240 4769 2422 4826 quove
2443 4753 2602 4826 legiti
2615 4753 2697 4828 me
2709 4755 2949 4828 collatos
2969 4753 3418 4828 ordinescontra
3435 4753 3652 4810 Christi

2010 4825 2440 4884 institutionem
2465 4825 2522 4882 et
2541 4826 2639 4881 Dei
2671 4826 2999 4882 mandatum
3040 4825 3326 4896 repetivit,
3356 4829 3656 4882 novatores

2012 4898 2270 4956 haeretici
2309 4898 2490 4953 nostri
2523 4897 2796 4966 temporis
2822 4896 3118 4952 vobiscum
3151 4901 3300 4952 recte
3321 4896 3553 4966 quidem
3577 4909 3660 4952 re-

2007 4972 2299 5040 darguunt
2313 4975 2368 5024 et
2387 4968 2744 5040 detestantur
2765 4981 3004 5040 ,yerum
3018 4972 3215 5022 contra
3244 4967 3657 5040 promissiones

2006 5037 2222 5098 Christi
2249 5043 2408 5096 Petro
2427 5045 2484 5094 et
2498 5037 2976 5104 Ecclesiaa'factas,
3008 5037 3408 5108 propter'illud
3439 5037 3654 5095 factum

2010 5115 2252 5184 impium
2296 5111 2439 5184 male
2465 5112 2796 5184 insurgunt,
2817 5115 2875 5165 et
2900 5115 3235 5180 praemature
3267 5110 3442 5184 nimis
3474 5111 3545 5166 de
3565 5109 3660 5164 vi-

255 5178 351 5260 pei-
370 5178 744 5246 Adelbertum
764 5178 1162 5244 constituitur.
1198 5190 1320 5258 Quo
1340 5189 1676 5260 constituto,
1709 5195 1770 5242 ut
1796 5178 1897 5242 imi
1931 5178 1980 5237 D
2005 5178 2188 5260 etot-ia
2206 5183 2517 5256 gloriantes
2535 5178 3112 5260 triumphum‘agunt.
3131 5182 3337 5260 Cmnia
3353 5181 3506 5260 enim
3529 5194 3656 5250 quae

255 5259 388 5330 pius
405 5260 918 5329 doctrinarumque
938 5267 1262 5316 sanctarum
1297 5260 1535 5326 inscius,
1567 5259 1836 5314 Formosa
1862 5273 1893 5311 n

256 5347 285 5388 e
311 5334 580 5403 sepulcro
599 5330 844 5398 extrahi,
875 5338 1047 5400 atque
1080 5331 1136 5386 in
1163 5332 1294 5387 sede
1325 5330 1692 5402 pontiﬁcatus
1722 5343 1902 5403 sacer-

255 5402 550 5460 dotalibus
581 5403 938 5458 vestinentis
975 5403 1239 5458 indutum
1285 5403 1552 5458 collocari
1611 5402 1897 5470 praecepit,

257 5478 422 5532 cuiet
462 5477 582 5532 ait:
625 5477 764 5528 Cum
800 5475 1127 5530 Portuensis
1145 5488 1299 5530 esses
1323 5475 1646 5542 episcopus,
1669 5487 1772 5528 cur
1788 5486 1902 5526 am-

259 5547 500 5604 bitionis
521 5545 738 5614 spiritu
773 5544 1074 5600 Romanam
1119 5547 1498 5601 universalem
1525 5545 1710 5599 sedem
1742 5559 1904 5600 usur-

263 5621 405 5688 pasti
424 5621 452 5674 ’ἶ
479 5619 586 5674 His
600 5615 862 5688 expletis,
881 5618 1122 5672 sacratis
1141 5623 1376 5672 exutum
1420 5615 1802 5688 vestimentis,
1817 5615 1902 5670 di-

2006 5251 2328 5326 Stepha'nus
2363 5261 2561 5326 contra
2614 5251 3147 5326 Formosumidixit
3184 5253 3269 5326 vel
3304 5253 3442 5323 egit,
3488 5251 3653 5306 homo

2008 5324 2203 5384 furore
2236 5325 2487 5397 percitus
2517 5326 2653 5397 egit.
2685 5326 2930 5394 impleas
2961 5325 3018 5380 id
3051 5324 3200 5397 quod
3224 5328 3546 5397 exaestuans
3573 5337 3655 5376 ra-

2009 5399 2132 5454 bies
2161 5395 2363 5473 suasit.
2377 5395 2670 5473 Pontificia
2687 5411 2822 5473 vero
2847 5396 3188 5473 auctoritate
3222 5395 3475 5473 legitime
3499 5405 3663 5473 usur-

2014 5477 2140 5540 pata
2187 5469 2332 5524 nihil
2385 5475 2581 5524 contra
2627 5468 2791 5524 ﬁdem
2821 5468 2904 5523 vel
2950 5469 3128 5540 mnos
3163 5478 3344 5519 mores
3372 5464 3652 5540 detinivit.

2011 5537 2149 5596 Nam
2183 5541 2279 5614 qui
2316 5541 2418 5594 hac
2460 5540 2530 5614 de
2556 5553 2726 5614 causa
2753 5537 3463 5614 ad_synodnm__canvocati
3501 5541 3652 5614 sunt

2011 5601 2265 5684 episco'pi
2278 5617 2334 5666 et
2360 5611 2674 5682 presbyteri
2687 5601 2971 5679 Stephano
2990 5619 3101 5662 non
3114 5603 3452 5667 dissimiles,
3467 5601 3652 5663 simili
