4060 6150
1768 289 1773 294 Ι
1838 219 2170 276 STEPHANI
2214 221 2404 274 ΡΛΡᾹΞ
2441 220 2511 276 V'I

3717 228 3800 286 856

476 354 608 408 odlo
628 348 956 422 Formosum
982 344 1488 422 prosequebantur,
1511 344 1762 422 adeoque
1787 344 2119 422 in_ea_mdem
2147 346 2206 406 A
2234 346 2341 400 nire
2375 345 2688 422 pediculari
2734 344 2928 400 morbo
2959 320 3630 422 exs_tir_1ctum,_Widonem
3655 352 3800 422 impe-

475 418 814 478 sententiam
888 417 1353 486 pronuntiarunt,
1413 430 1578 486 quam
1651 416 1868 470 homini
1929 415 2122 471 furore

476 491 692 564 percito
738 493 952 564 gratam
999 487 1118 543 fore
1175 487 1573 564 priesciebant;
1620 487 1776 542 Unde
1809 487 1910 540 hac
1940 487 2018 564 ‘in
2064 501 2123 542 re

473 557 778 620 violentam
807 559 1037 629 quidem
1062 558 1416 629 tyrannidem
1448 558 1504 612 in
1549 557 1693 612 facto
1723 557 2114 628 agnoscimus:

474 646 720 691 errorem
761 637 949 686 autem
993 631 1050 684 in
1105 630 1211 684 ﬁde
1245 643 1342 698 per
1387 629 1729 698 Stephanum
1768 629 2119 698 pontiﬁciam

473 704 869 773 auctoritatem
905 701 1158 773 legitime
1193 707 1560 769 usurpantem
1589 700 1889 754 deﬁnitum
1918 700 2001 754 vel
2029 714 2123 769 ap-

475 777 772 847 probatum
802 772 982 828 fuisse
997 778 1765 847 constanterpernegamusg
1793 784 2118 847 quanquam

474 841 622 903 nihil
650 846 771 900 sedi
793 843 1120 914 apostolica:
1145 841 1633 914 przejudicaretur,
1658 843 1707 896 si
1734 841 1999 897 daremus
2023 842 2123 914 in—

473 931 725 974 vasorem
754 929 865 971 non
895 915 1148 986 legitime
1169 914 1430 986 electum,
1453 915 1547 969 sed
1573 913 1858 986 intrusum
1886 913 2120 982 pseudo-

473 989 795 1059 pontiﬁcem
838 983 1211 1059 inarticulis
1260 984 1390 1059 ﬁdei
1428 985 1763 1059 _as_serendis
1802 983 2114 1059 aberrasse.

471 1055 654 1130 Hujus
683 1057 1054 1128 temporibus,
1109 1062 1235 1125 post
1263 1055 1626 1126 Arnulphum
1659 1068 1843 1125 regem
1876 1056 2120 1110 Germa-

2234 424 2472 491 ratorem
2505 417 2719 491 obiisse
2768 417 3423 491 testatur_Luitprandus
3452 419 3544 473 lib.
3576 437 3612 490 ι,
3639 417 3737 491 cap:
3759 424 3797 478 9.

2230 489 2550 560 Stephanus
2587 489 2741 542 sedis
2791 487 3118 560 apostolicae
3161 490 3402 559 invasor,
3432 490 3497 544 ab
3525 487 3801 560 optimatum

2233 558 2478 633 factione
2539 560 2812 633 adversus
2863 559 3228 633 Adelbertum
3269 561 3502 616 Etruria:
3544 558 3801 633 principem

2235 630 2588 699 prmvalcnte,
2631 631 2902 685 detrusus
2933 636 3018 684 est
3055 631 3111 684 in
3162 645 3434 686 carcerem
3469 646 3604 687 anno
3627 630 3799 690 Christi

2229 700 2354 768 900,
2383 709 2436 754 et
2468 708 2765 771 postquam
2799 701 2982 755 sedem
3021 702 3388 770 apostolicam
3418 717 3506 757 sex
3553 706 3698 759 annis
3738 714 3804 760 te-

2232 773 2473 846 nuisset,
2505 773 2562 846 in
2587 773 2780 846 eodem
2805 785 3027 846 carcere
3047 773 3453 846 strangulatus,
3482 775 3584 828 Deo
3607 777 3803 846 vindice,

2229 844 2388 898 exitu
2438 841 2636 897 infami
2678 843 2792 897 vita
2841 843 3068 898 clausit.
3101 841 3233 896 Haec
3267 861 3332 898 ea:
3376 847 3602 913 antiquis
3653 841 3806 900 manu;

2228 916 2423 967 mentis
2455 919 2503 965 et
2539 915 2928 983 diplomatibus
2959 915 3024 967 dc
3053 914 3324 984 Stephano
3348 917 3621 978 Baronius,
3651 923 3748 971 tom.
3773 920 3807 971 Χ

2230 985 2552 1038 Annalium.

2286 1001 2552 1038 nmmum.

1219 1330 2198 1447 STEPHANI
2283 1332 2861 1488 PAPE
2921 1336 3129 1452 VI

835 1553 1836 1660 EPISTOLE
1960 1553 2195 1654 ET
2312 1553 3480 1662 PRIVILEGIA.

1523 1823 1635 1886 (Ex
1665 1821 1909 1872 Cenciliis
1942 1821 2114 1870 Mansi
2150 1824 2200 1869 et
2233 1821 2442 1869 Acherii
2490 1820 2819 1884 Spicilegio.)

976 2026 1304 2083 EPISTOLA
1362 2025 1599 2080 PRIMA.

566 2151 636 2193 AD
693 2149 989 2192 ARNUSTUM
1052 2146 1518 2190 ARCHIEPISCOPUM
1581 2145 2000 2188 NARBONENSEM.

635 2245 990 2313 Privilegium
1023 2244 1516 2312 archiepiscopatus
1541 2241 1928 2297 Narbonensis.

527 2353 850 2408 Srsrnmus
877 2353 1108 2422 episcOp
1126 2365 1206 2419 1s,
1235 2365 1434 2406 servus
1471 2362 1762 2405 servorum
1788 2348 1910 2416 Dei,
1946 2361 2110 2403 reve—

459 2442 793 2500 rentissimo
821 2448 878 2498 et
927 2441 1293 2497 sanctissimo
1324 2437 1599 2495 confratri
1628 2445 1823 2494 nostro
1849 2438 2106 2491 AnNu-sro

457 2531 889 2604 archiepiscopo
922 2531 1118 2602 primm
1149 2529 1303 2585 sedis
1329 2533 1537 2583 sanctze
1565 2526 1951 2582 Narbonensis
1994 2526 2109 2579 Ec—

456 2623 662 2694 clesiae,
720 2629 775 2678 et
814 2635 914 2692 per
963 2627 1015 2676 te
1070 2621 1129 2676 in
1177 2619 1369 2674 eadem
1417 2618 1729 2674 venerabili
1761 2616 2013 2671 Ecclesia
2046 2616 2102 2670 in

457 2719 810 2785 perpetuum.

524 2803 800 2858 Convenit
828 2800 1144 2871 apostolico
1167 2799 1538 2854 moderamini
1570 2799 1662 2868 pia
1690 2798 1967 2868 religione
1994 2796 2109 2867 pol-

456 2891 710 2947 lentibus
750 2891 1018 2946 benevola
1065 2889 1458 2960 compassione
1504 2901 1858 2956 succurrere,
1899 2893 1954 2942 et
2000 2900 2108 2956 po—

453 2979 735 3035 scentium
778 2978 994 3034 animis
1031 2979 1207 3034 alacri
1239 2978 1539 3034 devotione
1589 2976 1872 3046 impertiri
1903 2989 2108 3030 assen-

452 3079 612 3124 sum.‘
651 3070 732 3124 Ex
779 3069 883 3123 hoc
924 3068 1077 3123 enim
1137 3068 1283 3124 lucri
1313 3067 1677 3137 potissimum
1729 3065 2023 3136 praemium
2073 3077 2104 3118 a

451 3155 750 3212 conditore
773 3156 1029 3212 omnium
1060 3156 1302 3211 Domino
1335 3168 1741 3225 promeremur,
1782 3155 1918 3209 dum
1950 3166 2110 3208 vene-

453 3244 662 3302 rabilia
688 3245 811 3302 loca
831 3250 1149 3316 opportune
1165 3245 1448 3307 ordinata,
1478 3245 1546 3299 ad
1582 3244 1870 3299 meliorem
1890 3243 2107 3298 fuerint

451 3335 576 3390 sine
619 3335 798 3391 dubio
851 3341 1063 3392 statum
1116 3334 1403 3404 perducta.
1449 3335 1632 3406 Igitur
1662 3333 1977 3389 reverentia
2003 3346 2105 3387 ve—
2135 3358 2183 3417 (ι

449 3429 580 3482 strte
611 3423 992 3480 fraternitatis
1019 3425 1332 3494 postulavit
1358 3438 1390 3479 a
1418 3423 1585 3480 nobis
1616 3429 1897 3493 quatenus
1931 3421 2106 3489 hujus

449 3513 777 3583 apostolicae
805 3520 1011 3571 nostra:
1037 3513 1403 3570 auctoritatis
1431 3511 1732 3582 privilegio
1767 3510 2103 3565 conﬁrmare

447 3601 784 3658 deberemus
835 3617 1030 3658 omnes
1070 3617 1158 3657 res
1198 3600 1524 3656 immobiles
1577 3599 1826 3667 ejusdem
1895 3604 2104 3651 sancta:

452 3690 650 3760 primae
689 3690 842 3746 sedis
891 3689 1152 3745 Ecclesiae
1191 3687 1597 3756 Narbonensis,
1644 3690 1983 3741 constructae
2044 3684 2104 3738 in

453 3777 664 3832 honore
693 3782 1020 3832 sanctorum
1049 3776 1196 3830 Justi
1228 3780 1285 3829 et
1313 3774 1585 3842 Pastoris,
1620 3773 1719 3828 ubi
1743 3773 1942 3827 beatus
1968 3773 2108 3826 Pau-

451 3865 544 3919 lus
598 3863 890 3920 confessor
930 3864 1144 3918 Christi
1197 3875 1432 3931 corpore
1463 3862 1794 3932 requiescit,
1845 3861 1950 3916 hoc
1993 3866 2098 3931 est,

450 3965 645 4007 omnes
689 3953 907 4018 domos,
959 3951 1152 4019 cellas,
1194 3949 1484 4020 ecclesias,
1531 3949 1719 4020 villas,
1750 3956 1959 4020 curtes,
1994 3962 2102 4018 pa-

451 4039 696 4110 rochias,
749 4047 949 4111 terras,
991 4040 1206 4110 vineas,
1237 4044 1413 4109 prata,
1451 4038 1646 4100 silvas,
1673 4044 1845 4109 atque
1882 4039 2101 4093 medie—

448 4136 618 4186 tatem
658 4129 996 4201 salinarum,
1047 4135 1103 4184 et
1134 4129 1360 4198 telonei,
1409 4143 1509 4184 seu
1535 4129 1785 4184 Raﬁcani
1819 4125 2096 4201 [Raﬁam],

447 4233 512 4274 ae
539 4217 848 4290 naufragii,
899 4219 1245 4274 monasterio
1271 4219 1452 4274 sancti
1482 4219 1796 4288 Laurentii,
1829 4224 1884 4272 et
1911 4218 2098 4286 cellis,

448 4322 577 4366 cum
605 4307 874 4363 omnibus
890 4308 1230 4378 adjacentiis
1253 4321 1446 4364 earum
1473 4322 1537 4362 ac
1572 4306 1955 4377 pertinentiis,
1985 4319 2098 4360 una

446 4413 577 4455 eum
609 4397 842 4454 famulis
869 4398 1173 4468 utriusque
1202 4412 1391 4468 sexus,
1420 4397 1609 4452 etalia
1636 4410 1760 4467 quae
1789 4410 1820 4450 a
1853 4395 1969 4464 piis
2001 4396 2101 4450 im-

450 4487 812 4556 peratoribus
835 4495 891 4543 et
921 4488 1173 4559 regibus,
1206 4493 1263 4543 et
1289 4489 1361 4543 ab
1387 4489 1524 4543 aliis
1549 4491 1724 4544 Deum
1757 4489 2096 4545 timentibus

450 4576 508 4630 in
546 4577 740 4632 eadem
785 4582 983 4632 sancta
1025 4576 1276 4631 Ecclesia
1309 4575 1663 4632 Narbonensi
1697 4578 1900 4634 collata
1937 4586 2090 4648 sunt,

2142 2022 2194 2082 B
2230 2026 2410 2092 prata,
2445 2023 2640 2093 silvas,
2681 2026 2852 2092 atque
2883 2022 3237 2078 medietatem
3272 2022 3597 2086 salinarum,
3627 2023 3674 2074 et
3700 2018 3815 2072 telo—

2227 2111 2340 2180 nei,
2371 2125 2469 2168 seu
2496 2111 2753 2182 raﬁcani,
2782 2116 2954 2182 atque
2980 2111 3294 2183 naufragii,
3327 2109 3652 2166 monasterio
3669 2105 3811 2162 sancti

2224 2201 2540 2266 Laurentii,
2576 2206 2632 2256 et
2661 2201 2845 2272 cellis,
2886 2200 2970 2256 vel
3004 2215 3132 2256 cum
3164 2200 3435 2256 omnibus
3455 2197 3753 2267 adjacentiis
3774 2199 3816 2248 et

2222 2290 2590 2360 pertinentiis
2646 2303 2861 2358 earum,
2928 2303 3040 2345 una
3087 2304 3214 2345 cum
3285 2288 3524 2344 familiis
3566 2286 3816 2353 utriusque

2223 2393 2414 2448 sexus,
2449 2383 2505 2434 et
2524 2379 2639 2433 alia
2661 2379 2853 2434 omnia
2881 2393 3005 2448 qua:
3034 2392 3065 2432 a
3094 2378 3209 2447 piis
3238 2375 3667 2447 imperatoribus
3690 2379 3736 2428 et
3758 2385 3817 2426 re-

2221 2467 2411 2538 gibus,
2453 2467 2537 2522 vel
2583 2466 2652 2521 ab
2691 2467 2828 2521 aliis
2857 2469 3031 2522 Deum
3065 2465 3427 2533 timentibus,
3462 2465 3518 2518 in
3555 2463 3720 2517 eadem
3740 2474 3817 2515 ec—

2216 2557 2389 2612 clesia
2413 2556 2618 2611 collata
2649 2561 2802 2627 sunt,
2838 2555 2922 2609 vel
2960 2555 3240 2610 collatura
3274 2552 3641 2624 [conferendaj
3666 2555 3814 2616 erunt,

2217 2651 2328 2700 tam
2364 2646 2422 2699 in
2456 2646 2580 2714 ipso
2605 2645 2882 2700 comitatu
2913 2643 3296 2714 Narbonensi,
3328 2657 3490 2713 quam
3516 2643 3572 2696 in
3601 2639 3820 2694 Redden—

2216 2748 2294 2805 se,
2342 2749 2443 2789 seu
2507 2739 2560 2788 et
2599 2732 2973 2802 Minerbense,
3029 2739 3200 2803 atque
3251 2732 3597 2798 Ausonense,
3645 2739 3816 2782 necnon

2217 2831 2274 2879 et
2331 2823 2666 2890 Bitterense,
2729 2823 2848 2876 sive
2904 2821 3076 2876 etiam
3124 2823 3523 2877 Nemausense.
3570 2820 3680 2872 llazc
3717 2828 3818 2869 vero

2217 2912 2407 2966 omnia
2443 2911 2521 2965 ita
2547 2911 2678 2979 jure
2700 2910 3034 2965 ﬁrmissimo
3059 2914 3160 2964 ate
3188 2910 3425 2980 tuisque
3451 2903 3820 2965 successoribus

2219 2999 2499 3069 possideri
2521 3013 2584 3053 ac
2601 2997 2888 3052 dominari
2914 2997 3196 3067 volumus,
3222 2997 3382 3053 sicut
3397 2997 3530 3052 olim
3551 3003 3817 3065 possessum

2216 3094 2302 3143 est
2331 3100 2363 3141 a
2399 3094 2607 3142 sanetae
2654 3085 2939 3140 memoriae
2974 3086 3269 3141 decessore
3320 3091 3419 3142 tuo
3457 3083 3668 3140 Daniele
3693 3079 3820 3149 epis—

2216 3191 2406 3246 scopo,
2455 3177 2550 3231 sed
2601 3182 2657 3231 et
2697 3176 3000 3231 reverendo
3048 3175 3353 3246 Sigebobo,
3390 3175 3626 3244 ejusdem
3661 3170 3817 3240 prima:

2216 3267 2372 3322 sedis
2399 3265 2786 3321 Narbonensis
2819 3265 3079 3334 praesule,
3114 3263 3223 3319 sub
3252 3271 3352 3320 tua
3386 3271 3703 3331 tuorumque
3723 3269 3819 3312 suc-

2215 3369 2502 3410 cessorum
2533 3353 2776 3424 ditione,
2820 3358 3112 3422 potestate,
3141 3365 3206 3407 ac
3239 3353 3493 3407 utilitate
3521 3344 3816 3405 omnimodis

2214 3443 2632 3498 conﬁrmantes.
2699 3442 3021 3496 Statuentes
3082 3441 3403 3510 apostolica
3471 3450 3689 3494 censura
3734 3430 3817 3488 sub

2214 3531 2399 3586 divini
2419 3531 2629 3600 judicii
2662 3530 3040 3586 obtestatione
3059 3535 3114 3583 et
3133 3529 3516 3584 anathematis
3540 3525 3815 3582 interdicto.

2216 3625 2280 3674 ut
2324 3618 2471 3673 nulli
2516 3631 2766 3687 unquam
2827 3630 3028 3687 magno
3080 3616 3165 3671 vel
3225 3631 3400 3686 parvo
3438 3614 3643 3670 homini
3686 3610 3819 3665 liceat

2216 3707 2534 3776 quamlibet
2564 3705 2801 3760 forciam
2829 3705 2913 3760 vel
2941 3705 3372 3773 oppressionem
3408 3706 3463 3759 in
3495 3700 3735 3759 omnibus
3760 3709 3820 3750 re

2214 3793 2323 3849 bus
2343 3796 2467 3863 ejus
2499 3793 2699 3860 facere,
2743 3800 2843 3848 aut
2871 3797 3202 3862 potestatem
3236 3794 3492 3864 aliquam
3524 3790 3723 3853 habere,
3749 3781 3816 3836 vel

2211 3883 2463 3953 aliquem
2509 3883 2874 3954 distringere,
2908 3887 3008 3937 aut
3040 3881 3444 3952 qualecunque
3491 3881 3743 3936 teloneum
3765 3870 3819 3924 ab

2211 3971 2298 4026 eis
2327 3972 2571 4042 exigere,
2601 3972 2722 4026 sive
2745 3972 2813 4027 ad
2837 3971 3109 4041 placitum
3133 3984 3232 4026 eos
3267 3971 3591 4038 ubicunque
3622 3979 3708 4035 pro
3723 3960 3820 4031 qui-

2213 4059 2550 4129 buscunque
2589 4061 2786 4116 causis
2841 4060 3074 4130 proprio
3113 4061 3246 4128 jure
3300 4058 3619 4130 praeferunt,
3652 4051 3747 4108 nisi
3773 4049 3817 4102 in

2215 4149 2574 4218 providentia
2606 4145 2950 4222 [praesentia]
2984 4148 3410 4217 archiepiscopi
3434 4158 3597 4202 causa
3628 4142 3815 4196 illorum

2211 4237 2501 4308 audiatur,
2553 4242 2608 4292 et
2663 4237 3016 4309 regulariter
3063 4235 3304 4292 ﬁniatur
3351 4231 3659 4309 [ﬁrmetur].
3704 4222 3817 4282 Illud

2211 4338 2438 4394 quoque
2469 4331 2663 4380 nostra
2697 4325 3044 4380 auctoritate
3064 4325 3229 4392 juxta
3255 4325 3584 4379 canonicam
3606 4314 3820 4374 sanctio—

2207 4426 2331 4466 nem
2367 4412 2532 4467 nobis
2562 4413 2769 4468 addere
2804 4413 3040 4482 placuit,
3078 4417 3140 4467 ut
3168 4412 3471 4482 siquando
3496 4409 3678 4466 divina
3696 4413 3826 4458 voca-

2207 4500 2362 4555 tione
2392 4515 2489 4555 vos
2531 4501 2823 4570 vestrique
2855 4514 3210 4555 successores
3253 4514 3323 4554 ex
3358 4501 3461 4554 hae
3492 4500 3609 4553 luce
3640 4493 3818 4562 migra-

2205 4589 2424 4658 veritis,
2445 4589 2705 4658 quandiu
2724 4589 2780 4643 in
2807 4589 2934 4657 ipsa
2955 4589 3207 4643 Ecclesia
3229 4586 3581 4643 Narbonensi
3606 4583 3817 4652 repertus

447 4665 858 4764 etconsistunt,
881 4671 992 4720 tam
1019 4665 1218 4764 inipso
1248 4667 1524 4764 comitatu
1548 4667 1910 4764 Narbonense
1925 4681 2091 4738 quam
2128 4705 2181 4764 D
2203 4675 2721 4747 fueritquidignus
2738 4675 2817 4731 sit
2851 4676 3040 4732 oﬁicio
3077 4676 3449 4745 pontiﬁcatus
3473 4675 3647 4745 ipsius
3668 4664 3813 4734 fungi,

445 4755 504 4804 et
543 4750 854 4820 Reddense,
919 4766 1020 4808 seu
1092 4754 1448 4810 Minerbense
1500 4765 1674 4827 atque
1737 4757 2087 4823 Ausonense,

446 4850 661 4892 necnon
687 4846 742 4894 et
784 4841 1122 4911 Biterrense,
1156 4843 1277 4897 sive
1301 4843 1471 4898 etiam
1505 4846 1901 4901 Nemausense.
1935 4845 2094 4899 Unde

445 4927 778 4984 salubribus
791 4930 1170 4999 petitionibus
1183 4934 1388 4990 vestris
1403 4934 1690 5004 inclinati,
1713 4935 2088 5004 decrevimus,

445 5023 558 5073 uta
579 5020 844 5087 praesenti
867 5020 961 5075 die
978 5026 1180 5091 quarta
1199 5024 1419 5078 decima
1445 5024 1777 5096 indictione,
1801 5041 1899 5095 per
1920 5025 2095 5094 hujus

444 5111 652 5162 nostrae
675 5109 1002 5176 apostolicae
1029 5111 1484 5169 conﬁrmationis
1530 5115 1894 5186 privilegium
1937 5117 2094 5171 robo-

444 5208 656 5265 ramus,
685 5195 1034 5255 stabilimus.
1072 5205 1128 5254 et
1172 5200 1229 5256 in
1259 5209 1593 5271 perpetuum
1626 5211 1818 5258 nostra
1857 5211 2095 5274 aposto—

441 5282 552 5338 lica
577 5283 920 5339 auctoritate
944 5286 1366 5360 conﬁrmamus,
1401 5290 1457 5344 in
1487 5306 1595 5346 usu
1627 5298 1681 5345 et
1703 5292 1909 5347 solatio
1929 5295 2094 5362 ejus-

440 5373 568 5428 dem
599 5379 807 5429 sanetze
843 5375 1038 5444 prima:
1071 5375 1333 5432 Ecclesia:
1370 5381 1775 5451 Narbonensis,
1805 5382 1898 5437 cui
1940 5398 2093 5453 pra:—

440 5476 562 5518 esse
597 5462 975 5534 dignosceris,
1013 5464 1068 5519 id
1122 5470 1250 5536 est,,
1297 5480 1490 5522 omnes
1516 5470 1733 5538 domos,
1763 5471 1954 5541 cellas,
1989 5487 2089 5528 ec—

439 5551 665 5621 clesias,
714 5552 902 5624 villas,
971 5559 1180 5625 curtes,
1239 5555 1560 5628 parochias,
1609 5565 1808 5631 terras,
1868 5562 2082 5631 vineas,

2203 4764 2349 4818 nulli
2381 4764 2636 4819 lieeatex
2653 4763 2770 4818 alio
2792 4764 2916 4820 loco
2945 4764 3090 4818 inibi
3122 4764 3373 4835 ingredi,
3399 4777 3498 4819 nec
3513 4763 3621 4831 jam
3643 4757 3815 4813 dictam

2202 4852 2315 4906 sibi
2351 4853 2626 4921 praaditus
2655 4849 2988 4924 [praedictus
3011 4849 3284 4925 mendose]
3311 4864 3644 4922 quacunque
3667 4839 3821 4912 digni-

2205 4947 2316 4996 tate
2358 4948 2458 4996 aut
2489 4941 2644 5012 regia
2673 4941 3016 4996 auctoritate
3051 4954 3334 5010 usurpare
3365 4941 3569 5010 sedem,
3609 4934 3692 4990 sed
3715 4940 3816 4985 cono

2203 5035 2431 5084 ventum
2461 5030 2784 5084 vicinorum
2832 5029 3307 5100 coepiscoporum
3336 5040 3628 5085 occurrere
3654 5020 3816 5077 volen-

2205 5117 2349 5172 tium
2385 5114 2738 5190 [valentium]
2770 5117 2920 5174 facto
2945 5118 3161 5188 absque
3187 5119 3442 5187 alicujus
3464 5110 3735 5186 potestatis
3754 5106 3817 5158 in-

2202 5206 2466 5274 terdicto,
2527 5207 2947 5262 benedictionis
2999 5207 3139 5262 cleri
3203 5207 3285 5262 vel
3358 5207 3541 5276 plebis
3583 5195 3816 5273 percipiat

2200 5295 2558 5365 dignitatem.
2601 5295 2658 5349 Si
2691 5310 2821 5350 vero
2856 5295 3108 5365 aliquem
3137 5295 3208 5350 de
3253 5293 3625 5362 suﬁ'raganeis
3652 5282 3815 5352 coepi-

2201 5384 2390 5452 scOpis
2432 5384 2747 5455 contigerit
2788 5384 2954 5453 mori,
2999 5385 3341 5454 perquirens
3385 5379 3814 5450 metrOpolitanus

2197 5473 2501 5541 episc0pus
2524 5473 2856 5528 electionem
2885 5473 3079 5542 plebis
3109 5473 3313 5542 ipsius,
3344 5486 3465 5527 eam
3486 5470 3703 5525 visitare
3720 5467 3813 5514 stu.

2193 5560 2341 5630 deat,
2390 5566 2585 5631 utpote
2614 5562 2904 5617 viduatam
2940 5561 3265 5617 Eeclesiam.
3303 5561 3464 5630 Quod
3497 5559 3545 5614 si
3589 5555 3718 5612 forte
3745 5542 3810 5602 ibi
