4058 6154
197 219 309 278 857

1445 221 1792 281 EPISTOL/E
1829 222 1915 278 ET
1953 224 2360 282 PRIVILEGIA.

199 342 340 397 talis
366 356 479 398 non
512 346 775 413 repertus
802 341 998 414 fuerit,
1028 344 1127 416 qui
1156 358 1302 402 onus
1331 346 1677 402 sacerdotale
1708 343 1926 405 ferreA

200 436 393 500 queat,
428 443 527 499 per
550 431 885 487 canonicam
914 432 1312 489 auctoritatem
1341 438 1397 488 et
1429 441 1677 489 nostram
1711 446 1861 502 apo-

199 516 464 573 stolicam
503 518 939 587 permissionem
986 520 1225 575 licentia
1261 520 1449 576 sitilli
1489 521 1705 591 absque
1737 520 1856 575 ulla

198 606 608 661 retractatione
637 607 707 662 de
724 620 827 661 sua
856 607 1109 663 Ecclesia
1128 609 1295 663 talem
1319 610 1726 677 inthronizare,
1753 608 1854 680 qui

198 693 573 766 suﬁ'raganea
621 709 739 751 sua
793 696 1062 751 Ecclesia:
1112 696 1326 769 dignus
1383 712 1620 769 praesse
1677 698 1858 753 valeat

199 787 415 853 pastor.
448 783 507 837 Si
544 783 697 854 quis,
733 784 883 854 quod
918 798 1028 839 non
1059 791 1343 857 optamus,
1376 793 1574 841 contra
1607 787 1712 842 hoc
1746 800 1858 841 no—

200 876 385 925 strum
402 870 784 939 apostolicum
799 870 1187 943 privilegium,
1209 874 1301 942 pie
1319 886 1352 927 a
1366 873 1532 929 nobis
1552 878 1851 944 statutum,

197 959 505 1016 temerario
533 972 681 1014 ausu
702 959 856 1029 ageri
884 963 1331 1033 prasumpserit,
1365 963 1512 1017 sciat
1538 976 1597 1017 se
1626 963 1853 1017 anathe-

197 1046 370 1102 matis
409 1046 666 1102 vinculis
714 1048 1069 1120 innodatum,
1103 1054 1158 1104 et
1205 1063 1238 1104 a
1287 1064 1459 1121 regno
1488 1050 1589 1105 Dei
1628 1050 1856 1106 alienus

197 1136 432 1191 existat.
465 1134 577 1203 Qui
614 1142 804 1191 autem
831 1150 999 1193 verus
1027 1145 1222 1194 custos
1255 1144 1310 1194 et
1331 1138 1660 1194 observator
1687 1139 1858 1194 exsti-

196 1224 356 1295 terit,
395 1224 852 1280 benedictionem
874 1231 931 1281 et
955 1227 1196 1297 gratiam
1228 1240 1261 1282 a
1284 1227 1526 1283 Domino
1551 1240 1859 1298 consequa-

196 1318 308 1369 tur.

264 1401 563 1470 Scriptum
618 1415 718 1471 per
761 1414 990 1457 manum
1033 1403 1255 1459 Nicolai
1307 1403 1603 1459 scriniarii
1651 1409 1859 1459 sancta

196 1491 470 1545 Romana
490 1489 779 1561 Ecclesia,
803 1490 862 1545 in
890 1504 1080 1546 mense
1106 1490 1386 1562 Augusto,
1424 1491 1740 1546 indictione
1770 1488 1853 1545 44.

194 1580 343 1634 Bene
386 1577 584 1633 valete.
623 1579 826 1633 Datum
867 1592 973 1633 xm
1023 1580 1306 1635 Kalendas
1344 1579 1712 1650 Septembris,
1759 1593 1858 1649 per

196 1680 435 1725 manum
452 1666 725 1736 Stephani
747 1666 998 1738 episcopi
1019 1673 1229 1723 sancta
1252 1668 1519 1723 Ecclesia
1540 1667 1853 1739 Nepesina,

194 1756 416 1811 arcarii
445 1751 542 1829 [in
573 1752 825 1829 arcario]
850 1761 1060 1811 sancta
1089 1757 1356 1812 Ecclesia
1388 1756 1542 1811 sedis
1571 1755 1860 1825 apostoli—

197 1858 291 1917 ca,
326 1844 652 1913 imperante
671 1843 905 1899 domino
932 1844 1197 1914 piissimo
1217 1845 1475 1916 Augusto
1504 1844 1803 1913 Arnulpho
1827 1857 1861 1899 a

198 1934 309 1989 Deo
336 1937 618 1988 coronato
647 1945 849 2003 magno
888 1933 1230 2002 imperatore
1258 1946 1407 1989 anno
1437 1932 1640 2004 primo.

811 2120 1148 2193 EPISTOLA:
1185 2124 1250 2177 ιι.

298 2295 382 2337 AD
422 2294 747 2337 ARIBERTUM
811 2294 1208 2337 NARBONENSEM
1264 2295 1747 2337 ARCHIEPISCOPUM.

198 2441 471 2509 Queritur
500 2443 707 2509 factam
739 2456 851 2495 esse
885 2442 1113 2566 ἔτιῗὲ
1120 2446 1437 2525 potestatem
1483 2441 1691 2495 allodia
1722 2456 1864 2511 pos—

917 2528 964 2566 sz
1007 2528 1071 2566 en
1115 2529 1151 2566 ι-

917 2528 942 2566 8
948 2528 1151 2571 ιαεηαι,

264 2674 602 2729 STEPHANUS
630 2686 775 2743 papo
804 2671 1086 2727 ARIBERTO
1108 2671 1541 2742 archiepisc0po
1560 2671 1860 2758 Narbona,

197 2771 252 2821 et
283 2762 568 2820 omnibus
612 2761 1002 2832 potentatibus
1047 2761 1440 2833 Septimania,
1467 2767 1522 2816 et
1574 2762 1864 2831 Hispania

201 2853 474 2910 salutem.

267 2941 557 2999 Convenit
589 2940 778 3013 nobis,
806 2941 907 3012 qui
947 2941 1157 2999 clavem
1191 2939 1443 2997 caelestis
1486 2939 1676 2996 horrei
1712 2940 1866 2995 vici-

203 3032 309 3090 bus
337 3030 682 3109 apostolicis
712 3031 1089 3101 suscepimus,
1122 3030 1295 3085 etiam
1340 3030 1495 3085 omni
1525 3029 1864 3099 pestilentia

201 3121 401 3193 gregis
418 3119 606 3174 divini
631 3117 761 3174 ﬁdei
788 3118 1128 3174 medicinam
1149 3118 1469 3189 porrigere:
1496 3117 1646 3188 quod
1674 3117 1723 3172 si
1752 3130 1864 3172 non

203 3223 521 3282 possumus
549 3208 769 3263 modios
789 3207 996 3278 tritici,
1030 3212 1087 3262 at
1107 3207 1306 3262 saltem
1328 3207 1638 3263 cestarium
1667 3202 1868 3278 [sexta-

201 3293 387 3370 rium]
420 3295 710 3351 valeamus
748 3295 1089 3366 impendere.
1136 3294 1492 3366 Quapropter
1524 3308 1726 3349 sumus
1755 3294 1869 3348 do—

200 3386 318 3442 lore
356 3384 522 3454 tacti,
560 3398 738 3454 usque
772 3386 840 3439 ad
874 3391 1110 3440 mortem
1140 3383 1382 3455 anxiati,
1414 3397 1543 3439 cum
1575 3382 1871 3454 cognovis-

202 3488 403 3531 semus
444 3487 542 3543 per
572 3473 841 3543 teipsum,
874 3473 1026 3542 quod
1068 3472 1226 3542 plebs
1254 3472 1489 3527 Judaica
1515 3474 1627 3527 Deo
1648 3484 1870 3540 semper

204 3563 467 3635 rebellis,
500 3569 556 3617 et
585 3562 801 3617 nostris
842 3562 1121 3633 derogans
1169 3561 1527 3616 caremoniis
1556 3559 1706 3615 infra
1731 3560 1872 3615 ﬁnes

203 3661 257 3709 et
284 3651 594 3708 territoria
620 3649 1081 3705 Christianorum
1110 3648 1324 3704 allodia
1369 3648 1764 3703 bareditatum
1812 3647 1871 3701 in

205 3741 372 3797 villis
409 3746 468 3794 et
509 3738 881 3809 suburbanis,
919 3737 1084 3807 quasi
1135 3736 1336 3792 incola
1386 3737 1873 3806 Christianorum,

207 3831 548 3903 possideant
569 3842 667 3899 per
687 3829 942 3899 quadam
964 3842 1161 3898 regum
1181 3827 1527 3882 Francorum
1560 3833 1868 3897 pracepta:

205 3921 351 3991 quia
385 3918 503 3988 ipsi
534 3917 759 3971 inimici
782 3915 1010 3971 Domini
1042 3929 1260 3985 qua...
1289 3921 1445 3986 sunt,
1478 3915 1529 3970 ei
1555 3915 1874 3984 periculose

207 4007 452 4065 mercati
476 4012 647 4061 sunt:
681 4010 740 4060 et
762 4006 913 4075 quod
947 4005 1140 4060 vineas
1170 4012 1226 4059 et
1247 4017 1417 4075 agros
1450 4004 1687 4059 illorum
1711 4004 1874 4058 Chri-

205 4098 388 4154 stiani
424 4096 689 4151 homines
712 4095 1006 4150 excolant:
1045 4100 1101 4149 et
1133 4093 1282 4149 infra
1303 4094 1575 4149 civitates
1603 4097 1660 4148 et
1688 4099 1868 4162 extra,

206 4186 461 4242 masculi
492 4191 550 4239 et
571 4182 793 4238 femina
825 4183 1287 4238 Christianorum
1317 4196 1446 4237 cum
1474 4182 1686 4237 eisdem
1721 4196 1872 4250 pra—

206 4272 642 4330 varicatoribus
688 4271 1029 4341 habitantes,
1060 4271 1167 4326 diu
1196 4276 1482 4340 noctuque
1514 4269 1704 4325 verbis
1743 4269 1875 4324 bla—

205 4363 495 4433 sphemia
527 4361 906 4432 maculantur,
944 4367 998 4416 et
1035 4366 1240 4415 cuncta
1270 4359 1545 4430 obsequia
1577 4373 1700 4429 qua
1750 4358 1869 4413 dici

203 4459 310 4508 aut
337 4451 664 4522 echgitari
692 4455 950 4521 possunt,
992 4450 1186 4505 miseri
1225 4449 1512 4504 miserave
1543 4448 1873 4518 pranotatis

206 4543 465 4598 canibus
497 4541 886 4597 indesinenter
901 4539 1239 4595 exhibeant:
1269 4537 1583 4608 prasertim
1609 4551 1737 4592 cum
1757 4537 1876 4591 hu—

202 4632 473 4701 jusmodi
497 4631 760 4701 patribus
789 4630 1149 4685 llehraorum
1182 4629 1461 4699 promissa
1486 4627 1556 4683 ab
1581 4627 1758 4683 electo
1770 4627 1876 4696 ju—

208 4722 493 4777 rislatore
521 4720 755 4776 illorum
773 4722 943 4791 Mose,
975 4725 1032 4774 et
1057 4732 1382 4775 successore
1409 4719 1534 4787 ejus
1555 4719 1743 4788 .losue,
1785 4716 1878 4770 his

205 4812 494 4869 conclusa
520 4817 578 4866 et
604 4812 906 4867 terminata
930 4811 1163 4883 ﬁnibus,
1190 4810 1261 4866 ab
1288 4811 1412 4880 ipso
1432 4809 1879 4877 Dominojurata

207 4915 267 4962 et
295 4907 522 4964 tradita
542 4905 671 4961 istis
698 4902 1034 4972 incredulis,
1062 4907 1117 4956 et
1136 4900 1397 4971 patribus
1417 4912 1614 4955 eorum
1642 4898 1883 4953 scelera-

211 5001 314 5070 tis,
342 5011 453 5068 pro
472 4995 691 5052 ultione
720 4994 982 5050 cruciﬁxi
1009 4993 1321 5050 Salvatoris
1352 4990 1554 5046 merito
1584 4990 1703 5045 sint
1731 4988 1882 5044 abla-

212 5098 291 5147 ta.
326 5092 402 5145 Et
454 5101 646 5144 revera
695 5092 1005 5158 praceptor
1046 5084 1311 5140 Ecclesia
1365 5080 1636 5155 gregibus
1678 5079 1882 5135 ortho—

211 5182 391 5239 doxis
418 5179 713 5251 signiﬁcat
745 5177 1044 5248 inquiens:
1090 5176 1217 5241 Qua
1255 5175 1478 5228 societas
1508 5172 1617 5225 luci
1650 5174 1701 5224 et
1726 5160 1884 5223 tene-

216 5273 377 5327 bris?
421 5285 546 5340 qua
570 5268 846 5322 conventio
876 5266 1078 5321 Christi
1114 5265 1189 5318 ad
1223 5264 1442 5317 Belial?
1476 5267 1573 5316 aut
1610 5261 1733 5330 quis
1763 5276 1885 5313 con-

212 5377 414 5417 sensus
438 5360 633 5429 templo
661 5359 761 5412 Dei
798 5372 918 5411 cum
942 5355 1104 5409 idolis
1125 5355 1152 5406 17
1190 5350 1267 5423 (II
1304 5352 1420 5406 Cor.
1448 5349 1548 5422 v1.)
1577 5351 1640 5405 Et
1671 5349 1879 5405 summi

216 5449 606 5506 consiliarius
637 5446 793 5503 verbi
820 5446 888 5501 ad
900 5448 1103 5513 monet,
1123 5442 1348 5498 dicens:
1375 5440 1436 5494 Si
1464 5441 1585 5509 quis
1608 5439 1811 5493 dixerit
1834 5439 1885 5491 ei

218 5542 345 5596 Ave
372 5538 449 5610 (II
473 5540 640 5600 Joan,
675 5534 775 5607 x1),
803 5539 910 5590 etc.
946 5534 1151 5587 Desunt
1174 5536 1385 5586 caetera.

1893 1676 1947 1736 B

1903 4320 1956 4380 D

2542 350 2889 422 _EPISTOLA
2928 350 3021 422 Ill,

2730 439 2852 495 sive

2141 526 2491 595 Privilcgium
2530 544 2637 598 pro
2683 530 3008 582 monasterio
3058 529 3430 582 Vizcliacensi.

2034 631 2355 688 STEPHANUS
2382 635 2707 706 episcopus,
2739 649 2935 690 servus
2974 648 3269 690 servorum
3319 633 3441 701 Dei,
3494 633 3612 687 EU-

1966 734 2090 775 nom
2148 722 2458 778 venerabili
2525 723 2719 780 abbati
2780 723 3110 780 monasterii
3188 720 3613 791 Vizeliacensis,

1965 811 2236 882 omnique
2260 814 2720 887 congregationis
2741 814 2993 885 ejusdem
3017 812 3349 870 monasterii
3382 812 3442 866 in
3479 824 3613 884 per-

1964 904 2219 967 petuum.

2034 989 2283 1058 Quoties.
2314 992 2416 1048 illa
2442 993 2622 1050 tribui
2649 1008 2681 1050 a
2720 994 2888 1051 nobis
2925 998 3215 1065 optantur,
3250 1007 3375 1063 qua
3403 990 3616 1047 rationi

1968 1077 2368 1135 incunctanter
2413 1084 2779 1153 conveniunt,
2834 1084 3028 1139 animo
3067 1096 3170 1139 nos
3205 1081 3373 1137 debet
3413 1078 3617 1135 libenti

1968 1168 2294 1238 concedere,
2324 1174 2380 1224 et
2407 1172 2717 1239 petentium
2737 1172 3047 1227 desideriis
3067 1184 3384 1243 congruum
3417 1170 3621 1237 imper-

1968 1255 2071 1310 tiri
2106 1254 2464 1329 suﬁ‘ragium.
2510 1259 2693 1330 Atque
2732 1261 2859 1316 ideo
2885 1261 3021 1331 quia
3054 1259 3355 1330 postulasti
3387 1272 3421 1314 a
3450 1257 3620 1315 nobis

1970 1353 2253 1415 quatenus
2296 1347 2663 1419 privilegium
2709 1350 2864 1405 sedis
2914 1348 3241 1419 apostolica
3272 1349 3617 1403 monasterio

1970 1434 2273 1504 Vizeliaco,
2322 1436 2419 1491 cui
2463 1450 2700 1505 praesse
2745 1438 3121 1508 dignosceris,
3196 1438 3346 1507 quod
3396 1441 3620 1492 constat

1970 1523 2109 1578 olim
2134 1537 2166 1578 a
2190 1523 2440 1581 Gerardo
2471 1525 2836 1581 nobilissimo
2865 1532 2920 1581 et
2943 1526 3441 1581 Christianissimo
3468 1525 3615 1596 viro,

1971 1625 2189 1667 necnon
2235 1617 2292 1667 et
2320 1614 2481 1668 Berta
2529 1629 2703 1669 uxore
2751 1615 2895 1685 ejus,
2945 1615 3004 1669 in
3046 1615 3258 1669 honore
3302 1612 3534 1668 Domini
3564 1617 3622 1667 et

1969 1703 2279 1759 Salvatoris
2310 1705 2491 1760 nostri
2521 1707 2653 1760 Jesu
2681 1705 2897 1759 Christi
2924 1710 2980 1760 et
3008 1704 3370 1760 veneratione
3398 1702 3622 1757 beatis—

1970 1792 2129 1848 sima
2160 1806 2380 1862 semper
2409 1794 2662 1864 Virginis
2692 1794 2883 1849 Maria
2909 1793 3211 1864 genitricis
3240 1791 3495 1861 ejusdem
3518 1792 3623 1847 Do-

1972 1880 2117 1935 mini
2145 1881 2327 1935 nostri
2351 1882 2483 1937 Jesu
2502 1881 2719 1936 Christi
2746 1885 3136 1937 constructum
3163 1898 3177 1949 ;
3212 1881 3272 1934 in
3306 1893 3477 1951 regno
3498 1879 3622 1934 sci—

1972 1968 2110 2023 licet
2137 1969 2501 2040 Burgundia,
2537 1970 2596 2023 in
2639 1982 2779 2040 pago
2805 1968 3090 2034 Avalensi,
3125 1968 3388 2036 quodque
3412 1980 3444 2021 a
3472 1980 3624 2035 pra—

1973 2055 2109 2112 fatis
2134 2056 2540 2113 fundatoribus
2569 2057 2731 2112 beato
2769 2058 2931 2112 Petro
2951 2055 3339 2125 apostolorum
3368 2053 3620 2124 principi

1974 2146 2068 2216 pia
2117 2146 2416 2201 devotione
2465 2152 2523 2200 et
2564 2145 2883 2201 testamenti
2934 2144 3141 2215 pagina
3193 2142 3464 2198 collatum
3513 2145 3619 2211 est,

1972 2235 2154 2292 facere
2195 2235 2559 2292 deberemus:
2605 2234 2871 2289 inclinati
2915 2232 3180 2303 precibus
3219 2232 3339 2287 tuis
3377 2231 3623 2287 libenter

1970 2325 2345 2382 decrevimus:
2383 2337 2480 2393 per
2501 2324 2649 2394 quod
2675 2323 2949 2378 nimirum
2978 2320 3302 2391 apostolica
3331 2319 3485 2375 sedis
3510 2318 3626 2389 pri-

1973 2416 2245 2487 vilegium
2276 2415 2705 2484 conﬁrmamus,
2731 2416 2903 2483 atque
2924 2412 3253 2478 statuimus,
3280 2414 3343 2465 ut
3364 2408 3511 2464 nulli
3542 2421 3625 2463 re-

1975 2519 2128 2576 gum,
2150 2504 2299 2559 nulli
2320 2501 2840 2572 antistitum,nulli
2859 2501 3154 2569 comitum,
3184 2499 3333 2554 nulli
3350 2498 3624 2567 cuiquam

1972 2593 2077 2648 alii
2128 2593 2299 2648 liceat
2351 2593 2538 2662 ipsum
2589 2589 2997 2646 monasterium
3041 2588 3393 2658 perturbare,
3425 2585 3515 2641 vel
3561 2599 3626 2641 ea

1976 2697 2100 2752 qua
2134 2682 2215 2737 ibi
2242 2682 2406 2751 ajam
2431 2682 2608 2736 dictis
2650 2677 3073 2749 fundatoribus,
3095 2678 3180 2732 vel
3211 2676 3282 2732 ab
3311 2676 3449 2731 aliis
3478 2674 3625 2731 ﬁde-

1975 2772 2132 2828 libus
2161 2772 2347 2827 oblata
2381 2777 2535 2839 sunt,
2584 2770 2667 2825 vel
2700 2770 2757 2824 in
2786 2768 3046 2824 futurum
3077 2766 3268 2823 offerri
3295 2764 3622 2837 contigerit,

1976 2861 2083 2918 sub
2112 2860 2423 2929 cujuslibet
2452 2872 2657 2929 causa,
2685 2858 3074 2915 occasionisve
3104 2856 3310 2925 specie,
3347 2854 3623 2925 minuere,

1974 2950 2061 3007 vel
2091 2949 2333 3020 auferre,
2364 2950 2484 3004 sive
2514 2947 2640 3003 suis
2666 2947 2872 3002 usibus
2900 2946 3210 3016 applicare,
3254 2944 3350 2999 sed
3373 2942 3499 2998 sine
3529 2942 3628 2996 in—

1977 3039 2314 3110 quietudine
2346 3038 2405 3091 in
2436 3036 2854 3091 sustentatione
2891 3035 3140 3103 ejusdem
3176 3031 3530 3101 monasterii,
3572 3035 3629 3085 et

1979 3128 2182 3185 usibus
2215 3126 2482 3181 abbatum
2527 3129 2583 3179 et
2616 3124 3017 3179 monachorum
3069 3122 3176 3178 sub
3204 3120 3398 3193 regula
3442 3118 3625 3174 sancti

1976 3215 2162 3271 Patris
2192 3213 2479 3269 Benedicti
2523 3212 2603 3266 ibi
2635 3214 2749 3266 Deo
2777 3210 3153 3265 militantium
3188 3208 3453 3264 volumus
3474 3219 3538 3261 ea
3569 3211 3627 3261 et

1979 3304 2345 3376 pracipimus
2394 3301 2710 3372 possideri:
2749 3314 2813 3355 ea
2852 3299 3119 3354 videlicet
3164 3296 3514 3363 conditione,
3562 3297 3629 3349 ut

1979 3393 2177 3449 nullus
2227 3404 2619 3447 successorum
2675 3395 2998 3443 nostrorum
3058 3385 3389 3455 pontiﬁcum
3436 3384 3495 3438 in
3524 3384 3628 3438 hac

1980 3487 2175 3539 sancta
2214 3481 2362 3544 sede,
2392 3478 2486 3534 cui
2528 3481 2759 3533 auctore
2787 3478 2899 3530 Deo
2925 3474 3225 3547 servimus,
3260 3484 3511 3541 unquam
3541 3470 3644 3529 vel,

1982 3584 2224 3640 usquam
2263 3568 2537 3639 quiddam
2562 3580 2631 3621 ex
2668 3566 2880 3621 eisdem
2911 3563 3081 3618 rebus
3110 3561 3379 3631 cuiquam
3412 3557 3631 3613 beneﬁ—

1983 3660 2155 3727 ciare,
2181 3662 2551 3726 commutare,
2578 3660 2677 3710 aut
2710 3654 2817 3710 sub
2847 3666 3021 3708 censu
3047 3648 3305 3722 quolibet
3324 3647 3631 3704 concedere

1985 3762 2085 3819 per
2122 3746 2319 3802 futura
2348 3752 2599 3814 tempora
2640 3743 2914 3812 patiatur,
2958 3741 3052 3795 sed
3107 3751 3341 3794 censum
3371 3740 3633 3791 tantum—

1987 3837 2151 3901 modo
2180 3836 2238 3890 in
2258 3840 2589 3890 testamento
2608 3830 2943 3887 traditionis
2964 3825 3413 3883 afundatoribus
3434 3823 3537 3894 qui
3563 3836 3633 3877 ex

1982 3925 2177 3981 eodem
2231 3921 2575 3978 monasterio
2607 3920 2752 3974 hanc
2797 3921 3050 3973 sanctam
3096 3914 3370 3970 haredem
3420 3912 3634 3967 Roma-

1983 4027 2112 4068 nam
2163 4010 2418 4066 fecernnt
2454 4008 2785 4077 Ecclesium,
2847 4006 3021 4061 etiam
3068 4003 3415 4074 delegatum,
3456 4011 3627 4055 unam

1979 4100 2247 4157 videlicet
2299 4099 2503 4154 libram
2534 4096 2757 4166 argenti
2780 4094 2949 4150 annis
2987 4092 3239 4165 singulis
3278 4100 3635 4146 successores

1981 4190 2164 4245 nostri
2186 4188 2551 4256 accipientes,
2580 4198 2676 4254 per
2704 4181 3068 4252 paternitatis
3088 4178 3428 4250 suffragium
3449 4175 3634 4231 eidem

1985 4277 2327 4333 monasterio
2353 4273 2750 4330 sollicitudine
2790 4269 3061 4340 pastorali
3093 4268 3400 4340 vigilanter
3438 4270 3638 4320 contra

1983 4380 2181 4422 omnes
2202 4364 2538 4419 infestantes
2571 4359 2896 4430 impendere
2926 4358 3209 4413 studeant.
3234 4358 3373 4410 ltem
3413 4352 3639 4409 consti-

1985 4457 2226 4523 tuimus,
2261 4459 2323 4509 ut
2347 4453 2592 4508 obeunte
2619 4449 2819 4505 abbate
2851 4446 3109 4517 pradicti
3137 4442 3492 4523 monasterii,
3523 4452 3637 4495 non

1983 4545 2135 4600 alius
2175 4522 2257 4597 ibi
2290 4553 2629 4612 quacunque
2663 4536 3021 4606 obreptionis
3048 4533 3264 4589 astutia
3313 4522 3633 4598 ordinetur,

1987 4634 2103 4691 nisi
2125 4646 2292 4703 quem
2315 4644 2627 4685 consensus
2660 4626 3066 4683 monachorum
3099 4622 3413 4679 secundum
3442 4618 3640 4689 timo-

1986 4737 2105 4780 rem
2136 4722 2258 4789 Dei,
2307 4726 2363 4774 et
2402 4719 2828 4773 institutionem
2866 4714 3095 4787 Regula
3126 4710 3310 4767 sancti
3346 4705 3638 4764 Benedicti

1957 4804 2243 4884 'elegerit,
2268 4814 2323 4863 et
2348 4808 2519 4876 hujus
2541 4804 2870 4875 apostolica
2891 4802 3046 4859 sedis
3074 4798 3330 4873 pontifex
3356 4796 3641 4868 pravide-

1990 4902 2069 4957 rit
2097 4896 2503 4965 ordinandum,
2527 4898 2628 4949 aut
2654 4891 3019 4964 suggestione
3062 4888 3469 4944 monachorum
3497 4898 3642 4940 con—

1990 4987 2234 5046 senserit
2262 4985 2607 5041 ordinatum.

2064 5079 2175 5132 Hoc
2224 5087 2451 5146 quoque
2497 5070 2752 5140 capitulo
2781 5067 3047 5139 pra-senti
3103 5065 3530 5137 subjungimus,
3581 5067 3646 5118 ut

1995 5168 2181 5223 locum
2208 5162 2464 5219 avaritia
2481 5160 2865 5225 secludamus,
2900 5156 3126 5213 nullum
3147 5155 3219 5210 de
3242 5154 3494 5226 regibus,
3519 5151 3648 5207 nul-

1995 5258 2113 5312 lum
2156 5256 2225 5311 de
2276 5250 2563 5323 episcopis
2591 5249 2677 5304 vel
2721 5246 3133 5316 sacerdotibus,
3162 5243 3247 5299 vel
3295 5245 3365 5299 de
3396 5241 3646 5312 quibus—

1992 5359 2216 5415 cunque
2243 5341 2527 5409 ﬁdelibus,
2579 5352 2679 5408 per
2724 5351 2804 5407 se,
2851 5334 3274 5405 suppositamve
3322 5341 3640 5400 personam,

1994 5436 2063 5490 de
2085 5433 2446 5489 ordinatione
2471 5428 2723 5499 ejusdem
2754 5425 2997 5494 abbatis,
3024 5423 3109 5479 vel
3151 5420 3511 5486 clericorum,
3544 5417 3645 5468 aut

1996 5521 2474 5594 presbyterorum,
2528 5516 2613 5573 vel
2661 5518 2730 5572 de
2791 5513 3097 5586 largitione
3141 5503 3491 5571 chrismatis,
3544 5502 3644 5553 aut
