4058 6154
413 207 521 266 859

1867 212 2137 275 ROMANI
2174 216 2370 274 PAPE

3733 209 3836 269 860

415 335 848 392 consecratione
883 335 1162 408 basilicae,
1195 335 1284 392 vel
1309 337 1380 393 de
1405 337 1852 410 quibuscunque
1879 339 2075 396 causis
2094 345 2153 406 Α
2183 348 2420 415 queunt,
2450 343 2596 402 illud
2631 343 2914 418 delegavit
2949 361 2962 400 :
2997 357 3102 401 nos
3129 357 3263 399 vero
3287 340 3534 412 aptioris
3559 337 3837 396 utilitatis

417 423 486 478 ad
524 423 672 478 idem
706 426 1116 482 monasterium
1156 427 1598 498 pertinentibus,
1628 429 1838 484 audere
1866 429 1924 483 in
1943 443 2078 500 qua‘

421 511 563 567 libet
591 513 780 582 specie
813 515 1004 569 exenii
1053 514 1176 570 loco
1221 516 1538 586 quidquam
1568 517 1847 587 accipere,
1893 531 2076 588 neque

419 600 678 656 eumdem
702 601 960 658 abbatem
995 617 1095 672 pro
1125 603 1492 660 ordinatione
1531 619 1636 660 sua
1675 605 1900 676 aliquid
1941 607 2078 661 dare

422 702 784 762 praesumere,
844 704 912 746 ne
965 690 1070 746 hac
1117 691 1435 762 occasione,
1487 706 1552 748 ea
1583 707 1708 763 quae
1745 707 1778 748 a
1809 694 2078 750 ﬁdelibus

421 777 515 846 pio
545 777 670 834 loco
709 778 1050 849 otferuntur,
1085 787 1516 837 consumantur.
1554 785 1744 854 Neque
1773 783 2077 854 episcopus

419 866 676 922 civitatis
707 867 894 937 ipsius
929 868 1214 937 parochiaa
1245 869 1358 924 nisi
1393 869 1464 924 ab
1487 869 1690 926 abbate
1723 872 1910 942 ipsius
1951 885 2078 927 mov

421 954 660 1010 nasterii
701 955 1001 1026 invitatus,
1073 955 1286 1012 ibidem
1349 957 1614 1027 publicas
1662 959 1868 1016 missas
1925 966 2075 1032 agat,

425 1054 610 1112 neque
640 1042 918 1098 stationes
963 1043 1024 1098 in
1053 1043 1246 1099 eodem
1277 1045 1539 1102 caanobio
1569 1047 1811 1120 indicat,
1844 1061 1914 1103 ne
1951 1061 2082 1103 ser-

420 1143 622 1186 vorum
670 1130 774 1185 Dei
810 1131 978 1201 quies
1025 1134 1429 1203 quoquomodo
1493 1135 1758 1206 populari
1799 1142 2080 1193 conventu

423 1217 748 1288 perturbari
783 1219 982 1291 valeat,
1017 1234 1199 1290 neque
1215 1227 1465 1293 paratas,
1497 1230 1600 1279 aut
1637 1225 2082 1282 mansionaticos

423 1306 632 1362 exinde
655 1315 962 1376 praesumat
979 1309 1226 1380 exigere.
1253 1311 1684 1380 Susceptionem
1710 1319 1900 1370 autem
1934 1315 2082 1370 ﬁde—

425 1393 570 1450 lium
601 1400 658 1450 et
687 1395 1092 1467 religiosorum
1129 1397 1386 1454 virorum
1417 1405 1590 1470 atque
1629 1400 2078 1472 beneﬁcentiam,

425 1496 592 1554 quam
645 1483 809 1552 jubet
869 1483 1183 1554 Apostolus
1231 1487 1459 1544 cunctis
1525 1489 1902 1546 exhibendam
1979 1505 2081 1561 pro

429 1570 816 1640 possibilitate
862 1570 972 1628 loci
1014 1579 1071 1628 et
1113 1572 1470 1646 facultatum,
1507 1591 1618 1633 non
1669 1580 1834 1635 modo
1866 1579 2079 1636 ibidem

2183 433 2365 504 gratia
2414 433 2522 489 sub
2571 434 2772 490 habitu
2825 434 3231 490 monachorum
3289 445 3413 487 esse
3458 436 3837 500 congruenter

2181 520 2561 577 decernimus.
2609 523 2667 577 Si
2740 523 2873 593 quis
2928 535 3060 578 vero
3131 534 3350 592 regum,
3412 519 3834 588 episcoporum.

2183 610 2561 682 sacerdotum,
2617 610 2907 679 abbatum,
2983 609 3268 680 judicum,
3351 607 3657 675 comitum,
3743 613 3835 660 aut

2183 697 2544 754 saecularium
2579 713 2969 771 personarum,
3003 703 3200 755 contra
3239 697 3382 752 hanc
3419 700 3631 752 nostrae
3664 694 3839 749 insti-

2185 787 2430 842 tutionis
2457 787 2718 859 paginam
2757 789 2951 843 venire
2992 787 3314 855 tentaverit,
3364 798 3678 854 percussus
3701 796 3839 852 apo-

2185 875 2390 932 stolico
2409 876 2785 947 anathemate,
2802 877 3101 948 potestatis
3125 875 3430 932 honorisve
3445 873 3540 929 sui
3557 873 3840 944 dignitate

2184 970 2390 1036 careat,
2425 979 2697 1036 reumque
2721 980 2781 1023 se
2810 981 3000 1022 coram
3029 965 3228 1022 divino
3249 963 3476 1034 judicio
3507 973 3836 1036 cognoscat,

2185 1058 2242 1109 et
2270 1053 2386 1109 nisi
2443 1067 2508 1110 ea
2537 1069 2664 1126 quae
2711 1069 2746 1111 a
2800 1069 2860 1110 se
2902 1055 3047 1110 male
3089 1058 3214 1110 acta
3270 1056 3408 1108 sunt
3449 1051 3766 1119 deﬂeverit,
3804 1064 3842 1104 a

2187 1141 2578 1198 sacratissimo
2603 1157 2861 1214 corpore
2909 1143 3139 1198 Domini
3195 1140 3376 1196 nostri
3435 1140 3570 1194 Jesu
3626 1138 3844 1193 Christi

2186 1230 2414 1286 alienus
2445 1231 2562 1302 ﬁat,
2583 1237 2756 1303 atque
2775 1237 2986 1288 aeterno
3011 1230 3261 1286 examini
3283 1228 3570 1284 districtis
3600 1226 3848 1282 ultionis

2189 1319 2496 1390 subjaceat.
2543 1321 2782 1376 Cunctis
2809 1325 2998 1376 autem
3037 1319 3222 1392 eidem
3267 1317 3392 1373 loco
3416 1317 3578 1386 justa
3607 1327 3849 1371 servan-

2189 1407 2347 1463 tibus
2372 1407 2450 1462 sit
2475 1421 2583 1478 pax
2621 1407 2851 1463 Domini
2885 1407 3066 1466 nostri
3090 1407 3223 1462 Jesu
3267 1403 3508 1474 Christi,
3560 1408 3854 1474 quatenus

2189 1499 2244 1550 et
2292 1495 2388 1550 hic
2431 1495 2678 1552 fructum
2747 1495 2908 1552 bonae
2952 1493 3201 1550 actionis
3243 1491 3526 1563 recipiant
3591 1495 3651 1544 et
3685 1491 3850 1560 apud

2189 1583 2519 1638 districtum
2541 1583 2794 1653 judicem
2829 1582 3062 1654 prtemia
3085 1587 3308 1636 aeterna:
3341 1579 3500 1650 pacis
3525 1577 3850 1634 inveniant.

418 1657 543 1714 ﬁeri
568 1656 722 1733 [non]
750 1660 1115 1733 denegamus,
1145 1676 1339 1719 verum
1367 1665 1541 1720 etiam
1574 1668 1928 1724 suademus:
1977 1671 2074 1726 sed
2108 1675 2158 1734 Β
2258 1673 2546 1743 Scriptum
2603 1686 2702 1743 per
2754 1685 2955 1728 manus
3004 1671 3228 1727 Samuel
3289 1668 3503 1725 notarii
3577 1672 3638 1722 et
3690 1667 3859 1722 scri—

423 1752 478 1804 et
507 1747 633 1802 mod
645 1762 710 1803 us
728 1747 788 1802 in
801 1762 1037 1806 numero
1055 1753 1516 1824 congregationis
1534 1756 1674 1812 adeo
1690 1762 2076 1830 conservetur,

425 1841 490 1892 ut
509 1849 612 1891 nec
641 1836 947 1906 pluralitas
971 1839 1293 1908 penuriam,
1326 1855 1429 1897 nec
1452 1845 1710 1912 paucitas
1741 1845 2081 1902 inhabitan—

424 1924 572 1980 tium
593 1925 1026 1982 destitutionem
1050 1927 1160 1983 loci
1186 1929 1458 1987 inducere
1481 1933 1682 1988 valeat.
1704 1934 2078 2008 Privilegium

425 2027 656 2084 quoque
693 2027 726 2068 a
775 2015 1184 2084 praedecessore
1223 2024 1420 2075 nostro
1463 2021 1572 2090 piae
1615 2023 1901 2079 memoriae
1938 2037 2081 2095 papa

425 2101 664 2158 Nicolao
690 2102 875 2158 eidem
909 2107 1255 2162 monasterio
1282 2108 1556 2164 collatum
1587 2116 1782 2167 nostra
1818 2113 2084 2168 auctori-

428 2195 543 2246 tate
585 2191 1008 2264 conﬂrmamus,
1057 2200 1292 2266 excepto
1319 2196 1600 2254 duntaxat
1641 2201 1793 2270 quod
1823 2201 1946 2271 ipse
1974 2201 2084 2259 sub

429 2279 664 2335 nomine
712 2281 1053 2337 ancillarum
1109 2284 1211 2340 Dei
1265 2300 1392 2356 qua:
1440 2286 1652 2344 ibidem
1708 2303 1810 2360 pro
1865 2290 2088 2348 crebris

434 2366 912 2426 infestationibus
929 2371 1125 2428 saeculi
1145 2386 1301 2430 nunc
1325 2375 1732 2434 ordinabiliter
1752 2392 1978 2436 manere
1997 2395 2088 2437 ne-

2189 1761 2364 1817 niarii
2391 1768 2598 1818 sancta:
2617 1763 2880 1817 Romanae
2900 1760 3185 1831 Ecclesia},
3215 1772 3404 1815 mense
3427 1757 3726 1822 Januario,
3759 1756 3858 1812 in—

2186 1849 2443 1906 dictione
2487 1847 2570 1906 45.

2256 1940 2462 1994 Datum
2503 1952 2538 1993 x
2594 1938 2876 1994 Kalendas
2918 1935 3260 1992 Februarias
3305 1948 3406 2006 per
3451 1947 3684 1989 manum
3741 1933 3858 1988 Sa—

2190 2026 2400 2082 muelis
2447 2026 2661 2082 notarii
2713 2033 2769 2082 et
2815 2024 3112 2082 scriniarii
3163 2029 3372 2080 sancta
3414 2022 3684 2078 Romanae
3738 2023 3860 2077 Ec-

2189 2115 2399 2186 clesiae,
2429 2116 2744 2187 imperante
2770 2115 3014 2172 Domino
3051 2119 3246 2170 nostro
3290 2111 3644 2168 Landeberto
3693 2111 3862 2181 piis-

2191 2204 2340 2260 simo
2376 2205 2636 2277 Augusto
2663 2217 2698 2260 a
2751 2205 2866 2260 Deo
2916 2207 3208 2274 coronato,
3243 2213 3446 2272 magno
3502 2199 3859 2270 imperatore

2193 2293 2395 2349 indict.
2427 2290 2512 2349 45.

431 2547 3856 2589 Μ

1662 2716 1842 2760 ANNO
1895 2715 2130 2759 DOMINI
2187 2712 2550 2756 DCCCXCVII.

1316 2866 2224 3028 BOMANUS

2388 2872 2960 3020 PAPA.

1943 3093 2307 3108 ,ῤ’-

1677 3217 2022 3288 NOTITIA
2094 3212 2593 3285 HISTORICA.

1419 3379 1595 3446 (Apud
1626 3378 1822 3438 Mansi,
1852 3375 2211 3428 Coueiliorum
2241 3373 2561 3437 amplissima
2593 3370 2874 3434 Collecto.)

499 3613 788 3668 Romanus
812 3606 996 3677 patria
1014 3603 1372 3678 Galesianus,
1389 3603 1564 3678 patre
1591 3596 1962 3678 Constantino
1990 3600 2178 3666 natus,
2213 3593 2795 3678 factus‘estpontifex
2821 3603 2984 3678 anno,
2997 3589 3231 3678 Domini
3249 3587 3854 3678 992.A§ejii}"llittlgl$e§

433 3661 912 3756 quEt'tiBFéE‘die’s
930 3676 1181 3756 viginti.“
1208 3674 1346 3728 Acta
1362 3661 2456 3756 Stephanicontraf‘o‘rmosum"habita
2478 3661 2644 3756 plagae
2659 3663 3037 3756 improbavit,
3074 3668 3132 3720 et
3155 3661 3508 3717 Ludovicum
3539 3661 3607 3716 Ν
3653 3661 3854 3718 ﬁlium

431 3735 689 3823 Bagdiiis,
715 3756 843 3820 post
866 3735 1124 3817 fugatum
1145 3735 1566 3814 Berengaritim,
1592 3741 1989 3809 imperatorem
2012 3738 2324 3796 coronavit.
2349 3737 2450 3809 (Ex
2480 3735 2875 3808 Luitprando.)

442 3915 3818 3952 ________________________._________.

1301 4065 1771 4212 ROMANI
1864 4057 2214 4162 PAPIE
2306 4053 2972 4159 Ephrem).

1967 4258 2310 4268 .————-

1877 4332 2075 4396 (Mansi
2103 4331 2193 4380 ubi
2223 4331 2418 4393 supra.)

1981 4437 2323 4451 u—————-

946 4561 1273 4619 EPISTOLA
1327 4557 1564 4615 PRIMA.

717 4706 786 4746 AD
806 4702 1079 4746 RICULFUM
1101 4699 1396 4743 EPISCOPUM
1417 4697 1795 4740 HELENENSEM.

504 4815 771 4870 Romans
797 4815 1124 4886 episcopus,
1168 4825 1364 4868 servus
1421 4824 1713 4867 servorum
1743 4809 1866 4881 Dei,
1917 4823 2082 4865 reve—

437 4907 766 4962 rentissimo
796 4913 852 4962 et
895 4903 1261 4960 sanctissimo
1303 4903 1539 4957 RICULFo
1568 4901 1834 4971 episcopo
1873 4905 2080 4956 sanctae

433 4994 882 5051 Rossilionensis
897 4993 1162 5050 Ecclesia:
1181 4999 1238 5048 et
1265 5005 1364 5062 per
1380 4999 1434 5047 te
1464 4992 1524 5046 in
1545 4992 1740 5046 eadem
1765 4989 2078 5045 venerabili

431 5083 683 5140 Ecclesia
714 5085 772 5139 in
815 5091 1168 5154 perpetuum.

498 5173 734 5242 Quoties
762 5172 862 5228 illa
885 5185 916 5226 a
953 5171 1120 5226 nobis
1136 5170 1370 5226 concedi
1406 5169 1775 5239 postulantur
1798 5181 1925 5238 qua:
1955 5180 2082 5222 san-

429 5269 646 5319 ctarum
697 5261 1081 5317 Ecclesiarum
1145 5258 1502 5314 utilitatibus
1531 5263 1877 5329 congruunt,
1920 5257 2082 5312 decet

428 5366 532 5410 nos
563 5351 766 5407 libenti
791 5349 1096 5404 concedere
1125 5346 1318 5401 animo
1339 5353 1394 5401 et
1425 5347 1735 5416 petentium
1773 5345 2082 5400 desideriis

430 5453 746 5513 congruum
799 5435 1084 5506 impertiri
1116 5431 1474 5504 suﬁ‘ragium.
1521 5436 1585 5488 Et
1635 5435 1780 5504 ideo,
1816 5433 2084 5504 praedicta

433 5527 657 5587 Riculfe
683 5527 1044 5584 sanctissime
1073 5525 1354 5594 episcope,
1387 5523 1456 5578 ad
1488 5529 1814 5580 sanctorum
1845 5529 2082 5594 aposto-

2110 4554 2161 4619 C
2192 4553 2380 4608 lorum
2417 4549 2569 4606 Petri
2595 4563 2659 4606 ac
2689 4549 2852 4606 Pauli
2880 4549 3243 4606 sanctissima
3275 4549 3480 4606 limina
3503 4562 3679 4606 causa
3705 4563 3855 4604 ora-

2191 4641 2372 4696 tionis
2399 4640 2650 4711 veniens,
2686 4647 2881 4696 nostro
2909 4639 3255 4711 apostolatui
3278 4640 3620 4712 suggessisti
3653 4648 3855 4710 quate-

2191 4743 2302 4786 nus
2327 4729 2576 4785 eamdem
2607 4735 2880 4799 sanctam,
2907 4729 2998 4784 cui
3028 4741 3266 4798 praeesse
3283 4728 3664 4801 dignosceris,
3691 4728 3856 4783 Ros-

2189 4819 2557 4876 silionensem
2583 4817 2894 4874 Ecclesiam
2922 4831 3050 4874 cum
3090 4817 3298 4874 cellula
3329 4819 3514 4874 sancti
3551 4818 3768 4874 Felieis
3796 4823 3854 4872 et

2187 4910 2328 4965 villa
2353 4923 2479 4980 qua:
2508 4915 2741 4964 vocatur
2758 4909 3046 4976 ’l‘orrente,
3071 4921 3173 4964 seu
3200 4914 3257 4964 et
3285 4909 3426 4964 villa
3453 4923 3580 4980 quae
3608 4915 3853 4966 vocatur

2187 4997 2520 5053 Alamannis
2575 5002 2747 5067 atque
2819 4995 3112 5068 Spedulia,
3170 5002 3227 5052 et
3291 5011 3393 5068 pro
3464 4998 3851 5070 congruentia

2187 5087 2454 5142 Ecclesia:
2510 5091 2640 5156 tuas,
2691 5098 2724 5140 a
2770 5084 3036 5141 Tetrailta
3082 5098 3253 5156 super
3302 5100 3466 5142 suam
3507 5086 3851 5157 claustram,

2189 5182 2362 5247 atque
2389 5174 2656 5230 cellulam
2687 5173 2869 5230 sancti
2918 5173 3158 5245 Juliani,
3205 5188 3334 5230 cum
3381 5177 3576 5248 aquis,
3621 5176 3854 5232 molen-

2189 5264 2366 5335 dinis,
2401 5277 2616 5318 necnon
2640 5265 2811 5318 terris
2831 5263 2901 5318 de
2929 5271 3116 5318 monte
3137 5264 3238 5334 qui
3257 5271 3492 5320 vocatur
3510 5266 3844 5336 Auriolum,

2190 5367 2319 5408 cum
2351 5352 2619 5406 omnibus
2661 5351 3002 5422 generaliter
3039 5353 3108 5407 ad
3162 5366 3258 5408 eas
3285 5353 3730 5424 pertinentibus,
3787 5362 3847 5408 et

2192 5441 2476 5512 quidquid
2518 5441 2662 5495 Miro
2689 5441 2786 5509 qui
2818 5440 3040 5496 dicitur
3067 5455 3254 5497 comes
3287 5442 3346 5498 in
3377 5443 3634 5499 eamdem
3685 5452 3844 5498 tuam

2189 5530 2499 5585 Ecclesiam
2529 5529 2832 5600 concessit,
2865 5542 3081 5585 necnon
3105 5537 3162 5585 et
3186 5530 3387 5586 villare
3418 5533 3572 5602 quod
3603 5537 3844 5588 vocatur
