4058 6154
156 249 271 310 861

1606 257 1611 267 ’
1697 260 2049 317 ΕΡΙΒΤΟΙΛΕ

3487 266 3596 326 862

158 386 544 456 Nogaretum,
586 388 643 441 et
681 391 881 442 catera
922 387 1114 443 omnia
1146 403 1272 459 qua
1299 403 1332 445 a
1358 389 1474 460 piis
1514 390 1830 460 imperatoa
1854 392 1911 453 A
1943 394 2275 451 rentissimo
2302 395 2619 453 SERVO—DEI
2661 403 2870 454 sancta
2899 401 3294 457 Gerundensis
3328 401 3595 457 Ecclesia

160 472 341 528 ribus
364 486 431 527 ac
456 474 693 545 regibus
723 475 806 529 vel
838 475 909 530 ab
939 475 1078 531 aliis
1108 478 1281 533 Deum
1313 477 1655 534 timentibus
1687 478 1832 533 viris

160 562 229 617 in
263 563 458 617 eadem
504 564 759 619 Ecclesia
794 564 1001 620 collata
1033 570 1168 621 sunt
1206 568 1290 621 vel
1326 567 1605 623 collatura
1640 572 1829 637 erunt,

164 658 289 707 tam
336 652 394 706 in
438 652 563 721 ipso
606 653 882 708 comitatu
925 668 1092 723 quam
1143 655 1202 709 in
1236 655 1372 710 aliis
1411 656 1575 725 locis,
1614 657 1670 711 in
1709 656 1833 725 ipsa

165 741 592 815 pranominata
631 748 824 797 sancta
865 743 1281 800 Tossilionensi
1322 745 1576 801 Ecclesia
1617 731 1835 802 conﬁré

166 836 420 898 mantes,
468 831 827 900 apostolatus
870 833 1053 887 nostri
1107 833 1411 906 privilegio
1454 834 1830 891 muniremus.

159 918 333 973 Unde
372 932 498 987 nos,
531 920 626 973 cui
658 920 915 974 omnium
949 920 1330 976 Ecclesiarum
1372 922 1473 977 Dei
1501 936 1639 978 cura
1669 937 1833 979 com-

163 1008 349 1063 missa
382 1014 489 1078 est,
524 1006 744 1063 salubri
784 1013 897 1064 tua
937 1010 1202 1078 petitioni
1250 1009 1520 1082 faventes,
1565 1011 1831 1067 inclinati

160 1096 447 1167 precibus
475 1097 614 1167 tuis,
648 1098 786 1167 quia
825 1097 1271 1155 ecclesiasticam
1303 1113 1420 1154 rem
1452 1113 1552 1170 per
1581 1100 1833 1171 vigorem

164 1186 587 1241 immutilatam
650 1186 860 1241 servari
924 1188 1211 1258 cupimus,
1273 1202 1372 1258 per
1418 1188 1523 1244 hoc
1575 1194 1833 1246 nostrum

161 1275 561 1345 apostolicum
627 1275 994 1345 privilegium
1063 1277 1513 1346 suprascriptam
1576 1283 1827 1333 sanctam

162 1370 332 1418 tuam
366 1363 853 1419 Hossilionensem
896 1363 1207 1419 Ecclesiam
1247 1379 1375 1420 cum
1405 1366 1633 1421 cunctis
1662 1365 1834 1421 rebus

164 1452 472 1523 pradictis
496 1451 812 1521 apostolica
841 1454 1185 1509 auctoritate
1206 1454 1373 1509 nobis
1403 1454 1460 1509 in
1482 1454 1649 1510 beato
1674 1457 1835 1510 Petro

160 1540 569 1611 apostolorum
602 1541 864 1610 principe
892 1554 1161 1597 concessa
1194 1542 1507 1613 munimus,
1542 1548 1835 1612 perpetuo-

164 1644 282 1701 que
318 1629 560 1684 illasam
610 1629 1048 1698 permanendam
1090 1630 1516 1701 conﬁrmamus,
1562 1645 1674 1686 una
1702 1645 1831 1686 cum

1943 481 2207 553 episc0po
2246 490 2302 539 et
2334 500 2430 554 per
2462 491 2515 540 te
2556 486 2616 540 in
2654 488 2848 542 eadem
2894 490 3208 546 venerabili
3251 491 3503 546 Ecclesia
3532 491 3595 545 in

1944 578 2296 641 perpetuum.

2014 661 2177 717 Sicut
2207 677 2304 732 per
2333 664 2547 719 donum
2596 666 2780 721 sancti
2820 666 3075 736 Spiritus
3106 667 3267 722 beato
3297 667 3596 737 apostolo—

1946 764 2069 805 rum
2095 752 2346 821 principi
2364 754 2527 809 Petro
2543 759 2598 809 et
2615 754 2865 810 caelestis
2888 756 3045 826 regni
3069 756 3352 826 clavigero
3376 755 3596 826 ligandi

1944 844 2116 908 atque
2146 840 2401 896 solvendi
2435 841 2504 897 ab
2536 842 2662 912 ipso
2690 844 2932 900 Domino
2964 844 3178 899 tradita
3203 849 3291 899 est
3322 848 3592 914 potestas,

1944 929 2266 1000 evangelica
2311 931 2696 1002 subsequente
2736 933 3001 1003 lectione,
3038 947 3163 1003 qua
3208 934 3359 989 inter
3396 939 3597 987 catera

1945 1015 2028 1070 ait
2061 1036 2073 1071 :
2112 1019 2192 1071 Tu
2220 1033 2275 1072 es
2317 1020 2530 1083 Petrus,
2580 1026 2632 1074 et
2670 1036 2834 1090 super
2880 1022 3022 1075 hanc
3070 1027 3288 1091 petram
3329 1020 3596 1088 adiﬂcabo

1892 1150 1905 1159 ,
1943 1106 2239 1160 Ecclesiam
2288 1123 2480 1170 meam,
2525 1113 2582 1164 et
2626 1109 2870 1181 reliqua,
2927 1110 3007 1165 ita
3062 1110 3225 1165 sedes
3280 1109 3597 1179 apostolica

1944 1195 2219 1250 canonica
2283 1196 2578 1268 regalique
2636 1199 2979 1255 auctoritate
3036 1198 3271 1256 suﬁ‘ulta
3328 1197 3598 1253 omnibus

1943 1283 2219 1339 Ecclesiis
2242 1284 2341 1339 Dei
2371 1298 2469 1355 per
2491 1285 2818 1343 universum
2847 1287 3039 1343 orbem
3065 1285 3298 1343 diﬁ'usis
3322 1285 3597 1356 suﬁ'ragia

1944 1378 2000 1426 et
2010 1373 2166 1440 justa
2189 1373 2597 1442 postulationis
2614 1375 2876 1431 subsidia
2897 1380 2961 1431 ut
2982 1376 3244 1446 prabeat,
3272 1380 3384 1430 tam
3405 1374 3595 1429 divini

1946 1474 2115 1530 quam
2164 1460 2401 1516 humani
2436 1462 2593 1530 juris
2623 1464 2770 1518 ratio
2803 1463 3069 1533 postulat.
3116 1464 3298 1535 Igitur
3335 1464 3591 1532 veniens,

1940 1547 2057 1615 jam
2089 1548 2240 1603 dicte
2277 1549 2566 1605 Serve-Dei
2607 1551 2954 1607 venerabilis
2991 1552 3275 1622 episcope,
3305 1552 3385 1606 ad‘
3408 1551 3595 1606 sedem

1945 1637 2342 1710 apostolicam,
2375 1644 2430 1694 et
2458 1640 2710 1696 Ecclesia
2751 1641 3112 1696 Gerundensi
3145 1642 3302 1710 juste
3330 1646 3387 1696 et
3416 1653 3600 1696 cano-

160 1718 433 1775 Ecclesia
486 1725 693 1773 sancta?
743 1718 937 1773 Maria?
980 1732 1012 1772 ξι
1051 1718 1296 1788 quadam
1346 1717 1556 1775 femina
1604 1720 1834 1775 nomine
1861 1721 1915 1782 B
1948 1727 2073 1782 nice
2112 1734 2352 1799 recepta,
2400 1730 2638 1799 expulso
2688 1730 2821 1785 inde
2859 1731 3216 1787 llermomiro
3253 1730 3516 1800 deposito
3541 1732 3597 1783 et

160 1808 499 1875 Anastasia,
571 1821 696 1876 qua
741 1813 798 1862 et
853 1810 1030 1862 Mater
1091 1807 1419 1876 vocabatur,
1483 1814 1832 1880 constructa,

162 1905 404 1967 tuaque
424 1896 691 1952 Ecclesia
716 1895 907 1951 subita
934 1896 1302 1968 consistente,
1325 1898 1393 1952 ad
1418 1911 1606 1953 annue
1629 1898 1836 1967 persol-

166 1987 425 2041 vendum
476 1985 537 2040 in
582 1984 815 2054 prafata
864 1991 963 2040 tua
1018 1986 1272 2041 Ecclesia
1330 1995 1527 2056 penset
1583 1986 1833 2043 solidum

164 2089 354 2131 unum
385 2092 398 2127 :
429 2073 835 2129 conﬁrmamus
874 2074 1046 2129 etiam
1093 2073 1241 2129 inibi
1279 2075 1435 2144 juste
1463 2083 1519 2129 et
1561 2075 1835 2130 canonice

164 2163 541 2218 medietatem
608 2161 814 2217 telonei
873 2168 929 2217 et
978 2162 1189 2217 traﬁca
1247 2176 1347 2218 seu
1406 2163 1639 2218 mercati
1703 2176 1832 2217 cum

162 2252 504 2322 pascuario,
534 2257 591 2306 et
620 2250 978 2306 medietatem
1021 2251 1362 2321 salinarum,
1395 2264 1705 2321 omnesque
1734 2264 1835 2306 ec-

162 2340 387 2396 clesias
414 2340 484 2395 ad
513 2340 763 2394 eamdem
802 2338 1114 2394 Ecclesiam
1153 2340 1213 2394 in
1244 2338 1673 2394 Rossilionense
1701 2353 1836 2407 per-

164 2430 433 2484 tinentes
460 2433 516 2483 et
542 2427 969 2483 conﬂuentibus
992 2441 1022 2481 a
1057 2432 1226 2497 portu
1254 2428 1522 2482 .lardonis
1553 2440 1735 2497 usque
1764 2426 1833 2481 ad

164 2532 352 2587 mare,
380 2523 437 2573 et
462 2532 495 2573 a
526 2517 770 2573 termino
800 2516 1152 2572 Narbonensi
1200 2530 1382 2587 usque
1422 2516 1833 2585 Basillunense,

164 2613 219 2662 et
239 2606 562 2678 quidquid,
585 2614 647 2661 ut
670 2606 1005 2676 pradictum
1027 2610 1130 2677 est,
1159 2606 1306 2660 idem
1329 2606 1473 2660 Miro
1493 2611 1838 2661 memoratus

168 2710 367 2751 comes
394 2695 545 2750 inibi
573 2696 875 2765 concessit,
910 2708 1127 2750 necnon
1153 2699 1210 2749 et
1233 2693 1436 2750 villare
1462 2694 1653 2763 ipsum
1682 2693 1833 2763 quod

172 2790 424 2840 vocatur
466 2784 831 2856 Nogaretum,
865 2789 921 2839 et
948 2783 1066 2838 alia
1096 2797 1220 2854 qua
1252 2783 1478 2852 piorum
1519 2782 1839 2851 imperato-

172 2888 309 2930 rum
348 2887 419 2929 ac
462 2887 658 2946 regum
700 2879 1150 2944 caterorumque
1189 2873 1405 2928 Christi
1454 2872 1710 2928 ﬁdelium
1754 2871 1835 2927 ibi

171 2964 431 3020 decretis
460 2963 668 3019 collata
694 2970 830 3020 sunt
859 2963 943 3019 vel
974 2963 1304 3034 ubicunque
1332 2962 1612 3017 collatura
1640 2966 1833 3027 erunt,

1902 1835 1906 1841 ·
1944 1818 2456 1887 excommunicato,
2499 1819 2839 1890 suggessisti
2886 1819 3054 1875 nobis
3096 1824 3380 1889 quatenus
3425 1818 3598 1886 hujus

1946 1905 2273 1973 apostolica
2306 1912 2513 1961 nostra
2542 1906 3000 1962 conﬁrmationis
3030 1907 3334 1978 privilegio
3379 1907 3599 1963 conﬁr-

1948 2006 2100 2047 mare
2115 1993 2449 2050 deberemus
2465 2009 2659 2050 omnes
2674 2009 2762 2050 res
2781 1995 3103 2051 immobiles
3118 1996 3371 2065 ejusdem
3391 2000 3597 2051 sancta

1944 2082 2045 2138 Dei
2072 2084 2340 2138 Ecclesia
2368 2085 2759 2141 Gerundensis
2792 2085 2851 2139 in
2880 2085 3091 2140 honore
3122 2089 3330 2139 sancta
3360 2084 3459 2139 Dei
3494 2098 3600 2155 ge—

1948 2172 2181 2227 nitricis
2204 2186 2426 2243 semper
2450 2173 2699 2244 virginis
2728 2174 2921 2228 Maria
2945 2173 3191 2228 domina
3223 2179 3430 2228 nostra
3455 2191 3468 2226 :
3495 2172 3596 2229 ubi

1946 2260 2147 2316 beatus
2178 2261 2336 2317 Felix
2363 2262 2581 2317 Christi
2610 2268 2824 2332 martyr
2853 2275 3091 2331 corpore
3123 2260 3456 2331 requiescit,
3490 2261 3597 2317 hoc

1947 2354 2052 2417 est,
2084 2349 2299 2418 domos,
2333 2349 2542 2419 plebes,
2574 2350 2767 2418 cellas,
2796 2349 3086 2420 ecclesias,
3120 2349 3309 2417 villas,
3337 2355 3393 2404 et
3426 2350 3585 2405 insu-

1948 2437 2055 2507 las,
2081 2439 2353 2508 Majorica
2378 2438 2603 2494 Scilicet
2631 2444 2687 2494 et
2718 2439 3016 2509 Minorica,
3048 2452 3148 2494 seu
3179 2442 3391 2509 curtes,
3422 2451 3600 2508 paro-
3664 2466 3665 2469 η

1949 2527 2131 2594 chias,
2167 2534 2368 2597 terras,
2411 2527 2626 2595 vineas,
2660 2531 2841 2597 prata,
2884 2526 3083 2597 silvas,
3126 2540 3237 2583 una
3275 2541 3404 2582 cum
3438 2525 3600 2581 fami-

1950 2614 2051 2670 liis
2079 2615 2383 2686 utriusqne
2425 2629 2616 2679 sexus,
2648 2629 2777 2670 cum
2816 2615 3087 2671 omnibus
3123 2614 3468 2685 adjacentiis
3497 2628 3599 2671 seu

1951 2703 2319 2774 pertinentiis
2348 2704 2493 2775 suis,
2528 2718 2654 2774 qua
2677 2717 2710 2758 a
2737 2704 2852 2773 piis
2879 2703 3325 2773 imperatoribus
3354 2704 3440 2759 vel
3473 2704 3605 2761 reli-

1949 2793 2131 2865 giosis
2160 2793 2306 2849 viris
2334 2794 2416 2848 vel
2450 2793 2522 2849 ab
2556 2792 2693 2848 aliis
2730 2794 2907 2848 Deum
2939 2793 3279 2849 timentibus
3310 2793 3368 2848 in
3407 2794 3601 2849 eadem

1949 2882 2203 2938 Ecclesia
2240 2882 2601 2938 Gerundensi
2644 2882 2850 2937 collata
2894 2886 3051 2951 sunt,
3097 2882 3250 2939 sicut
3283 2883 3404 2952 ipse
3446 2896 3596 2939 nunc

1952 2985 2134 3042 usque
2164 2971 2334 3042 legali
2356 2971 2558 3026 ordine
2590 2976 2780 3026 tenere
2808 2970 3042 3026 videris.
3077 2971 3233 3027 Unde
3259 2971 3593 3028 salubribus

167 3054 329 3123 juste
358 3059 418 3107 et
446 3054 721 3109 canonice
763 3052 1095 3108 stabilimus
1121 3071 1136 3122 ;
1163 3052 1213 3107 si
1249 3056 1433 3106 tamen
1466 3052 1621 3121 juste
1653 3055 1709 3105 et
1739 3063 1837 3105 ra—

1953 3041 2333 3130 petitionibus
2361 3059 2483 3113 tuis
2509 3058 2774 3115 inclinati
2805 3059 3169 3114 decernimus
3194 3065 3251 3116 et
3272 3073 3305 3115 a
3328 3061 3594 3129 prasenti

172 3142 603 3199 tionabilitera
633 3142 800 3199 nobis
841 3142 1088 3213 petistis,
1129 3148 1185 3198 et
1211 3141 1283 3197 ab
1321 3142 1460 3196 aliis
1500 3140 1838 3197 hominibus

170 3234 422 3289 minime
462 3234 815 3289 detinentur.
848 3234 931 3287 lta
962 3245 1190 3303 quoque
1221 3236 1286 3287 ut
1316 3230 1468 3286 nulli
1503 3229 1724 3285 homini
1754 3228 1841 3284 fas

172 3325 250 3380 sit
279 3324 340 3379 in
375 3323 454 3379 iis
480 3322 751 3378 omnibus
787 3320 1102 3393 quamlibet
1128 3320 1237 3375 tibi
1271 3320 1505 3390 tuisque
1535 3332 1841 3374 successo-

174 3413 346 3468 ribus
376 3411 671 3482 episcopis
700 3424 968 3483 generare
997 3408 1344 3465 calumniam
1374 3413 1475 3464 aut
1504 3407 1842 3478 qualescun-

174 3515 286 3572 que
339 3500 779 3557 contrarietates
827 3498 1012 3555 facere
1059 3498 1245 3568 :quia
1298 3510 1401 3553 nos
1456 3496 1722 3552 volumus
1774 3499 1840 3551 ut

174 3591 647 3659 uniuscujusque
702 3588 956 3644 ecclesia
1010 3587 1379 3658 privilegium
1438 3584 1839 3641 inconvulsum

100 3704 107 3709 -
173 3684 454 3736 servetur.
507 3679 643 3732 Nam
679 3678 749 3733 de
794 3676 1159 3732 monasteriis
1199 3676 1383 3730 eidem
1426 3681 1536 3729 tua
1573 3673 1841 3729 Ecclesia

176 3769 459 3824 canonice
483 3765 940 3835 competentibus
965 3765 1241 3821 similiter
1270 3763 1585 3818 statuimus
1607 3761 1839 3817 subdita

173 3858 428 3914 existere
441 3857 600 3925 justa
624 3855 858 3925 petenti.
888 3855 947 3909 Si
972 3854 1106 3924 quis
1126 3858 1315 3909 autem
1337 3866 1527 3907 comes
1548 3860 1647 3907 aut
1662 3851 1840 3920 judex

177 3948 458 4019 publicus
500 3945 587 4001 vel
633 3944 1055 4015 qualiscunque
1095 3942 1251 3997 alius
1295 3942 1463 3997 homo
1506 3947 1703 3996 contra
1735 3941 1840 3996 hoc

176 4042 448 4093 nostrum
474 4033 856 4104 apostolicum
888 4031 1257 4103 privilegium
1285 4029 1676 4101 qualicunque
1706 4036 1840 4084 tem-

178 4140 339 4197 pore,
372 4125 527 4196 quod
557 4138 668 4180 non
697 4129 981 4194 Optamus,
1008 4135 1174 4194 agere
1200 4119 1283 4175 vel
1316 4119 1656 4197 contendere
1688 4132 1843 4188 pra-

175 4196 521 4286 sumpserit,
558 4213 677 4270 sive
700 4227 764 4269 ea
792 4226 916 4283 qua
947 4226 1049 4282 pro
1074 4210 1260 4266 divini
1291 4209 1486 4265 cultus
1510 4196 1701 4263 amore
1732 4212 1844 4262 sta-

175 4307 263 4363 tui
277 4320 410 4361 mus
432 4305 494 4359 in
519 4303 717 4374 aliquo
739 4301 999 4374 frangere
1022 4300 1345 4369 tentaverit,
1371 4298 1517 4353 sciat
1538 4311 1597 4353 se
1616 4297 1845 4352 anathe-

1950 3150 2135 3220 prima
2166 3148 2484 3203 indictione
2515 3161 2611 3216 per
2637 3146 2739 3201 hoc
2761 3146 3143 3217 apostolicum
3174 3154 3437 3203 nostrum
3471 3149 3600 3218 pri—

1947 3238 2221 3309 vilegium
2240 3236 2576 3291 roboramus
2599 3245 2654 3290 et
2673 3234 3079 3291 conﬁrmamus
3102 3242 3159 3290 et
3180 3235 3240 3291 in
3268 3242 3602 3306 perpetuum

1949 3326 2259 3382 statuimus
2304 3331 2361 3379 et
2392 3325 2453 3379 in
2484 3339 2594 3379 usu
2633 3330 2689 3378 et
2739 3323 2992 3378 utilitate
3040 3324 3294 3393 ejusdem
3338 3325 3602 3381 ECcIesia

1948 3414 2360 3483 Gerundensis,
2393 3413 2487 3468 cui
2517 3425 2756 3482 praesse
2779 3412 3159 3483 dignosceris,
3195 3413 3251 3467 id
3291 3417 3379 3467 est
3403 3426 3603 3468 omnes

1950 3505 2167 3574 domos,
2217 3502 2411 3572 cellas,
2459 3500 2749 3569 ecclesias,
2781 3499 2971 3570 villas,
3016 3506 3227 3569 curtes,
3277 3500 3600 3571 parochias,

1952 3600 2155 3662 terras,
2198 3591 2414 3656 vineas,
2456 3596 2635 3660 prata,
2679 3589 2875 3658 silvas,
2923 3602 3035 3643 una
3080 3602 3211 3644 cum
3251 3586 3511 3657 familiis,
3550 3594 3607 3644 et

1952 3682 2068 3736 alia
2093 3680 2287 3736 omnia
2314 3693 2439 3750 qua
2462 3678 2531 3733 ab
2564 3676 3012 3747 imperatoribus
3039 3682 3096 3731 et
3137 3675 3430 3747 religiosis
3459 3677 3605 3732 viris

1952 3769 2040 3825 vel
2062 3769 2132 3823 ab
2157 3768 2295 3823 aliis
2318 3769 2495 3822 Deum
2528 3765 2868 3822 timentibus
2895 3765 2953 3819 in
2985 3766 3177 3821 eadem
3203 3764 3456 3820 Ecclesia
3488 3764 3599 3820 col-

1955 3860 2068 3915 lata
2089 3864 2226 3914 sunt
2250 3856 2334 3912 vel
2361 3855 2707 3912 conferenda
2745 3862 2916 3910 erunt
2948 3860 3059 3909 tam
3088 3854 3147 3908 in
3180 3854 3323 3923 ipsis
3351 3854 3603 3910 comita-

1954 3948 2113 4003 tibus
2157 3960 2326 4016 quam
2373 3947 2431 4000 in
2478 3946 2616 4001 aliis
2670 3944 2833 4014 locis,
2880 3942 3058 3999 simul
3111 3956 3243 3998 cum
3292 3941 3463 3997 raﬁca
3498 3954 3599 3998 seu

1955 4036 2280 4107 pascuario,
2317 4034 2427 4090 sub
2451 4039 2550 4090 tua
2578 4039 2924 4104 tuorumque
2954 4045 3352 4089 successorum
3380 4031 3606 4087 ditione

1953 4140 2019 4180 ac
2068 4131 2343 4195 potestate
2404 4122 2753 4179 omnimodis
2813 4121 3237 4189 conﬁrmamus,
3293 4126 3609 4176 statuentes

1955 4214 2269 4286 apostolica
2289 4227 2527 4269 censura
2560 4211 2665 4268 sub
2690 4211 2877 4266 divini
2899 4209 3111 4280 judicii
3142 4209 3526 4264 obtestatione
3551 4216 3611 4265 et

1957 4302 2340 4359 anathematis
2372 4300 2678 4356 interdicto
2713 4306 2775 4354 ut
2802 4299 2951 4353 nulli
2996 4311 3244 4368 unquam
3292 4310 3496 4369 magno
3522 4296 3606 4353 vel

178 4396 358 4451 matis
403 4392 659 4447 vinculis
697 4391 1036 4446 innodatum
1067 4395 1122 4444 et
1147 4403 1180 4444 a
1210 4401 1383 4459 regno
1421 4387 1522 4441 Dei
1562 4385 1836 4440 alienum.
1874 4400 1931 4460 ι)
1960 4408 2131 4464 parvo
2172 4392 2391 4447 homini
2419 4391 2589 4446 liceat
2619 4388 2936 4460 quamlibet
2974 4386 3213 4443 for-ciam
3244 4386 3330 4441 vel
3361 4399 3605 4456 Oppres—

175 4485 291 4555 Qui
342 4489 540 4538 autem
598 4495 766 4537 verus
811 4487 1007 4536 custos
1053 4485 1110 4535 et
1151 4478 1481 4535 observotor
1525 4475 1836 4544 exstiterit,

176 4572 645 4630 benedictionem
670 4576 727 4625 et
751 4570 993 4642 gratiam
1023 4582 1057 4624 a
1076 4568 1319 4624 Domino
1349 4569 1461 4622 Deo
1488 4570 1684 4622 nostro
1712 4578 1842 4620 con-

179 4662 354 4734 sequi
397 4665 696 4715 mereatur.
745 4659 889 4714 Bene
930 4657 1129 4712 valete.

249 4749 551 4819 Scriptum
584 4762 682 4818 per
713 4762 941 4804 manum
974 4746 1237 4818 Gregorii
1269 4743 1568 4800 scriniarii
1593 4746 1651 4798 S.
1686 4743 1748 4797 Β.
1778 4744 1840 4797 Ε.

182 4840 240 4896 in
260 4852 462 4896 mense
481 4837 769 4908 Uctobrio,
796 4837 1114 4892 indictione
1137 4835 1340 4905 prima,
1366 4832 1564 4889 ldibus
1580 4832 1846 4889 Octobris

185 4944 283 5001 per
310 4942 547 4985 manum
580 4927 853 4998 Stephani
885 4925 1117 4982 nomine
1144 4924 1426 4980 Calatoris
1454 4928 1662 4978 sancta
1694 4922 1847 4977 sedis

184 5017 543 5089 apostolica,
579 5017 894 5087 imperante
918 5017 980 5070 D.
1007 5017 1072 5069 N.
1100 5013 1365 5084 piissimo
1390 5014 1490 5066 PP.
1518 5016 1662 5083 Aug.
1692 5012 1848 5065 Lam-

182 5108 350 5163 berto
377 5119 410 5161 a
439 5107 556 5160 Deo
586 5109 856 5161 coronato
888 5118 1092 5176 magno
1132 5103 1448 5171 imperante
1480 5100 1630 5170 [lcg.,
1659 5098 1850 5168 impe—

187 5191 400 5269 ratore]
450 5207 602 5249 anno
648 5206 727 5263 vr,
774 5199 832 5248 et
878 5192 1247 5262 pontiﬁcatus
1298 5186 1445 5263 [leg.,
1490 5187 1847 5258 consulatus]

187 5300 335 5343 anno
368 5298 448 5354 vr,
499 5283 816 5339 indictione
860 5282 1065 5352 prima.

807 5407 1138 5463 EPISTULA
1176 5408 1241 5461 II.

392 5552 465 5593 ΑΙ)
502 5548 854 5592 εεΒνυΜ-υει
896 5544 1194 5589 EPISCOPUM
1234 5543 1652 5597 GERUNDENSEM.

265 5666 533 5721 Itomxus
575 5663 902 5733 episcopus,
956 5673 1158 5716 servus
1205 5670 1496 5713 servorum
1543 5656 1644 5711 Dei
1690 5668 1854 5711 reve—

1957 4485 2177 4540 sionem
2205 4482 2265 4537 in
2286 4480 2556 4537 omnibus
2581 4479 2753 4534 rebus
2780 4478 2906 4547 ejus
2937 4475 3119 4532 facere
3143 4482 3244 4531 aut
3275 4480 3605 4545 potestatem

1957 4574 2214 4643 aliquam
2246 4572 2455 4627 habere
2478 4570 2565 4626 vel
2586 4570 2840 4640 aliquem
2889 4567 3241 4641 distringere
3274 4569 3376 4621 aut
3406 4564 3609 4635 quali-

1936 4654 2273 4731 °tercunque
2296 4661 2580 4716 teloneum
2610 4659 2682 4714 ab
2709 4660 2795 4714 eis
2824 4659 3051 4730 exigere
3083 4657 3203 4711 sive
3231 4657 3300 4712 ad
3328 4655 3608 4726 placitum

1962 4753 2291 4822 ubicunque
2317 4763 2415 4805 eos
2436 4763 2537 4820 pro
2561 4748 2919 4820 quibuslibet
2940 4747 3135 4804 causis
3158 4760 3463 4816 provocare
3489 4762 3614 4817 pra-

1960 4849 2169 4914 sumat,
2195 4842 2308 4896 nisi
2329 4842 2387 4896 in
2412 4838 2770 4910 providentia
2793 4839 2884 4893 sui
2903 4837 3158 4908 episcopi
3181 4851 3355 4893 causa
3373 4837 3609 4894 illorum

1957 4935 2231 4991 audiatur
2254 4938 2310 4987 et
2341 4930 2611 4987 canonice
2647 4928 2901 4983 ﬁniatur.
2930 4928 2988 4982 Si
3030 4929 3163 4998 quis
3196 4933 3408 4998 autem,
3453 4929 3609 5000 quod

1960 5038 2070 5080 non
2099 5029 2383 5094 optamus,
2411 5026 2610 5075 contra
2651 5018 2757 5074 hoc
2804 5022 3061 5074 nostrum
3112 5017 3482 5090 privilegium
3516 5018 3607 5088 pie

1960 5114 2127 5171 nobis
2152 5117 2452 5179 statutum,
2479 5107 2780 5165 temerario
2805 5120 2953 5164 ausu
2973 5120 3140 5179 agere
3172 5108 3604 5179 prasumpserit

1960 5205 2108 5261 sciat
2146 5217 2206 5259 se
2257 5199 2639 5257 anathematis
2687 5197 2934 5253 vinculis
2989 5197 3350 5267 innodatum,
3396 5204 3451 5253 et
3490 5197 3609 5251 nisi

1963 5292 2291 5363 resipuerit,
2336 5305 2368 5346 a
2414 5303 2585 5361 regno
2632 5288 2731 5343 Dei
2777 5287 3003 5343 alienus
3042 5288 3270 5343 existat.
3320 5287 3428 5356 Qui
3473 5296 3605 5339 vero

1961 5391 2155 5440 custos
2186 5387 2243 5437 et
2267 5380 2594 5436 observator
2608 5378 2915 5448 exstiterit,
2940 5376 3389 5432 benedictionem
3412 5378 3467 5428 et
3487 5386 3616 5443 gra-

1963 5474 2101 5528 tiam
2133 5470 2429 5527 aDomino
2472 5476 2875 5538 consequatur.
2918 5468 3206 5534 Scriptum
3252 5478 3350 5533 per
3380 5473 3607 5515 manum

1961 5562 2146 5634 Sergii
2179 5559 2473 5617 scriniarii
2507 5563 2716 5614 sancta
2746 5558 3007 5613 Romana
3036 5553 3301 5608 Ecclesia
3332 5552 3390 5605 in
3419 5561 3611 5606 mense

1961 5651 2216 5720 Octobri,
2257 5649 2574 5705 indictione
2618 5646 2819 5715 prima.
2866 5645 3009 5698 Bene
3041 5641 3239 5695 valete.
