  <div class='ocr_page' id='page_1' title='image "/cluster/home/n/w/nwhite01/storage/ocr_20150623/129/hvd.32044054759907/439.png"; bbox 0 0 4058 6154; ppageno 0'>
   <div class='ocr_carea' id='block_1_1' title="bbox 416 297 525 358">
    <p class='ocr_par' dir='ltr' id='par_1_1' title="bbox 416 297 525 358">
     <span class='ocr_line' id='line_1_1' title="bbox 416 297 525 358; baseline 0.009 -1"><span class='ocrx_word' id='word_1_1' title='bbox 416 297 525 358; x_wconf 85' lang='grc'><strong>867</strong></span> 
     </span>
    </p>
   </div>
   <div class='ocr_carea' id='block_1_2' title="bbox 1344 295 2870 355">
    <p class='ocr_par' dir='ltr' id='par_1_2' title="bbox 1344 295 2870 355">
     <span class='ocr_line' id='line_1_2' title="bbox 1344 295 2870 355; baseline 0.001 -3"><span class='ocrx_word' id='word_1_2' title='bbox 1344 297 1822 354; x_wconf 73' lang='lat' dir='ltr'><strong>\VOLFHARDUS</strong></span> <span class='ocrx_word' id='word_1_3' title='bbox 1861 295 2250 352; x_wconf 84' lang='lat' dir='ltr'><strong>PRESBYTER</strong></span> <span class='ocrx_word' id='word_1_4' title='bbox 2287 296 2870 355; x_wconf 73' lang='lat' dir='ltr'><strong>HASENRIETANUS.</strong></span> 
     </span>
    </p>
   </div>
   <div class='ocr_carea' id='block_1_3' title="bbox 1515 643 2740 715">
    <p class='ocr_par' dir='ltr' id='par_1_3' title="bbox 1515 643 2740 715">
     <span class='ocr_line' id='line_1_3' title="bbox 1515 643 2740 715; baseline 0.001 -1"><span class='ocrx_word' id='word_1_5' title='bbox 1515 643 2128 714; x_wconf 80' lang='lat' dir='ltr'><strong>WOLFHABDI</strong></span> <span class='ocrx_word' id='word_1_6' title='bbox 2239 646 2740 715; x_wconf 69' lang='lat' dir='ltr'><strong>PREFATIO</strong></span> 
     </span>
    </p>
   </div>
   <div class='ocr_carea' id='block_1_4' title="bbox 1559 819 2237 864">
    <p class='ocr_par' dir='ltr' id='par_1_4' title="bbox 1559 819 2237 864">
     <span class='ocr_line' id='line_1_4' title="bbox 1559 819 2237 864; baseline -0.003 -1"><span class='ocrx_word' id='word_1_7' title='bbox 1559 821 1646 863; x_wconf 79' lang='lat' dir='ltr'><strong>AD</strong></span> <span class='ocrx_word' id='word_1_8' title='bbox 1695 819 2237 864; x_wconf 79' lang='lat' dir='ltr'><strong>ERCHANBOLDUM</strong></span> 
     </span>
    </p>
   </div>
   <div class='ocr_carea' id='block_1_5' title="bbox 2285 819 2682 866">
    <p class='ocr_par' dir='ltr' id='par_1_5' title="bbox 2285 819 2682 866">
     <span class='ocr_line' id='line_1_5' title="bbox 2285 819 2682 866; baseline 0.01 -4"><span class='ocrx_word' id='word_1_9' title='bbox 2285 819 2682 866; x_wconf 83' lang='lat' dir='ltr'><strong>EPISCOPUM.</strong></span> 
     </span>
    </p>
   </div>
   <div class='ocr_carea' id='block_1_6' title="bbox 488 1034 3849 1122">
    <p class='ocr_par' dir='ltr' id='par_1_6' title="bbox 488 1034 3849 1122">
     <span class='ocr_line' id='line_1_6' title="bbox 488 1034 3849 1122; baseline -0.002 -20"><span class='ocrx_word' id='word_1_10' title='bbox 488 1051 732 1109; x_wconf 86' lang='lat' dir='ltr'><strong>Domino</strong></span> <span class='ocrx_word' id='word_1_11' title='bbox 769 1051 1106 1108; x_wconf 82' lang='lat' dir='ltr'><strong>beatissimo</strong></span> <span class='ocrx_word' id='word_1_12' title='bbox 1143 1052 1371 1120; x_wconf 80' lang='lat' dir='ltr'><strong>Deoque</strong></span> <span class='ocrx_word' id='word_1_13' title='bbox 1415 1063 1541 1105; x_wconf 80' lang='lat' dir='ltr'><strong>vere</strong></span> <span class='ocrx_word' id='word_1_14' title='bbox 1582 1048 1930 1122; x_wconf 70' lang='lat' dir='ltr'><strong>dignissimo</strong></span> <span class='ocrx_word' id='word_1_15' title='bbox 1971 1052 2078 1105; x_wconf 68' lang='lat' dir='ltr'><strong>ER-</strong></span> <span class='ocrx_word' id='word_1_16' title='bbox 2103 1034 2332 1094; x_wconf 68' lang='lat' dir='ltr'><strong>Aritite</strong></span> <span class='ocrx_word' id='word_1_17' title='bbox 2361 1037 2696 1094; x_wconf 82' lang='lat' dir='ltr'><strong>infirmitate</strong></span> <span class='ocrx_word' id='word_1_18' title='bbox 2717 1037 3042 1110; x_wconf 88' lang='lat' dir='ltr'><strong>languesco,</strong></span> <span class='ocrx_word' id='word_1_19' title='bbox 3064 1039 3196 1095; x_wconf 89' lang='lat' dir='ltr'><strong>inde</strong></span> <span class='ocrx_word' id='word_1_20' title='bbox 3219 1037 3636 1110; x_wconf 73' lang='lat' dir='ltr'><strong>imbecillitati,</strong></span> <span class='ocrx_word' id='word_1_21' title='bbox 3667 1053 3849 1096; x_wconf 80' lang='lat' dir='ltr'><strong>necne</strong></span> 
     </span>
    </p>
   </div>
   <div class='ocr_carea' id='block_1_7' title="bbox 419 1137 2068 1210">
    <p class='ocr_par' dir='ltr' id='par_1_7' title="bbox 419 1137 2068 1210">
     <span class='ocr_line' id='line_1_7' title="bbox 419 1137 2068 1210; baseline 0 -14"><span class='ocrx_word' id='word_1_22' title='bbox 419 1154 731 1196; x_wconf 74' lang='lat' dir='ltr'><strong>CHANBOLDO</strong></span> <span class='ocrx_word' id='word_1_23' title='bbox 763 1139 1042 1210; x_wconf 86' lang='lat' dir='ltr'><strong>pontiﬁci,</strong></span> <span class='ocrx_word' id='word_1_24' title='bbox 1076 1139 1472 1194; x_wconf 76' lang='lat' dir='ltr'><strong>WOLFHARDUS</strong></span> <span class='ocrx_word' id='word_1_25' title='bbox 1502 1137 1792 1208; x_wconf 79' lang='lat' dir='ltr'><strong>presbyter</strong></span> <span class='ocrx_word' id='word_1_26' title='bbox 1817 1153 1977 1210; x_wconf 90' lang='lat' dir='ltr'><strong>suus,</strong></span> <span class='ocrx_word' id='word_1_27' title='bbox 2009 1138 2068 1196; x_wconf 77' lang='lat' dir='ltr'><strong>in</strong></span> 
     </span>
    </p>
   </div>
   <div class='ocr_carea' id='block_1_8' title="bbox 421 1227 2078 1300">
    <p class='ocr_par' dir='ltr' id='par_1_8' title="bbox 421 1227 2078 1300">
     <span class='ocr_line' id='line_1_8' title="bbox 421 1227 2078 1300; baseline -0.001 -16"><span class='ocrx_word' id='word_1_28' title='bbox 421 1230 546 1299; x_wconf 91' lang='lat' dir='ltr'><strong>ipso</strong></span> <span class='ocrx_word' id='word_1_29' title='bbox 577 1229 678 1300; x_wconf 87' lang='lat' dir='ltr'><strong>qui</strong></span> <span class='ocrx_word' id='word_1_30' title='bbox 705 1234 790 1284; x_wconf 89' lang='lat' dir='ltr'><strong>est</strong></span> <span class='ocrx_word' id='word_1_31' title='bbox 812 1229 904 1284; x_wconf 91' lang='lat' dir='ltr'><strong>via</strong></span> <span class='ocrx_word' id='word_1_32' title='bbox 928 1234 984 1284; x_wconf 90' lang='lat' dir='ltr'><strong>et</strong></span> <span class='ocrx_word' id='word_1_33' title='bbox 1003 1227 1216 1284; x_wconf 87' lang='lat' dir='ltr'><strong>veritas</strong></span> <span class='ocrx_word' id='word_1_34' title='bbox 1243 1233 1299 1283; x_wconf 91' lang='lat' dir='ltr'><strong>et</strong></span> <span class='ocrx_word' id='word_1_35' title='bbox 1325 1227 1462 1298; x_wconf 89' lang='lat' dir='ltr'><strong>vita,</strong></span> <span class='ocrx_word' id='word_1_36' title='bbox 1495 1227 1665 1298; x_wconf 83' lang='lat' dir='ltr'><strong>viam,</strong></span> <span class='ocrx_word' id='word_1_37' title='bbox 1694 1227 1989 1283; x_wconf 75' lang='lat' dir='ltr'><strong>veritatem</strong></span> <span class='ocrx_word' id='word_1_38' title='bbox 2021 1233 2078 1283; x_wconf 90' lang='lat' dir='ltr'><strong>et</strong></span> 
     </span>
    </p>
   </div>
   <div class='ocr_carea' id='block_1_9' title="bbox 423 1316 1218 1388">
    <p class='ocr_par' dir='ltr' id='par_1_9' title="bbox 423 1316 1218 1388">
     <span class='ocr_line' id='line_1_9' title="bbox 423 1316 1218 1388; baseline -0.003 -15"><span class='ocrx_word' id='word_1_39' title='bbox 423 1318 597 1373; x_wconf 88' lang='lat' dir='ltr'><strong>vitam</strong></span> <span class='ocrx_word' id='word_1_40' title='bbox 642 1316 904 1388; x_wconf 91' lang='lat' dir='ltr'><strong>deposcit</strong></span> <span class='ocrx_word' id='word_1_41' title='bbox 941 1316 1218 1372; x_wconf 89' lang='lat' dir='ltr'><strong>invenire.</strong></span> 
     </span>
    </p>
   </div>
   <div class='ocr_carea' id='block_1_10' title="bbox 2181 1127 3852 1199">
    <p class='ocr_par' dir='ltr' id='par_1_10' title="bbox 2181 1127 3852 1199">
     <span class='ocr_line' id='line_1_10' title="bbox 2181 1127 3852 1199; baseline 0 -17"><span class='ocrx_word' id='word_1_42' title='bbox 2181 1127 2620 1196; x_wconf 86' lang='lat' dir='ltr'><strong>scrupulositati</strong></span> <span class='ocrx_word' id='word_1_43' title='bbox 2665 1140 2798 1182; x_wconf 67' lang='lat' dir='ltr'><strong>meae</strong></span> <span class='ocrx_word' id='word_1_44' title='bbox 2825 1127 2976 1184; x_wconf 87' lang='lat' dir='ltr'><strong>vires</strong></span> <span class='ocrx_word' id='word_1_45' title='bbox 3008 1127 3160 1184; x_wconf 86' lang='lat' dir='ltr'><strong>haud</strong></span> <span class='ocrx_word' id='word_1_46' title='bbox 3197 1129 3481 1198; x_wconf 84' lang='lat' dir='ltr'><strong>proprias,</strong></span> <span class='ocrx_word' id='word_1_47' title='bbox 3520 1129 3620 1184; x_wconf 91' lang='lat' dir='ltr'><strong>sed</strong></span> <span class='ocrx_word' id='word_1_48' title='bbox 3651 1129 3852 1199; x_wconf 63' lang='lat' dir='ltr'><strong>olymr-</strong></span> 
     </span>
    </p>
   </div>
   <div class='ocr_carea' id='block_1_11' title="bbox 2184 1216 3846 1290">
    <p class='ocr_par' dir='ltr' id='par_1_11' title="bbox 2184 1216 3846 1290">
     <span class='ocr_line' id='line_1_11' title="bbox 2184 1216 3846 1290; baseline 0.001 -19"><span class='ocrx_word' id='word_1_49' title='bbox 2184 1216 2376 1285; x_wconf 89' lang='lat' dir='ltr'><strong>piacas</strong></span> <span class='ocrx_word' id='word_1_50' title='bbox 2411 1216 2644 1286; x_wconf 87' lang='lat' dir='ltr'><strong>objicio.</strong></span> <span class='ocrx_word' id='word_1_51' title='bbox 2694 1217 2936 1287; x_wconf 83' lang='lat' dir='ltr'><strong>Rursus,</strong></span> <span class='ocrx_word' id='word_1_52' title='bbox 2977 1217 3028 1273; x_wconf 90' lang='lat' dir='ltr'><strong>si</strong></span> <span class='ocrx_word' id='word_1_53' title='bbox 3067 1218 3322 1290; x_wconf 81' lang='lat' dir='ltr'><strong>aggredi,</strong></span> <span class='ocrx_word' id='word_1_54' title='bbox 3373 1217 3509 1273; x_wconf 89' lang='lat' dir='ltr'><strong>licet</strong></span> <span class='ocrx_word' id='word_1_55' title='bbox 3549 1217 3846 1288; x_wconf 86' lang='lat' dir='ltr'><strong>trepidus,</strong></span> 
     </span>
    </p>
   </div>
   <div class='ocr_carea' id='block_1_12' title="bbox 2182 1305 3849 1377">
    <p class='ocr_par' dir='ltr' id='par_1_12' title="bbox 2182 1305 3849 1377">
     <span class='ocr_line' id='line_1_12' title="bbox 2182 1305 3849 1377; baseline 0 -17"><span class='ocrx_word' id='word_1_56' title='bbox 2182 1310 2592 1377; x_wconf 89' lang='lat' dir='ltr'><strong>pertentavero,</strong></span> <span class='ocrx_word' id='word_1_57' title='bbox 2653 1319 2722 1362; x_wconf 90' lang='lat' dir='ltr'><strong>ne</strong></span> <span class='ocrx_word' id='word_1_58' title='bbox 2763 1319 2796 1361; x_wconf 90' lang='lat' dir='ltr'><strong>a</strong></span> <span class='ocrx_word' id='word_1_59' title='bbox 2850 1305 3059 1362; x_wconf 79' lang='lat' dir='ltr'><strong>lectore</strong></span> <span class='ocrx_word' id='word_1_60' title='bbox 3120 1305 3547 1376; x_wconf 89' lang='lat' dir='ltr'><strong>philocompica</strong></span> <span class='ocrx_word' id='word_1_61' title='bbox 3604 1317 3637 1347; x_wconf 73' lang='grc' dir='ltr'><strong>α</strong></span> <span class='ocrx_word' id='word_1_62' title='bbox 3679 1310 3849 1362; x_wconf 87' lang='lat' dir='ltr'><strong>noter</strong></span> 
     </span>
    </p>
   </div>
   <div class='ocr_carea' id='block_1_13' title="bbox 493 1391 3845 1477">
    <p class='ocr_par' dir='ltr' id='par_1_13' title="bbox 493 1391 3845 1477">
     <span class='ocr_line' id='line_1_13' title="bbox 493 1391 3845 1477; baseline -0.001 -22"><span class='ocrx_word' id='word_1_63' title='bbox 493 1405 693 1477; x_wconf 77' lang='lat' dir='ltr'><strong>Exigis</strong></span> <span class='ocrx_word' id='word_1_64' title='bbox 733 1420 766 1462; x_wconf 79' lang='lat' dir='ltr'><strong>a</strong></span> <span class='ocrx_word' id='word_1_65' title='bbox 811 1419 920 1476; x_wconf 74' lang='lat' dir='ltr'><strong>me,</strong></span> <span class='ocrx_word' id='word_1_66' title='bbox 978 1405 1142 1460; x_wconf 76' lang='lat' dir='ltr'><strong>Pater</strong></span> <span class='ocrx_word' id='word_1_67' title='bbox 1193 1419 1294 1474; x_wconf 80' lang='lat' dir='ltr'><strong>per</strong></span> <span class='ocrx_word' id='word_1_68' title='bbox 1353 1404 1561 1460; x_wconf 61' lang='lat' dir='ltr'><strong>saecula</strong></span> <span class='ocrx_word' id='word_1_69' title='bbox 1617 1405 1978 1460; x_wconf 71' lang='lat' dir='ltr'><strong>memorande</strong></span> <span class='ocrx_word' id='word_1_70' title='bbox 2029 1411 2085 1460; x_wconf 77' lang='grc' dir='ltr'><strong>θι</strong></span> <span class='ocrx_word' id='word_1_71' title='bbox 2185 1391 2443 1464; x_wconf 75' lang='lat' dir='ltr'><strong>infamia,</strong></span> <span class='ocrx_word' id='word_1_72' title='bbox 2479 1393 2866 1465; x_wconf 88' lang='lat' dir='ltr'><strong>perhorresco,</strong></span> <span class='ocrx_word' id='word_1_73' title='bbox 2894 1395 3030 1451; x_wconf 89' lang='lat' dir='ltr'><strong>dum</strong></span> <span class='ocrx_word' id='word_1_74' title='bbox 3064 1395 3298 1451; x_wconf 91' lang='lat' dir='ltr'><strong>omissis</strong></span> <span class='ocrx_word' id='word_1_75' title='bbox 3324 1394 3755 1465; x_wconf 89' lang='lat' dir='ltr'><strong>philosophicis</strong></span> <span class='ocrx_word' id='word_1_76' title='bbox 3778 1407 3845 1450; x_wconf 82' lang='lat' dir='ltr'><strong>ac</strong></span> 
     </span>
    </p>
   </div>
   <div class='ocr_carea' id='block_1_14' title="bbox 430 1482 3848 1565">
    <p class='ocr_par' dir='ltr' id='par_1_14' title="bbox 430 1482 3848 1565">
     <span class='ocr_line' id='line_1_14' title="bbox 430 1482 3848 1565; baseline -0.003 -15"><span class='ocrx_word' id='word_1_77' title='bbox 430 1495 642 1565; x_wconf 69' lang='lat' dir='ltr'><strong>praesul</strong></span> <span class='ocrx_word' id='word_1_78' title='bbox 677 1495 1014 1550; x_wconf 76' lang='lat' dir='ltr'><strong>nominatus</strong></span> <span class='ocrx_word' id='word_1_79' title='bbox 1045 1493 1106 1548; x_wconf 92' lang='lat' dir='ltr'><strong>in</strong></span> <span class='ocrx_word' id='word_1_80' title='bbox 1136 1492 1302 1564; x_wconf 84' lang='lat' dir='ltr'><strong>orbe,</strong></span> <span class='ocrx_word' id='word_1_81' title='bbox 1341 1497 1402 1549; x_wconf 90' lang='lat' dir='ltr'><strong>ut</strong></span> <span class='ocrx_word' id='word_1_82' title='bbox 1430 1493 1594 1564; x_wconf 85' lang='lat' dir='ltr'><strong>signa</strong></span> <span class='ocrx_word' id='word_1_83' title='bbox 1623 1497 1796 1562; x_wconf 88' lang='lat' dir='ltr'><strong>atque</strong></span> <span class='ocrx_word' id='word_1_84' title='bbox 1828 1497 2085 1563; x_wconf 87' lang='lat' dir='ltr'><strong>portenta</strong></span> <span class='ocrx_word' id='word_1_85' title='bbox 2187 1483 2472 1552; x_wconf 54' lang='lat' dir='ltr'><strong>priimam</strong></span> <span class='ocrx_word' id='word_1_86' title='bbox 2503 1482 2717 1538; x_wconf 78' lang='lat' dir='ltr'><strong>indolis</strong></span> <span class='ocrx_word' id='word_1_87' title='bbox 2753 1483 2898 1539; x_wconf 82' lang='lat' dir='ltr'><strong>Viris</strong></span> <span class='ocrx_word' id='word_1_88' title='bbox 2930 1483 3029 1554; x_wconf 86' lang='lat' dir='ltr'><strong>qui</strong></span> <span class='ocrx_word' id='word_1_89' title='bbox 3065 1483 3123 1538; x_wconf 88' lang='lat' dir='ltr'><strong>in</strong></span> <span class='ocrx_word' id='word_1_90' title='bbox 3153 1483 3476 1554; x_wconf 86' lang='lat' dir='ltr'><strong>prophetiis</strong></span> <span class='ocrx_word' id='word_1_91' title='bbox 3506 1483 3714 1540; x_wconf 82' lang='lat' dir='ltr'><strong>calami</strong></span> <span class='ocrx_word' id='word_1_92' title='bbox 3750 1497 3848 1540; x_wconf 88' lang='lat' dir='ltr'><strong>no-</strong></span> 
     </span>
    </p>
   </div>
   <div class='ocr_carea' id='block_1_15' title="bbox 424 1570 3848 1654">
    <p class='ocr_par' dir='ltr' id='par_1_15' title="bbox 424 1570 3848 1654">
     <span class='ocr_line' id='line_1_15' title="bbox 424 1570 3848 1654; baseline 0.001 -16"><span class='ocrx_word' id='word_1_93' title='bbox 424 1597 548 1652; x_wconf 73' lang='lat' dir='ltr'><strong>quaa</strong></span> <span class='ocrx_word' id='word_1_94' title='bbox 565 1597 663 1652; x_wconf 89' lang='lat' dir='ltr'><strong>per</strong></span> <span class='ocrx_word' id='word_1_95' title='bbox 679 1581 1140 1652; x_wconf 87' lang='lat' dir='ltr'><strong>opinatissimam</strong></span> <span class='ocrx_word' id='word_1_96' title='bbox 1160 1595 1313 1636; x_wconf 88' lang='lat' dir='ltr'><strong>nunc</strong></span> <span class='ocrx_word' id='word_1_97' title='bbox 1353 1581 1413 1636; x_wconf 89' lang='lat' dir='ltr'><strong>in</strong></span> <span class='ocrx_word' id='word_1_98' title='bbox 1437 1581 1877 1637; x_wconf 63' lang='lat' dir='ltr'><strong>seculoChristi</strong></span> <span class='ocrx_word' id='word_1_99' title='bbox 1897 1582 2086 1654; x_wconf 84' lang='lat' dir='ltr'><strong>virgi—</strong></span> <span class='ocrx_word' id='word_1_100' title='bbox 2189 1571 2342 1626; x_wconf 74' lang='grc' dir='ltr'><strong>ῐιιίηθ</strong></span> <span class='ocrx_word' id='word_1_101' title='bbox 2370 1570 2901 1644; x_wconf 66' lang='grc' dir='ltr'><strong>ἀθεὶςηδηῐιιν,’θςο</strong></span> <span class='ocrx_word' id='word_1_102' title='bbox 2927 1571 3030 1642; x_wconf 78' lang='lat' dir='ltr'><strong>qui</strong></span> <span class='ocrx_word' id='word_1_103' title='bbox 3063 1586 3164 1628; x_wconf 76' lang='lat' dir='ltr'><strong>nec</strong></span> <span class='ocrx_word' id='word_1_104' title='bbox 3194 1571 3404 1628; x_wconf 65' lang='lat' dir='ltr'><strong>Viridis</strong></span> <span class='ocrx_word' id='word_1_105' title='bbox 3425 1572 3593 1641; x_wconf 73' lang='lat' dir='ltr'><strong>illnCi</strong></span> <span class='ocrx_word' id='word_1_106' title='bbox 3624 1571 3848 1628; x_wconf 68' lang='grc' dir='ltr'><strong>θιῐίηιο</strong></span> 
     </span>
    </p>
   </div>
   <div class='ocr_carea' id='block_1_16' title="bbox 421 1671 2083 1742">
    <p class='ocr_par' dir='ltr' id='par_1_16' title="bbox 421 1671 2083 1742">
     <span class='ocr_line' id='line_1_16' title="bbox 421 1671 2083 1742; baseline 0 -16"><span class='ocrx_word' id='word_1_107' title='bbox 421 1685 547 1726; x_wconf 90' lang='lat' dir='ltr'><strong>nem</strong></span> <span class='ocrx_word' id='word_1_108' title='bbox 578 1671 949 1742; x_wconf 83' lang='lat' dir='ltr'><strong>Walpurgam</strong></span> <span class='ocrx_word' id='word_1_109' title='bbox 994 1671 1208 1726; x_wconf 90' lang='lat' dir='ltr'><strong>nostris</strong></span> <span class='ocrx_word' id='word_1_110' title='bbox 1253 1671 1608 1740; x_wconf 84' lang='lat' dir='ltr'><strong>temporibus</strong></span> <span class='ocrx_word' id='word_1_111' title='bbox 1635 1671 1834 1726; x_wconf 87' lang='lat' dir='ltr'><strong>divina</strong></span> <span class='ocrx_word' id='word_1_112' title='bbox 1867 1671 2083 1742; x_wconf 82' lang='lat' dir='ltr'><strong>peregit</strong></span> 
     </span>
    </p>
   </div>
   <div class='ocr_carea' id='block_1_17' title="bbox 421 1759 2079 1830">
    <p class='ocr_par' dir='ltr' id='par_1_17' title="bbox 421 1759 2079 1830">
     <span class='ocr_line' id='line_1_17' title="bbox 421 1759 2079 1830; baseline 0 -16"><span class='ocrx_word' id='word_1_113' title='bbox 421 1759 746 1826; x_wconf 87' lang='lat' dir='ltr'><strong>clementia,</strong></span> <span class='ocrx_word' id='word_1_114' title='bbox 780 1773 920 1814; x_wconf 90' lang='lat' dir='ltr'><strong>cura</strong></span> <span class='ocrx_word' id='word_1_115' title='bbox 949 1759 1400 1830; x_wconf 77' lang='lat' dir='ltr'><strong>diligentissime</strong></span> <span class='ocrx_word' id='word_1_116' title='bbox 1441 1759 1705 1830; x_wconf 80' lang='lat' dir='ltr'><strong>indagata</strong></span> <span class='ocrx_word' id='word_1_117' title='bbox 1743 1760 1812 1815; x_wconf 90' lang='lat' dir='ltr'><strong>ad</strong></span> <span class='ocrx_word' id='word_1_118' title='bbox 1855 1759 2079 1816; x_wconf 88' lang='lat' dir='ltr'><strong>laudem</strong></span> 
     </span>
    </p>
   </div>
   <div class='ocr_carea' id='block_1_18' title="bbox 421 1847 2082 1918">
    <p class='ocr_par' dir='ltr' id='par_1_18' title="bbox 421 1847 2082 1918">
     <span class='ocr_line' id='line_1_18' title="bbox 421 1847 2082 1918; baseline 0 -14"><span class='ocrx_word' id='word_1_119' title='bbox 421 1855 480 1904; x_wconf 91' lang='lat' dir='ltr'><strong>et</strong></span> <span class='ocrx_word' id='word_1_120' title='bbox 509 1861 711 1904; x_wconf 90' lang='lat' dir='ltr'><strong>nomen</strong></span> <span class='ocrx_word' id='word_1_121' title='bbox 744 1848 986 1904; x_wconf 66' lang='lat' dir='ltr'><strong>vivificaa</strong></span> <span class='ocrx_word' id='word_1_122' title='bbox 1024 1847 1359 1918; x_wconf 86' lang='lat' dir='ltr'><strong>Trinitatis,</strong></span> <span class='ocrx_word' id='word_1_123' title='bbox 1391 1861 1611 1903; x_wconf 64' lang='lat' dir='ltr'><strong>necnon</strong></span> <span class='ocrx_word' id='word_1_124' title='bbox 1640 1848 1709 1903; x_wconf 86' lang='lat' dir='ltr'><strong>ad</strong></span> <span class='ocrx_word' id='word_1_125' title='bbox 1751 1848 2082 1904; x_wconf 88' lang='lat' dir='ltr'><strong>excitandos</strong></span> 
     </span>
    </p>
   </div>
   <div class='ocr_carea' id='block_1_19' title="bbox 423 1935 2082 2008">
    <p class='ocr_par' dir='ltr' id='par_1_19' title="bbox 423 1935 2082 2008">
     <span class='ocr_line' id='line_1_19' title="bbox 423 1935 2082 2008; baseline -0.001 -16"><span class='ocrx_word' id='word_1_126' title='bbox 423 1937 649 1993; x_wconf 89' lang='lat' dir='ltr'><strong>animos</strong></span> <span class='ocrx_word' id='word_1_127' title='bbox 691 1936 1006 1992; x_wconf 65' lang='lat' dir='ltr'><strong>Dominicee</strong></span> <span class='ocrx_word' id='word_1_128' title='bbox 1053 1935 1258 2008; x_wconf 87' lang='lat' dir='ltr'><strong>plebis,</strong></span> <span class='ocrx_word' id='word_1_129' title='bbox 1309 1941 1481 2006; x_wconf 89' lang='lat' dir='ltr'><strong>prout</strong></span> <span class='ocrx_word' id='word_1_130' title='bbox 1525 1937 1719 1992; x_wconf 87' lang='lat' dir='ltr'><strong>eadem</strong></span> <span class='ocrx_word' id='word_1_131' title='bbox 1769 1937 2082 1992; x_wconf 88' lang='lat' dir='ltr'><strong>contulerit</strong></span> 
     </span>
    </p>
   </div>
   <div class='ocr_carea' id='block_1_20' title="bbox 429 2024 2078 2093">
    <p class='ocr_par' dir='ltr' id='par_1_20' title="bbox 429 2024 2078 2093">
     <span class='ocr_line' id='line_1_20' title="bbox 429 2024 2078 2093; baseline 0 -13"><span class='ocrx_word' id='word_1_132' title='bbox 429 2025 690 2081; x_wconf 88' lang='lat' dir='ltr'><strong>liberalis</strong></span> <span class='ocrx_word' id='word_1_133' title='bbox 715 2031 770 2082; x_wconf 90' lang='lat' dir='ltr'><strong>et</strong></span> <span class='ocrx_word' id='word_1_134' title='bbox 795 2024 1000 2081; x_wconf 84' lang='lat' dir='ltr'><strong>deifica</strong></span> <span class='ocrx_word' id='word_1_135' title='bbox 1025 2025 1301 2093; x_wconf 87' lang='lat' dir='ltr'><strong>Trinitas,</strong></span> <span class='ocrx_word' id='word_1_136' title='bbox 1330 2025 1568 2080; x_wconf 89' lang='lat' dir='ltr'><strong>sedulus</strong></span> <span class='ocrx_word' id='word_1_137' title='bbox 1596 2026 1868 2082; x_wconf 86' lang='lat' dir='ltr'><strong>adnotare</strong></span> <span class='ocrx_word' id='word_1_138' title='bbox 1895 2025 2078 2080; x_wconf 86' lang='lat' dir='ltr'><strong>decer-</strong></span> 
     </span>
    </p>
   </div>
   <div class='ocr_carea' id='block_1_21' title="bbox 425 2113 2081 2185">
    <p class='ocr_par' dir='ltr' id='par_1_21' title="bbox 425 2113 2081 2185">
     <span class='ocr_line' id='line_1_21' title="bbox 425 2113 2081 2185; baseline -0.001 -16"><span class='ocrx_word' id='word_1_139' title='bbox 425 2119 557 2169; x_wconf 89' lang='lat' dir='ltr'><strong>tem.</strong></span> <span class='ocrx_word' id='word_1_140' title='bbox 579 2113 798 2169; x_wconf 77' lang='lat' dir='ltr'><strong>Gravis</strong></span> <span class='ocrx_word' id='word_1_141' title='bbox 834 2113 1119 2184; x_wconf 89' lang='lat' dir='ltr'><strong>siquidem</strong></span> <span class='ocrx_word' id='word_1_142' title='bbox 1151 2113 1306 2185; x_wconf 81' lang='lat' dir='ltr'><strong>gravi</strong></span> <span class='ocrx_word' id='word_1_143' title='bbox 1341 2114 1618 2169; x_wconf 89' lang='lat' dir='ltr'><strong>scelerum</strong></span> <span class='ocrx_word' id='word_1_144' title='bbox 1660 2113 1905 2183; x_wconf 89' lang='lat' dir='ltr'><strong>pondere</strong></span> <span class='ocrx_word' id='word_1_145' title='bbox 1945 2127 2081 2183; x_wconf 54' lang='lat' dir='ltr'><strong>pra;-</strong></span> 
     </span>
    </p>
   </div>
   <div class='ocr_carea' id='block_1_22' title="bbox 423 2201 2080 2275">
    <p class='ocr_par' dir='ltr' id='par_1_22' title="bbox 423 2201 2080 2275">
     <span class='ocr_line' id='line_1_22' title="bbox 423 2201 2080 2275; baseline -0.001 -17"><span class='ocrx_word' id='word_1_146' title='bbox 423 2207 656 2275; x_wconf 81' lang='lat' dir='ltr'><strong>gravato</strong></span> <span class='ocrx_word' id='word_1_147' title='bbox 685 2216 718 2257; x_wconf 88' lang='lat' dir='ltr'><strong>a</strong></span> <span class='ocrx_word' id='word_1_148' title='bbox 749 2208 803 2258; x_wconf 91' lang='lat' dir='ltr'><strong>te</strong></span> <span class='ocrx_word' id='word_1_149' title='bbox 835 2201 979 2257; x_wconf 91' lang='lat' dir='ltr'><strong>mihi</strong></span> <span class='ocrx_word' id='word_1_150' title='bbox 1013 2202 1333 2273; x_wconf 88' lang='lat' dir='ltr'><strong>imponitur</strong></span> <span class='ocrx_word' id='word_1_151' title='bbox 1369 2201 1617 2270; x_wconf 88' lang='lat' dir='ltr'><strong>sarcina,</strong></span> <span class='ocrx_word' id='word_1_152' title='bbox 1651 2202 1924 2272; x_wconf 89' lang='lat' dir='ltr'><strong>quoniam</strong></span> <span class='ocrx_word' id='word_1_153' title='bbox 1959 2215 2080 2270; x_wconf 84' lang='lat' dir='ltr'><strong>pec-</strong></span> 
     </span>
    </p>
   </div>
   <div class='ocr_carea' id='block_1_23' title="bbox 2189 1659 3848 1731">
    <p class='ocr_par' dir='ltr' id='par_1_23' title="bbox 2189 1659 3848 1731">
     <span class='ocr_line' id='line_1_23' title="bbox 2189 1659 3848 1731; baseline 0.002 -16"><span class='ocrx_word' id='word_1_154' title='bbox 2189 1659 2463 1716; x_wconf 77' lang='lat' dir='ltr'><strong>vocabulo</strong></span> <span class='ocrx_word' id='word_1_155' title='bbox 2508 1673 2726 1716; x_wconf 88' lang='lat' dir='ltr'><strong>mereor</strong></span> <span class='ocrx_word' id='word_1_156' title='bbox 2767 1659 3020 1723; x_wconf 78' lang='lat' dir='ltr'><strong>titillari,</strong></span> <span class='ocrx_word' id='word_1_157' title='bbox 3069 1660 3356 1730; x_wconf 84' lang='lat' dir='ltr'><strong>incompte</strong></span> <span class='ocrx_word' id='word_1_158' title='bbox 3398 1660 3646 1716; x_wconf 88' lang='lat' dir='ltr'><strong>arduum</strong></span> <span class='ocrx_word' id='word_1_159' title='bbox 3693 1675 3848 1731; x_wconf 87' lang='lat' dir='ltr'><strong>opus</strong></span> 
     </span>
    </p>
   </div>
   <div class='ocr_carea' id='block_1_24' title="bbox 2190 1749 3844 1820">
    <p class='ocr_par' dir='ltr' id='par_1_24' title="bbox 2190 1749 3844 1820">
     <span class='ocr_line' id='line_1_24' title="bbox 2190 1749 3844 1820; baseline 0.001 -17"><span class='ocrx_word' id='word_1_160' title='bbox 2190 1749 2458 1804; x_wconf 80' lang='lat' dir='ltr'><strong>exordiar</strong></span> <span class='ocrx_word' id='word_1_161' title='bbox 2502 1749 2688 1820; x_wconf 86' lang='lat' dir='ltr'><strong>stylo;</strong></span> <span class='ocrx_word' id='word_1_162' title='bbox 2733 1754 2789 1804; x_wconf 91' lang='lat' dir='ltr'><strong>et</strong></span> <span class='ocrx_word' id='word_1_163' title='bbox 2834 1749 2973 1804; x_wconf 89' lang='lat' dir='ltr'><strong>dum</strong></span> <span class='ocrx_word' id='word_1_164' title='bbox 3014 1749 3394 1805; x_wconf 79' lang='lat' dir='ltr'><strong>mundialium</strong></span> <span class='ocrx_word' id='word_1_165' title='bbox 3451 1750 3844 1819; x_wconf 80' lang='lat' dir='ltr'><strong>plurimorum</strong></span> 
     </span>
    </p>
   </div>
   <div class='ocr_carea' id='block_1_25' title="bbox 2193 1838 3848 1910">
    <p class='ocr_par' dir='ltr' id='par_1_25' title="bbox 2193 1838 3848 1910">
     <span class='ocr_line' id='line_1_25' title="bbox 2193 1838 3848 1910; baseline 0.001 -16"><span class='ocrx_word' id='word_1_166' title='bbox 2193 1839 2474 1895; x_wconf 86' lang='lat' dir='ltr'><strong>indomita</strong></span> <span class='ocrx_word' id='word_1_167' title='bbox 2521 1838 2791 1908; x_wconf 89' lang='lat' dir='ltr'><strong>superbia</strong></span> <span class='ocrx_word' id='word_1_168' title='bbox 2837 1853 2964 1910; x_wconf 62' lang='lat' dir='ltr'><strong>quae</strong></span> <span class='ocrx_word' id='word_1_169' title='bbox 3015 1845 3340 1894; x_wconf 89' lang='lat' dir='ltr'><strong>sanctorum</strong></span> <span class='ocrx_word' id='word_1_170' title='bbox 3391 1839 3514 1894; x_wconf 85' lang='lat' dir='ltr'><strong>vias</strong></span> <span class='ocrx_word' id='word_1_171' title='bbox 3562 1853 3630 1894; x_wconf 89' lang='lat' dir='ltr'><strong>ac</strong></span> <span class='ocrx_word' id='word_1_172' title='bbox 3677 1839 3848 1895; x_wconf 77' lang='lat' dir='ltr'><strong>Vitas</strong></span> 
     </span>
    </p>
   </div>
   <div class='ocr_carea' id='block_1_26' title="bbox 2190 1927 3850 1998">
    <p class='ocr_par' dir='ltr' id='par_1_26' title="bbox 2190 1927 3850 1998">
     <span class='ocr_line' id='line_1_26' title="bbox 2190 1927 3850 1998; baseline -0.001 -15"><span class='ocrx_word' id='word_1_173' title='bbox 2190 1928 2343 1984; x_wconf 89' lang='lat' dir='ltr'><strong>calce</strong></span> <span class='ocrx_word' id='word_1_174' title='bbox 2371 1928 2610 1998; x_wconf 89' lang='lat' dir='ltr'><strong>proterit</strong></span> <span class='ocrx_word' id='word_1_175' title='bbox 2636 1928 2938 1998; x_wconf 84' lang='lat' dir='ltr'><strong>petulanti,</strong></span> <span class='ocrx_word' id='word_1_176' title='bbox 2965 1932 3021 1982; x_wconf 87' lang='lat' dir='ltr'><strong>et</strong></span> <span class='ocrx_word' id='word_1_177' title='bbox 3048 1927 3190 1982; x_wconf 89' lang='lat' dir='ltr'><strong>mira</strong></span> <span class='ocrx_word' id='word_1_178' title='bbox 3217 1941 3413 1983; x_wconf 91' lang='lat' dir='ltr'><strong>eorum</strong></span> <span class='ocrx_word' id='word_1_179' title='bbox 3436 1928 3487 1983; x_wconf 94' lang='lat' dir='ltr'><strong>si</strong></span> <span class='ocrx_word' id='word_1_180' title='bbox 3515 1943 3628 1998; x_wconf 81' lang='lat' dir='ltr'><strong>qua</strong></span> <span class='ocrx_word' id='word_1_181' title='bbox 3648 1928 3850 1984; x_wconf 88' lang='lat' dir='ltr'><strong>audie-</strong></span> 
     </span>
    </p>
   </div>
   <div class='ocr_carea' id='block_1_27' title="bbox 2191 2016 3846 2088">
    <p class='ocr_par' dir='ltr' id='par_1_27' title="bbox 2191 2016 3846 2088">
     <span class='ocr_line' id='line_1_27' title="bbox 2191 2016 3846 2088; baseline 0 -16"><span class='ocrx_word' id='word_1_182' title='bbox 2191 2017 2289 2088; x_wconf 88' lang='lat' dir='ltr'><strong>rit,</strong></span> <span class='ocrx_word' id='word_1_183' title='bbox 2328 2017 2658 2087; x_wconf 84' lang='lat' dir='ltr'><strong>pediculosa</strong></span> <span class='ocrx_word' id='word_1_184' title='bbox 2691 2030 2828 2072; x_wconf 91' lang='lat' dir='ltr'><strong>aure</strong></span> <span class='ocrx_word' id='word_1_185' title='bbox 2871 2016 3134 2086; x_wconf 89' lang='lat' dir='ltr'><strong>percipit,</strong></span> <span class='ocrx_word' id='word_1_186' title='bbox 3173 2016 3414 2072; x_wconf 89' lang='lat' dir='ltr'><strong>audiens</strong></span> <span class='ocrx_word' id='word_1_187' title='bbox 3456 2031 3543 2072; x_wconf 85' lang='lat' dir='ltr'><strong>me</strong></span> <span class='ocrx_word' id='word_1_188' title='bbox 3575 2017 3846 2072; x_wconf 77' lang='lat' dir='ltr'><strong>inaudita</strong></span> 
     </span>
    </p>
   </div>
   <div class='ocr_carea' id='block_1_28' title="bbox 2188 2103 3843 2177">
    <p class='ocr_par' dir='ltr' id='par_1_28' title="bbox 2188 2103 3843 2177">
     <span class='ocr_line' id='line_1_28' title="bbox 2188 2103 3843 2177; baseline 0 -16"><span class='ocrx_word' id='word_1_189' title='bbox 2188 2111 2244 2161; x_wconf 86' lang='lat' dir='ltr'><strong>et</strong></span> <span class='ocrx_word' id='word_1_190' title='bbox 2288 2112 2472 2162; x_wconf 89' lang='lat' dir='ltr'><strong>tamen</strong></span> <span class='ocrx_word' id='word_1_191' title='bbox 2511 2105 2876 2161; x_wconf 88' lang='lat' dir='ltr'><strong>veracissima</strong></span> <span class='ocrx_word' id='word_1_192' title='bbox 2915 2105 2972 2160; x_wconf 91' lang='lat' dir='ltr'><strong>in</strong></span> <span class='ocrx_word' id='word_1_193' title='bbox 3018 2105 3213 2174; x_wconf 89' lang='lat' dir='ltr'><strong>patulo</strong></span> <span class='ocrx_word' id='word_1_194' title='bbox 3254 2103 3505 2174; x_wconf 88' lang='lat' dir='ltr'><strong>proferre</strong></span> <span class='ocrx_word' id='word_1_195' title='bbox 3549 2106 3843 2177; x_wconf 81' lang='lat' dir='ltr'><strong>prodigia,</strong></span> 
     </span>
    </p>
   </div>
   <div class='ocr_carea' id='block_1_29' title="bbox 2187 2192 3844 2264">
    <p class='ocr_par' dir='ltr' id='par_1_29' title="bbox 2187 2192 3844 2264">
     <span class='ocr_line' id='line_1_29' title="bbox 2187 2192 3844 2264; baseline -0.001 -13"><span class='ocrx_word' id='word_1_196' title='bbox 2187 2195 2396 2252; x_wconf 91' lang='lat' dir='ltr'><strong>canino</strong></span> <span class='ocrx_word' id='word_1_197' title='bbox 2435 2195 2682 2264; x_wconf 89' lang='lat' dir='ltr'><strong>incipiat</strong></span> <span class='ocrx_word' id='word_1_198' title='bbox 2712 2195 2881 2250; x_wconf 88' lang='lat' dir='ltr'><strong>dente</strong></span> <span class='ocrx_word' id='word_1_199' title='bbox 2918 2195 3219 2250; x_wconf 81' lang='lat' dir='ltr'><strong>corradere</strong></span> <span class='ocrx_word' id='word_1_200' title='bbox 3257 2199 3314 2248; x_wconf 93' lang='lat' dir='ltr'><strong>et</strong></span> <span class='ocrx_word' id='word_1_201' title='bbox 3343 2193 3666 2250; x_wconf 86' lang='lat' dir='ltr'><strong>verissimis</strong></span> <span class='ocrx_word' id='word_1_202' title='bbox 3695 2192 3844 2250; x_wconf 86' lang='lat' dir='ltr'><strong>falsa</strong></span> 
     </span>
    </p>
   </div>
   <div class='ocr_carea' id='block_1_30' title="bbox 427 2282 3849 2358">
    <p class='ocr_par' dir='ltr' id='par_1_30' title="bbox 427 2282 3849 2358">
     <span class='ocr_line' id='line_1_30' title="bbox 427 2282 3849 2358; baseline -0.003 -11"><span class='ocrx_word' id='word_1_203' title='bbox 427 2291 578 2347; x_wconf 76' lang='lat' dir='ltr'><strong>catis</strong></span> <span class='ocrx_word' id='word_1_204' title='bbox 607 2290 856 2347; x_wconf 90' lang='lat' dir='ltr'><strong>obnoxio</strong></span> <span class='ocrx_word' id='word_1_205' title='bbox 889 2291 1234 2346; x_wconf 87' lang='lat' dir='ltr'><strong>horrendum</strong></span> <span class='ocrx_word' id='word_1_206' title='bbox 1266 2295 1351 2346; x_wconf 89' lang='lat' dir='ltr'><strong>est</strong></span> <span class='ocrx_word' id='word_1_207' title='bbox 1396 2295 1638 2345; x_wconf 87' lang='lat' dir='ltr'><strong>tractare</strong></span> <span class='ocrx_word' id='word_1_208' title='bbox 1675 2291 1744 2346; x_wconf 91' lang='lat' dir='ltr'><strong>de</strong></span> <span class='ocrx_word' id='word_1_209' title='bbox 1779 2291 1982 2358; x_wconf 88' lang='lat' dir='ltr'><strong>sacris,</strong></span> <span class='ocrx_word' id='word_1_210' title='bbox 2023 2294 2079 2344; x_wconf 90' lang='lat' dir='ltr'><strong>et</strong></span> <span class='ocrx_word' id='word_1_211' title='bbox 2109 2334 2160 2358; x_wconf 66' lang='grc' dir='ltr'>η</span> <span class='ocrx_word' id='word_1_212' title='bbox 2189 2282 2470 2354; x_wconf 62' lang='lat' dir='ltr'><strong>praeferre.</strong></span> <span class='ocrx_word' id='word_1_213' title='bbox 2507 2283 2608 2338; x_wconf 85' lang='lat' dir='ltr'><strong>llis</strong></span> <span class='ocrx_word' id='word_1_214' title='bbox 2647 2289 2820 2352; x_wconf 88' lang='lat' dir='ltr'><strong>atque</strong></span> <span class='ocrx_word' id='word_1_215' title='bbox 2851 2283 2990 2338; x_wconf 88' lang='lat' dir='ltr'><strong>aliis</strong></span> <span class='ocrx_word' id='word_1_216' title='bbox 3029 2282 3350 2338; x_wconf 87' lang='lat' dir='ltr'><strong>innumeris</strong></span> <span class='ocrx_word' id='word_1_217' title='bbox 3386 2283 3633 2338; x_wconf 86' lang='lat' dir='ltr'><strong>vallatus</strong></span> <span class='ocrx_word' id='word_1_218' title='bbox 3667 2295 3849 2354; x_wconf 85' lang='lat' dir='ltr'><strong>angu-</strong></span> 
     </span>
    </p>
   </div>
   <div class='ocr_carea' id='block_1_31' title="bbox 2108 2334 2160 2394">
    <p class='ocr_par' dir='ltr' id='par_1_31' title="bbox 2108 2334 2160 2394">
     <span class='ocr_line' id='line_1_31' title="bbox 2108 2334 2160 2394; baseline 0 0"><span class='ocrx_word' id='word_1_219' title='bbox 2108 2334 2160 2394; x_wconf 95' lang='lat' dir='ltr'>B</span> 
     </span>
    </p>
   </div>
   <div class='ocr_carea' id='block_1_32' title="bbox 431 2369 3850 2449">
    <p class='ocr_par' dir='ltr' id='par_1_32' title="bbox 431 2369 3850 2449">
     <span class='ocr_line' id='line_1_32' title="bbox 431 2369 3850 2449; baseline -0.003 -13"><span class='ocrx_word' id='word_1_220' title='bbox 431 2380 674 2436; x_wconf 87' lang='lat' dir='ltr'><strong>miscere</strong></span> <span class='ocrx_word' id='word_1_221' title='bbox 701 2379 886 2434; x_wconf 89' lang='lat' dir='ltr'><strong>aliena</strong></span> <span class='ocrx_word' id='word_1_222' title='bbox 918 2393 1027 2435; x_wconf 91' lang='lat' dir='ltr'><strong>non</strong></span> <span class='ocrx_word' id='word_1_223' title='bbox 1071 2379 1346 2448; x_wconf 91' lang='lat' dir='ltr'><strong>propriis.</strong></span> <span class='ocrx_word' id='word_1_224' title='bbox 1380 2380 1585 2434; x_wconf 82' lang='lat' dir='ltr'><strong>Verum</strong></span> <span class='ocrx_word' id='word_1_225' title='bbox 1621 2379 1915 2448; x_wconf 85' lang='lat' dir='ltr'><strong>quoniam,</strong></span> <span class='ocrx_word' id='word_1_226' title='bbox 1947 2378 2080 2449; x_wconf 79' lang='lat' dir='ltr'><strong>glo—</strong></span> <span class='ocrx_word' id='word_1_227' title='bbox 2108 2369 2160 2394; x_wconf 78' lang='lat'>”</span> <span class='ocrx_word' id='word_1_228' title='bbox 2187 2373 2339 2442; x_wconf 89' lang='lat' dir='ltr'><strong>stiis,</strong></span> <span class='ocrx_word' id='word_1_229' title='bbox 2375 2371 2511 2442; x_wconf 86' lang='lat' dir='ltr'><strong>quia</strong></span> <span class='ocrx_word' id='word_1_230' title='bbox 2540 2384 2666 2426; x_wconf 90' lang='lat' dir='ltr'><strong>sum</strong></span> <span class='ocrx_word' id='word_1_231' title='bbox 2697 2369 2940 2426; x_wconf 83' lang='lat' dir='ltr'><strong>refertus</strong></span> <span class='ocrx_word' id='word_1_232' title='bbox 2968 2371 3254 2441; x_wconf 77' lang='lat' dir='ltr'><strong>contagiis</strong></span> <span class='ocrx_word' id='word_1_233' title='bbox 3288 2383 3353 2426; x_wconf 90' lang='lat' dir='ltr'><strong>ac</strong></span> <span class='ocrx_word' id='word_1_234' title='bbox 3387 2371 3436 2426; x_wconf 91' lang='lat' dir='ltr'><strong>si</strong></span> <span class='ocrx_word' id='word_1_235' title='bbox 3480 2369 3699 2426; x_wconf 88' lang='lat' dir='ltr'><strong>ericius</strong></span> <span class='ocrx_word' id='word_1_236' title='bbox 3728 2371 3850 2440; x_wconf 91' lang='lat' dir='ltr'><strong>spi—</strong></span> 
     </span>
    </p>
   </div>
   <div class='ocr_carea' id='block_1_33' title="bbox 433 2465 2078 2538">
    <p class='ocr_par' dir='ltr' id='par_1_33' title="bbox 433 2465 2078 2538">
     <span class='ocr_line' id='line_1_33' title="bbox 433 2465 2078 2538; baseline -0.001 -14"><span class='ocrx_word' id='word_1_237' title='bbox 433 2468 756 2525; x_wconf 90' lang='lat' dir='ltr'><strong>riosisisme</strong></span> <span class='ocrx_word' id='word_1_238' title='bbox 813 2465 1088 2538; x_wconf 83' lang='lat' dir='ltr'><strong>pontifex,</strong></span> <span class='ocrx_word' id='word_1_239' title='bbox 1139 2467 1327 2522; x_wconf 86' lang='lat' dir='ltr'><strong>virum</strong></span> <span class='ocrx_word' id='word_1_240' title='bbox 1375 2466 1794 2522; x_wconf 72' lang='lat' dir='ltr'><strong>desideriorum</strong></span> <span class='ocrx_word' id='word_1_241' title='bbox 1850 2470 1906 2521; x_wconf 89' lang='lat' dir='ltr'><strong>te</strong></span> <span class='ocrx_word' id='word_1_242' title='bbox 1961 2465 2078 2522; x_wconf 88' lang='lat' dir='ltr'><strong>fore</strong></span> 
     </span>
    </p>
   </div>
   <div class='ocr_carea' id='block_1_34' title="bbox 432 2553 2079 2625">
    <p class='ocr_par' dir='ltr' id='par_1_34' title="bbox 432 2553 2079 2625">
     <span class='ocr_line' id='line_1_34' title="bbox 432 2553 2079 2625; baseline -0.002 -13"><span class='ocrx_word' id='word_1_243' title='bbox 432 2555 744 2625; x_wconf 89' lang='lat' dir='ltr'><strong>comperio,</strong></span> <span class='ocrx_word' id='word_1_244' title='bbox 775 2561 832 2610; x_wconf 91' lang='lat' dir='ltr'><strong>et</strong></span> <span class='ocrx_word' id='word_1_245' title='bbox 857 2570 988 2610; x_wconf 89' lang='lat' dir='ltr'><strong>cum</strong></span> <span class='ocrx_word' id='word_1_246' title='bbox 1019 2555 1253 2611; x_wconf 91' lang='lat' dir='ltr'><strong>Daniele</strong></span> <span class='ocrx_word' id='word_1_247' title='bbox 1285 2555 1558 2624; x_wconf 82' lang='lat' dir='ltr'><strong>propheta</strong></span> <span class='ocrx_word' id='word_1_248' title='bbox 1587 2567 1808 2623; x_wconf 86' lang='lat' dir='ltr'><strong>semper</strong></span> <span class='ocrx_word' id='word_1_249' title='bbox 1837 2567 1979 2609; x_wconf 78' lang='lat' dir='ltr'><strong>nova</strong></span> <span class='ocrx_word' id='word_1_250' title='bbox 2007 2553 2079 2608; x_wconf 90' lang='lat' dir='ltr'><strong>de</strong></span> 
     </span>
    </p>
   </div>
   <div class='ocr_carea' id='block_1_35' title="bbox 431 2643 2079 2714">
    <p class='ocr_par' dir='ltr' id='par_1_35' title="bbox 431 2643 2079 2714">
     <span class='ocr_line' id='line_1_35' title="bbox 431 2643 2079 2714; baseline -0.001 -15"><span class='ocrx_word' id='word_1_251' title='bbox 431 2644 650 2700; x_wconf 90' lang='lat' dir='ltr'><strong>abditis</strong></span> <span class='ocrx_word' id='word_1_252' title='bbox 689 2643 959 2714; x_wconf 85' lang='lat' dir='ltr'><strong>indagare</strong></span> <span class='ocrx_word' id='word_1_253' title='bbox 1001 2643 1294 2699; x_wconf 65' lang='lat' dir='ltr'><strong>curiosius</strong></span> <span class='ocrx_word' id='word_1_254' title='bbox 1331 2656 1520 2713; x_wconf 91' lang='lat' dir='ltr'><strong>cerno,</strong></span> <span class='ocrx_word' id='word_1_255' title='bbox 1559 2647 1748 2698; x_wconf 86' lang='lat' dir='ltr'><strong>arctor</strong></span> <span class='ocrx_word' id='word_1_256' title='bbox 1785 2643 1980 2710; x_wconf 90' lang='lat' dir='ltr'><strong>nimis,</strong></span> <span class='ocrx_word' id='word_1_257' title='bbox 2023 2648 2079 2698; x_wconf 90' lang='lat' dir='ltr'><strong>et</strong></span> 
     </span>
    </p>
   </div>
   <div class='ocr_carea' id='block_1_36' title="bbox 438 2731 2080 2802">
    <p class='ocr_par' dir='ltr' id='par_1_36' title="bbox 438 2731 2080 2802">
     <span class='ocr_line' id='line_1_36' title="bbox 438 2731 2080 2802; baseline -0.001 -14"><span class='ocrx_word' id='word_1_258' title='bbox 438 2731 734 2790; x_wconf 89' lang='lat' dir='ltr'><strong>immensis</strong></span> <span class='ocrx_word' id='word_1_259' title='bbox 764 2732 1213 2802; x_wconf 56' lang='lat' dir='ltr'><strong>circumqua&#39;lue</strong></span> <span class='ocrx_word' id='word_1_260' title='bbox 1243 2735 1438 2802; x_wconf 78' lang='lat' dir='ltr'><strong>sepius</strong></span> <span class='ocrx_word' id='word_1_261' title='bbox 1468 2731 1775 2802; x_wconf 86' lang='lat' dir='ltr'><strong>angustiis,</strong></span> <span class='ocrx_word' id='word_1_262' title='bbox 1809 2731 1946 2802; x_wconf 83' lang='lat' dir='ltr'><strong>quid</strong></span> <span class='ocrx_word' id='word_1_263' title='bbox 1979 2731 2080 2787; x_wconf 90' lang='lat' dir='ltr'><strong>eli-</strong></span> 
     </span>
    </p>
   </div>
   <div class='ocr_carea' id='block_1_37' title="bbox 431 2820 2078 2894">
    <p class='ocr_par' dir='ltr' id='par_1_37' title="bbox 431 2820 2078 2894">
     <span class='ocr_line' id='line_1_37' title="bbox 431 2820 2078 2894; baseline 0 -18"><span class='ocrx_word' id='word_1_264' title='bbox 431 2835 555 2894; x_wconf 89' lang='lat' dir='ltr'><strong>gam</strong></span> <span class='ocrx_word' id='word_1_265' title='bbox 604 2821 834 2891; x_wconf 89' lang='lat' dir='ltr'><strong>penitus</strong></span> <span class='ocrx_word' id='word_1_266' title='bbox 875 2821 1165 2892; x_wconf 82' lang='lat' dir='ltr'><strong>ignorans,</strong></span> <span class='ocrx_word' id='word_1_267' title='bbox 1207 2821 1459 2890; x_wconf 64' lang='lat' dir='ltr'><strong>primum</strong></span> <span class='ocrx_word' id='word_1_268' title='bbox 1499 2820 1809 2890; x_wconf 84' lang='lat' dir='ltr'><strong>oppilatam</strong></span> <span class='ocrx_word' id='word_1_269' title='bbox 1861 2821 2078 2890; x_wconf 90' lang='lat' dir='ltr'><strong>pudore</strong></span> 
     </span>
    </p>
   </div>
   <div class='ocr_carea' id='block_1_38' title="bbox 425 2909 2077 2981">
    <p class='ocr_par' dir='ltr' id='par_1_38' title="bbox 425 2909 2077 2981">
     <span class='ocr_line' id='line_1_38' title="bbox 425 2909 2077 2981; baseline 0 -15"><span class='ocrx_word' id='word_1_270' title='bbox 425 2911 638 2966; x_wconf 90' lang='lat' dir='ltr'><strong>mentis</strong></span> <span class='ocrx_word' id='word_1_271' title='bbox 667 2909 870 2966; x_wconf 87' lang='lat' dir='ltr'><strong>faciem</strong></span> <span class='ocrx_word' id='word_1_272' title='bbox 903 2909 1163 2979; x_wconf 84' lang='lat' dir='ltr'><strong>obfirmo,</strong></span> <span class='ocrx_word' id='word_1_273' title='bbox 1197 2909 1470 2981; x_wconf 89' lang='lat' dir='ltr'><strong>quoniam</strong></span> <span class='ocrx_word' id='word_1_274' title='bbox 1504 2909 1806 2981; x_wconf 87' lang='lat' dir='ltr'><strong>indignum</strong></span> <span class='ocrx_word' id='word_1_275' title='bbox 1839 2924 1925 2965; x_wconf 91' lang='lat' dir='ltr'><strong>me</strong></span> <span class='ocrx_word' id='word_1_276' title='bbox 1953 2924 2077 2966; x_wconf 91' lang='lat' dir='ltr'><strong>esse</strong></span> 
     </span>
    </p>
   </div>
   <div class='ocr_carea' id='block_1_39' title="bbox 423 2997 2078 3071">
    <p class='ocr_par' dir='ltr' id='par_1_39' title="bbox 423 2997 2078 3071">
     <span class='ocr_line' id='line_1_39' title="bbox 423 2997 2078 3071; baseline 0 -17"><span class='ocrx_word' id='word_1_277' title='bbox 423 3012 538 3055; x_wconf 93' lang='lat' dir='ltr'><strong>non</strong></span> <span class='ocrx_word' id='word_1_278' title='bbox 567 2997 832 3071; x_wconf 86' lang='lat' dir='ltr'><strong>ambigo:</strong></span> <span class='ocrx_word' id='word_1_279' title='bbox 867 2998 1005 3053; x_wconf 90' lang='lat' dir='ltr'><strong>dein</strong></span> <span class='ocrx_word' id='word_1_280' title='bbox 1045 2998 1385 3054; x_wconf 75' lang='lat' dir='ltr'><strong>obedientize</strong></span> <span class='ocrx_word' id='word_1_281' title='bbox 1417 3011 1669 3053; x_wconf 87' lang='lat' dir='ltr'><strong>normam</strong></span> <span class='ocrx_word' id='word_1_282' title='bbox 1703 2997 1943 3068; x_wconf 89' lang='lat' dir='ltr'><strong>primam</strong></span> <span class='ocrx_word' id='word_1_283' title='bbox 1977 2998 2078 3054; x_wconf 91' lang='lat' dir='ltr'><strong>hu-</strong></span> 
     </span>
    </p>
   </div>
   <div class='ocr_carea' id='block_1_40' title="bbox 423 3085 2076 3156">
    <p class='ocr_par' dir='ltr' id='par_1_40' title="bbox 423 3085 2076 3156">
     <span class='ocr_line' id='line_1_40' title="bbox 423 3085 2076 3156; baseline 0 -14"><span class='ocrx_word' id='word_1_284' title='bbox 423 3085 693 3142; x_wconf 86' lang='lat' dir='ltr'><strong>militatis</strong></span> <span class='ocrx_word' id='word_1_285' title='bbox 713 3086 1003 3156; x_wconf 87' lang='lat' dir='ltr'><strong>aspiciens</strong></span> <span class='ocrx_word' id='word_1_286' title='bbox 1027 3085 1288 3156; x_wconf 87' lang='lat' dir='ltr'><strong>formam,</strong></span> <span class='ocrx_word' id='word_1_287' title='bbox 1309 3085 1356 3142; x_wconf 90' lang='lat' dir='ltr'><strong>si</strong></span> <span class='ocrx_word' id='word_1_288' title='bbox 1375 3086 1632 3156; x_wconf 77' lang='lat' dir='ltr'><strong>iubentis</strong></span> <span class='ocrx_word' id='word_1_289' title='bbox 1655 3087 1808 3142; x_wconf 86' lang='lat' dir='ltr'><strong>dicta</strong></span> <span class='ocrx_word' id='word_1_290' title='bbox 1831 3087 2076 3156; x_wconf 89' lang='lat' dir='ltr'><strong>superba</strong></span> 
     </span>
    </p>
   </div>
   <div class='ocr_carea' id='block_1_41' title="bbox 419 3175 2074 3247">
    <p class='ocr_par' dir='ltr' id='par_1_41' title="bbox 419 3175 2074 3247">
     <span class='ocr_line' id='line_1_41' title="bbox 419 3175 2074 3247; baseline 0 -17"><span class='ocrx_word' id='word_1_291' title='bbox 419 3187 558 3230; x_wconf 89' lang='lat' dir='ltr'><strong>aure</strong></span> <span class='ocrx_word' id='word_1_292' title='bbox 602 3181 982 3246; x_wconf 88' lang='lat' dir='ltr'><strong>contemnam,</strong></span> <span class='ocrx_word' id='word_1_293' title='bbox 1029 3175 1202 3231; x_wconf 88' lang='lat' dir='ltr'><strong>timeo</strong></span> <span class='ocrx_word' id='word_1_294' title='bbox 1248 3189 1317 3230; x_wconf 92' lang='lat' dir='ltr'><strong>ne</strong></span> <span class='ocrx_word' id='word_1_295' title='bbox 1361 3175 1538 3247; x_wconf 84' lang='lat' dir='ltr'><strong>legem</strong></span> <span class='ocrx_word' id='word_1_296' title='bbox 1586 3175 2074 3245; x_wconf 66' lang='lat' dir='ltr'><strong>praevaricationis</strong></span> 
     </span>
    </p>
   </div>
   <div class='ocr_carea' id='block_1_42' title="bbox 421 3263 2074 3336">
    <p class='ocr_par' dir='ltr' id='par_1_42' title="bbox 421 3263 2074 3336">
     <span class='ocr_line' id='line_1_42' title="bbox 421 3263 2074 3336; baseline 0 -18"><span class='ocrx_word' id='word_1_297' title='bbox 421 3263 718 3320; x_wconf 87' lang='lat' dir='ltr'><strong>incurram</strong></span> <span class='ocrx_word' id='word_1_298' title='bbox 747 3270 868 3321; x_wconf 89' lang='lat' dir='ltr'><strong>tum</strong></span> <span class='ocrx_word' id='word_1_299' title='bbox 899 3265 970 3320; x_wconf 91' lang='lat' dir='ltr'><strong>ad</strong></span> <span class='ocrx_word' id='word_1_300' title='bbox 1004 3270 1209 3320; x_wconf 87' lang='lat' dir='ltr'><strong>memet</strong></span> <span class='ocrx_word' id='word_1_301' title='bbox 1237 3263 1460 3320; x_wconf 90' lang='lat' dir='ltr'><strong>clavum</strong></span> <span class='ocrx_word' id='word_1_302' title='bbox 1492 3269 1852 3336; x_wconf 58' lang='lat' dir='ltr'><strong>reti-rquens,</strong></span> <span class='ocrx_word' id='word_1_303' title='bbox 1887 3263 2074 3334; x_wconf 87' lang='lat' dir='ltr'><strong>impe—</strong></span> 
     </span>
    </p>
   </div>
   <div class='ocr_carea' id='block_1_43' title="bbox 2189 2457 3846 2532">
    <p class='ocr_par' dir='ltr' id='par_1_43' title="bbox 2189 2457 3846 2532">
     <span class='ocr_line' id='line_1_43' title="bbox 2189 2457 3846 2532; baseline -0.002 -16"><span class='ocrx_word' id='word_1_304' title='bbox 2189 2461 2300 2532; x_wconf 90' lang='lat' dir='ltr'><strong>nis,</strong></span> <span class='ocrx_word' id='word_1_305' title='bbox 2362 2465 2439 2517; x_wconf 87' lang='lat' dir='ltr'><strong>ut.</strong></span> <span class='ocrx_word' id='word_1_306' title='bbox 2477 2459 2669 2516; x_wconf 88' lang='lat' dir='ltr'><strong>verbis</strong></span> <span class='ocrx_word' id='word_1_307' title='bbox 2725 2459 3137 2515; x_wconf 82' lang='lat' dir='ltr'><strong>Salomoniacis</strong></span> <span class='ocrx_word' id='word_1_308' title='bbox 3191 2459 3420 2530; x_wconf 89' lang='lat' dir='ltr'><strong>loquar,</strong></span> <span class='ocrx_word' id='word_1_309' title='bbox 3479 2457 3846 2530; x_wconf 82' lang='lat' dir='ltr'><strong>frequentiva</strong></span> 
     </span>
    </p>
   </div>
   <div class='ocr_carea' id='block_1_44' title="bbox 2189 2547 3842 2618">
    <p class='ocr_par' dir='ltr' id='par_1_44' title="bbox 2189 2547 3842 2618">
     <span class='ocr_line' id='line_1_44' title="bbox 2189 2547 3842 2618; baseline -0.001 -14"><span class='ocrx_word' id='word_1_310' title='bbox 2189 2549 2486 2604; x_wconf 88' lang='lat' dir='ltr'><strong>meditatio</strong></span> <span class='ocrx_word' id='word_1_311' title='bbox 2513 2548 2722 2603; x_wconf 87' lang='lat' dir='ltr'><strong>mentis</strong></span> <span class='ocrx_word' id='word_1_312' title='bbox 2755 2561 2886 2602; x_wconf 68' lang='lat' dir='ltr'><strong>meae</strong></span> <span class='ocrx_word' id='word_1_313' title='bbox 2915 2553 3002 2602; x_wconf 90' lang='lat' dir='ltr'><strong>est</strong></span> <span class='ocrx_word' id='word_1_314' title='bbox 3023 2547 3260 2604; x_wconf 82' lang='lat' dir='ltr'><strong>aﬂlictio</strong></span> <span class='ocrx_word' id='word_1_315' title='bbox 3289 2549 3484 2604; x_wconf 90' lang='lat' dir='ltr'><strong>carnis</strong></span> <span class='ocrx_word' id='word_1_316' title='bbox 3510 2547 3699 2618; x_wconf 83' lang='lat' dir='ltr'><strong>(Eccli.</strong></span> <span class='ocrx_word' id='word_1_317' title='bbox 3729 2561 3842 2616; x_wconf 79' lang='lat' dir='ltr'><strong>xu,</strong></span> 
     </span>
    </p>
   </div>
   <div class='ocr_carea' id='block_1_45' title="bbox 2190 2634 3848 2709">
    <p class='ocr_par' dir='ltr' id='par_1_45' title="bbox 2190 2634 3848 2709">
     <span class='ocr_line' id='line_1_45' title="bbox 2190 2634 3848 2709; baseline -0.001 -17"><span class='ocrx_word' id='word_1_318' title='bbox 2190 2634 2291 2709; x_wconf 72' lang='grc'><strong>42).</strong></span> <span class='ocrx_word' id='word_1_319' title='bbox 2327 2637 2608 2706; x_wconf 72' lang='lat' dir='ltr'><strong>Quocirca</strong></span> <span class='ocrx_word' id='word_1_320' title='bbox 2641 2635 2710 2690; x_wconf 86' lang='lat' dir='ltr'><strong>ad</strong></span> <span class='ocrx_word' id='word_1_321' title='bbox 2747 2649 2933 2691; x_wconf 91' lang='lat' dir='ltr'><strong>arcem</strong></span> <span class='ocrx_word' id='word_1_322' title='bbox 2972 2635 3330 2708; x_wconf 83' lang='lat' dir='ltr'><strong>confugiens,</strong></span> <span class='ocrx_word' id='word_1_323' title='bbox 3371 2636 3464 2692; x_wconf 91' lang='lat' dir='ltr'><strong>his</strong></span> <span class='ocrx_word' id='word_1_324' title='bbox 3499 2635 3691 2692; x_wconf 86' lang='lat' dir='ltr'><strong>verbis</strong></span> <span class='ocrx_word' id='word_1_325' title='bbox 3731 2635 3848 2691; x_wconf 87' lang='lat' dir='ltr'><strong>cla-</strong></span> 
     </span>
    </p>
   </div>
   <div class='ocr_carea' id='block_1_46' title="bbox 2188 2724 3850 2796">
    <p class='ocr_par' dir='ltr' id='par_1_46' title="bbox 2188 2724 3850 2796">
     <span class='ocr_line' id='line_1_46' title="bbox 2188 2724 3850 2796; baseline -0.001 -16"><span class='ocrx_word' id='word_1_326' title='bbox 2188 2725 2351 2782; x_wconf 90' lang='lat' dir='ltr'><strong>mabo</strong></span> <span class='ocrx_word' id='word_1_327' title='bbox 2385 2726 2453 2781; x_wconf 89' lang='lat' dir='ltr'><strong>ad</strong></span> <span class='ocrx_word' id='word_1_328' title='bbox 2486 2725 2828 2780; x_wconf 90' lang='lat' dir='ltr'><strong>Dominum:</strong></span> <span class='ocrx_word' id='word_1_329' title='bbox 2866 2724 3125 2794; x_wconf 89' lang='lat' dir='ltr'><strong>Domine,</strong></span> <span class='ocrx_word' id='word_1_330' title='bbox 3162 2725 3316 2779; x_wconf 84' lang='lat' dir='ltr'><strong>labia</strong></span> <span class='ocrx_word' id='word_1_331' title='bbox 3352 2738 3472 2780; x_wconf 89' lang='lat' dir='ltr'><strong>mea</strong></span> <span class='ocrx_word' id='word_1_332' title='bbox 3506 2726 3751 2796; x_wconf 87' lang='lat' dir='ltr'><strong>aperies,</strong></span> <span class='ocrx_word' id='word_1_333' title='bbox 3790 2729 3850 2779; x_wconf 88' lang='lat' dir='ltr'><strong>et</strong></span> 
     </span>
    </p>
   </div>
   <div class='ocr_carea' id='block_1_47' title="bbox 2185 2813 3847 2884">
    <p class='ocr_par' dir='ltr' id='par_1_47' title="bbox 2185 2813 3847 2884">
     <span class='ocr_line' id='line_1_47' title="bbox 2185 2813 3847 2884; baseline -0.002 -12"><span class='ocrx_word' id='word_1_334' title='bbox 2185 2829 2251 2872; x_wconf 76' lang='lat' dir='ltr'><strong>os</strong></span> <span class='ocrx_word' id='word_1_335' title='bbox 2289 2829 2474 2870; x_wconf 91' lang='lat' dir='ltr'><strong>meum</strong></span> <span class='ocrx_word' id='word_1_336' title='bbox 2505 2813 2877 2870; x_wconf 86' lang='lat' dir='ltr'><strong>annuntiabit</strong></span> <span class='ocrx_word' id='word_1_337' title='bbox 2919 2813 3142 2869; x_wconf 88' lang='lat' dir='ltr'><strong>laudem</strong></span> <span class='ocrx_word' id='word_1_338' title='bbox 3183 2817 3337 2870; x_wconf 86' lang='lat' dir='ltr'><strong>tuam</strong></span> <span class='ocrx_word' id='word_1_339' title='bbox 3367 2831 3382 2884; x_wconf 82' lang='lat'><strong>;</strong></span> <span class='ocrx_word' id='word_1_340' title='bbox 3417 2819 3481 2869; x_wconf 87' lang='lat' dir='ltr'><strong>ut</strong></span> <span class='ocrx_word' id='word_1_341' title='bbox 3515 2813 3642 2884; x_wconf 88' lang='lat' dir='ltr'><strong>ipso</strong></span> <span class='ocrx_word' id='word_1_342' title='bbox 3679 2813 3847 2882; x_wconf 83' lang='lat' dir='ltr'><strong>adju-</strong></span> 
     </span>
    </p>
   </div>
   <div class='ocr_carea' id='block_1_48' title="bbox 2182 2902 3850 2975">
    <p class='ocr_par' dir='ltr' id='par_1_48' title="bbox 2182 2902 3850 2975">
     <span class='ocr_line' id='line_1_48' title="bbox 2182 2902 3850 2975; baseline -0.002 -15"><span class='ocrx_word' id='word_1_343' title='bbox 2182 2911 2368 2975; x_wconf 90' lang='lat' dir='ltr'><strong>vante,</strong></span> <span class='ocrx_word' id='word_1_344' title='bbox 2394 2905 2564 2974; x_wconf 87' lang='lat' dir='ltr'><strong>cujus</strong></span> <span class='ocrx_word' id='word_1_345' title='bbox 2590 2917 2716 2959; x_wconf 90' lang='lat' dir='ltr'><strong>sum</strong></span> <span class='ocrx_word' id='word_1_346' title='bbox 2744 2902 2873 2958; x_wconf 80' lang='lat' dir='ltr'><strong>licet</strong></span> <span class='ocrx_word' id='word_1_347' title='bbox 2896 2902 3092 2958; x_wconf 89' lang='lat' dir='ltr'><strong>labilis</strong></span> <span class='ocrx_word' id='word_1_348' title='bbox 3117 2903 3311 2958; x_wconf 89' lang='lat' dir='ltr'><strong>carnis</strong></span> <span class='ocrx_word' id='word_1_349' title='bbox 3331 2902 3611 2972; x_wconf 89' lang='lat' dir='ltr'><strong>conditio,</strong></span> <span class='ocrx_word' id='word_1_350' title='bbox 3630 2903 3850 2972; x_wconf 84' lang='lat' dir='ltr'><strong>jussio-</strong></span> 
     </span>
    </p>
   </div>
   <div class='ocr_carea' id='block_1_49' title="bbox 2185 2991 3848 3064">
    <p class='ocr_par' dir='ltr' id='par_1_49' title="bbox 2185 2991 3848 3064">
     <span class='ocr_line' id='line_1_49' title="bbox 2185 2991 3848 3064; baseline -0.002 -15"><span class='ocrx_word' id='word_1_351' title='bbox 2185 2993 2280 3050; x_wconf 92' lang='lat' dir='ltr'><strong>nis</strong></span> <span class='ocrx_word' id='word_1_352' title='bbox 2322 3000 2435 3048; x_wconf 68' lang='lat' dir='ltr'><strong>tum</strong></span> <span class='ocrx_word' id='word_1_353' title='bbox 2485 2992 2841 3062; x_wconf 88' lang='lat' dir='ltr'><strong>persolvatur</strong></span> <span class='ocrx_word' id='word_1_354' title='bbox 2891 2991 3132 3048; x_wconf 85' lang='lat' dir='ltr'><strong>exactio.</strong></span> <span class='ocrx_word' id='word_1_355' title='bbox 3179 2991 3521 3048; x_wconf 88' lang='lat' dir='ltr'><strong>Commendo</strong></span> <span class='ocrx_word' id='word_1_356' title='bbox 3567 3005 3702 3064; x_wconf 84' lang='lat' dir='ltr'><strong>ergo</strong></span> <span class='ocrx_word' id='word_1_357' title='bbox 3755 3005 3848 3046; x_wconf 90' lang='lat' dir='ltr'><strong>me</strong></span> 
     </span>
    </p>
   </div>
   <div class='ocr_carea' id='block_1_50' title="bbox 2189 3080 3845 3153">
    <p class='ocr_par' dir='ltr' id='par_1_50' title="bbox 2189 3080 3845 3153">
     <span class='ocr_line' id='line_1_50' title="bbox 2189 3080 3845 3153; baseline -0.001 -15"><span class='ocrx_word' id='word_1_358' title='bbox 2189 3083 2398 3139; x_wconf 89' lang='lat' dir='ltr'><strong>iterum</strong></span> <span class='ocrx_word' id='word_1_359' title='bbox 2427 3088 2598 3152; x_wconf 67' lang='lat' dir='ltr'><strong>atque</strong></span> <span class='ocrx_word' id='word_1_360' title='bbox 2625 3082 2833 3137; x_wconf 90' lang='lat' dir='ltr'><strong>iterum</strong></span> <span class='ocrx_word' id='word_1_361' title='bbox 2866 3080 3090 3137; x_wconf 90' lang='lat' dir='ltr'><strong>meritis</strong></span> <span class='ocrx_word' id='word_1_362' title='bbox 3115 3081 3363 3153; x_wconf 88' lang='lat' dir='ltr'><strong>virginis</strong></span> <span class='ocrx_word' id='word_1_363' title='bbox 3390 3087 3446 3137; x_wconf 89' lang='lat' dir='ltr'><strong>et</strong></span> <span class='ocrx_word' id='word_1_364' title='bbox 3475 3081 3616 3152; x_wconf 88' lang='lat' dir='ltr'><strong>tuis,</strong></span> <span class='ocrx_word' id='word_1_365' title='bbox 3653 3083 3845 3150; x_wconf 80' lang='lat' dir='ltr'><strong>Pater,</strong></span> 
     </span>
    </p>
   </div>
   <div class='ocr_carea' id='block_1_51' title="bbox 2185 3169 3850 3243">
    <p class='ocr_par' dir='ltr' id='par_1_51' title="bbox 2185 3169 3850 3243">
     <span class='ocr_line' id='line_1_51' title="bbox 2185 3169 3850 3243; baseline -0.002 -15"><span class='ocrx_word' id='word_1_366' title='bbox 2185 3171 2452 3243; x_wconf 90' lang='lat' dir='ltr'><strong>precibus</strong></span> <span class='ocrx_word' id='word_1_367' title='bbox 2487 3169 2812 3242; x_wconf 84' lang='lat' dir='ltr'><strong>indefessis,</strong></span> <span class='ocrx_word' id='word_1_368' title='bbox 2849 3184 2964 3242; x_wconf 87' lang='lat' dir='ltr'><strong>quo</strong></span> <span class='ocrx_word' id='word_1_369' title='bbox 3001 3170 3144 3226; x_wconf 91' lang='lat' dir='ltr'><strong>mihi</strong></span> <span class='ocrx_word' id='word_1_370' title='bbox 3175 3170 3349 3226; x_wconf 90' lang='lat' dir='ltr'><strong>eundi</strong></span> <span class='ocrx_word' id='word_1_371' title='bbox 3391 3171 3698 3241; x_wconf 83' lang='lat' dir='ltr'><strong>impetrent</strong></span> <span class='ocrx_word' id='word_1_372' title='bbox 3729 3169 3850 3226; x_wconf 58' lang='lat' dir='ltr'><strong>cal-</strong></span> 
     </span>
    </p>
   </div>
   <div class='ocr_carea' id='block_1_52' title="bbox 2183 3258 3552 3334">
    <p class='ocr_par' dir='ltr' id='par_1_52' title="bbox 2183 3258 3552 3334">
     <span class='ocr_line' id='line_1_52' title="bbox 2183 3258 3552 3334; baseline -0.001 -18"><span class='ocrx_word' id='word_1_373' title='bbox 2183 3261 2315 3334; x_wconf 89' lang='lat' dir='ltr'><strong>lem,</strong></span> <span class='ocrx_word' id='word_1_374' title='bbox 2355 3265 2412 3317; x_wconf 89' lang='lat' dir='ltr'><strong>et</strong></span> <span class='ocrx_word' id='word_1_375' title='bbox 2439 3258 2596 3316; x_wconf 88' lang='lat' dir='ltr'><strong>felici</strong></span> <span class='ocrx_word' id='word_1_376' title='bbox 2633 3260 2840 3316; x_wconf 88' lang='lat' dir='ltr'><strong>itinere</strong></span> <span class='ocrx_word' id='word_1_377' title='bbox 2880 3261 3194 3330; x_wconf 86' lang='lat' dir='ltr'><strong>perducant</strong></span> <span class='ocrx_word' id='word_1_378' title='bbox 3221 3259 3290 3316; x_wconf 90' lang='lat' dir='ltr'><strong>ad</strong></span> <span class='ocrx_word' id='word_1_379' title='bbox 3317 3259 3552 3316; x_wconf 87' lang='lat' dir='ltr'><strong>calcem.</strong></span> 
     </span>
    </p>
   </div>
   <div class='ocr_carea' id='block_1_53' title="bbox 1962 3415 2304 3428">
    <p class='ocr_par' dir='ltr' id='par_1_53' title="bbox 1962 3415 2304 3428">
     <span class='ocr_line' id='line_1_53' title="bbox 1962 3415 2304 3428; baseline 0 -4"><span class='ocrx_word' id='word_1_380' title='bbox 1962 3415 2304 3428; x_wconf 72' lang='lat'><strong>___—.—.</strong></span> 
     </span>
    </p>
   </div>
   <div class='ocr_carea' id='block_1_54' title="bbox 1751 3484 2502 3542">
    <p class='ocr_par' dir='ltr' id='par_1_54' title="bbox 1751 3484 2502 3542">
     <span class='ocr_line' id='line_1_54' title="bbox 1751 3484 2502 3542; baseline -0.005 0"><span class='ocrx_word' id='word_1_381' title='bbox 1751 3485 2099 3542; x_wconf 86' lang='lat' dir='ltr'><strong>INCIPIUNT</strong></span> <span class='ocrx_word' id='word_1_382' title='bbox 2147 3484 2502 3540; x_wconf 80' lang='lat' dir='ltr'><strong>CAPITULA.</strong></span> 
     </span>
    </p>
   </div>
   <div class='ocr_carea' id='block_1_55' title="bbox 420 3602 1646 3673">
    <p class='ocr_par' dir='ltr' id='par_1_55' title="bbox 420 3602 1646 3673">
     <span class='ocr_line' id='line_1_55' title="bbox 420 3602 1646 3673; baseline -0.004 -12"><span class='ocrx_word' id='word_1_383' title='bbox 420 3605 464 3662; x_wconf 91' lang='grc' dir='ltr'><strong>Ι.</strong></span> <span class='ocrx_word' id='word_1_384' title='bbox 612 3607 689 3660; x_wconf 87' lang='lat' dir='ltr'><strong>De</strong></span> <span class='ocrx_word' id='word_1_385' title='bbox 717 3606 926 3673; x_wconf 82' lang='lat' dir='ltr'><strong>origine</strong></span> <span class='ocrx_word' id='word_1_386' title='bbox 951 3605 1008 3660; x_wconf 90' lang='lat' dir='ltr'><strong>S.</strong></span> <span class='ocrx_word' id='word_1_387' title='bbox 1048 3603 1366 3673; x_wconf 86' lang='lat' dir='ltr'><strong>Walpurgis</strong></span> <span class='ocrx_word' id='word_1_388' title='bbox 1394 3602 1646 3669; x_wconf 82' lang='lat' dir='ltr'><strong>virginis.</strong></span> 
     </span>
    </p>
   </div>
   <div class='ocr_carea' id='block_1_56' title="bbox 418 3689 2072 3761">
    <p class='ocr_par' dir='ltr' id='par_1_56' title="bbox 418 3689 2072 3761">
     <span class='ocr_line' id='line_1_56' title="bbox 418 3689 2072 3761; baseline -0.005 -12"><span class='ocrx_word' id='word_1_389' title='bbox 418 3696 482 3750; x_wconf 85' lang='lat' dir='ltr'><strong>II.</strong></span> <span class='ocrx_word' id='word_1_390' title='bbox 538 3729 572 3758; x_wconf 73' lang='grc' dir='ltr'><strong><em>ο</em></strong></span> <span class='ocrx_word' id='word_1_391' title='bbox 615 3694 861 3760; x_wconf 80' lang='lat' dir='ltr'><strong>Qualiter</strong></span> <span class='ocrx_word' id='word_1_392' title='bbox 880 3695 941 3746; x_wconf 91' lang='lat' dir='ltr'><strong>B.</strong></span> <span class='ocrx_word' id='word_1_393' title='bbox 973 3692 1291 3761; x_wconf 86' lang='lat' dir='ltr'><strong>Walpurgis</strong></span> <span class='ocrx_word' id='word_1_394' title='bbox 1310 3695 1438 3759; x_wconf 85' lang='lat' dir='ltr'><strong>post</strong></span> <span class='ocrx_word' id='word_1_395' title='bbox 1460 3689 1665 3744; x_wconf 88' lang='lat' dir='ltr'><strong>obitum</strong></span> <span class='ocrx_word' id='word_1_396' title='bbox 1686 3691 1929 3756; x_wconf 85' lang='lat' dir='ltr'><strong>fratrum</strong></span> <span class='ocrx_word' id='word_1_397' title='bbox 1951 3701 2072 3741; x_wconf 89' lang='lat' dir='ltr'><strong>suo-</strong></span> 
     </span>
    </p>
   </div>
   <div class='ocr_carea' id='block_1_57' title="bbox 701 3781 1460 3845">
    <p class='ocr_par' dir='ltr' id='par_1_57' title="bbox 701 3781 1460 3845">
     <span class='ocr_line' id='line_1_57' title="bbox 701 3781 1460 3845; baseline -0.003 -11"><span class='ocrx_word' id='word_1_398' title='bbox 701 3797 826 3835; x_wconf 97' lang='lat' dir='ltr'><strong>rum</strong></span> <span class='ocrx_word' id='word_1_399' title='bbox 861 3781 1142 3834; x_wconf 73' lang='lat' dir='ltr'><strong>abbatissa</strong></span> <span class='ocrx_word' id='word_1_400' title='bbox 1181 3781 1335 3845; x_wconf 82' lang='lat' dir='ltr'><strong>facta</strong></span> <span class='ocrx_word' id='word_1_401' title='bbox 1363 3783 1460 3832; x_wconf 84' lang='lat' dir='ltr'><strong>est.</strong></span> 
     </span>
    </p>
   </div>
   <div class='ocr_carea' id='block_1_58' title="bbox 415 3865 2074 3926">
    <p class='ocr_par' dir='ltr' id='par_1_58' title="bbox 415 3865 2074 3926">
     <span class='ocr_line' id='line_1_58' title="bbox 415 3865 2074 3926; baseline -0.004 0"><span class='ocrx_word' id='word_1_402' title='bbox 415 3871 508 3926; x_wconf 88' lang='lat' dir='ltr'><strong>III.</strong></span> <span class='ocrx_word' id='word_1_403' title='bbox 617 3871 694 3924; x_wconf 86' lang='lat' dir='ltr'><strong>De</strong></span> <span class='ocrx_word' id='word_1_404' title='bbox 718 3885 777 3924; x_wconf 88' lang='lat' dir='ltr'><strong>eo</strong></span> <span class='ocrx_word' id='word_1_405' title='bbox 805 3869 902 3922; x_wconf 87' lang='lat' dir='ltr'><strong>ubi</strong></span> <span class='ocrx_word' id='word_1_406' title='bbox 927 3869 1027 3920; x_wconf 77' lang='lat' dir='ltr'><strong>tua:</strong></span> <span class='ocrx_word' id='word_1_407' title='bbox 1055 3867 1280 3921; x_wconf 73' lang='lat' dir='ltr'><strong>cazlestis</strong></span> <span class='ocrx_word' id='word_1_408' title='bbox 1305 3867 1522 3920; x_wconf 80' lang='lat' dir='ltr'><strong>emicuit</strong></span> <span class='ocrx_word' id='word_1_409' title='bbox 1545 3867 1605 3920; x_wconf 88' lang='lat' dir='ltr'><strong>in</strong></span> <span class='ocrx_word' id='word_1_410' title='bbox 1635 3865 1932 3920; x_wconf 78' lang='lat' dir='ltr'><strong>diversorio</strong></span> <span class='ocrx_word' id='word_1_411' title='bbox 1959 3866 2074 3920; x_wconf 88' lang='lat' dir='ltr'><strong>vir-</strong></span> 
     </span>
    </p>
   </div>
   <div class='ocr_carea' id='block_1_59' title="bbox 699 3959 906 4025">
    <p class='ocr_par' dir='ltr' id='par_1_59' title="bbox 699 3959 906 4025">
     <span class='ocr_line' id='line_1_59' title="bbox 699 3959 906 4025; baseline -0.005 -14"><span class='ocrx_word' id='word_1_412' title='bbox 699 3959 906 4025; x_wconf 84' lang='lat' dir='ltr'><strong>ginum.</strong></span> 
     </span>
    </p>
   </div>
   <div class='ocr_carea' id='block_1_60' title="bbox 417 4043 2071 4114">
    <p class='ocr_par' dir='ltr' id='par_1_60' title="bbox 417 4043 2071 4114">
     <span class='ocr_line' id='line_1_60' title="bbox 417 4043 2071 4114; baseline -0.002 -13"><span class='ocrx_word' id='word_1_413' title='bbox 417 4046 510 4101; x_wconf 85' lang='lat' dir='ltr'><strong>IV.</strong></span> <span class='ocrx_word' id='word_1_414' title='bbox 621 4047 700 4100; x_wconf 84' lang='lat' dir='ltr'><strong>De</strong></span> <span class='ocrx_word' id='word_1_415' title='bbox 741 4061 800 4100; x_wconf 88' lang='lat' dir='ltr'><strong>eo</strong></span> <span class='ocrx_word' id='word_1_416' title='bbox 841 4046 938 4100; x_wconf 87' lang='lat' dir='ltr'><strong>ubi</strong></span> <span class='ocrx_word' id='word_1_417' title='bbox 974 4047 1127 4114; x_wconf 87' lang='lat' dir='ltr'><strong>virgo</strong></span> <span class='ocrx_word' id='word_1_418' title='bbox 1175 4045 1378 4100; x_wconf 80' lang='lat' dir='ltr'><strong>Christi</strong></span> <span class='ocrx_word' id='word_1_419' title='bbox 1409 4043 1795 4098; x_wconf 81' lang='lat' dir='ltr'><strong>moribundam</strong></span> <span class='ocrx_word' id='word_1_420' title='bbox 1825 4045 2071 4113; x_wconf 84' lang='lat' dir='ltr'><strong>puellam</strong></span> 
     </span>
    </p>
   </div>
   <div class='ocr_carea' id='block_1_61' title="bbox 699 4135 1314 4204">
    <p class='ocr_par' dir='ltr' id='par_1_61' title="bbox 699 4135 1314 4204">
     <span class='ocr_line' id='line_1_61' title="bbox 699 4135 1314 4204; baseline 0 -16"><span class='ocrx_word' id='word_1_421' title='bbox 699 4135 776 4190; x_wconf 88' lang='lat' dir='ltr'><strong>ad</strong></span> <span class='ocrx_word' id='word_1_422' title='bbox 809 4136 982 4190; x_wconf 86' lang='lat' dir='ltr'><strong>vitam</strong></span> <span class='ocrx_word' id='word_1_423' title='bbox 1016 4135 1314 4204; x_wconf 80' lang='lat' dir='ltr'><strong>reparavit.</strong></span> 
     </span>
    </p>
   </div>
   <div class='ocr_carea' id='block_1_62' title="bbox 413 4221 1672 4294">
    <p class='ocr_par' dir='ltr' id='par_1_62' title="bbox 413 4221 1672 4294">
     <span class='ocr_line' id='line_1_62' title="bbox 413 4221 1672 4294; baseline -0.003 -16"><span class='ocrx_word' id='word_1_424' title='bbox 413 4221 479 4278; x_wconf 76' lang='grc' dir='ltr'><strong>ν.</strong></span> <span class='ocrx_word' id='word_1_425' title='bbox 633 4223 737 4278; x_wconf 89' lang='lat' dir='ltr'><strong>Ubi</strong></span> <span class='ocrx_word' id='word_1_426' title='bbox 769 4223 1094 4294; x_wconf 83' lang='lat' dir='ltr'><strong>Walpurgis</strong></span> <span class='ocrx_word' id='word_1_427' title='bbox 1121 4225 1380 4292; x_wconf 81' lang='lat' dir='ltr'><strong>migravit</strong></span> <span class='ocrx_word' id='word_1_428' title='bbox 1401 4239 1436 4278; x_wconf 89' lang='lat' dir='ltr'><strong>a</strong></span> <span class='ocrx_word' id='word_1_429' title='bbox 1461 4223 1672 4276; x_wconf 73' lang='lat' dir='ltr'><strong>saeculo.</strong></span> 
     </span>
    </p>
   </div>
   <div class='ocr_carea' id='block_1_63' title="bbox 413 4311 1562 4384">
    <p class='ocr_par' dir='ltr' id='par_1_63' title="bbox 413 4311 1562 4384">
     <span class='ocr_line' id='line_1_63' title="bbox 413 4311 1562 4384; baseline -0.003 -17"><span class='ocrx_word' id='word_1_430' title='bbox 413 4311 503 4367; x_wconf 81' lang='lat' dir='ltr'><strong>VI.</strong></span> <span class='ocrx_word' id='word_1_431' title='bbox 633 4313 736 4367; x_wconf 85' lang='lat' dir='ltr'><strong>Ubi</strong></span> <span class='ocrx_word' id='word_1_432' title='bbox 763 4314 1026 4384; x_wconf 86' lang='lat' dir='ltr'><strong>apparuit</strong></span> <span class='ocrx_word' id='word_1_433' title='bbox 1055 4313 1274 4368; x_wconf 87' lang='lat' dir='ltr'><strong>Occario</strong></span> <span class='ocrx_word' id='word_1_434' title='bbox 1299 4313 1562 4382; x_wconf 85' lang='lat' dir='ltr'><strong>episcopo.</strong></span> 
     </span>
    </p>
   </div>
   <div class='ocr_carea' id='block_1_64' title="bbox 413 4399 1456 4471">
    <p class='ocr_par' dir='ltr' id='par_1_64' title="bbox 413 4399 1456 4471">
     <span class='ocr_line' id='line_1_64' title="bbox 413 4399 1456 4471; baseline -0.003 -16"><span class='ocrx_word' id='word_1_435' title='bbox 413 4399 525 4455; x_wconf 83' lang='lat' dir='ltr'><strong>VII.</strong></span> <span class='ocrx_word' id='word_1_436' title='bbox 638 4402 740 4456; x_wconf 88' lang='lat' dir='ltr'><strong>Ubi</strong></span> <span class='ocrx_word' id='word_1_437' title='bbox 765 4405 898 4471; x_wconf 82' lang='lat' dir='ltr'><strong>ﬁnes</strong></span> <span class='ocrx_word' id='word_1_438' title='bbox 926 4403 1260 4456; x_wconf 83' lang='lat' dir='ltr'><strong>Eistatenses</strong></span> <span class='ocrx_word' id='word_1_439' title='bbox 1289 4400 1456 4454; x_wconf 85' lang='lat' dir='ltr'><strong>adiit.</strong></span> 
     </span>
    </p>
   </div>
   <div class='ocr_carea' id='block_1_65' title="bbox 409 4487 1774 4561">
    <p class='ocr_par' dir='ltr' id='par_1_65' title="bbox 409 4487 1774 4561">
     <span class='ocr_line' id='line_1_65' title="bbox 409 4487 1774 4561; baseline -0.005 -15"><span class='ocrx_word' id='word_1_440' title='bbox 409 4491 550 4546; x_wconf 81' lang='lat' dir='ltr'><strong>VIII.</strong></span> <span class='ocrx_word' id='word_1_441' title='bbox 634 4491 738 4545; x_wconf 86' lang='lat' dir='ltr'><strong>Ubi</strong></span> <span class='ocrx_word' id='word_1_442' title='bbox 763 4495 1013 4561; x_wconf 85' lang='lat' dir='ltr'><strong>apertum</strong></span> <span class='ocrx_word' id='word_1_443' title='bbox 1052 4494 1131 4544; x_wconf 87' lang='lat' dir='ltr'><strong>est</strong></span> <span class='ocrx_word' id='word_1_444' title='bbox 1162 4489 1496 4543; x_wconf 86' lang='lat' dir='ltr'><strong>mausoleum</strong></span> <span class='ocrx_word' id='word_1_445' title='bbox 1523 4487 1774 4554; x_wconf 86' lang='lat' dir='ltr'><strong>virginis.</strong></span> 
     </span>
    </p>
   </div>
   <div class='ocr_carea' id='block_1_66' title="bbox 415 4574 2062 4646">
    <p class='ocr_par' dir='ltr' id='par_1_66' title="bbox 415 4574 2062 4646">
     <span class='ocr_line' id='line_1_66' title="bbox 415 4574 2062 4646; baseline -0.004 -13"><span class='ocrx_word' id='word_1_446' title='bbox 415 4577 510 4633; x_wconf 83' lang='lat' dir='ltr'><strong>IX.</strong></span> <span class='ocrx_word' id='word_1_447' title='bbox 623 4581 699 4634; x_wconf 81' lang='lat' dir='ltr'><strong>De</strong></span> <span class='ocrx_word' id='word_1_448' title='bbox 738 4595 796 4634; x_wconf 90' lang='lat' dir='ltr'><strong>eo</strong></span> <span class='ocrx_word' id='word_1_449' title='bbox 835 4580 931 4634; x_wconf 87' lang='lat' dir='ltr'><strong>ubi</strong></span> <span class='ocrx_word' id='word_1_450' title='bbox 963 4579 1202 4632; x_wconf 82' lang='lat' dir='ltr'><strong>caducus</strong></span> <span class='ocrx_word' id='word_1_451' title='bbox 1235 4577 1485 4646; x_wconf 78' lang='lat' dir='ltr'><strong>reliquiis</strong></span> <span class='ocrx_word' id='word_1_452' title='bbox 1526 4576 1760 4645; x_wconf 83' lang='lat' dir='ltr'><strong>virginis</strong></span> <span class='ocrx_word' id='word_1_453' title='bbox 1802 4574 2062 4638; x_wconf 87' lang='lat' dir='ltr'><strong>obviavit,</strong></span> 
     </span>
    </p>
   </div>
   <div class='ocr_carea' id='block_1_67' title="bbox 699 4670 1120 4722">
    <p class='ocr_par' dir='ltr' id='par_1_67' title="bbox 699 4670 1120 4722">
     <span class='ocr_line' id='line_1_67' title="bbox 699 4670 1120 4722; baseline -0.01 0"><span class='ocrx_word' id='word_1_454' title='bbox 699 4671 750 4722; x_wconf 85' lang='lat' dir='ltr'><strong>et</strong></span> <span class='ocrx_word' id='word_1_455' title='bbox 773 4670 996 4722; x_wconf 86' lang='lat' dir='ltr'><strong>curatus</strong></span> <span class='ocrx_word' id='word_1_456' title='bbox 1021 4670 1120 4721; x_wconf 85' lang='lat' dir='ltr'><strong>est.</strong></span> 
     </span>
    </p>
   </div>
   <div class='ocr_carea' id='block_1_68' title="bbox 2098 3598 2255 3662">
    <p class='ocr_par' dir='ltr' id='par_1_68' title="bbox 2098 3598 2255 3662">
     <span class='ocr_line' id='line_1_68' title="bbox 2098 3598 2255 3662; baseline -0.07 0"><span class='ocrx_word' id='word_1_457' title='bbox 2098 3598 2255 3662; x_wconf 87' lang='lat' dir='ltr'><strong>CX.</strong></span> 
     </span>
    </p>
   </div>
   <div class='ocr_carea' id='block_1_69' title="bbox 2367 3599 3048 3653">
    <p class='ocr_par' dir='ltr' id='par_1_69' title="bbox 2367 3599 3048 3653">
     <span class='ocr_line' id='line_1_69' title="bbox 2367 3599 3048 3653; baseline 0 -1"><span class='ocrx_word' id='word_1_458' title='bbox 2367 3601 2444 3652; x_wconf 90' lang='lat' dir='ltr'><strong>De</strong></span> <span class='ocrx_word' id='word_1_459' title='bbox 2473 3599 2582 3653; x_wconf 87' lang='lat' dir='ltr'><strong>alio</strong></span> <span class='ocrx_word' id='word_1_460' title='bbox 2612 3599 2814 3653; x_wconf 88' lang='lat' dir='ltr'><strong>caduco</strong></span> <span class='ocrx_word' id='word_1_461' title='bbox 2838 3604 3048 3653; x_wconf 86' lang='lat' dir='ltr'><strong>curato.</strong></span> 
     </span>
    </p>
   </div>
   <div class='ocr_carea' id='block_1_70' title="bbox 2179 3688 3328 3758">
    <p class='ocr_par' dir='ltr' id='par_1_70' title="bbox 2179 3688 3328 3758">
     <span class='ocr_line' id='line_1_70' title="bbox 2179 3688 3328 3758; baseline -0.001 -16"><span class='ocrx_word' id='word_1_462' title='bbox 2179 3688 2275 3742; x_wconf 91' lang='lat' dir='ltr'><strong>XI.</strong></span> <span class='ocrx_word' id='word_1_463' title='bbox 2361 3691 2438 3743; x_wconf 83' lang='lat' dir='ltr'><strong>De</strong></span> <span class='ocrx_word' id='word_1_464' title='bbox 2467 3688 2747 3742; x_wconf 83' lang='lat' dir='ltr'><strong>abbatissa</strong></span> <span class='ocrx_word' id='word_1_465' title='bbox 2769 3689 2990 3741; x_wconf 85' lang='lat' dir='ltr'><strong>Liubila</strong></span> <span class='ocrx_word' id='word_1_466' title='bbox 3003 3688 3328 3758; x_wconf 71' lang='lat' dir='ltr'><strong>podagr-ica.</strong></span> 
     </span>
    </p>
   </div>
   <div class='ocr_carea' id='block_1_71' title="bbox 2181 3773 3402 3844">
    <p class='ocr_par' dir='ltr' id='par_1_71' title="bbox 2181 3773 3402 3844">
     <span class='ocr_line' id='line_1_71' title="bbox 2181 3773 3402 3844; baseline 0 -16"><span class='ocrx_word' id='word_1_467' title='bbox 2181 3773 2302 3829; x_wconf 84' lang='lat' dir='ltr'><strong>XII.</strong></span> <span class='ocrx_word' id='word_1_468' title='bbox 2358 3777 2436 3828; x_wconf 86' lang='lat' dir='ltr'><strong>De</strong></span> <span class='ocrx_word' id='word_1_469' title='bbox 2465 3775 2701 3844; x_wconf 89' lang='lat' dir='ltr'><strong>quodam</strong></span> <span class='ocrx_word' id='word_1_470' title='bbox 2729 3792 2763 3828; x_wconf 85' lang='grc' dir='ltr'>α</span> <span class='ocrx_word' id='word_1_471' title='bbox 2793 3777 3082 3830; x_wconf 86' lang='lat' dir='ltr'><strong>nativitate</strong></span> <span class='ocrx_word' id='word_1_472' title='bbox 3111 3777 3402 3829; x_wconf 85' lang='lat' dir='ltr'><strong>contracto.</strong></span> 
     </span>
    </p>
   </div>
   <div class='ocr_carea' id='block_1_72' title="bbox 2179 3863 3210 3922">
    <p class='ocr_par' dir='ltr' id='par_1_72' title="bbox 2179 3863 3210 3922">
     <span class='ocr_line' id='line_1_72' title="bbox 2179 3863 3210 3922; baseline -0.001 -4"><span class='ocrx_word' id='word_1_473' title='bbox 2179 3863 2325 3918; x_wconf 88' lang='lat' dir='ltr'><strong>Xill.</strong></span> <span class='ocrx_word' id='word_1_474' title='bbox 2360 3866 2438 3918; x_wconf 86' lang='lat' dir='ltr'><strong>De</strong></span> <span class='ocrx_word' id='word_1_475' title='bbox 2466 3879 2614 3918; x_wconf 87' lang='lat' dir='ltr'><strong>cereo</strong></span> <span class='ocrx_word' id='word_1_476' title='bbox 2643 3865 2852 3922; x_wconf 74' lang='lat' dir='ltr'><strong>caelitus</strong></span> <span class='ocrx_word' id='word_1_477' title='bbox 2881 3865 3210 3918; x_wconf 81' lang='lat' dir='ltr'><strong>illuminato.</strong></span> 
     </span>
    </p>
   </div>
   <div class='ocr_carea' id='block_1_73' title="bbox 2177 3953 3114 4023">
    <p class='ocr_par' dir='ltr' id='par_1_73' title="bbox 2177 3953 3114 4023">
     <span class='ocr_line' id='line_1_73' title="bbox 2177 3953 3114 4023; baseline -0.002 -15"><span class='ocrx_word' id='word_1_478' title='bbox 2177 3953 2319 4008; x_wconf 88' lang='lat' dir='ltr'><strong>XIV.</strong></span> <span class='ocrx_word' id='word_1_479' title='bbox 2361 3955 2438 4006; x_wconf 88' lang='lat' dir='ltr'><strong>De</strong></span> <span class='ocrx_word' id='word_1_480' title='bbox 2464 3957 2637 4008; x_wconf 85' lang='lat' dir='ltr'><strong>matre</strong></span> <span class='ocrx_word' id='word_1_481' title='bbox 2665 3958 2716 4008; x_wconf 86' lang='lat' dir='ltr'><strong>et</strong></span> <span class='ocrx_word' id='word_1_482' title='bbox 2741 3953 2861 4023; x_wconf 79' lang='lat' dir='ltr'><strong>ﬁlia</strong></span> <span class='ocrx_word' id='word_1_483' title='bbox 2890 3955 3114 4007; x_wconf 86' lang='lat' dir='ltr'><strong>curatis.</strong></span> 
     </span>
    </p>
   </div>
   <div class='ocr_carea' id='block_1_74' title="bbox 2177 4041 3290 4110">
    <p class='ocr_par' dir='ltr' id='par_1_74' title="bbox 2177 4041 3290 4110">
     <span class='ocr_line' id='line_1_74' title="bbox 2177 4041 3290 4110; baseline 0.001 -17"><span class='ocrx_word' id='word_1_484' title='bbox 2177 4041 2294 4094; x_wconf 83' lang='lat' dir='ltr'><strong>XV.</strong></span> <span class='ocrx_word' id='word_1_485' title='bbox 2360 4043 2438 4094; x_wconf 87' lang='lat' dir='ltr'><strong>De</strong></span> <span class='ocrx_word' id='word_1_486' title='bbox 2464 4041 2688 4095; x_wconf 78' lang='lat' dir='ltr'><strong>muliere</strong></span> <span class='ocrx_word' id='word_1_487' title='bbox 2723 4041 3039 4110; x_wconf 82' lang='lat' dir='ltr'><strong>paralytica</strong></span> <span class='ocrx_word' id='word_1_488' title='bbox 3079 4045 3290 4096; x_wconf 86' lang='lat' dir='ltr'><strong>curata.</strong></span> 
     </span>
    </p>
   </div>
   <div class='ocr_carea' id='block_1_75' title="bbox 2177 4128 3170 4198">
    <p class='ocr_par' dir='ltr' id='par_1_75' title="bbox 2177 4128 3170 4198">
     <span class='ocr_line' id='line_1_75' title="bbox 2177 4128 3170 4198; baseline 0.002 -16"><span class='ocrx_word' id='word_1_489' title='bbox 2177 4128 2321 4183; x_wconf 87' lang='lat' dir='ltr'><strong>XVI.</strong></span> <span class='ocrx_word' id='word_1_490' title='bbox 2365 4131 2442 4183; x_wconf 85' lang='lat' dir='ltr'><strong>De</strong></span> <span class='ocrx_word' id='word_1_491' title='bbox 2472 4129 2708 4198; x_wconf 85' lang='lat' dir='ltr'><strong>quodam</strong></span> <span class='ocrx_word' id='word_1_492' title='bbox 2736 4130 2933 4184; x_wconf 86' lang='lat' dir='ltr'><strong>claudo</strong></span> <span class='ocrx_word' id='word_1_493' title='bbox 2964 4135 3170 4185; x_wconf 85' lang='lat' dir='ltr'><strong>curato.</strong></span> 
     </span>
    </p>
   </div>
   <div class='ocr_carea' id='block_1_76' title="bbox 2176 4209 3541 4288">
    <p class='ocr_par' dir='ltr' id='par_1_76' title="bbox 2176 4209 3541 4288">
     <span class='ocr_line' id='line_1_76' title="bbox 2176 4209 3541 4288; baseline 0 -16"><span class='ocrx_word' id='word_1_494' title='bbox 2176 4218 2344 4273; x_wconf 87' lang='lat' dir='ltr'><strong>XVII.</strong></span> <span class='ocrx_word' id='word_1_495' title='bbox 2369 4219 2447 4272; x_wconf 85' lang='lat' dir='ltr'><strong>De</strong></span> <span class='ocrx_word' id='word_1_496' title='bbox 2474 4219 2704 4273; x_wconf 86' lang='lat' dir='ltr'><strong>muliere</strong></span> <span class='ocrx_word' id='word_1_497' title='bbox 2732 4209 2890 4288; x_wconf 87' lang='lat' dir='ltr'><strong>cujus</strong></span> <span class='ocrx_word' id='word_1_498' title='bbox 2921 4235 3044 4274; x_wconf 87' lang='lat' dir='ltr'><strong>crus</strong></span> <span class='ocrx_word' id='word_1_499' title='bbox 3069 4221 3412 4286; x_wconf 83' lang='lat' dir='ltr'><strong>confractum</strong></span> <span class='ocrx_word' id='word_1_500' title='bbox 3440 4222 3541 4273; x_wconf 83' lang='lat' dir='ltr'><strong>est.</strong></span> 
     </span>
    </p>
   </div>
   <div class='ocr_carea' id='block_1_77' title="bbox 2173 4305 3454 4376">
    <p class='ocr_par' dir='ltr' id='par_1_77' title="bbox 2173 4305 3454 4376">
     <span class='ocr_line' id='line_1_77' title="bbox 2173 4305 3454 4376; baseline 0.001 -16"><span class='ocrx_word' id='word_1_501' title='bbox 2173 4305 2448 4362; x_wconf 84' lang='lat' dir='ltr'><strong>XVlll.De</strong></span> <span class='ocrx_word' id='word_1_502' title='bbox 2471 4323 2566 4361; x_wconf 77' lang='lat' dir='ltr'><strong>sea:</strong></span> <span class='ocrx_word' id='word_1_503' title='bbox 2589 4309 2762 4376; x_wconf 84' lang='lat' dir='ltr'><strong>signis</strong></span> <span class='ocrx_word' id='word_1_504' title='bbox 2786 4311 2846 4362; x_wconf 83' lang='lat' dir='ltr'><strong>in</strong></span> <span class='ocrx_word' id='word_1_505' title='bbox 2872 4324 2984 4362; x_wconf 83' lang='lat' dir='ltr'><strong>una</strong></span> <span class='ocrx_word' id='word_1_506' title='bbox 3012 4309 3239 4363; x_wconf 86' lang='lat' dir='ltr'><strong>muliere</strong></span> <span class='ocrx_word' id='word_1_507' title='bbox 3265 4309 3454 4376; x_wconf 82' lang='lat' dir='ltr'><strong>factis.</strong></span> 
     </span>
    </p>
   </div>
   <div class='ocr_carea' id='block_1_78' title="bbox 2175 4395 3203 4452">
    <p class='ocr_par' dir='ltr' id='par_1_78' title="bbox 2175 4395 3203 4452">
     <span class='ocr_line' id='line_1_78' title="bbox 2175 4395 3203 4452; baseline 0.002 -2"><span class='ocrx_word' id='word_1_508' title='bbox 2175 4395 2327 4450; x_wconf 89' lang='lat' dir='ltr'><strong>XIX.</strong></span> <span class='ocrx_word' id='word_1_509' title='bbox 2377 4398 2453 4450; x_wconf 89' lang='lat' dir='ltr'><strong>De</strong></span> <span class='ocrx_word' id='word_1_510' title='bbox 2481 4399 2704 4452; x_wconf 86' lang='lat' dir='ltr'><strong>muliere</strong></span> <span class='ocrx_word' id='word_1_511' title='bbox 2734 4413 2900 4452; x_wconf 82' lang='lat' dir='ltr'><strong>curva</strong></span> <span class='ocrx_word' id='word_1_512' title='bbox 2929 4402 2978 4452; x_wconf 86' lang='lat' dir='ltr'><strong>et</strong></span> <span class='ocrx_word' id='word_1_513' title='bbox 3009 4403 3203 4452; x_wconf 81' lang='lat' dir='ltr'><strong>erecta.</strong></span> 
     </span>
    </p>
   </div>
   <div class='ocr_carea' id='block_1_79' title="bbox 2176 4483 3278 4556">
    <p class='ocr_par' dir='ltr' id='par_1_79' title="bbox 2176 4483 3278 4556">
     <span class='ocr_line' id='line_1_79' title="bbox 2176 4483 3278 4556; baseline 0.004 -19"><span class='ocrx_word' id='word_1_514' title='bbox 2176 4483 2304 4540; x_wconf 90' lang='lat' dir='ltr'><strong>XX.</strong></span> <span class='ocrx_word' id='word_1_515' title='bbox 2381 4489 2458 4540; x_wconf 86' lang='lat' dir='ltr'><strong>De</strong></span> <span class='ocrx_word' id='word_1_516' title='bbox 2486 4487 2723 4556; x_wconf 78' lang='lat' dir='ltr'><strong>quodam</strong></span> <span class='ocrx_word' id='word_1_517' title='bbox 2748 4487 3039 4556; x_wconf 83' lang='lat' dir='ltr'><strong>fastidiosa</strong></span> <span class='ocrx_word' id='word_1_518' title='bbox 3071 4491 3278 4542; x_wconf 85' lang='lat' dir='ltr'><strong>curato.</strong></span> 
     </span>
    </p>
   </div>
   <div class='ocr_carea' id='block_1_80' title="bbox 1675 4846 2534 4962">
    <p class='ocr_par' dir='ltr' id='par_1_80' title="bbox 1675 4846 2534 4962">
     <span class='ocr_line' id='line_1_80' title="bbox 1675 4846 2534 4962; baseline -0.003 -14"><span class='ocrx_word' id='word_1_519' title='bbox 1675 4846 2120 4949; x_wconf 80' lang='lat' dir='ltr'><strong>INCIPIT</strong></span> <span class='ocrx_word' id='word_1_520' title='bbox 2193 4846 2534 4962; x_wconf 85' lang='lat' dir='ltr'><strong>VITA.</strong></span> 
     </span>
    </p>
   </div>
   <div class='ocr_carea' id='block_1_81' title="bbox 1965 5019 2260 5031">
    <p class='ocr_par' dir='ltr' id='par_1_81' title="bbox 1965 5019 2260 5031">
     <span class='ocr_line' id='line_1_81' title="bbox 1965 5019 2260 5031; baseline 0 -3"><span class='ocrx_word' id='word_1_521' title='bbox 1965 5019 2260 5031; x_wconf 51' lang='grc'><strong>*-</strong></span> 
     </span>
    </p>
   </div>
   <div class='ocr_carea' id='block_1_82' title="bbox 959 5081 1508 5139">
    <p class='ocr_par' dir='ltr' id='par_1_82' title="bbox 959 5081 1508 5139">
     <span class='ocr_line' id='line_1_82' title="bbox 959 5081 1508 5139; baseline -0.002 -2"><span class='ocrx_word' id='word_1_522' title='bbox 959 5081 1181 5139; x_wconf 80' lang='lat' dir='ltr'><strong>CAPUT</strong></span> <span class='ocrx_word' id='word_1_523' title='bbox 1217 5081 1508 5138; x_wconf 78' lang='lat' dir='ltr'><strong>PRIMUM.</strong></span> 
     </span>
    </p>
   </div>
   <div class='ocr_carea' id='block_1_83' title="bbox 484 5258 2058 5333">
    <p class='ocr_par' dir='ltr' id='par_1_83' title="bbox 484 5258 2058 5333">
     <span class='ocr_line' id='line_1_83' title="bbox 484 5258 2058 5333; baseline -0.001 -15"><span class='ocrx_word' id='word_1_524' title='bbox 484 5261 668 5333; x_wconf 81' lang='lat' dir='ltr'><strong>Igitur</strong></span> <span class='ocrx_word' id='word_1_525' title='bbox 689 5263 985 5331; x_wconf 53' lang='lat' dir='ltr'><strong>postquam</strong></span> <span class='ocrx_word' id='word_1_526' title='bbox 1007 5258 1147 5314; x_wconf 84' lang='lat' dir='ltr'><strong>felix</strong></span> <span class='ocrx_word' id='word_1_527' title='bbox 1173 5273 1310 5331; x_wconf 82' lang='lat' dir='ltr'><strong>gens</strong></span> <span class='ocrx_word' id='word_1_528' title='bbox 1328 5259 1638 5330; x_wconf 82' lang='lat' dir='ltr'><strong>Anglorum</strong></span> <span class='ocrx_word' id='word_1_529' title='bbox 1661 5273 1761 5328; x_wconf 88' lang='lat' dir='ltr'><strong>per</strong></span> <span class='ocrx_word' id='word_1_530' title='bbox 1778 5260 2058 5328; x_wconf 83' lang='lat' dir='ltr'><strong>apostola-</strong></span> 
     </span>
    </p>
   </div>
   <div class='ocr_carea' id='block_1_84' title="bbox 415 5347 2052 5419">
    <p class='ocr_par' dir='ltr' id='par_1_84' title="bbox 415 5347 2052 5419">
     <span class='ocr_line' id='line_1_84' title="bbox 415 5347 2052 5419; baseline -0.001 -13"><span class='ocrx_word' id='word_1_531' title='bbox 415 5357 534 5407; x_wconf 89' lang='lat' dir='ltr'><strong>tum</strong></span> <span class='ocrx_word' id='word_1_532' title='bbox 553 5349 901 5406; x_wconf 83' lang='lat' dir='ltr'><strong>memorandi</strong></span> <span class='ocrx_word' id='word_1_533' title='bbox 924 5361 1078 5419; x_wconf 71' lang='lat' dir='ltr'><strong>papa:</strong></span> <span class='ocrx_word' id='word_1_534' title='bbox 1101 5347 1385 5418; x_wconf 69' lang='lat' dir='ltr'><strong>Gregorii,</strong></span> <span class='ocrx_word' id='word_1_535' title='bbox 1407 5347 1527 5418; x_wconf 88' lang='lat' dir='ltr'><strong>qui,</strong></span> <span class='ocrx_word' id='word_1_536' title='bbox 1546 5347 1653 5404; x_wconf 87' lang='lat' dir='ltr'><strong>etsi</strong></span> <span class='ocrx_word' id='word_1_537' title='bbox 1679 5362 1788 5404; x_wconf 92' lang='lat' dir='ltr'><strong>non</strong></span> <span class='ocrx_word' id='word_1_538' title='bbox 1806 5349 2052 5404; x_wconf 88' lang='lat' dir='ltr'><strong>aliarum</strong></span> 
     </span>
    </p>
   </div>
   <div class='ocr_carea' id='block_1_85' title="bbox 412 5436 2054 5512">
    <p class='ocr_par' dir='ltr' id='par_1_85' title="bbox 412 5436 2054 5512">
     <span class='ocr_line' id='line_1_85' title="bbox 412 5436 2054 5512; baseline -0.002 -16"><span class='ocrx_word' id='word_1_539' title='bbox 412 5439 687 5512; x_wconf 83' lang='lat' dir='ltr'><strong>gentium,</strong></span> <span class='ocrx_word' id='word_1_540' title='bbox 723 5438 910 5508; x_wconf 89' lang='lat' dir='ltr'><strong>ipsius</strong></span> <span class='ocrx_word' id='word_1_541' title='bbox 944 5443 1128 5492; x_wconf 84' lang='lat' dir='ltr'><strong>tamen</strong></span> <span class='ocrx_word' id='word_1_542' title='bbox 1167 5442 1225 5490; x_wconf 90' lang='lat' dir='ltr'><strong>et</strong></span> <span class='ocrx_word' id='word_1_543' title='bbox 1257 5450 1380 5492; x_wconf 86' lang='lat' dir='ltr'><strong>esse</strong></span> <span class='ocrx_word' id='word_1_544' title='bbox 1419 5436 1714 5505; x_wconf 86' lang='lat' dir='ltr'><strong>apostolus</strong></span> <span class='ocrx_word' id='word_1_545' title='bbox 1752 5437 1961 5492; x_wconf 90' lang='lat' dir='ltr'><strong>meruit</strong></span> <span class='ocrx_word' id='word_1_546' title='bbox 2000 5444 2054 5492; x_wconf 89' lang='lat' dir='ltr'><strong>et</strong></span> 
     </span>
    </p>
   </div>
   <div class='ocr_carea' id='block_1_86' title="bbox 2088 5081 3826 5152">
    <p class='ocr_par' dir='ltr' id='par_1_86' title="bbox 2088 5081 3826 5152">
     <span class='ocr_line' id='line_1_86' title="bbox 2088 5081 3826 5152; baseline -0.003 -9"><span class='ocrx_word' id='word_1_547' title='bbox 2088 5083 2142 5143; x_wconf 96' lang='lat' dir='ltr'><strong>D</strong></span> <span class='ocrx_word' id='word_1_548' title='bbox 2169 5081 2309 5151; x_wconf 90' lang='lat' dir='ltr'><strong>dici,</strong></span> <span class='ocrx_word' id='word_1_549' title='bbox 2343 5082 2414 5137; x_wconf 92' lang='lat' dir='ltr'><strong>ab</strong></span> <span class='ocrx_word' id='word_1_550' title='bbox 2441 5081 2754 5138; x_wconf 85' lang='lat' dir='ltr'><strong>intldelatis</strong></span> <span class='ocrx_word' id='word_1_551' title='bbox 2779 5081 3031 5140; x_wconf 87' lang='lat' dir='ltr'><strong>tenebris</strong></span> <span class='ocrx_word' id='word_1_552' title='bbox 3053 5084 3217 5137; x_wconf 84' lang='lat' dir='ltr'><strong>eruta</strong></span> <span class='ocrx_word' id='word_1_553' title='bbox 3245 5081 3406 5152; x_wconf 90' lang='lat' dir='ltr'><strong>pium</strong></span> <span class='ocrx_word' id='word_1_554' title='bbox 3433 5095 3642 5139; x_wconf 88' lang='lat' dir='ltr'><strong>nomen</strong></span> <span class='ocrx_word' id='word_1_555' title='bbox 3669 5081 3826 5138; x_wconf 90' lang='lat' dir='ltr'><strong>Chri-</strong></span> 
     </span>
    </p>
   </div>
   <div class='ocr_carea' id='block_1_87' title="bbox 2167 5169 3880 5242">
    <p class='ocr_par' dir='ltr' id='par_1_87' title="bbox 2167 5169 3880 5242">
     <span class='ocr_line' id='line_1_87' title="bbox 2167 5169 3880 5242; baseline 0 -16"><span class='ocrx_word' id='word_1_556' title='bbox 2167 5170 2243 5226; x_wconf 92' lang='lat' dir='ltr'><strong>sti</strong></span> <span class='ocrx_word' id='word_1_557' title='bbox 2257 5177 2312 5225; x_wconf 88' lang='lat' dir='ltr'><strong>ct</strong></span> <span class='ocrx_word' id='word_1_558' title='bbox 2325 5169 2817 5234; x_wconf 83' lang='lat' dir='ltr'><strong>Christianitatcm</strong></span> <span class='ocrx_word' id='word_1_559' title='bbox 2831 5170 3005 5240; x_wconf 60' lang='lat' dir='ltr'><strong>carpit</strong></span> <span class='ocrx_word' id='word_1_560' title='bbox 3019 5170 3286 5240; x_wconf 87' lang='lat' dir='ltr'><strong>amplecti</strong></span> <span class='ocrx_word' id='word_1_561' title='bbox 3302 5189 3318 5241; x_wconf 82' lang='lat'><strong>;</strong></span> <span class='ocrx_word' id='word_1_562' title='bbox 3333 5170 3498 5242; x_wconf 86' lang='lat' dir='ltr'><strong>quasi</strong></span> <span class='ocrx_word' id='word_1_563' title='bbox 3515 5169 3824 5228; x_wconf 74' lang='lat' dir='ltr'><strong>fructuosa:</strong></span> <span class='ocrx_word' id='word_1_564' title='bbox 3865 5174 3880 5187; x_wconf 87' lang='lat'>&#39;</span> 
     </span>
    </p>
   </div>
   <div class='ocr_carea' id='block_1_88' title="bbox 2167 5258 3820 5330">
    <p class='ocr_par' dir='ltr' id='par_1_88' title="bbox 2167 5258 3820 5330">
     <span class='ocr_line' id='line_1_88' title="bbox 2167 5258 3820 5330; baseline 0 -16"><span class='ocrx_word' id='word_1_565' title='bbox 2167 5258 2392 5315; x_wconf 88' lang='lat' dir='ltr'><strong>arboris</strong></span> <span class='ocrx_word' id='word_1_566' title='bbox 2410 5260 2574 5315; x_wconf 83' lang='lat' dir='ltr'><strong>radix</strong></span> <span class='ocrx_word' id='word_1_567' title='bbox 2589 5259 2657 5314; x_wconf 88' lang='lat' dir='ltr'><strong>ad</strong></span> <span class='ocrx_word' id='word_1_568' title='bbox 2686 5260 2977 5315; x_wconf 89' lang='lat' dir='ltr'><strong>humorem</strong></span> <span class='ocrx_word' id='word_1_569' title='bbox 3002 5258 3177 5330; x_wconf 84' lang='lat' dir='ltr'><strong>gelidi</strong></span> <span class='ocrx_word' id='word_1_570' title='bbox 3203 5259 3509 5315; x_wconf 84' lang='lat' dir='ltr'><strong>marmoris</strong></span> <span class='ocrx_word' id='word_1_571' title='bbox 3528 5261 3820 5316; x_wconf 82' lang='lat' dir='ltr'><strong>surculata</strong></span> 
     </span>
    </p>
   </div>
   <div class='ocr_carea' id='block_1_89' title="bbox 2165 5347 3822 5420">
    <p class='ocr_par' dir='ltr' id='par_1_89' title="bbox 2165 5347 3822 5420">
     <span class='ocr_line' id='line_1_89' title="bbox 2165 5347 3822 5420; baseline 0.001 -18"><span class='ocrx_word' id='word_1_572' title='bbox 2165 5348 2362 5403; x_wconf 89' lang='lat' dir='ltr'><strong>emisit</strong></span> <span class='ocrx_word' id='word_1_573' title='bbox 2387 5349 2774 5420; x_wconf 82' lang='lat' dir='ltr'><strong>propaginem,</strong></span> <span class='ocrx_word' id='word_1_574' title='bbox 2803 5353 2860 5403; x_wconf 88' lang='lat' dir='ltr'><strong>et</strong></span> <span class='ocrx_word' id='word_1_575' title='bbox 2883 5363 2948 5403; x_wconf 88' lang='lat' dir='ltr'><strong>ac</strong></span> <span class='ocrx_word' id='word_1_576' title='bbox 2970 5348 3018 5404; x_wconf 90' lang='lat' dir='ltr'><strong>si</strong></span> <span class='ocrx_word' id='word_1_577' title='bbox 3051 5363 3118 5403; x_wconf 89' lang='lat' dir='ltr'><strong>ex</strong></span> <span class='ocrx_word' id='word_1_578' title='bbox 3141 5348 3376 5404; x_wconf 90' lang='lat' dir='ltr'><strong>surculo</strong></span> <span class='ocrx_word' id='word_1_579' title='bbox 3403 5347 3608 5417; x_wconf 74' lang='lat' dir='ltr'><strong>prima:</strong></span> <span class='ocrx_word' id='word_1_580' title='bbox 3631 5357 3689 5404; x_wconf 87' lang='lat' dir='ltr'><strong>et</strong></span> <span class='ocrx_word' id='word_1_581' title='bbox 3713 5349 3822 5405; x_wconf 86' lang='lat' dir='ltr'><strong>ori-</strong></span> 
     </span>
    </p>
   </div>
   <div class='ocr_carea' id='block_1_90' title="bbox 2165 5437 3816 5508">
    <p class='ocr_par' dir='ltr' id='par_1_90' title="bbox 2165 5437 3816 5508">
     <span class='ocr_line' id='line_1_90' title="bbox 2165 5437 3816 5508; baseline 0 -16"><span class='ocrx_word' id='word_1_582' title='bbox 2165 5437 2404 5508; x_wconf 66' lang='lat' dir='ltr'><strong>ginarii-e</strong></span> <span class='ocrx_word' id='word_1_583' title='bbox 2427 5437 2750 5507; x_wconf 87' lang='lat' dir='ltr'><strong>juventutis</strong></span> <span class='ocrx_word' id='word_1_584' title='bbox 2782 5439 2840 5492; x_wconf 89' lang='lat' dir='ltr'><strong>in</strong></span> <span class='ocrx_word' id='word_1_585' title='bbox 2873 5438 2984 5493; x_wconf 84' lang='lat' dir='ltr'><strong>ﬁde</strong></span> <span class='ocrx_word' id='word_1_586' title='bbox 3015 5437 3316 5492; x_wconf 88' lang='lat' dir='ltr'><strong>maximam</strong></span> <span class='ocrx_word' id='word_1_587' title='bbox 3357 5437 3538 5492; x_wconf 88' lang='lat' dir='ltr'><strong>crevit</strong></span> <span class='ocrx_word' id='word_1_588' title='bbox 3573 5438 3632 5493; x_wconf 90' lang='lat' dir='ltr'><strong>in</strong></span> <span class='ocrx_word' id='word_1_589' title='bbox 3662 5437 3816 5493; x_wconf 86' lang='lat' dir='ltr'><strong>arbo-</strong></span> 
     </span>
    </p>
   </div>
   <div class='ocr_carea' id='block_1_91' title="bbox 479 5537 3812 5634">
    <p class='ocr_par' dir='ltr' id='par_1_91' title="bbox 479 5537 3812 5634">
     <span class='ocr_line' id='line_1_91' title="bbox 479 5537 3812 5634; baseline -0 -16"><span class='ocrx_word' id='word_1_590' title='bbox 479 5574 510 5605; x_wconf 71' lang='lat' dir='ltr'><strong>a</strong></span> <span class='ocrx_word' id='word_1_591' title='bbox 533 5563 590 5618; x_wconf 92' lang='lat' dir='ltr'><strong>Id</strong></span> <span class='ocrx_word' id='word_1_592' title='bbox 636 5569 722 5619; x_wconf 92' lang='lat' dir='ltr'><strong>est</strong></span> <span class='ocrx_word' id='word_1_593' title='bbox 762 5561 1004 5632; x_wconf 85' lang='lat' dir='ltr'><strong>fatuosa,</strong></span> <span class='ocrx_word' id='word_1_594' title='bbox 1036 5549 1244 5629; x_wconf 79' lang='grc' dir='ltr'><strong>κόμπος</strong></span> <span class='ocrx_word' id='word_1_595' title='bbox 1287 5561 1489 5628; x_wconf 84' lang='lat' dir='ltr'><strong>fastus,</strong></span> <span class='ocrx_word' id='word_1_596' title='bbox 1526 5548 1847 5632; x_wconf 71' lang='grc' dir='ltr'><strong>φιλόκομπος</strong></span> <span class='ocrx_word' id='word_1_597' title='bbox 1873 5537 2172 5631; x_wconf 79' lang='lat' dir='ltr'><strong>fastuosus.</strong></span> <span class='ocrx_word' id='word_1_598' title='bbox 2216 5561 2358 5632; x_wconf 88' lang='lat' dir='ltr'><strong>Lege</strong></span> <span class='ocrx_word' id='word_1_599' title='bbox 2398 5575 2628 5618; x_wconf 87' lang='lat' dir='ltr'><strong>carmen</strong></span> <span class='ocrx_word' id='word_1_600' title='bbox 2663 5561 2964 5634; x_wconf 83' lang='lat' dir='ltr'><strong>Fridegodi</strong></span> <span class='ocrx_word' id='word_1_601' title='bbox 3006 5563 3076 5618; x_wconf 91' lang='lat' dir='ltr'><strong>de</strong></span> <span class='ocrx_word' id='word_1_602' title='bbox 3115 5560 3304 5618; x_wconf 81' lang='lat' dir='ltr'><strong>Itebus</strong></span> <span class='ocrx_word' id='word_1_603' title='bbox 3340 5561 3522 5633; x_wconf 88' lang='lat' dir='ltr'><strong>gestis</strong></span> <span class='ocrx_word' id='word_1_604' title='bbox 3557 5562 3616 5618; x_wconf 90' lang='lat' dir='ltr'><strong>S.</strong></span> <span class='ocrx_word' id='word_1_605' title='bbox 3659 5561 3812 5618; x_wconf 83' lang='lat' dir='ltr'><strong>Wil-</strong></span> 
     </span>
    </p>
   </div>
   <div class='ocr_carea' id='block_1_92' title="bbox 410 5648 1080 5712">
    <p class='ocr_par' dir='ltr' id='par_1_92' title="bbox 410 5648 1080 5712">
     <span class='ocr_line' id='line_1_92' title="bbox 410 5648 1080 5712; baseline 0.003 -6"><span class='ocrx_word' id='word_1_606' title='bbox 410 5649 548 5708; x_wconf 87' lang='lat' dir='ltr'><strong>t‘ridi</strong></span> <span class='ocrx_word' id='word_1_607' title='bbox 586 5652 656 5710; x_wconf 86' lang='lat' dir='ltr'><strong>ad</strong></span> <span class='ocrx_word' id='word_1_608' title='bbox 701 5667 914 5712; x_wconf 90' lang='lat' dir='ltr'><strong>annum</strong></span> <span class='ocrx_word' id='word_1_609' title='bbox 953 5648 1080 5709; x_wconf 84' lang='lat'><strong>709.</strong></span> 
     </span>
    </p>
   </div>
  </div>
