4058 6154
189 288 311 347 869

1263 295 1356 353 DE
1391 295 1551 354 VITA
1587 297 1642 353 S.
1684 296 2119 358 WALPURGIS.
2159 332 2233 344 —
2270 305 2471 363 LIBER
2506 311 2547 365 Ι.

3506 320 3617 383 870

192 434 341 520 rem,
372 422 745 520 minis—trante
776 425 1222 520 illi_viredinem
1262 429 1599 501 evangelicae
1638 429 1851 484 fluento
1873 421 1933 482 A
1965 429 2117 488 baldi
2138 436 2298 491 mirae
2318 434 2644 497 sanctitatis
2658 442 2792 511 viri,
2818 444 3156 517 Walpurgis
3180 449 3340 520 virgo
3363 451 3621 510 imitabi-

191 509 498 569 doctrinze.
531 514 610 567 Ex
639 513 743 568 hac
774 514 968 569 multas
1007 515 1303 572 subductae
1332 517 1407 572 ita
1441 531 1684 586 crevere,
1710 525 1773 573 ut
1791 532 1855 573 se

191 597 409 654 Oceani
439 600 675 672 pelagus
700 607 1154 675 transponentes,
1186 609 1242 660 et
1273 605 1418 662 miro
1438 606 1692 677 germine
1718 606 1857 675 pul-

192 683 453 743 lulantes
483 690 699 744 nostris
725 689 1084 747 efﬁcerentur
1112 693 1359 749 saltibus
1388 694 1645 751 altiores.
1674 695 1856 764 Hujus

193 775 512 833 eminentis
544 778 772 834 arboris
806 793 998 835 ramus
1027 780 1228 838 beatus
1265 783 1488 839 exstitit
1527 782 1857 839 Bonifacius

194 862 560 921 orthodoxus
603 868 866 939 antistes,
901 869 1000 939 qui
1042 869 1113 925 ob
1141 870 1271 926 ﬁdei
1303 872 1531 927 cunctis
1574 871 1858 927 imitabile

195 954 474 1009 meritum
518 954 659 1010 ﬁnes
700 957 939 1026 patrios,
981 962 1037 1013 et
1079 958 1272 1015 dulcia
1313 974 1451 1016 rura
1490 965 1853 1031 postponens,

193 1041 336 1096 dum
373 1042 634 1113 ignotum
666 1046 982 1102 exsulando
1011 1047 1160 1103 adiit
1188 1048 1409 1118 callem,
1444 1049 1653 1104 summi
1680 1049 1861 1119 ponti-

196 1130 318 1185 ﬁcii
353 1133 656 1204 Magontia:
704 1134 956 1191 infulatu
1002 1142 1286 1207 suscepto,
1320 1137 1567 1194 alienam
1599 1138 1660 1193 in
1692 1137 1860 1194 nobis

195 1220 370 1289 quasi
418 1222 710 1291 propriam
753 1224 928 1294 coepit
976 1225 1183 1282 habere
1243 1226 1524 1282 tellurem.
1592 1227 1858 1296 Ejusdem

195 1309 421 1364 ﬂorida:
446 1316 619 1380 atque
658 1310 939 1368 frondosae
967 1313 1195 1370 arboris
1235 1314 1578 1372 Britannica:
1619 1315 1762 1371 rami
1789 1316 1858 1370 ad

193 1410 304 1453 nos
326 1413 513 1469 usque
532 1400 778 1456 existere
800 1402 1051 1471 protensi
1074 1404 1189 1459 duo
1210 1403 1361 1460 beati
1384 1419 1511 1461 cum
1536 1404 1858 1460 castissima

194 1500 398 1543 sorore
426 1489 653 1559 virgine
675 1489 891 1545 Christi
926 1491 1241 1563 Walpurga
1260 1493 1475 1549 Christi
1507 1492 1861 1549 confessores

190 1576 583 1633 Willibaldus
609 1583 664 1634 et
693 1579 1112 1651 Wunebaldus,
1154 1582 1255 1652 qui
1295 1582 1570 1638 similiter
1593 1582 1664 1638 ob
1694 1596 1860 1638 amo-

194 1678 313 1720 rem
362 1666 615 1722 caelestis
652 1667 851 1737 patriae
896 1670 1246 1741 peregrinari
1306 1671 1623 1741 cupientes,
1668 1672 1855 1742 ipsum

195 1754 300 1825 qui
341 1769 575 1827 peregre
620 1756 910 1825 profectus
937 1764 1024 1813 est
1055 1758 1114 1814 in
1153 1759 1440 1831 regionem
1483 1760 1853 1832 longinquam

190 1844 460 1913 accipere
502 1845 615 1900 sibi
661 1860 896 1917 regnum
942 1854 997 1903 et
1036 1849 1262 1919 reverti,
1308 1856 1364 1905 et
1403 1849 1513 1919 ipsi
1562 1850 1854 1920 praecincti

194 1932 430 1989 lumbos
450 1934 738 1990 castitatis
760 1936 1008 2007 tegmine
1035 1937 1297 1993 lucernas
1318 1938 1594 1995 bonorum
1618 1953 1853 2008 operum

195 2021 252 2077 in
289 2021 568 2078 manibus
606 2029 916 2094 portantes,
958 2026 1140 2081 secuti
1183 2031 1317 2082 sunt
1356 2042 1560 2099 regem.
1599 2028 1852 2097 Quorum

195 2110 367 2180 prior
411 2117 540 2181 post
586 2112 824 2168 multam
870 2115 1063 2169 tenuis
1108 2116 1371 2184 corporis
1421 2116 1853 2171 macerationem

194 2214 309 2270 qua
361 2214 422 2255 se
467 2214 564 2270 per
598 2201 775 2258 multa
823 2202 1178 2258 diversarum
1234 2204 1528 2276 regionum
1577 2205 1858 2261 amixerat

193 2289 411 2360 spatia,
425 2289 797 2346 obedientiali
817 2305 1012 2347 norma
1024 2292 1137 2348 sibi
1155 2293 1394 2365 ingesta,
1411 2294 1713 2350 ordinante
1724 2308 1854 2350 eum

192 2379 501 2451 praelibato
520 2380 626 2449 piae
648 2380 933 2436 memorias
948 2382 1211 2436 antistite
1232 2381 1544 2454 Bonifacio,
1570 2382 1851 2453 pontiﬁcii

194 2469 463 2539 pervenit
499 2470 569 2523 ad
603 2469 849 2537 culmen,
886 2474 943 2524 et
980 2470 1322 2526 Eistatensis
1360 2471 1624 2527 Ecclesia:
1666 2478 1856 2541 pastor

196 2557 392 2612 ﬁdelis
432 2557 675 2613 sortitus
699 2563 784 2612 est
814 2572 1034 2629 gregem
1067 2577 1079 2612 :
1112 2558 1311 2629 ibique
1347 2559 1631 2614 cmlestem
1665 2565 1722 2614 et
1744 2573 1856 2614 an—

194 2646 443 2717 gelicam
478 2646 628 2701 inter
657 2646 919 2702 homines
950 2647 1123 2701 vitam
1153 2647 1388 2717 ducens,
1422 2648 1682 2704 veniente
1716 2648 1855 2703 hora

194 2735 516 2790 Dominicze
557 2735 893 2802 vocationis,
928 2749 1059 2792 oves
1089 2749 1230 2806 quas
1263 2743 1484 2791 rexerat
1512 2751 1733 2792 summo
1767 2751 1857 2806 pa-

193 2823 344 2879 stori
377 2822 621 2878 salutari
646 2824 885 2879 Domino
905 2825 1286 2897 consignavit,
1310 2830 1365 2880 et
1385 2827 1453 2881 ad
1483 2826 1672 2895 ipsum
1700 2840 1857 2881 mer—

193 2912 390 2967 cedem
454 2918 787 2982 recepturus
844 2912 953 2968 ﬁne
1000 2912 1333 2969 beatissimo
1386 2914 1646 2970 evolavit.
1697 2914 1857 2970 Alter

194 3014 330 3056 vero
364 3006 547 3057 totum
579 3015 639 3057 se
665 3000 881 3057 Christi
922 3002 1159 3058 servitio
1196 3004 1528 3073 mancipans
1568 3004 1855 3059 mundana

1885 1739 1939 1799 B

1967 521 2042 577 lis
2068 524 2158 592 pie
2180 526 2522 599 viventibus,
2559 531 2847 587 universis
2867 533 3125 589 collectis
3150 538 3617 598 sanctimoniali-

1964 610 2074 667 bus
2093 626 2221 669 vere
2237 615 2450 685 quibus
2469 619 2897 687 potuitChristo
2913 621 3154 690 devotis,
3177 624 3234 679 in
3261 625 3383 682 loco
3408 643 3619 696 praeno-

1967 700 2184 756 minato
2204 704 2554 760 Heidenheim
2572 708 2892 765 Dominicis
2926 711 3346 769 instantissime
3370 715 3610 786 incmpit

1968 788 2246 847 inhaerere
2271 796 2573 867 mandatis,
2600 798 2837 854 redictis
2855 802 3027 869 atque
3052 800 3288 857 calcatis
3314 804 3621 862 mundiali-

1966 873 2075 932 bus
2104 879 2371 937 omnibus
2398 882 2568 939 rebus
2587 886 2922 956 caeterisque
2955 886 3226 956 plurimis
3251 902 3316 944 ac
3344 890 3620 948 innume—

1968 964 2253 1023 rabilibus
2276 968 2450 1027 istius
2471 973 2668 1029 mundi
2692 974 3050 1031 transitoriis
3073 977 3314 1047 pompis.
3340 980 3619 1038 Noctibus

1970 1053 2152 1123 igitur
2179 1060 2350 1126 atque
2382 1059 2588 1117 diebus
2625 1061 2683 1116 in
2716 1063 2975 1119 oratione
3011 1066 3343 1139 persistens,
3388 1068 3614 1140 vigiliis

1968 1147 2139 1213 atque
2162 1145 2406 1215 jejuniis
2436 1162 2655 1219 semper
2681 1152 3038 1221 incumbens,
3057 1159 3275 1210 castum
3294 1169 3327 1215 a
3349 1157 3616 1225 primawa

1969 1231 2217 1302 originis
2251 1234 2508 1292 viredine
2535 1252 2747 1309 corpus
2782 1241 3116 1298 custodiens
3159 1244 3404 1313 seipsam
3444 1251 3614 1302 totam

1967 1319 2210 1376 Domino
2240 1326 2670 1382 commendabat
2697 1329 2998 1399 attentius,
3035 1334 3098 1385 ut
3129 1345 3295 1401 quam
3334 1334 3620 1390 munierat

1970 1407 2078 1462 ﬁde
2102 1413 2258 1464 casto
2288 1418 2647 1470 conservaret
2670 1422 2726 1469 et
2764 1430 3036 1485 corpore:
3073 1418 3272 1489 sicque
3312 1421 3615 1477 Dominum

1969 1500 2343 1564 protectorem
2368 1513 2591 1570 semper
2614 1503 2671 1557 in
2696 1505 2924 1560 cunctis
2948 1506 3221 1575 operibus
3244 1520 3311 1564 ac
3342 1509 3616 1578 praevium

1969 1582 2193 1658 habuit,
2236 1592 2293 1643 et
2331 1590 2715 1662 quodcunque
2756 1593 2924 1663 petiit
2967 1595 3311 1665 impetravit.

2622 1733 2841 1790 CAPUT
2868 1737 2960 1791 III.

2034 1851 2290 1923 Contigit
2322 1868 2565 1925 namque
2594 1861 2676 1929 ut,
2706 1859 2760 1913 in
2788 1859 2913 1929 ipso
2945 1862 3094 1932 quod
3122 1861 3298 1920 frater
3324 1866 3450 1935 ejus
3481 1866 3616 1922 edi-
3654 1860 3659 1865 ’

1962 1940 2051 1996 dit
2077 1944 2423 1999 monasterio
2460 1947 2812 2001 Heidenheim
2840 1950 2978 2005 dum
3012 1951 3134 2020 ipsa
3155 1953 3383 2009 Christo
3414 1955 3614 2011 sedulo

1963 2030 2218 2086 serviens
2263 2037 2600 2102 moraretur,
2651 2040 2706 2089 et
2753 2042 2978 2104 paracta
3031 2041 3354 2109 vespertina
3409 2042 3611 2111 synaxi

1964 2124 2275 2175 revertente
2313 2120 2435 2188 ipsa
2472 2122 2543 2177 de
2582 2123 2822 2179 ecclesia
2857 2125 2926 2180 ad
2960 2126 3192 2182 solitum
3230 2128 3614 2185 diversorium

1966 2214 2182 2262 noctem
2237 2210 2553 2278 proximam
2618 2226 2777 2268 caecae
2834 2215 3078 2271 tenebrae
3135 2218 3512 2286 minarentur,
3548 2231 3615 2274 ac

1968 2296 2200 2365 quidam
2235 2304 2430 2354 custos
2459 2300 2711 2368 ejusdem
2751 2302 3005 2359 ecclesiae
3040 2305 3268 2361 nomine
3295 2308 3612 2363 Goumera-

1962 2383 2074 2441 dus
2095 2385 2285 2442 lumen
2319 2388 2589 2457 prmvium
2622 2391 2870 2447 stolidus
2902 2399 3127 2465 negaret
3150 2396 3382 2465 petenti,
3415 2396 3517 2452 illa
3549 2400 3614 2451 ut

1964 2477 2052 2528 est
2076 2488 2196 2530 mos
2227 2484 2551 2533 sanctarum
2591 2480 2887 2547 mentium,
2932 2482 3205 2550 injuriam
3238 2483 3353 2539 sibi
3389 2483 3607 2539 illatam

1966 2561 2205 2629 patienti
2225 2564 2418 2620 animo
2430 2574 2677 2637 gestans,
2697 2569 3258 2640 sanctimonialibus,
3280 2577 3451 2640 prout
3468 2571 3615 2626 ratio

1963 2650 2279 2708 dictaverat
2300 2654 2593 2723 temporis,
2628 2670 2877 2712 mensam
2898 2659 3159 2715 ctenandi
3185 2659 3368 2730 gratia
3390 2659 3619 2715 adeun-

1967 2739 2145 2810 tibus,
2180 2741 2462 2798 incmnata
2493 2744 2847 2801 lectisternia
2894 2747 3079 2816 petiit.
3114 2748 3256 2802 Tum
3303 2748 3511 2803 mirum
3557 2748 3615 2803 in

1968 2829 2198 2885 modum
2243 2830 2300 2886 in
2346 2833 2636 2887 communi
2695 2836 3023 2895 earumdem
3078 2836 3610 2891 sanctimonialium

1965 2916 2305 2973 dormitorio
2347 2924 2501 2974 tanta
2539 2920 2639 2976 lux
2678 2936 2861 2992 usque
2884 2923 2953 2977 ad
2989 2923 3217 2992 pulsum
3251 2924 3618 2980 matutinalis

1966 3004 2138 3061 oﬁicii
2170 3009 2511 3079 coruscavit,
2538 3015 2600 3064 ut
2629 3011 2821 3065 eadem
2853 3025 2966 3080 prie
3002 3011 3298 3068 nimietate
3321 3013 3414 3068 sui
3439 3012 3621 3085 fulgo-

193 3089 392 3145 omnia
419 3090 590 3146 corde
620 3089 1016 3161 liquidissimo
1048 3092 1289 3161 respuit,
1323 3066 1589 3148 et-locum
1623 3092 1721 3163 qui
1752 3092 1855 3148 di—
1882 3066 1932 3130 C
1968 3095 2050 3150 ris
2089 3100 2252 3150 terra:
2294 3066 2511 3152 intima,
2549 3066 3194 3165 penetrare-videretur.
3239 3066 3615 3170 Stupentibus

193 3181 356 3236 citur
378 3180 733 3234 Heidenhcim
758 3180 871 3236 sibi
897 3181 965 3236 ad
996 3181 1358 3237 incolendum
1388 3182 1620 3254 delegit,
1655 3181 1854 3251 ibique

194 3269 462 3325 oratione
485 3283 547 3325 se
576 3270 843 3341 munivit,
886 3284 985 3341 spe
1026 3270 1335 3340 roboravit,
1370 3270 1480 3326 ﬁde
1507 3271 1769 3341 armavit,
1797 3276 1853 3326 et

192 3359 452 3414 eamdem
502 3373 669 3431 quam
705 3374 833 3416 cum
881 3357 1056 3416 fratre
1094 3365 1421 3430 susceperat
1461 3360 1850 3416 monachicam

192 3449 397 3519 vitam,
422 3454 653 3504 strenue
678 3448 975 3519 bajulavit,
1006 3449 1331 3520 multosque
1354 3449 1424 3504 ad
1456 3449 1598 3504 bene
1622 3450 1849 3507 vivendi

195 3536 457 3610 regulam
486 3538 733 3607 przevius
764 3538 1048 3594 invitavit.
1080 3538 1313 3607 Deinde,
1338 3552 1469 3593 cum
1496 3543 1720 3608 tempus
1745 3553 1854 3593 su-

197 3642 387 3698 pernae
416 3626 901 3682 remunerationis
945 3627 1194 3697 advenit,
1229 3627 1358 3683 coeli
1382 3628 1591 3696 januas
1618 3627 1734 3696 jam
1757 3640 1855 3682 se-

194 3732 373 3773 curus
397 3717 656 3784 intravit,
681 3716 1000 3788 molemque
1028 3717 1336 3773 exterioris
1363 3717 1615 3773 hominis
1637 3717 1695 3772 in
1720 3730 1855 3787 pras-

196 3805 379 3862 libato
410 3806 910 3862 Heidenheimensi
946 3806 1070 3862 loco
1100 3806 1451 3862 condendam
1493 3805 1752 3877 reliquit,
1792 3805 1852 3860 in

194 3895 405 3951 ultima
436 3895 725 3950 Dominici
771 3895 1057 3951 examinis
1097 3895 1193 3951 die
1226 3895 1407 3965 ipsam
1446 3901 1643 3951 etnon
1677 3894 1852 3950 aliam

192 4000 323 4042 cum
352 3984 573 4041 sanctis
594 3984 733 4041 aliis
754 3991 1105 4055 recepturus.
1136 3986 1277 4042 Tum
1306 3985 1424 4056 ille,
1452 3999 1617 4055 quem
1645 3997 1855 4055 super—

194 4075 391 4131 stitem
421 4074 527 4129 bac
554 4074 783 4129 dimisit
806 4074 865 4129 in
889 4075 1028 4146 vita,
1059 4074 1441 4130 Willibaldus
1469 4075 1694 4129 scilicet
1720 4088 1854 4144 pra:-

194 4166 282 4220 sul
307 4164 602 4237 egregius,
626 4177 792 4234 quem
817 4170 1048 4235 propter
1077 4165 1425 4220 sacrosancti
1453 4165 1544 4220 sui
1570 4163 1852 4235 praesula-

193 4259 287 4311 tus
321 4254 544 4324 apicem
587 4252 751 4309 fratri
790 4255 849 4310 in
889 4254 1093 4310 ordine
1132 4254 1420 4310 scribendi
1471 4254 1849 4325 praetulimus,

195 4342 334 4398 licet
356 4348 488 4412 post
506 4340 705 4397 fratris
726 4342 1122 4399 beatissimum
1146 4343 1312 4399 ﬁnem
1333 4342 1662 4413 aliquantos
1686 4342 1855 4399 vixe—

194 4432 271 4487 rit
321 4445 526 4500 annos,
579 4432 832 4502 germani
884 4432 1108 4502 proprii
1157 4446 1367 4501 corpus
1412 4431 1673 4487 exanime
1713 4421 1932 4488 curaD

190 4519 651 4592 diligentissima
681 4522 923 4577 condere
952 4520 1196 4592 curavit,
1226 4525 1301 4590 et,
1332 4527 1395 4577 ut
1423 4520 1661 4592 dignum
1694 4526 1851 4577 tanto

192 4610 325 4664 viro
344 4608 534 4665 fuerat
556 4610 917 4681 peregrinum
941 4611 1056 4680 jam
1084 4625 1116 4665 a
1146 4610 1355 4666 saeculo
1386 4616 1441 4666 et
1465 4611 1643 4666 civem
1673 4624 1852 4683 ange-

196 4697 389 4754 lorum
423 4713 551 4755 cum
596 4699 826 4770 hymnis
862 4704 918 4755 et
958 4700 1203 4756 canticis
1246 4700 1528 4770 sepelivit.

862 4840 1084 4897 CAPUT
1120 4843 1185 4897 II.

262 4966 556 5022 Hactenus
578 4966 908 5022 memoriam
940 4966 1232 5023 beatorum
1262 4980 1682 5039 germanorum,
1710 4967 1855 5023 Wil-

198 5054 402 5111 libaldi
419 5055 644 5111 scilicet
654 5060 708 5111 et
723 5055 1092 5127 Wunebaldi,
1115 5056 1414 5126 paululum
1434 5058 1720 5114 exarando
1734 5072 1856 5128 per-

196 5145 512 5209 currimus,
543 5151 607 5199 ut
632 5145 805 5200 sciret
835 5145 993 5214 plebs
1016 5145 1247 5201 Christo
1273 5145 1472 5203 devota
1499 5147 1654 5203 viros
1675 5148 1853 5204 coale—

199 5235 303 5290 stis
330 5234 563 5290 militia:
591 5238 648 5289 et
671 5235 942 5306 angelica:
968 5236 1099 5291 vita:
1130 5235 1307 5292 unius
1336 5237 1704 5307 ejusdemque
1728 5251 1851 5292 me—

201 5323 297 5378 riti
320 5324 596 5379 habuisse
612 5338 882 5395 sororem,
901 5326 1273 5397 Walpurgam
1298 5326 1564 5381 videlicet
1585 5341 1850 5396 sponsam

199 5411 410 5469 Christi
442 5418 501 5468 et
525 5412 826 5484 virginem.
857 5415 1038 5484 Nunc,
1074 5414 1210 5484 quia
1235 5415 1303 5469 ad
1329 5416 1582 5471 eamdem
1608 5416 1731 5486 ipsa
1760 5430 1852 5486 pa-

203 5502 521 5557 trocinante
588 5501 870 5558 calamum
902 5503 1156 5558 .ﬂectere
1214 5503 1388 5573 nitor,
1452 5504 1522 5559 de
1571 5504 1663 5560 his
1707 5506 1848 5561 satis

203 5588 417 5648 dixisse
438 5590 707 5648 sufﬁciat.
744 5592 874 5648 Post
901 5592 1218 5649 discessum
1252 5593 1432 5664 igitur
1451 5592 1600 5649 beati
1630 5595 1852 5652 Wuni-

1972 3185 2165 3254 itaque
2191 3199 2317 3255 quze
2358 3186 2620 3251 viderant
2661 3188 2904 3243 sacratis
2941 3190 3054 3244 Deo
3082 3188 3371 3244 universis
3408 3194 3465 3244 et
3500 3203 3612 3258 prae

1963 3274 2174 3346 gaudio
2189 3274 2613 3330 exsultantibus
2628 3276 2876 3337 cunctis.
2894 3277 2963 3333 ad
2984 3281 3217 3332 matrem
3239 3276 3369 3332 Wal
3378 3290 3610 3347 purgem

1962 3377 2271 3423 convenere
2291 3365 2487 3419 devote
2517 3369 2573 3419 et
2599 3364 2789 3419 visum
2822 3364 2972 3420 lucis
3002 3365 3265 3420 terriﬁca-
3290 3378 3608 3421 narravere.

1960 3455 2034 3510 At
2063 3453 2164 3509 illa
2200 3466 2260 3509 se
2298 3457 2472 3509 totam
2511 3458 2845 3509 convertens
2885 3453 2955 3509 ad
2995 3454 3300 3509 Dominum
3342 3453 3611 3524 lacrymis

1963 3542 2112 3600 fusis
2156 3543 2320 3598 istam
2364 3542 2631 3612 prorupit
2679 3543 2738 3599 in
2768 3556 3000 3598 vocem:
3030 3542 3181 3614 Tibi,
3213 3543 3470 3611 Domine,
3514 3544 3611 3599 cui

1961 3632 2173 3690 ancilla
2197 3632 2440 3688 humilis
2458 3633 2743 3688 deservire
2762 3632 2985 3687 decrevi
3009 3646 3042 3687 ξι
3063 3631 3374 3703 cunabilis,
3403 3632 3613 3689 collato

1961 3720 2032 3777 de
2054 3735 2286 3777 munere
2316 3720 2530 3792 gratias
2551 3719 2751 3792 refero,
2776 3721 2876 3791 qui
2906 3722 2974 3777 ad
2998 3720 3330 3776 excitandos
3360 3719 3615 3777 famula—

1963 3824 2090 3866 rum
2109 3816 2336 3866 tuarum
2362 3810 2507 3865 mihi
2530 3810 2936 3866 cohaarentium
2957 3809 3182 3866 animos
3204 3823 3290 3864 me
3313 3808 3611 3889 indignam

1964 3899 2208 3954 luminis
2237 3898 2323 3955 tui
2374 3898 2652 3955 solamine
2688 3898 2931 3954 visitare
2971 3898 3246 3969 dignatus
3274 3912 3356 3961 es,
3383 3903 3440 3954 et
3477 3899 3611 3954 tetri

1964 3987 2224 4043 horroris
2243 3987 2547 4059 caliginem
2579 4001 2829 4043 crassam
2857 3987 3269 4043 misericordia:
3290 3992 3402 4042 tua:
3429 3987 3614 4042 radiis

1962 4077 2256 4133 evacuasti
2308 4095 2319 4130 :
2367 4081 2423 4131 et
2468 4076 2525 4132 id
2580 4090 2691 4132 non
2751 4076 2975 4132 meritis
3028 4077 3176 4132 valet
3222 4077 3457 4148 ascribi,
3510 4092 3613 4133 ve—

1966 4180 2093 4222 rum
2121 4166 2387 4239 gratuitae
2415 4172 2525 4221 tuae
2548 4164 2955 4221 muniﬁcentia:
2983 4165 3236 4238 pietatis,
3264 4172 3321 4221 et
3345 4166 3612 4237 precibus

1965 4256 2074 4311 mei
2115 4260 2171 4311 et
2210 4256 2297 4311 tui
2338 4255 2528 4311 devoti
2570 4252 2771 4309 famuli
2818 4252 3036 4310 fratris.

2609 4397 2831 4454 CAPUT
2868 4399 2953 4454 Ν.

2033 4527 2307 4581 Prmterea
2359 4523 2520 4596 virgo
2566 4529 2874 4579 memorata
2922 4528 2977 4578 et
3019 4536 3241 4593 semper
3280 4522 3337 4577 in
3379 4537 3475 4580 ore
3519 4528 3612 4581 te—

1963 4616 2147 4672 nenda
2184 4614 2521 4685 Walpurgis
2553 4613 2770 4668 exitum
2803 4610 3002 4667 fratris
3031 4611 3123 4668 sui
3153 4612 3519 4684 Wunibaldi,
3548 4620 3612 4670 ut

1963 4703 2126 4760 sexui
2160 4701 2336 4758 moris
2356 4707 2442 4757 est
2465 4699 2826 4768 feminarum,
2860 4700 3109 4773 graviter
3139 4704 3361 4770 pectore
3387 4715 3606 4776 gerens,

1961 4791 2207 4863 contigit
2236 4796 2300 4846 ut
2329 4791 2571 4861 quadam
2604 4803 2857 4861 vespera,
2881 4789 3042 4846 nullo
3063 4803 3130 4846 ex
3157 4791 3503 4847 monasterio
3523 4792 3609 4848 vel

1963 4881 2171 4937 leniter
2190 4880 2488 4947 sentiente,
2515 4878 2814 4949 egrediens
2833 4879 2902 4934 ad
2928 4878 3162 4934 domum
3183 4879 3483 4949 cujusdam
3509 4880 3612 4936 di-

1963 4970 2102 5025 vitis
2146 4968 2437 5024 deveniret
2470 4971 2525 5023 et
2567 4971 2697 5023 ante
2739 4965 2890 5023 fores
2931 4967 3187 5037 ejusdem
3229 4968 3395 5038 quasi
3443 4970 3613 5039 pere~

1965 5059 2129 5131 grina
2151 5058 2407 5130 quaedam
2446 5063 2501 5112 et
2528 5056 2720 5128 ignota
2750 5057 2872 5112 sola
2912 5056 3276 5112 consisteret.
3312 5056 3436 5126 Quo
3470 5058 3607 5114 dum

1963 5162 2082 5205 eam
2108 5147 2379 5203 dominus
2408 5147 2612 5202 domus
2633 5146 2751 5201 sive
2782 5144 3015 5201 familiae
3044 5146 3395 5203 intrinsecus
3434 5145 3610 5201 famu-

1963 5238 2117 5293 latus
2161 5235 2345 5293 oﬁicia
2395 5234 2650 5304 praebens
2691 5235 2966 5291 sensisset
3015 5239 3316 5307 astantem,
3368 5247 3610 5303 quasque

1963 5325 2108 5382 foret
2139 5338 2377 5395 persona
2416 5324 2682 5391 nesciret,
2717 5329 2994 5379 testuante
3036 5322 3446 5395 patrefamilias
3476 5334 3603 5375 cum

1960 5415 2293 5471 domesticis
2317 5413 2606 5469 universis
2628 5428 2697 5469 ne
2720 5414 2919 5470 rabida
2941 5428 3145 5470 canum
3175 5423 3405 5467 suorum
3434 5409 3604 5463 auda-

1960 5505 2070 5575 cia,
2100 5504 2517 5576 qualiscunque
2536 5517 2659 5559 esse
2679 5504 2971 5560 videretur
2990 5514 3244 5572 persona,
3267 5493 3602 5552 dilaniando

1959 5595 2399 5664 discerperetur,
2424 5593 2599 5662 jussit
2624 5597 2689 5649 ut
2712 5606 2834 5663 quze
2856 5590 3084 5661 quidem
3105 5592 3254 5645 esset
3267 5584 3428 5640 ocius
3454 5582 3607 5639 indi-
