  <div class='ocr_page' id='page_1' title='image "/cluster/home/n/w/nwhite01/storage/ocr_20150623/129/hvd.32044054759907/441.png"; bbox 0 0 4060 6150; ppageno 0'>
   <div class='ocr_carea' id='block_1_1' title="bbox 471 265 572 324">
    <p class='ocr_par' dir='ltr' id='par_1_1' title="bbox 471 265 572 324">
     <span class='ocr_line' id='line_1_1' title="bbox 471 265 572 324; baseline -0.01 0"><span class='ocrx_word' id='word_1_1' title='bbox 471 265 572 324; x_wconf 72' lang='grc'><strong>874</strong></span> 
     </span>
    </p>
   </div>
   <div class='ocr_carea' id='block_1_2' title="bbox 1421 213 3813 325">
    <p class='ocr_par' dir='ltr' id='par_1_2' title="bbox 1421 213 3813 325">
     <span class='ocr_line' id='line_1_2' title="bbox 1421 213 3813 325; baseline -0.006 -8"><span class='ocrx_word' id='word_1_2' title='bbox 1421 259 1902 318; x_wconf 81' lang='lat' dir='ltr'><strong>WOLFHARDUS</strong></span> <span class='ocrx_word' id='word_1_3' title='bbox 1939 257 2331 314; x_wconf 78' lang='lat' dir='ltr'><strong>PRESBYTER</strong></span> <span class='ocrx_word' id='word_1_4' title='bbox 2371 258 2940 316; x_wconf 77' lang='lat' dir='ltr'><strong>HASENRIETANUS</strong></span> <span class='ocrx_word' id='word_1_5' title='bbox 3505 213 3512 219; x_wconf 64' lang='grc'><em>’</em></span> <span class='ocrx_word' id='word_1_6' title='bbox 3725 265 3813 325; x_wconf 61' lang='grc' dir='ltr'>δη</span> 
     </span>
    </p>
   </div>
   <div class='ocr_carea' id='block_1_3' title="bbox 469 381 3813 462">
    <p class='ocr_par' dir='ltr' id='par_1_3' title="bbox 469 381 3813 462">
     <span class='ocr_line' id='line_1_3' title="bbox 469 381 3813 462; baseline 0 -11"><span class='ocrx_word' id='word_1_7' title='bbox 469 399 643 451; x_wconf 85' lang='lat' dir='ltr'><strong>caret.</strong></span> <span class='ocrx_word' id='word_1_8' title='bbox 687 395 829 450; x_wconf 91' lang='lat' dir='ltr'><strong>Tum</strong></span> <span class='ocrx_word' id='word_1_9' title='bbox 869 391 992 462; x_wconf 91' lang='lat' dir='ltr'><strong>illa,</strong></span> <span class='ocrx_word' id='word_1_10' title='bbox 1038 392 1404 460; x_wconf 80' lang='lat' dir='ltr'><strong>Nequaquam</strong></span> <span class='ocrx_word' id='word_1_11' title='bbox 1453 387 1665 459; x_wconf 84' lang='lat' dir='ltr'><strong>inquit,</strong></span> <span class='ocrx_word' id='word_1_12' title='bbox 1707 399 1794 440; x_wconf 92' lang='lat' dir='ltr'><strong>me</strong></span> <span class='ocrx_word' id='word_1_13' title='bbox 1823 383 1932 452; x_wconf 91' lang='lat' dir='ltr'><strong>tui,</strong></span> <span class='ocrx_word' id='word_1_14' title='bbox 1967 381 2118 454; x_wconf 91' lang='lat' dir='ltr'><strong>quod</strong></span> <span class='ocrx_word' id='word_1_15' title='bbox 2148 381 2208 440; x_wconf 87' lang='lat' dir='ltr'><strong>A</strong></span> <span class='ocrx_word' id='word_1_16' title='bbox 2235 384 2334 439; x_wconf 88' lang='lat' dir='ltr'><strong>Dei</strong></span> <span class='ocrx_word' id='word_1_17' title='bbox 2367 398 2558 441; x_wconf 92' lang='lat' dir='ltr'><strong>amore</strong></span> <span class='ocrx_word' id='word_1_18' title='bbox 2597 386 2878 443; x_wconf 84' lang='lat' dir='ltr'><strong>ﬁrmasset</strong></span> <span class='ocrx_word' id='word_1_19' title='bbox 2915 392 2972 443; x_wconf 92' lang='lat' dir='ltr'><strong>et</strong></span> <span class='ocrx_word' id='word_1_20' title='bbox 3005 389 3276 445; x_wconf 89' lang='lat' dir='ltr'><strong>mundum</strong></span> <span class='ocrx_word' id='word_1_21' title='bbox 3313 405 3440 446; x_wconf 90' lang='lat' dir='ltr'><strong>cum</strong></span> <span class='ocrx_word' id='word_1_22' title='bbox 3484 394 3598 462; x_wconf 89' lang='lat' dir='ltr'><strong>ejus</strong></span> <span class='ocrx_word' id='word_1_23' title='bbox 3636 408 3813 451; x_wconf 88' lang='lat' dir='ltr'><strong>concu-</strong></span> 
     </span>
    </p>
   </div>
   <div class='ocr_carea' id='block_1_4' title="bbox 471 475 2122 551">
    <p class='ocr_par' dir='ltr' id='par_1_4' title="bbox 471 475 2122 551">
     <span class='ocr_line' id='line_1_4' title="bbox 471 475 2122 551; baseline -0.007 -13"><span class='ocrx_word' id='word_1_24' title='bbox 471 483 704 551; x_wconf 89' lang='lat' dir='ltr'><strong>vereris,</strong></span> <span class='ocrx_word' id='word_1_25' title='bbox 737 496 905 538; x_wconf 88' lang='lat' dir='ltr'><strong>canes</strong></span> <span class='ocrx_word' id='word_1_26' title='bbox 937 481 1138 536; x_wconf 89' lang='lat' dir='ltr'><strong>insano</strong></span> <span class='ocrx_word' id='word_1_27' title='bbox 1167 480 1335 534; x_wconf 80' lang='lat' dir='ltr'><strong>dente</strong></span> <span class='ocrx_word' id='word_1_28' title='bbox 1365 477 1694 547; x_wconf 88' lang='lat' dir='ltr'><strong>contingere</strong></span> <span class='ocrx_word' id='word_1_29' title='bbox 1724 475 1994 546; x_wconf 91' lang='lat' dir='ltr'><strong>quibunt,</strong></span> <span class='ocrx_word' id='word_1_30' title='bbox 2021 487 2122 528; x_wconf 90' lang='lat' dir='ltr'><strong>nec</strong></span> 
     </span>
    </p>
   </div>
   <div class='ocr_carea' id='block_1_5' title="bbox 469 563 2114 642">
    <p class='ocr_par' dir='ltr' id='par_1_5' title="bbox 469 563 2114 642">
     <span class='ocr_line' id='line_1_5' title="bbox 469 563 2114 642; baseline -0.006 -14"><span class='ocrx_word' id='word_1_31' title='bbox 469 572 842 642; x_wconf 88' lang='lat' dir='ltr'><strong>Walpurgam</strong></span> <span class='ocrx_word' id='word_1_32' title='bbox 872 567 977 640; x_wconf 88' lang='lat' dir='ltr'><strong>(sic</strong></span> <span class='ocrx_word' id='word_1_33' title='bbox 1009 569 1164 624; x_wconf 89' lang='lat' dir='ltr'><strong>enim</strong></span> <span class='ocrx_word' id='word_1_34' title='bbox 1193 566 1512 636; x_wconf 89' lang='lat' dir='ltr'><strong>nuncupor)</strong></span> <span class='ocrx_word' id='word_1_35' title='bbox 1540 565 1796 620; x_wconf 84' lang='lat' dir='ltr'><strong>mordere</strong></span> <span class='ocrx_word' id='word_1_36' title='bbox 1823 563 2114 619; x_wconf 86' lang='lat' dir='ltr'><strong>valebunt.</strong></span> 
     </span>
    </p>
   </div>
   <div class='ocr_carea' id='block_1_6' title="bbox 473 652 2125 731">
    <p class='ocr_par' dir='ltr' id='par_1_6' title="bbox 473 652 2125 731">
     <span class='ocr_line' id='line_1_6' title="bbox 473 652 2125 731; baseline -0.006 -13"><span class='ocrx_word' id='word_1_37' title='bbox 473 664 600 731; x_wconf 88' lang='lat' dir='ltr'><strong>Ipse</strong></span> <span class='ocrx_word' id='word_1_38' title='bbox 629 673 828 730; x_wconf 88' lang='lat' dir='ltr'><strong>nempe</strong></span> <span class='ocrx_word' id='word_1_39' title='bbox 853 659 953 730; x_wconf 86' lang='lat' dir='ltr'><strong>qui</strong></span> <span class='ocrx_word' id='word_1_40' title='bbox 989 672 1074 712; x_wconf 91' lang='lat' dir='ltr'><strong>me</strong></span> <span class='ocrx_word' id='word_1_41' title='bbox 1101 658 1170 712; x_wconf 89' lang='lat' dir='ltr'><strong>ad</strong></span> <span class='ocrx_word' id='word_1_42' title='bbox 1201 657 1432 712; x_wconf 91' lang='lat' dir='ltr'><strong>domum</strong></span> <span class='ocrx_word' id='word_1_43' title='bbox 1465 660 1617 710; x_wconf 89' lang='lat' dir='ltr'><strong>tuam</strong></span> <span class='ocrx_word' id='word_1_44' title='bbox 1655 652 1924 723; x_wconf 85' lang='lat' dir='ltr'><strong>perduxit</strong></span> <span class='ocrx_word' id='word_1_45' title='bbox 1956 653 2125 708; x_wconf 91' lang='lat' dir='ltr'><strong>inco-</strong></span> 
     </span>
    </p>
   </div>
   <div class='ocr_carea' id='block_1_7' title="bbox 473 741 2126 819">
    <p class='ocr_par' dir='ltr' id='par_1_7' title="bbox 473 741 2126 819">
     <span class='ocr_line' id='line_1_7' title="bbox 473 741 2126 819; baseline -0.007 -14"><span class='ocrx_word' id='word_1_46' title='bbox 473 749 704 819; x_wconf 87' lang='lat' dir='ltr'><strong>lumem,</strong></span> <span class='ocrx_word' id='word_1_47' title='bbox 754 748 824 802; x_wconf 90' lang='lat' dir='ltr'><strong>ad</strong></span> <span class='ocrx_word' id='word_1_48' title='bbox 869 747 1058 802; x_wconf 90' lang='lat' dir='ltr'><strong>locum</strong></span> <span class='ocrx_word' id='word_1_49' title='bbox 1104 745 1254 800; x_wconf 91' lang='lat' dir='ltr'><strong>unde</strong></span> <span class='ocrx_word' id='word_1_50' title='bbox 1292 743 1418 799; x_wconf 88' lang='lat' dir='ltr'><strong>veni</strong></span> <span class='ocrx_word' id='word_1_51' title='bbox 1470 743 1701 798; x_wconf 86' lang='lat' dir='ltr'><strong>reducet</strong></span> <span class='ocrx_word' id='word_1_52' title='bbox 1740 741 2036 810; x_wconf 86' lang='lat' dir='ltr'><strong>valentem,</strong></span> <span class='ocrx_word' id='word_1_53' title='bbox 2069 745 2126 795; x_wconf 92' lang='lat' dir='ltr'><strong>et</strong></span> 
     </span>
    </p>
   </div>
   <div class='ocr_carea' id='block_1_8' title="bbox 474 829 2124 908">
    <p class='ocr_par' dir='ltr' id='par_1_8' title="bbox 474 829 2124 908">
     <span class='ocr_line' id='line_1_8' title="bbox 474 829 2124 908; baseline -0.006 -15"><span class='ocrx_word' id='word_1_54' title='bbox 474 837 574 908; x_wconf 89' lang='lat' dir='ltr'><strong>qui</strong></span> <span class='ocrx_word' id='word_1_55' title='bbox 610 849 697 892; x_wconf 92' lang='lat' dir='ltr'><strong>me</strong></span> <span class='ocrx_word' id='word_1_56' title='bbox 719 837 788 891; x_wconf 91' lang='lat' dir='ltr'><strong>ad</strong></span> <span class='ocrx_word' id='word_1_57' title='bbox 819 839 984 891; x_wconf 91' lang='lat' dir='ltr'><strong>tuum</strong></span> <span class='ocrx_word' id='word_1_58' title='bbox 1015 839 1068 889; x_wconf 90' lang='lat' dir='ltr'><strong>te</strong></span> <span class='ocrx_word' id='word_1_59' title='bbox 1105 833 1405 904; x_wconf 78' lang='lat' dir='ltr'><strong>ignorante</strong></span> <span class='ocrx_word' id='word_1_60' title='bbox 1451 830 1690 900; x_wconf 81' lang='lat' dir='ltr'><strong>pertulit</strong></span> <span class='ocrx_word' id='word_1_61' title='bbox 1727 829 1944 885; x_wconf 86' lang='lat' dir='ltr'><strong>atrium</strong></span> <span class='ocrx_word' id='word_1_62' title='bbox 2003 829 2124 898; x_wconf 90' lang='lat' dir='ltr'><strong>ipse</strong></span> 
     </span>
    </p>
   </div>
   <div class='ocr_carea' id='block_1_9' title="bbox 472 917 2128 990">
    <p class='ocr_par' dir='ltr' id='par_1_9' title="bbox 472 917 2128 990">
     <span class='ocr_line' id='line_1_9' title="bbox 472 917 2128 990; baseline -0.006 -8"><span class='ocrx_word' id='word_1_63' title='bbox 472 925 670 983; x_wconf 89' lang='lat' dir='ltr'><strong>domui</strong></span> <span class='ocrx_word' id='word_1_64' title='bbox 703 929 816 980; x_wconf 71' lang='lat' dir='ltr'><strong>tute</strong></span> <span class='ocrx_word' id='word_1_65' title='bbox 841 923 1138 978; x_wconf 58' lang='lat' dir='ltr'><strong>medicina</strong></span> <span class='ocrx_word' id='word_1_66' title='bbox 1167 919 1452 977; x_wconf 88' lang='lat' dir='ltr'><strong>conferret</strong></span> <span class='ocrx_word' id='word_1_67' title='bbox 1475 920 1710 990; x_wconf 83' lang='lat' dir='ltr'><strong>donum,</strong></span> <span class='ocrx_word' id='word_1_68' title='bbox 1741 919 1791 974; x_wconf 90' lang='lat' dir='ltr'><strong>si</strong></span> <span class='ocrx_word' id='word_1_69' title='bbox 1815 918 1954 974; x_wconf 88' lang='lat' dir='ltr'><strong>totis</strong></span> <span class='ocrx_word' id='word_1_70' title='bbox 1974 917 2128 972; x_wconf 88' lang='lat' dir='ltr'><strong>viri—-</strong></span> 
     </span>
    </p>
   </div>
   <div class='ocr_carea' id='block_1_10' title="bbox 473 1006 2127 1075">
    <p class='ocr_par' dir='ltr' id='par_1_10' title="bbox 473 1006 2127 1075">
     <span class='ocr_line' id='line_1_10' title="bbox 473 1006 2127 1075; baseline -0.006 -4"><span class='ocrx_word' id='word_1_71' title='bbox 473 1013 583 1070; x_wconf 87' lang='lat' dir='ltr'><strong>bus</strong></span> <span class='ocrx_word' id='word_1_72' title='bbox 619 1013 878 1070; x_wconf 86' lang='lat' dir='ltr'><strong>eumdem</strong></span> <span class='ocrx_word' id='word_1_73' title='bbox 917 1010 1234 1067; x_wconf 90' lang='lat' dir='ltr'><strong>credideris</strong></span> <span class='ocrx_word' id='word_1_74' title='bbox 1279 1009 1558 1064; x_wconf 91' lang='lat' dir='ltr'><strong>medicum</strong></span> <span class='ocrx_word' id='word_1_75' title='bbox 1599 1007 1972 1062; x_wconf 91' lang='lat' dir='ltr'><strong>medicorum.</strong></span> <span class='ocrx_word' id='word_1_76' title='bbox 2005 1006 2127 1075; x_wconf 89' lang='lat' dir='ltr'><strong>Quo</strong></span> 
     </span>
    </p>
   </div>
   <div class='ocr_carea' id='block_1_11' title="bbox 473 1095 2128 1172">
    <p class='ocr_par' dir='ltr' id='par_1_11' title="bbox 473 1095 2128 1172">
     <span class='ocr_line' id='line_1_11' title="bbox 473 1095 2128 1172; baseline -0.005 -14"><span class='ocrx_word' id='word_1_77' title='bbox 473 1102 694 1172; x_wconf 88' lang='lat' dir='ltr'><strong>audito,</strong></span> <span class='ocrx_word' id='word_1_78' title='bbox 725 1102 816 1156; x_wconf 91' lang='lat' dir='ltr'><strong>vir</strong></span> <span class='ocrx_word' id='word_1_79' title='bbox 845 1100 1100 1156; x_wconf 89' lang='lat' dir='ltr'><strong>illustris</strong></span> <span class='ocrx_word' id='word_1_80' title='bbox 1128 1113 1161 1154; x_wconf 87' lang='lat' dir='ltr'><strong>a</strong></span> <span class='ocrx_word' id='word_1_81' title='bbox 1187 1099 1311 1154; x_wconf 93' lang='lat' dir='ltr'><strong>loco</strong></span> <span class='ocrx_word' id='word_1_82' title='bbox 1344 1112 1456 1169; x_wconf 90' lang='lat' dir='ltr'><strong>quo</strong></span> <span class='ocrx_word' id='word_1_83' title='bbox 1487 1097 1711 1152; x_wconf 87' lang='lat' dir='ltr'><strong>sederat</strong></span> <span class='ocrx_word' id='word_1_84' title='bbox 1742 1095 1902 1151; x_wconf 90' lang='lat' dir='ltr'><strong>illico</strong></span> <span class='ocrx_word' id='word_1_85' title='bbox 1933 1095 2128 1164; x_wconf 89' lang='lat' dir='ltr'><strong>prosi-</strong></span> 
     </span>
    </p>
   </div>
   <div class='ocr_carea' id='block_1_12' title="bbox 475 1185 2129 1261">
    <p class='ocr_par' dir='ltr' id='par_1_12' title="bbox 475 1185 2129 1261">
     <span class='ocr_line' id='line_1_12' title="bbox 475 1185 2129 1261; baseline -0.005 -14"><span class='ocrx_word' id='word_1_86' title='bbox 475 1191 624 1261; x_wconf 89' lang='lat' dir='ltr'><strong>livit,</strong></span> <span class='ocrx_word' id='word_1_87' title='bbox 667 1195 724 1246; x_wconf 91' lang='lat' dir='ltr'><strong>et</strong></span> <span class='ocrx_word' id='word_1_88' title='bbox 760 1191 954 1246; x_wconf 89' lang='lat' dir='ltr'><strong>animo</strong></span> <span class='ocrx_word' id='word_1_89' title='bbox 1003 1192 1423 1257; x_wconf 88' lang='lat' dir='ltr'><strong>consternatus,</strong></span> <span class='ocrx_word' id='word_1_90' title='bbox 1457 1199 1633 1256; x_wconf 91' lang='lat' dir='ltr'><strong>quare</strong></span> <span class='ocrx_word' id='word_1_91' title='bbox 1661 1185 1730 1240; x_wconf 86' lang='lat' dir='ltr'><strong>ad</strong></span> <span class='ocrx_word' id='word_1_92' title='bbox 1764 1185 1980 1240; x_wconf 88' lang='lat' dir='ltr'><strong>ostium</strong></span> <span class='ocrx_word' id='word_1_93' title='bbox 2014 1197 2129 1239; x_wconf 88' lang='lat' dir='ltr'><strong>no—</strong></span> 
     </span>
    </p>
   </div>
   <div class='ocr_carea' id='block_1_13' title="bbox 473 1273 2126 1350">
    <p class='ocr_par' dir='ltr' id='par_1_13' title="bbox 473 1273 2126 1350">
     <span class='ocr_line' id='line_1_13' title="bbox 473 1273 2126 1350; baseline -0.005 -14"><span class='ocrx_word' id='word_1_94' title='bbox 473 1280 616 1336; x_wconf 87' lang='lat' dir='ltr'><strong>bilis</strong></span> <span class='ocrx_word' id='word_1_95' title='bbox 664 1292 902 1350; x_wconf 89' lang='lat' dir='ltr'><strong>persona</strong></span> <span class='ocrx_word' id='word_1_96' title='bbox 946 1283 1002 1334; x_wconf 89' lang='lat' dir='ltr'><strong>et</strong></span> <span class='ocrx_word' id='word_1_97' title='bbox 1047 1276 1470 1346; x_wconf 90' lang='lat' dir='ltr'><strong>Omnipotentis</strong></span> <span class='ocrx_word' id='word_1_98' title='bbox 1523 1274 1736 1330; x_wconf 89' lang='lat' dir='ltr'><strong>ancilla</strong></span> <span class='ocrx_word' id='word_1_99' title='bbox 1778 1273 2126 1340; x_wconf 85' lang='lat' dir='ltr'><strong>constiterit,</strong></span> 
     </span>
    </p>
   </div>
   <div class='ocr_carea' id='block_1_14' title="bbox 475 1362 2133 1439">
    <p class='ocr_par' dir='ltr' id='par_1_14' title="bbox 475 1362 2133 1439">
     <span class='ocr_line' id='line_1_14' title="bbox 475 1362 2133 1439; baseline -0.005 -15"><span class='ocrx_word' id='word_1_100' title='bbox 475 1368 800 1439; x_wconf 85' lang='lat' dir='ltr'><strong>requisivit.</strong></span> <span class='ocrx_word' id='word_1_101' title='bbox 846 1367 948 1423; x_wconf 92' lang='lat' dir='ltr'><strong>Illa</strong></span> <span class='ocrx_word' id='word_1_102' title='bbox 993 1381 1122 1422; x_wconf 91' lang='lat' dir='ltr'><strong>vero</strong></span> <span class='ocrx_word' id='word_1_103' title='bbox 1167 1379 1277 1421; x_wconf 91' lang='lat' dir='ltr'><strong>non</strong></span> <span class='ocrx_word' id='word_1_104' title='bbox 1323 1364 1448 1420; x_wconf 90' lang='lat' dir='ltr'><strong>sine</strong></span> <span class='ocrx_word' id='word_1_105' title='bbox 1485 1377 1657 1420; x_wconf 88' lang='lat' dir='ltr'><strong>causa</strong></span> <span class='ocrx_word' id='word_1_106' title='bbox 1687 1377 1746 1418; x_wconf 92' lang='lat' dir='ltr'><strong>se</strong></span> <span class='ocrx_word' id='word_1_107' title='bbox 1775 1362 1998 1418; x_wconf 86' lang='lat' dir='ltr'><strong>venisse</strong></span> <span class='ocrx_word' id='word_1_108' title='bbox 2031 1375 2133 1416; x_wconf 87' lang='lat' dir='ltr'><strong>as-</strong></span> 
     </span>
    </p>
   </div>
   <div class='ocr_carea' id='block_1_15' title="bbox 474 1451 2129 1514">
    <p class='ocr_par' dir='ltr' id='par_1_15' title="bbox 474 1451 2129 1514">
     <span class='ocr_line' id='line_1_15' title="bbox 474 1451 2129 1514; baseline -0.005 0"><span class='ocrx_word' id='word_1_109' title='bbox 474 1459 677 1514; x_wconf 89' lang='lat' dir='ltr'><strong>seruit.</strong></span> <span class='ocrx_word' id='word_1_110' title='bbox 720 1459 862 1514; x_wconf 91' lang='lat' dir='ltr'><strong>Tum</strong></span> <span class='ocrx_word' id='word_1_111' title='bbox 897 1457 988 1512; x_wconf 90' lang='lat' dir='ltr'><strong>vir</strong></span> <span class='ocrx_word' id='word_1_112' title='bbox 1030 1461 1376 1511; x_wconf 89' lang='lat' dir='ltr'><strong>memoratus</strong></span> <span class='ocrx_word' id='word_1_113' title='bbox 1412 1467 1540 1510; x_wconf 91' lang='lat' dir='ltr'><strong>cum</strong></span> <span class='ocrx_word' id='word_1_114' title='bbox 1581 1453 1735 1507; x_wconf 90' lang='lat' dir='ltr'><strong>omni</strong></span> <span class='ocrx_word' id='word_1_115' title='bbox 1767 1451 2129 1507; x_wconf 86' lang='lat' dir='ltr'><strong>veneratione</strong></span> 
     </span>
    </p>
   </div>
   <div class='ocr_carea' id='block_1_16' title="bbox 474 1539 2129 1613">
    <p class='ocr_par' dir='ltr' id='par_1_16' title="bbox 474 1539 2129 1613">
     <span class='ocr_line' id='line_1_16' title="bbox 474 1539 2129 1613; baseline -0.005 -11"><span class='ocrx_word' id='word_1_116' title='bbox 474 1560 598 1602; x_wconf 77' lang='lat' dir='ltr'><strong>eam</strong></span> <span class='ocrx_word' id='word_1_117' title='bbox 627 1547 687 1601; x_wconf 93' lang='lat' dir='ltr'><strong>in</strong></span> <span class='ocrx_word' id='word_1_118' title='bbox 719 1547 887 1602; x_wconf 92' lang='lat' dir='ltr'><strong>domo</strong></span> <span class='ocrx_word' id='word_1_119' title='bbox 915 1544 1156 1613; x_wconf 84' lang='lat' dir='ltr'><strong>excepit,</strong></span> <span class='ocrx_word' id='word_1_120' title='bbox 1189 1549 1244 1598; x_wconf 90' lang='lat' dir='ltr'><strong>et</strong></span> <span class='ocrx_word' id='word_1_121' title='bbox 1287 1555 1507 1598; x_wconf 90' lang='lat' dir='ltr'><strong>omnem</strong></span> <span class='ocrx_word' id='word_1_122' title='bbox 1549 1540 1886 1596; x_wconf 87' lang='lat' dir='ltr'><strong>famulatum</strong></span> <span class='ocrx_word' id='word_1_123' title='bbox 1923 1539 2129 1595; x_wconf 71' lang='lat' dir='ltr'><strong>debitae</strong></span> 
     </span>
    </p>
   </div>
   <div class='ocr_carea' id='block_1_17' title="bbox 477 1628 2130 1688">
    <p class='ocr_par' dir='ltr' id='par_1_17' title="bbox 477 1628 2130 1688">
     <span class='ocr_line' id='line_1_17' title="bbox 477 1628 2130 1688; baseline -0.004 0"><span class='ocrx_word' id='word_1_124' title='bbox 477 1633 776 1688; x_wconf 86' lang='lat' dir='ltr'><strong>servitutis</strong></span> <span class='ocrx_word' id='word_1_125' title='bbox 809 1631 1095 1687; x_wconf 81' lang='lat' dir='ltr'><strong>exhibuit.</strong></span> <span class='ocrx_word' id='word_1_126' title='bbox 1130 1629 1237 1685; x_wconf 87' lang='lat' dir='ltr'><strong>Ubi</strong></span> <span class='ocrx_word' id='word_1_127' title='bbox 1259 1634 1489 1684; x_wconf 91' lang='lat' dir='ltr'><strong>ventum</strong></span> <span class='ocrx_word' id='word_1_128' title='bbox 1512 1634 1598 1684; x_wconf 89' lang='lat' dir='ltr'><strong>est</strong></span> <span class='ocrx_word' id='word_1_129' title='bbox 1622 1629 1690 1683; x_wconf 90' lang='lat' dir='ltr'><strong>ad</strong></span> <span class='ocrx_word' id='word_1_130' title='bbox 1717 1628 1903 1684; x_wconf 90' lang='lat' dir='ltr'><strong>noctis</strong></span> <span class='ocrx_word' id='word_1_131' title='bbox 1939 1640 2130 1682; x_wconf 90' lang='lat' dir='ltr'><strong>moras</strong></span> 
     </span>
    </p>
   </div>
   <div class='ocr_carea' id='block_1_18' title="bbox 477 1699 2313 1791">
    <p class='ocr_par' dir='ltr' id='par_1_18' title="bbox 477 1699 2313 1791">
     <span class='ocr_line' id='line_1_18' title="bbox 477 1699 2313 1791; baseline -0.005 -14"><span class='ocrx_word' id='word_1_132' title='bbox 477 1721 704 1791; x_wconf 90' lang='lat' dir='ltr'><strong>soporis</strong></span> <span class='ocrx_word' id='word_1_133' title='bbox 737 1719 972 1776; x_wconf 90' lang='lat' dir='ltr'><strong>silentio</strong></span> <span class='ocrx_word' id='word_1_134' title='bbox 1006 1717 1420 1788; x_wconf 88' lang='lat' dir='ltr'><strong>temperandas,</strong></span> <span class='ocrx_word' id='word_1_135' title='bbox 1455 1730 1674 1772; x_wconf 87' lang='lat' dir='ltr'><strong>sacram</strong></span> <span class='ocrx_word' id='word_1_136' title='bbox 1706 1716 1984 1787; x_wconf 82' lang='lat' dir='ltr'><strong>virginem</strong></span> <span class='ocrx_word' id='word_1_137' title='bbox 2015 1727 2126 1770; x_wconf 91' lang='lat' dir='ltr'><strong>non</strong></span> <span class='ocrx_word' id='word_1_138' title='bbox 2161 1699 2213 1760; x_wconf 89' lang='grc' dir='ltr'>Β</span> <span class='ocrx_word' id='word_1_139' title='bbox 2307 1739 2313 1742; x_wconf 92' lang='grc'><strong>-</strong></span> 
     </span>
    </p>
   </div>
   <div class='ocr_carea' id='block_1_19' title="bbox 477 1804 2194 1880">
    <p class='ocr_par' dir='ltr' id='par_1_19' title="bbox 477 1804 2194 1880">
     <span class='ocr_line' id='line_1_19' title="bbox 477 1804 2194 1880; baseline -0.002 -14"><span class='ocrx_word' id='word_1_140' title='bbox 477 1809 696 1866; x_wconf 87' lang='lat' dir='ltr'><strong>alicubi</strong></span> <span class='ocrx_word' id='word_1_141' title='bbox 737 1821 978 1880; x_wconf 87' lang='lat' dir='ltr'><strong>pausare</strong></span> <span class='ocrx_word' id='word_1_142' title='bbox 1020 1807 1300 1863; x_wconf 90' lang='lat' dir='ltr'><strong>volentem</strong></span> <span class='ocrx_word' id='word_1_143' title='bbox 1337 1807 1396 1862; x_wconf 93' lang='lat' dir='ltr'><strong>in</strong></span> <span class='ocrx_word' id='word_1_144' title='bbox 1427 1805 1758 1862; x_wconf 89' lang='lat' dir='ltr'><strong>cubiculum</strong></span> <span class='ocrx_word' id='word_1_145' title='bbox 1801 1804 2130 1876; x_wconf 84' lang='lat' dir='ltr'><strong>languentis</strong></span> <span class='ocrx_word' id='word_1_146' title='bbox 2190 1858 2194 1862; x_wconf 88' lang='lat'><strong>.</strong></span> 
     </span>
    </p>
   </div>
   <div class='ocr_carea' id='block_1_20' title="bbox 477 1892 2131 1968">
    <p class='ocr_par' dir='ltr' id='par_1_20' title="bbox 477 1892 2131 1968">
     <span class='ocr_line' id='line_1_20' title="bbox 477 1892 2131 1968; baseline -0.004 -14"><span class='ocrx_word' id='word_1_147' title='bbox 477 1898 614 1954; x_wconf 71' lang='lat' dir='ltr'><strong>filiae</strong></span> <span class='ocrx_word' id='word_1_148' title='bbox 648 1897 909 1968; x_wconf 87' lang='lat' dir='ltr'><strong>trepidus</strong></span> <span class='ocrx_word' id='word_1_149' title='bbox 940 1895 1284 1952; x_wconf 84' lang='lat' dir='ltr'><strong>introduxit.</strong></span> <span class='ocrx_word' id='word_1_150' title='bbox 1319 1897 1451 1951; x_wconf 88' lang='lat' dir='ltr'><strong>Erat</strong></span> <span class='ocrx_word' id='word_1_151' title='bbox 1478 1895 1628 1950; x_wconf 92' lang='lat' dir='ltr'><strong>enim</strong></span> <span class='ocrx_word' id='word_1_152' title='bbox 1675 1894 1916 1966; x_wconf 84' lang='lat' dir='ltr'><strong>languor</strong></span> <span class='ocrx_word' id='word_1_153' title='bbox 1939 1892 2131 1948; x_wconf 85' lang='lat' dir='ltr'><strong>cordis</strong></span> 
     </span>
    </p>
   </div>
   <div class='ocr_carea' id='block_1_21' title="bbox 472 1982 2136 2058">
    <p class='ocr_par' dir='ltr' id='par_1_21' title="bbox 472 1982 2136 2058">
     <span class='ocr_line' id='line_1_21' title="bbox 472 1982 2136 2058; baseline -0.004 -16"><span class='ocrx_word' id='word_1_154' title='bbox 472 1987 590 2057; x_wconf 84' lang='lat' dir='ltr'><strong>jam</strong></span> <span class='ocrx_word' id='word_1_155' title='bbox 618 1991 920 2058; x_wconf 89' lang='lat' dir='ltr'><strong>penetrans</strong></span> <span class='ocrx_word' id='word_1_156' title='bbox 947 1985 1141 2055; x_wconf 81' lang='lat' dir='ltr'><strong>ﬁbras,</strong></span> <span class='ocrx_word' id='word_1_157' title='bbox 1174 1989 1230 2040; x_wconf 87' lang='lat' dir='ltr'><strong>et</strong></span> <span class='ocrx_word' id='word_1_158' title='bbox 1261 1983 1576 2053; x_wconf 87' lang='lat' dir='ltr'><strong>intercepto</strong></span> <span class='ocrx_word' id='word_1_159' title='bbox 1604 1982 1802 2038; x_wconf 87' lang='lat' dir='ltr'><strong>vitalis</strong></span> <span class='ocrx_word' id='word_1_160' title='bbox 1830 1983 2000 2038; x_wconf 85' lang='lat' dir='ltr'><strong>ﬂatus</strong></span> <span class='ocrx_word' id='word_1_161' title='bbox 2025 1993 2136 2036; x_wconf 90' lang='lat' dir='ltr'><strong>an—</strong></span> 
     </span>
    </p>
   </div>
   <div class='ocr_carea' id='block_1_22' title="bbox 479 2069 2135 2144">
    <p class='ocr_par' dir='ltr' id='par_1_22' title="bbox 479 2069 2135 2144">
     <span class='ocr_line' id='line_1_22' title="bbox 479 2069 2135 2144; baseline -0.004 -13"><span class='ocrx_word' id='word_1_162' title='bbox 479 2075 666 2132; x_wconf 88' lang='lat' dir='ltr'><strong>helitu</strong></span> <span class='ocrx_word' id='word_1_163' title='bbox 693 2074 896 2130; x_wconf 88' lang='lat' dir='ltr'><strong>mortis</strong></span> <span class='ocrx_word' id='word_1_164' title='bbox 916 2073 1316 2144; x_wconf 90' lang='lat' dir='ltr'><strong>compendium</strong></span> <span class='ocrx_word' id='word_1_165' title='bbox 1343 2078 1538 2142; x_wconf 91' lang='lat' dir='ltr'><strong>parato</strong></span> <span class='ocrx_word' id='word_1_166' title='bbox 1566 2072 1776 2128; x_wconf 88' lang='lat' dir='ltr'><strong>itinere</strong></span> <span class='ocrx_word' id='word_1_167' title='bbox 1801 2078 1995 2141; x_wconf 89' lang='lat' dir='ltr'><strong>portas</strong></span> <span class='ocrx_word' id='word_1_168' title='bbox 2015 2069 2135 2125; x_wconf 92' lang='lat' dir='ltr'><strong>oris</strong></span> 
     </span>
    </p>
   </div>
   <div class='ocr_carea' id='block_1_23' title="bbox 480 2147 2133 2230">
    <p class='ocr_par' dir='ltr' id='par_1_23' title="bbox 480 2147 2133 2230">
     <span class='ocr_line' id='line_1_23' title="bbox 480 2147 2133 2230; baseline -0.005 -10"><span class='ocrx_word' id='word_1_169' title='bbox 480 2164 700 2221; x_wconf 88' lang='lat' dir='ltr'><strong>hiantis</strong></span> <span class='ocrx_word' id='word_1_170' title='bbox 741 2163 902 2220; x_wconf 88' lang='lat' dir='ltr'><strong>adire</strong></span> <span class='ocrx_word' id='word_1_171' title='bbox 945 2162 1218 2218; x_wconf 89' lang='lat' dir='ltr'><strong>tentabat.</strong></span> <span class='ocrx_word' id='word_1_172' title='bbox 1259 2147 1400 2217; x_wconf 72' lang='lat' dir='ltr'><strong>Tum</strong></span> <span class='ocrx_word' id='word_1_173' title='bbox 1442 2165 1600 2230; x_wconf 89' lang='lat' dir='ltr'><strong>pater</strong></span> <span class='ocrx_word' id='word_1_174' title='bbox 1637 2161 1891 2230; x_wconf 90' lang='lat' dir='ltr'><strong>ejusdem</strong></span> <span class='ocrx_word' id='word_1_175' title='bbox 1931 2157 2133 2228; x_wconf 76' lang='lat' dir='ltr'><strong>puellae</strong></span> 
     </span>
    </p>
   </div>
   <div class='ocr_carea' id='block_1_24' title="bbox 479 2247 2134 2324">
    <p class='ocr_par' dir='ltr' id='par_1_24' title="bbox 479 2247 2134 2324">
     <span class='ocr_line' id='line_1_24' title="bbox 479 2247 2134 2324; baseline -0.005 -15"><span class='ocrx_word' id='word_1_176' title='bbox 479 2253 654 2310; x_wconf 89' lang='lat' dir='ltr'><strong>labiis</strong></span> <span class='ocrx_word' id='word_1_177' title='bbox 671 2251 1090 2324; x_wconf 84' lang='lat' dir='ltr'><strong>palpitantibus</strong></span> <span class='ocrx_word' id='word_1_178' title='bbox 1111 2251 1374 2322; x_wconf 88' lang='lat' dir='ltr'><strong>mugiens</strong></span> <span class='ocrx_word' id='word_1_179' title='bbox 1393 2249 1662 2320; x_wconf 89' lang='lat' dir='ltr'><strong>ejulabat,</strong></span> <span class='ocrx_word' id='word_1_180' title='bbox 1682 2255 1738 2304; x_wconf 91' lang='lat' dir='ltr'><strong>et</strong></span> <span class='ocrx_word' id='word_1_181' title='bbox 1755 2253 1898 2304; x_wconf 81' lang='lat' dir='ltr'><strong>natae</strong></span> <span class='ocrx_word' id='word_1_182' title='bbox 1918 2247 2134 2304; x_wconf 88' lang='lat' dir='ltr'><strong>charis-</strong></span> 
     </span>
    </p>
   </div>
   <div class='ocr_carea' id='block_1_25' title="bbox 480 2337 2132 2411">
    <p class='ocr_par' dir='ltr' id='par_1_25' title="bbox 480 2337 2132 2411">
     <span class='ocr_line' id='line_1_25' title="bbox 480 2337 2132 2411; baseline -0.005 -11"><span class='ocrx_word' id='word_1_183' title='bbox 480 2343 641 2400; x_wconf 63' lang='lat' dir='ltr'><strong>sima:</strong></span> <span class='ocrx_word' id='word_1_184' title='bbox 683 2341 896 2397; x_wconf 90' lang='lat' dir='ltr'><strong>amaris</strong></span> <span class='ocrx_word' id='word_1_185' title='bbox 934 2339 1204 2411; x_wconf 89' lang='lat' dir='ltr'><strong>lacrymis</strong></span> <span class='ocrx_word' id='word_1_186' title='bbox 1243 2337 1505 2395; x_wconf 81' lang='lat' dir='ltr'><strong>funebria</strong></span> <span class='ocrx_word' id='word_1_187' title='bbox 1547 2337 1913 2408; x_wconf 65' lang='lat' dir='ltr'><strong>praeparabat.</strong></span> <span class='ocrx_word' id='word_1_188' title='bbox 1957 2340 2132 2392; x_wconf 86' lang='lat' dir='ltr'><strong>Mater</strong></span> 
     </span>
    </p>
   </div>
   <div class='ocr_carea' id='block_1_26' title="bbox 479 2428 2132 2496">
    <p class='ocr_par' dir='ltr' id='par_1_26' title="bbox 479 2428 2132 2496">
     <span class='ocr_line' id='line_1_26' title="bbox 479 2428 2132 2496; baseline -0.004 -10"><span class='ocrx_word' id='word_1_189' title='bbox 479 2445 612 2488; x_wconf 88' lang='lat' dir='ltr'><strong>vero</strong></span> <span class='ocrx_word' id='word_1_190' title='bbox 644 2431 851 2485; x_wconf 86' lang='lat' dir='ltr'><strong>intimo</strong></span> <span class='ocrx_word' id='word_1_191' title='bbox 879 2429 1074 2484; x_wconf 90' lang='lat' dir='ltr'><strong>cordis</strong></span> <span class='ocrx_word' id='word_1_192' title='bbox 1103 2441 1311 2482; x_wconf 91' lang='lat' dir='ltr'><strong>arcano</strong></span> <span class='ocrx_word' id='word_1_193' title='bbox 1337 2428 1453 2495; x_wconf 90' lang='lat' dir='ltr'><strong>jam</strong></span> <span class='ocrx_word' id='word_1_194' title='bbox 1499 2440 1638 2496; x_wconf 93' lang='lat' dir='ltr'><strong>pene</strong></span> <span class='ocrx_word' id='word_1_195' title='bbox 1679 2431 2043 2496; x_wconf 62' lang='lat' dir='ltr'><strong>praemortua,</strong></span> <span class='ocrx_word' id='word_1_196' title='bbox 2075 2431 2132 2479; x_wconf 91' lang='lat' dir='ltr'><strong>et</strong></span> 
     </span>
    </p>
   </div>
   <div class='ocr_carea' id='block_1_27' title="bbox 483 2513 2133 2589">
    <p class='ocr_par' dir='ltr' id='par_1_27' title="bbox 483 2513 2133 2589">
     <span class='ocr_line' id='line_1_27' title="bbox 483 2513 2133 2589; baseline -0.004 -15"><span class='ocrx_word' id='word_1_197' title='bbox 483 2518 726 2589; x_wconf 83' lang='lat' dir='ltr'><strong>pendula</strong></span> <span class='ocrx_word' id='word_1_198' title='bbox 752 2518 812 2572; x_wconf 93' lang='lat' dir='ltr'><strong>in</strong></span> <span class='ocrx_word' id='word_1_199' title='bbox 839 2517 1070 2586; x_wconf 88' lang='lat' dir='ltr'><strong>planctu</strong></span> <span class='ocrx_word' id='word_1_200' title='bbox 1091 2530 1224 2572; x_wconf 86' lang='lat' dir='ltr'><strong>voce</strong></span> <span class='ocrx_word' id='word_1_201' title='bbox 1244 2515 1486 2570; x_wconf 90' lang='lat' dir='ltr'><strong>dimissa</strong></span> <span class='ocrx_word' id='word_1_202' title='bbox 1515 2514 1840 2569; x_wconf 86' lang='lat' dir='ltr'><strong>exhalantis</strong></span> <span class='ocrx_word' id='word_1_203' title='bbox 1867 2513 2002 2568; x_wconf 68' lang='lat' dir='ltr'><strong>tiliae</strong></span> <span class='ocrx_word' id='word_1_204' title='bbox 2023 2528 2133 2583; x_wconf 91' lang='lat' dir='ltr'><strong>op—</strong></span> 
     </span>
    </p>
   </div>
   <div class='ocr_carea' id='block_1_28' title="bbox 481 2602 2136 2678">
    <p class='ocr_par' dir='ltr' id='par_1_28' title="bbox 481 2602 2136 2678">
     <span class='ocr_line' id='line_1_28' title="bbox 481 2602 2136 2678; baseline -0.002 -16"><span class='ocrx_word' id='word_1_205' title='bbox 481 2606 810 2678; x_wconf 89' lang='lat' dir='ltr'><strong>periebatur</strong></span> <span class='ocrx_word' id='word_1_206' title='bbox 839 2620 1128 2677; x_wconf 88' lang='lat' dir='ltr'><strong>egressum</strong></span> <span class='ocrx_word' id='word_1_207' title='bbox 1160 2605 1255 2660; x_wconf 90' lang='lat' dir='ltr'><strong>cui</strong></span> <span class='ocrx_word' id='word_1_208' title='bbox 1273 2605 1389 2673; x_wconf 91' lang='lat' dir='ltr'><strong>jam</strong></span> <span class='ocrx_word' id='word_1_209' title='bbox 1419 2604 1676 2660; x_wconf 87' lang='lat' dir='ltr'><strong>luctuosa</strong></span> <span class='ocrx_word' id='word_1_210' title='bbox 1712 2602 1933 2659; x_wconf 83' lang='lat' dir='ltr'><strong>familia</strong></span> <span class='ocrx_word' id='word_1_211' title='bbox 1961 2617 2136 2673; x_wconf 88' lang='lat' dir='ltr'><strong>para-</strong></span> 
     </span>
    </p>
   </div>
   <div class='ocr_carea' id='block_1_29' title="bbox 480 2692 2136 2752">
    <p class='ocr_par' dir='ltr' id='par_1_29' title="bbox 480 2692 2136 2752">
     <span class='ocr_line' id='line_1_29' title="bbox 480 2692 2136 2752; baseline -0.002 -1"><span class='ocrx_word' id='word_1_212' title='bbox 480 2699 638 2752; x_wconf 89' lang='lat' dir='ltr'><strong>verat</strong></span> <span class='ocrx_word' id='word_1_213' title='bbox 675 2695 926 2752; x_wconf 90' lang='lat' dir='ltr'><strong>bustum.</strong></span> <span class='ocrx_word' id='word_1_214' title='bbox 963 2695 1170 2749; x_wconf 91' lang='lat' dir='ltr'><strong>Verum</strong></span> <span class='ocrx_word' id='word_1_215' title='bbox 1199 2693 1430 2748; x_wconf 91' lang='lat' dir='ltr'><strong>Domini</strong></span> <span class='ocrx_word' id='word_1_216' title='bbox 1469 2692 1914 2748; x_wconf 89' lang='lat' dir='ltr'><strong>clementissima</strong></span> <span class='ocrx_word' id='word_1_217' title='bbox 1955 2694 2136 2749; x_wconf 91' lang='lat' dir='ltr'><strong>mise—</strong></span> 
     </span>
    </p>
   </div>
   <div class='ocr_carea' id='block_1_30' title="bbox 483 2779 2133 2854">
    <p class='ocr_par' dir='ltr' id='par_1_30' title="bbox 483 2779 2133 2854">
     <span class='ocr_line' id='line_1_30' title="bbox 483 2779 2133 2854; baseline -0.002 -14"><span class='ocrx_word' id='word_1_218' title='bbox 483 2785 632 2840; x_wconf 86' lang='lat' dir='ltr'><strong>ratio</strong></span> <span class='ocrx_word' id='word_1_219' title='bbox 657 2783 759 2854; x_wconf 90' lang='lat' dir='ltr'><strong>qui</strong></span> <span class='ocrx_word' id='word_1_220' title='bbox 791 2782 1004 2838; x_wconf 91' lang='lat' dir='ltr'><strong>occidit</strong></span> <span class='ocrx_word' id='word_1_221' title='bbox 1033 2787 1090 2836; x_wconf 91' lang='lat' dir='ltr'><strong>et</strong></span> <span class='ocrx_word' id='word_1_222' title='bbox 1118 2782 1305 2836; x_wconf 89' lang='lat' dir='ltr'><strong>vivere</strong></span> <span class='ocrx_word' id='word_1_223' title='bbox 1337 2779 1492 2852; x_wconf 84' lang='lat' dir='ltr'><strong>facit,</strong></span> <span class='ocrx_word' id='word_1_224' title='bbox 1524 2781 1774 2850; x_wconf 87' lang='lat' dir='ltr'><strong>percutit</strong></span> <span class='ocrx_word' id='word_1_225' title='bbox 1803 2788 1857 2838; x_wconf 91' lang='lat' dir='ltr'><strong>et</strong></span> <span class='ocrx_word' id='word_1_226' title='bbox 1887 2787 2068 2852; x_wconf 86' lang='lat' dir='ltr'><strong>sanat,</strong></span> <span class='ocrx_word' id='word_1_227' title='bbox 2100 2795 2133 2837; x_wconf 90' lang='lat' dir='ltr'><strong>a</strong></span> 
     </span>
    </p>
   </div>
   <div class='ocr_carea' id='block_1_31' title="bbox 483 2869 2137 2941">
    <p class='ocr_par' dir='ltr' id='par_1_31' title="bbox 483 2869 2137 2941">
     <span class='ocr_line' id='line_1_31' title="bbox 483 2869 2137 2941; baseline -0.002 -13"><span class='ocrx_word' id='word_1_228' title='bbox 483 2878 662 2928; x_wconf 91' lang='lat' dir='ltr'><strong>morte</strong></span> <span class='ocrx_word' id='word_1_229' title='bbox 687 2871 898 2926; x_wconf 88' lang='lat' dir='ltr'><strong>minaci</strong></span> <span class='ocrx_word' id='word_1_230' title='bbox 928 2869 1257 2941; x_wconf 84' lang='lat' dir='ltr'><strong>languidam</strong></span> <span class='ocrx_word' id='word_1_231' title='bbox 1288 2869 1594 2939; x_wconf 84' lang='lat' dir='ltr'><strong>revocavit,</strong></span> <span class='ocrx_word' id='word_1_232' title='bbox 1616 2875 1671 2924; x_wconf 91' lang='lat' dir='ltr'><strong>et</strong></span> <span class='ocrx_word' id='word_1_233' title='bbox 1695 2876 1893 2926; x_wconf 90' lang='lat' dir='ltr'><strong>orante</strong></span> <span class='ocrx_word' id='word_1_234' title='bbox 1921 2884 2018 2940; x_wconf 91' lang='lat' dir='ltr'><strong>per</strong></span> <span class='ocrx_word' id='word_1_235' title='bbox 2039 2874 2137 2925; x_wconf 91' lang='lat' dir='ltr'><strong>to—</strong></span> 
     </span>
    </p>
   </div>
   <div class='ocr_carea' id='block_1_32' title="bbox 482 2955 2132 3030">
    <p class='ocr_par' dir='ltr' id='par_1_32' title="bbox 482 2955 2132 3030">
     <span class='ocr_line' id='line_1_32' title="bbox 482 2955 2132 3030; baseline -0.002 -14"><span class='ocrx_word' id='word_1_236' title='bbox 482 2967 595 3016; x_wconf 90' lang='lat' dir='ltr'><strong>tam</strong></span> <span class='ocrx_word' id='word_1_237' title='bbox 630 2965 848 3016; x_wconf 89' lang='lat' dir='ltr'><strong>noctem</strong></span> <span class='ocrx_word' id='word_1_238' title='bbox 871 2959 1096 3030; x_wconf 83' lang='lat' dir='ltr'><strong>virgine</strong></span> <span class='ocrx_word' id='word_1_239' title='bbox 1117 2955 1419 3028; x_wconf 77' lang='lat' dir='ltr'><strong>sancta,&#39;in</strong></span> <span class='ocrx_word' id='word_1_240' title='bbox 1445 2958 1761 3014; x_wconf 90' lang='lat' dir='ltr'><strong>crastinum</strong></span> <span class='ocrx_word' id='word_1_241' title='bbox 1786 2959 1974 3028; x_wconf 87' lang='lat' dir='ltr'><strong>puella</strong></span> <span class='ocrx_word' id='word_1_242' title='bbox 1995 2971 2132 3014; x_wconf 90' lang='lat' dir='ltr'><strong>sana</strong></span> 
     </span>
    </p>
   </div>
   <div class='ocr_carea' id='block_1_33' title="bbox 2236 473 3810 556">
    <p class='ocr_par' dir='ltr' id='par_1_33' title="bbox 2236 473 3810 556">
     <span class='ocr_line' id='line_1_33' title="bbox 2236 473 3810 556; baseline 0.007 -28"><span class='ocrx_word' id='word_1_243' title='bbox 2236 473 2516 544; x_wconf 89' lang='lat' dir='ltr'><strong>piscentia</strong></span> <span class='ocrx_word' id='word_1_244' title='bbox 2554 483 2879 545; x_wconf 86' lang='lat' dir='ltr'><strong>superasset</strong></span> <span class='ocrx_word' id='word_1_245' title='bbox 2917 477 3027 533; x_wconf 88' lang='lat' dir='ltr'><strong>tide</strong></span> <span class='ocrx_word' id='word_1_246' title='bbox 3072 479 3254 548; x_wconf 88' lang='lat' dir='ltr'><strong>plena,</strong></span> <span class='ocrx_word' id='word_1_247' title='bbox 3303 480 3550 537; x_wconf 91' lang='lat' dir='ltr'><strong>moribus</strong></span> <span class='ocrx_word' id='word_1_248' title='bbox 3589 481 3810 556; x_wconf 81' lang='lat' dir='ltr'><strong>insignis,</strong></span> 
     </span>
    </p>
   </div>
   <div class='ocr_carea' id='block_1_34' title="bbox 2235 563 3815 644">
    <p class='ocr_par' dir='ltr' id='par_1_34' title="bbox 2235 563 3815 644">
     <span class='ocr_line' id='line_1_34' title="bbox 2235 563 3815 644; baseline 0.006 -26"><span class='ocrx_word' id='word_1_249' title='bbox 2235 564 2514 620; x_wconf 88' lang='lat' dir='ltr'><strong>charitate</strong></span> <span class='ocrx_word' id='word_1_250' title='bbox 2545 563 2771 634; x_wconf 83' lang='lat' dir='ltr'><strong>referta,</strong></span> <span class='ocrx_word' id='word_1_251' title='bbox 2805 567 3088 636; x_wconf 87' lang='lat' dir='ltr'><strong>sapientia</strong></span> <span class='ocrx_word' id='word_1_252' title='bbox 3117 569 3396 637; x_wconf 88' lang='lat' dir='ltr'><strong>decorata,</strong></span> <span class='ocrx_word' id='word_1_253' title='bbox 3429 571 3667 626; x_wconf 86' lang='lat' dir='ltr'><strong>castitate</strong></span> <span class='ocrx_word' id='word_1_254' title='bbox 3688 587 3815 644; x_wconf 82' lang='lat' dir='ltr'><strong>gem-</strong></span> 
     </span>
    </p>
   </div>
   <div class='ocr_carea' id='block_1_35' title="bbox 2237 653 3814 730">
    <p class='ocr_par' dir='ltr' id='par_1_35' title="bbox 2237 653 3814 730">
     <span class='ocr_line' id='line_1_35' title="bbox 2237 653 3814 730; baseline 0.008 -25"><span class='ocrx_word' id='word_1_255' title='bbox 2237 658 2407 720; x_wconf 89' lang='lat' dir='ltr'><strong>mata,</strong></span> <span class='ocrx_word' id='word_1_256' title='bbox 2447 653 2840 710; x_wconf 89' lang='lat' dir='ltr'><strong>misericordia</strong></span> <span class='ocrx_word' id='word_1_257' title='bbox 2885 655 3174 726; x_wconf 88' lang='lat' dir='ltr'><strong>redimita,</strong></span> <span class='ocrx_word' id='word_1_258' title='bbox 3216 657 3537 714; x_wconf 88' lang='lat' dir='ltr'><strong>humilitate</strong></span> <span class='ocrx_word' id='word_1_259' title='bbox 3564 657 3752 730; x_wconf 85' lang='lat' dir='ltr'><strong>fulcita,</strong></span> <span class='ocrx_word' id='word_1_260' title='bbox 3773 669 3814 718; x_wconf 92' lang='lat' dir='ltr'><strong>et</strong></span> 
     </span>
    </p>
   </div>
   <div class='ocr_carea' id='block_1_36' title="bbox 2235 741 3814 817">
    <p class='ocr_par' dir='ltr' id='par_1_36' title="bbox 2235 741 3814 817">
     <span class='ocr_line' id='line_1_36' title="bbox 2235 741 3814 817; baseline 0.008 -22"><span class='ocrx_word' id='word_1_261' title='bbox 2235 741 2504 798; x_wconf 91' lang='lat' dir='ltr'><strong>omnibus</strong></span> <span class='ocrx_word' id='word_1_262' title='bbox 2519 743 2838 800; x_wconf 88' lang='lat' dir='ltr'><strong>virtutibus</strong></span> <span class='ocrx_word' id='word_1_263' title='bbox 2850 745 3145 816; x_wconf 87' lang='lat' dir='ltr'><strong>adornata,</strong></span> <span class='ocrx_word' id='word_1_264' title='bbox 3165 748 3386 803; x_wconf 90' lang='lat' dir='ltr'><strong>vocanti</strong></span> <span class='ocrx_word' id='word_1_265' title='bbox 3399 749 3642 817; x_wconf 91' lang='lat' dir='ltr'><strong>Domino,</strong></span> <span class='ocrx_word' id='word_1_266' title='bbox 3657 753 3814 808; x_wconf 86' lang='lat' dir='ltr'><strong>mortis</strong></span> 
     </span>
    </p>
   </div>
   <div class='ocr_carea' id='block_1_37' title="bbox 2236 832 3814 910">
    <p class='ocr_par' dir='ltr' id='par_1_37' title="bbox 2236 832 3814 910">
     <span class='ocr_line' id='line_1_37' title="bbox 2236 832 3814 910; baseline 0.008 -25"><span class='ocrx_word' id='word_1_267' title='bbox 2236 836 2464 901; x_wconf 89' lang='lat' dir='ltr'><strong>accepto</strong></span> <span class='ocrx_word' id='word_1_268' title='bbox 2495 832 2849 904; x_wconf 88' lang='lat' dir='ltr'><strong>compendio,</strong></span> <span class='ocrx_word' id='word_1_269' title='bbox 2886 841 3188 904; x_wconf 87' lang='lat' dir='ltr'><strong>acceptura</strong></span> <span class='ocrx_word' id='word_1_270' title='bbox 3219 838 3676 895; x_wconf 87' lang='lat' dir='ltr'><strong>remunerationis</strong></span> <span class='ocrx_word' id='word_1_271' title='bbox 3701 855 3814 910; x_wconf 72' lang='lat' dir='ltr'><strong>prte-</strong></span> 
     </span>
    </p>
   </div>
   <div class='ocr_carea' id='block_1_38' title="bbox 2239 919 3814 998">
    <p class='ocr_par' dir='ltr' id='par_1_38' title="bbox 2239 919 3814 998">
     <span class='ocr_line' id='line_1_38' title="bbox 2239 919 3814 998; baseline 0.006 -24"><span class='ocrx_word' id='word_1_272' title='bbox 2239 919 2416 974; x_wconf 88' lang='lat' dir='ltr'><strong>mium</strong></span> <span class='ocrx_word' id='word_1_273' title='bbox 2445 919 2716 992; x_wconf 89' lang='lat' dir='ltr'><strong>obviavit,</strong></span> <span class='ocrx_word' id='word_1_274' title='bbox 2748 927 2805 977; x_wconf 90' lang='lat' dir='ltr'><strong>et</strong></span> <span class='ocrx_word' id='word_1_275' title='bbox 2827 935 2896 977; x_wconf 92' lang='lat' dir='ltr'><strong>ex</strong></span> <span class='ocrx_word' id='word_1_276' title='bbox 2927 922 3102 992; x_wconf 90' lang='lat' dir='ltr'><strong>hujus</strong></span> <span class='ocrx_word' id='word_1_277' title='bbox 3141 924 3338 979; x_wconf 91' lang='lat' dir='ltr'><strong>mundi</strong></span> <span class='ocrx_word' id='word_1_278' title='bbox 3368 923 3660 998; x_wconf 83' lang='lat' dir='ltr'><strong>lacrymosa</strong></span> <span class='ocrx_word' id='word_1_279' title='bbox 3684 937 3814 984; x_wconf 81' lang='lat' dir='ltr'><strong>vora-</strong></span> 
     </span>
    </p>
   </div>
   <div class='ocr_carea' id='block_1_39' title="bbox 2237 1007 3813 1086">
    <p class='ocr_par' dir='ltr' id='par_1_39' title="bbox 2237 1007 3813 1086">
     <span class='ocr_line' id='line_1_39' title="bbox 2237 1007 3813 1086; baseline 0.007 -24"><span class='ocrx_word' id='word_1_280' title='bbox 2237 1008 2370 1078; x_wconf 86' lang='lat' dir='ltr'><strong>gine</strong></span> <span class='ocrx_word' id='word_1_281' title='bbox 2395 1007 2550 1064; x_wconf 86' lang='lat' dir='ltr'><strong>felici</strong></span> <span class='ocrx_word' id='word_1_282' title='bbox 2577 1010 2689 1066; x_wconf 83' lang='lat' dir='ltr'><strong>fine</strong></span> <span class='ocrx_word' id='word_1_283' title='bbox 2715 1011 2963 1068; x_wconf 90' lang='lat' dir='ltr'><strong>decessit</strong></span> <span class='ocrx_word' id='word_1_284' title='bbox 2980 1023 3021 1084; x_wconf 78' lang='grc' dir='ltr'>ι,</span> <span class='ocrx_word' id='word_1_285' title='bbox 3055 1017 3110 1068; x_wconf 94' lang='lat' dir='ltr'><strong>et</strong></span> <span class='ocrx_word' id='word_1_286' title='bbox 3142 1013 3201 1068; x_wconf 92' lang='lat' dir='ltr'><strong>in</strong></span> <span class='ocrx_word' id='word_1_287' title='bbox 3230 1014 3423 1070; x_wconf 91' lang='lat' dir='ltr'><strong>eodem</strong></span> <span class='ocrx_word' id='word_1_288' title='bbox 3453 1029 3560 1086; x_wconf 90' lang='lat' dir='ltr'><strong>quo</strong></span> <span class='ocrx_word' id='word_1_289' title='bbox 3587 1015 3638 1070; x_wconf 94' lang='lat' dir='ltr'><strong>in</strong></span> <span class='ocrx_word' id='word_1_290' title='bbox 3663 1025 3813 1074; x_wconf 86' lang='lat' dir='ltr'><strong>sancto</strong></span> 
     </span>
    </p>
   </div>
   <div class='ocr_carea' id='block_1_40' title="bbox 2238 1099 3814 1172">
    <p class='ocr_par' dir='ltr' id='par_1_40' title="bbox 2238 1099 3814 1172">
     <span class='ocr_line' id='line_1_40' title="bbox 2238 1099 3814 1172; baseline 0.006 -21"><span class='ocrx_word' id='word_1_291' title='bbox 2238 1099 2530 1166; x_wconf 89' lang='lat' dir='ltr'><strong>proposito</strong></span> <span class='ocrx_word' id='word_1_292' title='bbox 2571 1099 2800 1156; x_wconf 87' lang='lat' dir='ltr'><strong>Christo</strong></span> <span class='ocrx_word' id='word_1_293' title='bbox 2845 1101 3120 1157; x_wconf 90' lang='lat' dir='ltr'><strong>servierat</strong></span> <span class='ocrx_word' id='word_1_294' title='bbox 3155 1103 3514 1172; x_wconf 88' lang='lat' dir='ltr'><strong>monasterio,</strong></span> <span class='ocrx_word' id='word_1_295' title='bbox 3555 1105 3684 1162; x_wconf 90' lang='lat' dir='ltr'><strong>haud</strong></span> <span class='ocrx_word' id='word_1_296' title='bbox 3719 1106 3814 1161; x_wconf 86' lang='lat' dir='ltr'><strong>sine</strong></span> 
     </span>
    </p>
   </div>
   <div class='ocr_carea' id='block_1_41' title="bbox 2241 1185 3814 1263">
    <p class='ocr_par' dir='ltr' id='par_1_41' title="bbox 2241 1185 3814 1263">
     <span class='ocr_line' id='line_1_41' title="bbox 2241 1185 3814 1263; baseline 0.007 -24"><span class='ocrx_word' id='word_1_297' title='bbox 2241 1185 2487 1242; x_wconf 87' lang='lat' dir='ltr'><strong>maximo</strong></span> <span class='ocrx_word' id='word_1_298' title='bbox 2526 1187 2960 1244; x_wconf 88' lang='lat' dir='ltr'><strong>lamentantium</strong></span> <span class='ocrx_word' id='word_1_299' title='bbox 2999 1190 3238 1260; x_wconf 89' lang='lat' dir='ltr'><strong>ejulatu,</strong></span> <span class='ocrx_word' id='word_1_300' title='bbox 3283 1190 3526 1248; x_wconf 81' lang='lat' dir='ltr'><strong>ofﬁcium</strong></span> <span class='ocrx_word' id='word_1_301' title='bbox 3566 1194 3814 1263; x_wconf 70' lang='lat' dir='ltr'><strong>sepultura</strong></span> 
     </span>
    </p>
   </div>
   <div class='ocr_carea' id='block_1_42' title="bbox 2241 1275 3816 1352">
    <p class='ocr_par' dir='ltr' id='par_1_42' title="bbox 2241 1275 3816 1352">
     <span class='ocr_line' id='line_1_42' title="bbox 2241 1275 3816 1352; baseline 0.007 -24"><span class='ocrx_word' id='word_1_302' title='bbox 2241 1275 2501 1330; x_wconf 89' lang='lat' dir='ltr'><strong>mortalis</strong></span> <span class='ocrx_word' id='word_1_303' title='bbox 2523 1277 2757 1347; x_wconf 89' lang='lat' dir='ltr'><strong>accepit.</strong></span> <span class='ocrx_word' id='word_1_304' title='bbox 2787 1277 3000 1334; x_wconf 91' lang='lat' dir='ltr'><strong>Ibidem</strong></span> <span class='ocrx_word' id='word_1_305' title='bbox 3026 1292 3160 1350; x_wconf 85' lang='lat' dir='ltr'><strong>ergo</strong></span> <span class='ocrx_word' id='word_1_306' title='bbox 3183 1280 3540 1351; x_wconf 82' lang='lat' dir='ltr'><strong>aliquantum</strong></span> <span class='ocrx_word' id='word_1_307' title='bbox 3563 1283 3816 1352; x_wconf 83' lang='lat' dir='ltr'><strong>corporisa</strong></span> 
     </span>
    </p>
   </div>
   <div class='ocr_carea' id='block_1_43' title="bbox 2239 1365 3813 1440">
    <p class='ocr_par' dir='ltr' id='par_1_43' title="bbox 2239 1365 3813 1440">
     <span class='ocr_line' id='line_1_43' title="bbox 2239 1365 3813 1440; baseline 0.006 -22"><span class='ocrx_word' id='word_1_308' title='bbox 2239 1365 2736 1436; x_wconf 86' lang='lat' dir='ltr'><strong>compaginatione</strong></span> <span class='ocrx_word' id='word_1_309' title='bbox 2775 1367 3098 1440; x_wconf 88' lang='lat' dir='ltr'><strong>quiescens,</strong></span> <span class='ocrx_word' id='word_1_310' title='bbox 3131 1369 3258 1424; x_wconf 92' lang='lat' dir='ltr'><strong>suis</strong></span> <span class='ocrx_word' id='word_1_311' title='bbox 3288 1384 3430 1440; x_wconf 92' lang='lat' dir='ltr'><strong>quos</strong></span> <span class='ocrx_word' id='word_1_312' title='bbox 3459 1371 3752 1440; x_wconf 89' lang='lat' dir='ltr'><strong>superstites</strong></span> <span class='ocrx_word' id='word_1_313' title='bbox 3771 1372 3813 1426; x_wconf 89' lang='lat' dir='ltr'><strong>in</strong></span> 
     </span>
    </p>
   </div>
   <div class='ocr_carea' id='block_1_44' title="bbox 2239 1452 3814 1526">
    <p class='ocr_par' dir='ltr' id='par_1_44' title="bbox 2239 1452 3814 1526">
     <span class='ocr_line' id='line_1_44' title="bbox 2239 1452 3814 1526; baseline 0.005 -19"><span class='ocrx_word' id='word_1_314' title='bbox 2239 1452 2452 1508; x_wconf 89' lang='lat' dir='ltr'><strong>mundo</strong></span> <span class='ocrx_word' id='word_1_315' title='bbox 2501 1455 2758 1526; x_wconf 87' lang='lat' dir='ltr'><strong>reliquit,</strong></span> <span class='ocrx_word' id='word_1_316' title='bbox 2805 1455 2989 1512; x_wconf 90' lang='lat' dir='ltr'><strong>beatis</strong></span> <span class='ocrx_word' id='word_1_317' title='bbox 3037 1457 3542 1516; x_wconf 86' lang='lat' dir='ltr'><strong>intercessionibus</strong></span> <span class='ocrx_word' id='word_1_318' title='bbox 3585 1459 3814 1516; x_wconf 79' lang='lat' dir='ltr'><strong>auxilium</strong></span> 
     </span>
    </p>
   </div>
   <div class='ocr_carea' id='block_1_45' title="bbox 2240 1541 3386 1614">
    <p class='ocr_par' dir='ltr' id='par_1_45' title="bbox 2240 1541 3386 1614">
     <span class='ocr_line' id='line_1_45' title="bbox 2240 1541 3386 1614; baseline 0.004 -17"><span class='ocrx_word' id='word_1_319' title='bbox 2240 1541 2506 1614; x_wconf 80' lang='lat' dir='ltr'><strong>praebuit,</strong></span> <span class='ocrx_word' id='word_1_320' title='bbox 2539 1549 2594 1599; x_wconf 90' lang='lat' dir='ltr'><strong>et</strong></span> <span class='ocrx_word' id='word_1_321' title='bbox 2625 1548 2689 1600; x_wconf 93' lang='lat' dir='ltr'><strong>ut</strong></span> <span class='ocrx_word' id='word_1_322' title='bbox 2715 1548 2894 1601; x_wconf 88' lang='lat' dir='ltr'><strong>mater</strong></span> <span class='ocrx_word' id='word_1_323' title='bbox 2925 1545 3076 1602; x_wconf 81' lang='lat' dir='ltr'><strong>filios</strong></span> <span class='ocrx_word' id='word_1_324' title='bbox 3103 1547 3386 1605; x_wconf 87' lang='lat' dir='ltr'><strong>educavit.</strong></span> 
     </span>
    </p>
   </div>
   <div class='ocr_carea' id='block_1_46' title="bbox 2891 1690 3232 1766">
    <p class='ocr_par' dir='ltr' id='par_1_46' title="bbox 2891 1690 3232 1766">
     <span class='ocr_line' id='line_1_46' title="bbox 2891 1690 3232 1766; baseline 0.009 -19"><span class='ocrx_word' id='word_1_325' title='bbox 2891 1690 3111 1766; x_wconf 60' lang='lat' dir='ltr'><strong>CAPUT</strong></span> <span class='ocrx_word' id='word_1_326' title='bbox 3145 1695 3232 1750; x_wconf 85' lang='lat' dir='ltr'><strong>v1.</strong></span> 
     </span>
    </p>
   </div>
   <div class='ocr_carea' id='block_1_47' title="bbox 2311 1797 3819 1874">
    <p class='ocr_par' dir='ltr' id='par_1_47' title="bbox 2311 1797 3819 1874">
     <span class='ocr_line' id='line_1_47' title="bbox 2311 1797 3819 1874; baseline 0.005 -24"><span class='ocrx_word' id='word_1_327' title='bbox 2311 1797 2486 1852; x_wconf 86' lang='lat' dir='ltr'><strong>Parvo</strong></span> <span class='ocrx_word' id='word_1_328' title='bbox 2519 1797 2768 1868; x_wconf 82' lang='lat' dir='ltr'><strong>denique</strong></span> <span class='ocrx_word' id='word_1_329' title='bbox 2797 1797 3094 1869; x_wconf 87' lang='lat' dir='ltr'><strong>interjecto</strong></span> <span class='ocrx_word' id='word_1_330' title='bbox 3125 1806 3378 1872; x_wconf 92' lang='lat' dir='ltr'><strong>tempore</strong></span> <span class='ocrx_word' id='word_1_331' title='bbox 3416 1816 3522 1874; x_wconf 91' lang='lat' dir='ltr'><strong>quo</strong></span> <span class='ocrx_word' id='word_1_332' title='bbox 3552 1815 3701 1859; x_wconf 69' lang='lat' dir='ltr'><strong>sacra:</strong></span> <span class='ocrx_word' id='word_1_333' title='bbox 3723 1803 3819 1858; x_wconf 87' lang='lat' dir='ltr'><strong>vir—</strong></span> 
     </span>
    </p>
   </div>
   <div class='ocr_carea' id='block_1_48' title="bbox 2243 1883 3816 1960">
    <p class='ocr_par' dir='ltr' id='par_1_48' title="bbox 2243 1883 3816 1960">
     <span class='ocr_line' id='line_1_48' title="bbox 2243 1883 3816 1960; baseline 0.005 -22"><span class='ocrx_word' id='word_1_334' title='bbox 2243 1883 2400 1955; x_wconf 87' lang='lat' dir='ltr'><strong>ginis</strong></span> <span class='ocrx_word' id='word_1_335' title='bbox 2433 1885 2656 1941; x_wconf 89' lang='lat' dir='ltr'><strong>cineres</strong></span> <span class='ocrx_word' id='word_1_336' title='bbox 2700 1885 2756 1942; x_wconf 92' lang='lat' dir='ltr'><strong>in</strong></span> <span class='ocrx_word' id='word_1_337' title='bbox 2797 1889 2991 1945; x_wconf 91' lang='lat' dir='ltr'><strong>eodem</strong></span> <span class='ocrx_word' id='word_1_338' title='bbox 3023 1889 3146 1946; x_wconf 92' lang='lat' dir='ltr'><strong>loco</strong></span> <span class='ocrx_word' id='word_1_339' title='bbox 3192 1890 3369 1947; x_wconf 90' lang='lat' dir='ltr'><strong>tellus</strong></span> <span class='ocrx_word' id='word_1_340' title='bbox 3414 1905 3567 1948; x_wconf 88' lang='lat' dir='ltr'><strong>avara</strong></span> <span class='ocrx_word' id='word_1_341' title='bbox 3608 1891 3816 1960; x_wconf 87' lang='lat' dir='ltr'><strong>retinuit,</strong></span> 
     </span>
    </p>
   </div>
   <div class='ocr_carea' id='block_1_49' title="bbox 2243 1973 3819 2051">
    <p class='ocr_par' dir='ltr' id='par_1_49' title="bbox 2243 1973 3819 2051">
     <span class='ocr_line' id='line_1_49' title="bbox 2243 1973 3819 2051; baseline 0.004 -24"><span class='ocrx_word' id='word_1_342' title='bbox 2243 1973 2490 2044; x_wconf 87' lang='lat' dir='ltr'><strong>contigit</strong></span> <span class='ocrx_word' id='word_1_343' title='bbox 2531 1975 2938 2034; x_wconf 88' lang='lat' dir='ltr'><strong>decedentibus</strong></span> <span class='ocrx_word' id='word_1_344' title='bbox 2989 1979 3291 2048; x_wconf 89' lang='lat' dir='ltr'><strong>prioribus</strong></span> <span class='ocrx_word' id='word_1_345' title='bbox 3337 1981 3577 2051; x_wconf 89' lang='lat' dir='ltr'><strong>ejusdem</strong></span> <span class='ocrx_word' id='word_1_346' title='bbox 3619 1979 3819 2036; x_wconf 63' lang='lat' dir='ltr'><strong>ecclesia</strong></span> 
     </span>
    </p>
   </div>
   <div class='ocr_carea' id='block_1_50' title="bbox 2246 2063 3820 2132">
    <p class='ocr_par' dir='ltr' id='par_1_50' title="bbox 2246 2063 3820 2132">
     <span class='ocr_line' id='line_1_50' title="bbox 2246 2063 3820 2132; baseline 0.004 -15"><span class='ocrx_word' id='word_1_347' title='bbox 2246 2063 2593 2132; x_wconf 79' lang='lat' dir='ltr'><strong>pastoribus,</strong></span> <span class='ocrx_word' id='word_1_348' title='bbox 2635 2065 2934 2122; x_wconf 89' lang='lat' dir='ltr'><strong>Otkarium</strong></span> <span class='ocrx_word' id='word_1_349' title='bbox 2981 2067 3022 2110; x_wconf 69' lang='grc' dir='ltr'><strong>δ’</strong></span> <span class='ocrx_word' id='word_1_350' title='bbox 3054 2069 3435 2126; x_wconf 90' lang='lat' dir='ltr'><strong>venerabilem</strong></span> <span class='ocrx_word' id='word_1_351' title='bbox 3477 2070 3646 2127; x_wconf 91' lang='lat' dir='ltr'><strong>virum</strong></span> <span class='ocrx_word' id='word_1_352' title='bbox 3685 2069 3820 2126; x_wconf 81' lang='lat' dir='ltr'><strong>Eiste-</strong></span> 
     </span>
    </p>
   </div>
   <div class='ocr_carea' id='block_1_51' title="bbox 2245 2155 3817 2230">
    <p class='ocr_par' dir='ltr' id='par_1_51' title="bbox 2245 2155 3817 2230">
     <span class='ocr_line' id='line_1_51' title="bbox 2245 2155 3817 2230; baseline 0.004 -24"><span class='ocrx_word' id='word_1_353' title='bbox 2245 2156 2459 2208; x_wconf 90' lang='lat' dir='ltr'><strong>tensem</strong></span> <span class='ocrx_word' id='word_1_354' title='bbox 2493 2155 2820 2213; x_wconf 86' lang='lat' dir='ltr'><strong>cathedram</strong></span> <span class='ocrx_word' id='word_1_355' title='bbox 2857 2156 3152 2214; x_wconf 91' lang='lat' dir='ltr'><strong>meruisse.</strong></span> <span class='ocrx_word' id='word_1_356' title='bbox 3181 2158 3297 2228; x_wconf 90' lang='lat' dir='ltr'><strong>Qui</strong></span> <span class='ocrx_word' id='word_1_357' title='bbox 3325 2160 3458 2216; x_wconf 92' lang='lat' dir='ltr'><strong>dum</strong></span> <span class='ocrx_word' id='word_1_358' title='bbox 3489 2161 3660 2216; x_wconf 91' lang='lat' dir='ltr'><strong>minus</strong></span> <span class='ocrx_word' id='word_1_359' title='bbox 3689 2172 3817 2230; x_wconf 82' lang='lat' dir='ltr'><strong>quam</strong></span> 
     </span>
    </p>
   </div>
   <div class='ocr_carea' id='block_1_52' title="bbox 2242 2241 3819 2318">
    <p class='ocr_par' dir='ltr' id='par_1_52' title="bbox 2242 2241 3819 2318">
     <span class='ocr_line' id='line_1_52' title="bbox 2242 2241 3819 2318; baseline 0.004 -23"><span class='ocrx_word' id='word_1_360' title='bbox 2242 2241 2572 2312; x_wconf 88' lang='lat' dir='ltr'><strong>deposceret</strong></span> <span class='ocrx_word' id='word_1_361' title='bbox 2601 2243 2920 2300; x_wconf 88' lang='lat' dir='ltr'><strong>honestatis</strong></span> <span class='ocrx_word' id='word_1_362' title='bbox 2949 2246 3116 2316; x_wconf 88' lang='lat' dir='ltr'><strong>ratio,</strong></span> <span class='ocrx_word' id='word_1_363' title='bbox 3151 2246 3304 2303; x_wconf 89' lang='lat' dir='ltr'><strong>idem</strong></span> <span class='ocrx_word' id='word_1_364' title='bbox 3336 2249 3708 2304; x_wconf 85' lang='lat' dir='ltr'><strong>monasterium</strong></span> <span class='ocrx_word' id='word_1_365' title='bbox 3735 2259 3819 2318; x_wconf 87' lang='lat' dir='ltr'><strong>quo</strong></span> 
     </span>
    </p>
   </div>
   <div class='ocr_carea' id='block_1_53' title="bbox 2241 2328 3818 2408">
    <p class='ocr_par' dir='ltr' id='par_1_53' title="bbox 2241 2328 3818 2408">
     <span class='ocr_line' id='line_1_53' title="bbox 2241 2328 3818 2408; baseline 0.004 -24"><span class='ocrx_word' id='word_1_366' title='bbox 2241 2328 2416 2385; x_wconf 78' lang='lat' dir='ltr'><strong>beatae</strong></span> <span class='ocrx_word' id='word_1_367' title='bbox 2467 2331 2928 2388; x_wconf 88' lang='lat' dir='ltr'><strong>sanctimonialis</strong></span> <span class='ocrx_word' id='word_1_368' title='bbox 2970 2347 3098 2390; x_wconf 91' lang='lat' dir='ltr'><strong>ossa</strong></span> <span class='ocrx_word' id='word_1_369' title='bbox 3147 2336 3500 2408; x_wconf 84' lang='lat' dir='ltr'><strong>tegebantur,</strong></span> <span class='ocrx_word' id='word_1_370' title='bbox 3547 2336 3818 2404; x_wconf 79' lang='lat' dir='ltr'><strong>excoleret;</strong></span> 
     </span>
    </p>
   </div>
   <div class='ocr_carea' id='block_1_54' title="bbox 2242 2419 3819 2496">
    <p class='ocr_par' dir='ltr' id='par_1_54' title="bbox 2242 2419 3819 2496">
     <span class='ocr_line' id='line_1_54' title="bbox 2242 2419 3819 2496; baseline 0.003 -23"><span class='ocrx_word' id='word_1_371' title='bbox 2242 2419 2486 2488; x_wconf 86' lang='lat' dir='ltr'><strong>quadam</strong></span> <span class='ocrx_word' id='word_1_372' title='bbox 2520 2427 2682 2477; x_wconf 90' lang='lat' dir='ltr'><strong>nocte</strong></span> <span class='ocrx_word' id='word_1_373' title='bbox 2723 2423 2983 2492; x_wconf 90' lang='lat' dir='ltr'><strong>corporis</strong></span> <span class='ocrx_word' id='word_1_374' title='bbox 3016 2424 3206 2494; x_wconf 91' lang='lat' dir='ltr'><strong>quiete</strong></span> <span class='ocrx_word' id='word_1_375' title='bbox 3253 2427 3518 2496; x_wconf 84' lang='lat' dir='ltr'><strong>sopitum.</strong></span> <span class='ocrx_word' id='word_1_376' title='bbox 3551 2425 3668 2482; x_wconf 87' lang='lat' dir='ltr'><strong>dum</strong></span> <span class='ocrx_word' id='word_1_377' title='bbox 3699 2430 3819 2480; x_wconf 74' lang='lat' dir='ltr'><strong>tetra:</strong></span> 
     </span>
    </p>
   </div>
   <div class='ocr_carea' id='block_1_55' title="bbox 2241 2507 3818 2586">
    <p class='ocr_par' dir='ltr' id='par_1_55' title="bbox 2241 2507 3818 2586">
     <span class='ocr_line' id='line_1_55' title="bbox 2241 2507 3818 2586; baseline 0.003 -24"><span class='ocrx_word' id='word_1_378' title='bbox 2241 2507 2294 2562; x_wconf 90' lang='lat' dir='ltr'><strong>ei</strong></span> <span class='ocrx_word' id='word_1_379' title='bbox 2326 2508 2572 2564; x_wconf 57' lang='lat' dir='ltr'><strong>tenebrae</strong></span> <span class='ocrx_word' id='word_1_380' title='bbox 2611 2511 2908 2568; x_wconf 90' lang='lat' dir='ltr'><strong>silentium</strong></span> <span class='ocrx_word' id='word_1_381' title='bbox 2941 2513 3366 2585; x_wconf 89' lang='lat' dir='ltr'><strong>ministrarent,</strong></span> <span class='ocrx_word' id='word_1_382' title='bbox 3400 2514 3697 2586; x_wconf 89' lang='lat' dir='ltr'><strong>hujusmodi</strong></span> <span class='ocrx_word' id='word_1_383' title='bbox 3723 2525 3818 2568; x_wconf 88' lang='lat' dir='ltr'><strong>eum</strong></span> 
     </span>
    </p>
   </div>
   <div class='ocr_carea' id='block_1_56' title="bbox 2243 2597 3818 2672">
    <p class='ocr_par' dir='ltr' id='par_1_56' title="bbox 2243 2597 3818 2672">
     <span class='ocr_line' id='line_1_56' title="bbox 2243 2597 3818 2672; baseline 0.01 -21"><span class='ocrx_word' id='word_1_384' title='bbox 2243 2597 2500 2666; x_wconf 89' lang='lat' dir='ltr'><strong>alloquio</strong></span> <span class='ocrx_word' id='word_1_385' title='bbox 2515 2599 2797 2670; x_wconf 88' lang='lat' dir='ltr'><strong>virginem</strong></span> <span class='ocrx_word' id='word_1_386' title='bbox 2820 2601 3190 2671; x_wconf 90' lang='lat' dir='ltr'><strong>compellasse</strong></span> <span class='ocrx_word' id='word_1_387' title='bbox 3212 2609 3500 2660; x_wconf 86' lang='lat' dir='ltr'><strong>narratur.</strong></span> <span class='ocrx_word' id='word_1_388' title='bbox 3517 2605 3636 2672; x_wconf 92' lang='lat' dir='ltr'><strong>Cur,</strong></span> <span class='ocrx_word' id='word_1_389' title='bbox 3655 2600 3818 2672; x_wconf 66' lang='lat' dir='ltr'><strong>inquit.</strong></span> 
     </span>
    </p>
   </div>
   <div class='ocr_carea' id='block_1_57' title="bbox 2243 2685 3819 2765">
    <p class='ocr_par' dir='ltr' id='par_1_57' title="bbox 2243 2685 3819 2765">
     <span class='ocr_line' id='line_1_57' title="bbox 2243 2685 3819 2765; baseline 0 -23"><span class='ocrx_word' id='word_1_390' title='bbox 2243 2685 2471 2757; x_wconf 86' lang='lat' dir='ltr'><strong>Ockari,</strong></span> <span class='ocrx_word' id='word_1_391' title='bbox 2499 2687 2598 2758; x_wconf 90' lang='lat' dir='ltr'><strong>qui</strong></span> <span class='ocrx_word' id='word_1_392' title='bbox 2629 2691 2835 2758; x_wconf 65' lang='lat' dir='ltr'><strong>praesul</strong></span> <span class='ocrx_word' id='word_1_393' title='bbox 2858 2691 2976 2746; x_wconf 90' lang='lat' dir='ltr'><strong>dici</strong></span> <span class='ocrx_word' id='word_1_394' title='bbox 2997 2697 3052 2748; x_wconf 89' lang='lat' dir='ltr'><strong>et</strong></span> <span class='ocrx_word' id='word_1_395' title='bbox 3073 2707 3196 2750; x_wconf 89' lang='lat' dir='ltr'><strong>esse</strong></span> <span class='ocrx_word' id='word_1_396' title='bbox 3219 2694 3508 2765; x_wconf 90' lang='lat' dir='ltr'><strong>meruisti,</strong></span> <span class='ocrx_word' id='word_1_397' title='bbox 3529 2695 3726 2750; x_wconf 88' lang='lat' dir='ltr'><strong>domum</strong></span> <span class='ocrx_word' id='word_1_398' title='bbox 3744 2687 3819 2744; x_wconf 84' lang='lat' dir='ltr'><strong>Dei</strong></span> 
     </span>
    </p>
   </div>
   <div class='ocr_carea' id='block_1_58' title="bbox 2246 2775 3820 2854">
    <p class='ocr_par' dir='ltr' id='par_1_58' title="bbox 2246 2775 3820 2854">
     <span class='ocr_line' id='line_1_58' title="bbox 2246 2775 3820 2854; baseline 0.001 -24"><span class='ocrx_word' id='word_1_399' title='bbox 2246 2775 2304 2830; x_wconf 89' lang='lat' dir='ltr'><strong>in</strong></span> <span class='ocrx_word' id='word_1_400' title='bbox 2332 2789 2444 2846; x_wconf 89' lang='lat' dir='ltr'><strong>qua</strong></span> <span class='ocrx_word' id='word_1_401' title='bbox 2467 2778 2728 2847; x_wconf 90' lang='lat' dir='ltr'><strong>corporis</strong></span> <span class='ocrx_word' id='word_1_402' title='bbox 2757 2794 2958 2850; x_wconf 92' lang='lat' dir='ltr'><strong>sopore</strong></span> <span class='ocrx_word' id='word_1_403' title='bbox 2984 2782 3244 2854; x_wconf 83' lang='lat' dir='ltr'><strong>quiesco,</strong></span> <span class='ocrx_word' id='word_1_404' title='bbox 3275 2788 3330 2840; x_wconf 90' lang='lat' dir='ltr'><strong>et</strong></span> <span class='ocrx_word' id='word_1_405' title='bbox 3353 2783 3652 2854; x_wconf 87' lang='lat' dir='ltr'><strong>sepulcrum</strong></span> <span class='ocrx_word' id='word_1_406' title='bbox 3673 2780 3719 2836; x_wconf 89' lang='lat' dir='ltr'><strong>in</strong></span> <span class='ocrx_word' id='word_1_407' title='bbox 3738 2789 3820 2849; x_wconf 86' lang='lat' dir='ltr'><strong>quo</strong></span> 
     </span>
    </p>
   </div>
   <div class='ocr_carea' id='block_1_59' title="bbox 2243 2867 3822 2943">
    <p class='ocr_par' dir='ltr' id='par_1_59' title="bbox 2243 2867 3822 2943">
     <span class='ocr_line' id='line_1_59' title="bbox 2243 2867 3822 2943; baseline 0.001 -24"><span class='ocrx_word' id='word_1_408' title='bbox 2243 2878 2412 2921; x_wconf 89' lang='lat' dir='ltr'><strong>carne</strong></span> <span class='ocrx_word' id='word_1_409' title='bbox 2439 2867 2688 2936; x_wconf 88' lang='lat' dir='ltr'><strong>reposita</strong></span> <span class='ocrx_word' id='word_1_410' title='bbox 2709 2867 2978 2926; x_wconf 90' lang='lat' dir='ltr'><strong>ultimum</strong></span> <span class='ocrx_word' id='word_1_411' title='bbox 2996 2871 3206 2940; x_wconf 90' lang='lat' dir='ltr'><strong>judicii</strong></span> <span class='ocrx_word' id='word_1_412' title='bbox 3239 2873 3397 2929; x_wconf 87' lang='lat' dir='ltr'><strong>diem</strong></span> <span class='ocrx_word' id='word_1_413' title='bbox 3421 2877 3676 2943; x_wconf 83' lang='lat' dir='ltr'><strong>exspecto,</strong></span> <span class='ocrx_word' id='word_1_414' title='bbox 3701 2867 3822 2923; x_wconf 77' lang='lat' dir='ltr'><strong>inho~</strong></span> 
     </span>
    </p>
   </div>
   <div class='ocr_carea' id='block_1_60' title="bbox 2244 2955 3821 3018">
    <p class='ocr_par' dir='ltr' id='par_1_60' title="bbox 2244 2955 3821 3018">
     <span class='ocr_line' id='line_1_60' title="bbox 2244 2955 3821 3018; baseline 0.001 -10"><span class='ocrx_word' id='word_1_415' title='bbox 2244 2959 2402 3009; x_wconf 88' lang='lat' dir='ltr'><strong>neste</strong></span> <span class='ocrx_word' id='word_1_416' title='bbox 2432 2955 2706 3012; x_wconf 89' lang='lat' dir='ltr'><strong>hactenus</strong></span> <span class='ocrx_word' id='word_1_417' title='bbox 2727 2962 2972 3014; x_wconf 89' lang='lat' dir='ltr'><strong>tractare</strong></span> <span class='ocrx_word' id='word_1_418' title='bbox 2992 2959 3228 3016; x_wconf 91' lang='lat' dir='ltr'><strong>voluisti</strong></span> <span class='ocrx_word' id='word_1_419' title='bbox 3259 2961 3287 3015; x_wconf 69' lang='lat' dir='ltr'><strong>‘P</strong></span> <span class='ocrx_word' id='word_1_420' title='bbox 3306 2965 3441 3018; x_wconf 84' lang='lat' dir='ltr'><strong>Nam</strong></span> <span class='ocrx_word' id='word_1_421' title='bbox 3461 2972 3716 3018; x_wconf 88' lang='lat' dir='ltr'><strong>servorum</strong></span> <span class='ocrx_word' id='word_1_422' title='bbox 3739 2957 3821 3012; x_wconf 83' lang='lat' dir='ltr'><strong>huc</strong></span> 
     </span>
    </p>
   </div>
   <div class='ocr_carea' id='block_1_61' title="bbox 483 3037 3822 3122">
    <p class='ocr_par' dir='ltr' id='par_1_61' title="bbox 483 3037 3822 3122">
     <span class='ocr_line' id='line_1_61' title="bbox 483 3037 3822 3122; baseline -0.001 -18"><span class='ocrx_word' id='word_1_423' title='bbox 483 3045 754 3105; x_wconf 65' lang='lat' dir='ltr'><strong>surrexit:</strong></span> <span class='ocrx_word' id='word_1_424' title='bbox 789 3049 912 3118; x_wconf 92' lang='lat' dir='ltr'><strong>Quo</strong></span> <span class='ocrx_word' id='word_1_425' title='bbox 942 3051 1204 3118; x_wconf 91' lang='lat' dir='ltr'><strong>parentes</strong></span> <span class='ocrx_word' id='word_1_426' title='bbox 1234 3047 1358 3102; x_wconf 91' lang='lat' dir='ltr'><strong>viso</strong></span> <span class='ocrx_word' id='word_1_427' title='bbox 1398 3047 1678 3103; x_wconf 89' lang='lat' dir='ltr'><strong>miraculo</strong></span> <span class='ocrx_word' id='word_1_428' title='bbox 1711 3049 1908 3104; x_wconf 89' lang='lat' dir='ltr'><strong>laudes</strong></span> <span class='ocrx_word' id='word_1_429' title='bbox 1937 3047 2134 3103; x_wconf 83' lang='lat' dir='ltr'><strong>omni—</strong></span> <span class='ocrx_word' id='word_1_430' title='bbox 2162 3037 2212 3104; x_wconf 89' lang='lat' dir='ltr'>C</span> <span class='ocrx_word' id='word_1_431' title='bbox 2243 3043 2574 3100; x_wconf 81' lang='lat' dir='ltr'><strong>coeuntium</strong></span> <span class='ocrx_word' id='word_1_432' title='bbox 2602 3044 2908 3104; x_wconf 85' lang='lat' dir='ltr'><strong>lutulentis</strong></span> <span class='ocrx_word' id='word_1_433' title='bbox 2939 3049 3180 3118; x_wconf 88' lang='lat' dir='ltr'><strong>pedibus</strong></span> <span class='ocrx_word' id='word_1_434' title='bbox 3204 3052 3472 3122; x_wconf 84' lang='lat' dir='ltr'><strong>quotidie</strong></span> <span class='ocrx_word' id='word_1_435' title='bbox 3499 3050 3679 3116; x_wconf 88' lang='lat' dir='ltr'><strong>calcor,</strong></span> <span class='ocrx_word' id='word_1_436' title='bbox 3701 3051 3746 3102; x_wconf 88' lang='lat' dir='ltr'><strong>et</strong></span> <span class='ocrx_word' id='word_1_437' title='bbox 3763 3045 3822 3099; x_wconf 87' lang='lat' dir='ltr'><strong>in-</strong></span> 
     </span>
    </p>
   </div>
   <div class='ocr_carea' id='block_1_62' title="bbox 485 3136 2136 3208">
    <p class='ocr_par' dir='ltr' id='par_1_62' title="bbox 485 3136 2136 3208">
     <span class='ocr_line' id='line_1_62' title="bbox 485 3136 2136 3208; baseline -0.003 -12"><span class='ocrx_word' id='word_1_438' title='bbox 485 3138 702 3208; x_wconf 89' lang='lat' dir='ltr'><strong>potenti</strong></span> <span class='ocrx_word' id='word_1_439' title='bbox 731 3139 846 3194; x_wconf 92' lang='lat' dir='ltr'><strong>Deo</strong></span> <span class='ocrx_word' id='word_1_440' title='bbox 873 3137 1264 3194; x_wconf 89' lang='lat' dir='ltr'><strong>reddiderunt.</strong></span> <span class='ocrx_word' id='word_1_441' title='bbox 1304 3136 1445 3191; x_wconf 90' lang='lat' dir='ltr'><strong>Dein</strong></span> <span class='ocrx_word' id='word_1_442' title='bbox 1476 3137 1529 3191; x_wconf 92' lang='lat' dir='ltr'><strong>ei</strong></span> <span class='ocrx_word' id='word_1_443' title='bbox 1555 3136 1806 3206; x_wconf 91' lang='lat' dir='ltr'><strong>plurima</strong></span> <span class='ocrx_word' id='word_1_444' title='bbox 1830 3137 1999 3192; x_wconf 81' lang='lat' dir='ltr'><strong>xenia</strong></span> <span class='ocrx_word' id='word_1_445' title='bbox 2023 3137 2136 3191; x_wconf 85' lang='lat' dir='ltr'><strong>ad-</strong></span> 
     </span>
    </p>
   </div>
   <div class='ocr_carea' id='block_1_63' title="bbox 485 3225 2136 3294">
    <p class='ocr_par' dir='ltr' id='par_1_63' title="bbox 485 3225 2136 3294">
     <span class='ocr_line' id='line_1_63' title="bbox 485 3225 2136 3294; baseline -0.001 -12"><span class='ocrx_word' id='word_1_446' title='bbox 485 3227 597 3284; x_wconf 91' lang='lat' dir='ltr'><strong>huc</strong></span> <span class='ocrx_word' id='word_1_447' title='bbox 622 3227 854 3282; x_wconf 91' lang='lat' dir='ltr'><strong>tremuli</strong></span> <span class='ocrx_word' id='word_1_448' title='bbox 881 3225 1196 3293; x_wconf 73' lang='lat' dir='ltr'><strong>offerentes,</strong></span> <span class='ocrx_word' id='word_1_449' title='bbox 1221 3231 1277 3280; x_wconf 91' lang='lat' dir='ltr'><strong>et</strong></span> <span class='ocrx_word' id='word_1_450' title='bbox 1299 3238 1367 3280; x_wconf 90' lang='lat' dir='ltr'><strong>ex</strong></span> <span class='ocrx_word' id='word_1_451' title='bbox 1389 3237 1514 3280; x_wconf 90' lang='lat' dir='ltr'><strong>asse</strong></span> <span class='ocrx_word' id='word_1_452' title='bbox 1531 3225 1657 3294; x_wconf 90' lang='lat' dir='ltr'><strong>ejus</strong></span> <span class='ocrx_word' id='word_1_453' title='bbox 1677 3239 1738 3280; x_wconf 92' lang='lat' dir='ltr'><strong>se</strong></span> <span class='ocrx_word' id='word_1_454' title='bbox 1758 3225 1974 3281; x_wconf 90' lang='lat' dir='ltr'><strong>sanctis</strong></span> <span class='ocrx_word' id='word_1_455' title='bbox 1998 3239 2136 3281; x_wconf 88' lang='lat' dir='ltr'><strong>ora—</strong></span> 
     </span>
    </p>
   </div>
   <div class='ocr_carea' id='block_1_64' title="bbox 481 3313 2132 3386">
    <p class='ocr_par' dir='ltr' id='par_1_64' title="bbox 481 3313 2132 3386">
     <span class='ocr_line' id='line_1_64' title="bbox 481 3313 2132 3386; baseline -0.001 -16"><span class='ocrx_word' id='word_1_456' title='bbox 481 3315 744 3372; x_wconf 88' lang='lat' dir='ltr'><strong>tionibus</strong></span> <span class='ocrx_word' id='word_1_457' title='bbox 759 3329 879 3372; x_wconf 90' lang='lat' dir='ltr'><strong>com</strong></span> <span class='ocrx_word' id='word_1_458' title='bbox 889 3315 1246 3385; x_wconf 84' lang='lat' dir='ltr'><strong>mendantes;</strong></span> <span class='ocrx_word' id='word_1_459' title='bbox 1264 3313 1363 3368; x_wconf 90' lang='lat' dir='ltr'><strong>illa</strong></span> <span class='ocrx_word' id='word_1_460' title='bbox 1379 3313 1671 3369; x_wconf 90' lang='lat' dir='ltr'><strong>Christum</strong></span> <span class='ocrx_word' id='word_1_461' title='bbox 1693 3313 1837 3369; x_wconf 91' lang='lat' dir='ltr'><strong>mira</strong></span> <span class='ocrx_word' id='word_1_462' title='bbox 1851 3321 2132 3386; x_wconf 91' lang='lat' dir='ltr'><strong>gerentem</strong></span> 
     </span>
    </p>
   </div>
   <div class='ocr_carea' id='block_1_65' title="bbox 483 3403 2136 3483">
    <p class='ocr_par' dir='ltr' id='par_1_65' title="bbox 483 3403 2136 3483">
     <span class='ocr_line' id='line_1_65' title="bbox 483 3403 2136 3483; baseline -0.001 -23"><span class='ocrx_word' id='word_1_463' title='bbox 483 3405 696 3464; x_wconf 89' lang='lat' dir='ltr'><strong>habens</strong></span> <span class='ocrx_word' id='word_1_464' title='bbox 744 3405 1042 3483; x_wconf 77' lang='lat' dir='ltr'><strong>pecuniam</strong></span> <span class='ocrx_word' id='word_1_465' title='bbox 1087 3403 1328 3473; x_wconf 83' lang='lat' dir='ltr'><strong>respuit,</strong></span> <span class='ocrx_word' id='word_1_466' title='bbox 1361 3407 1418 3458; x_wconf 91' lang='lat' dir='ltr'><strong>et</strong></span> <span class='ocrx_word' id='word_1_467' title='bbox 1445 3403 1512 3458; x_wconf 91' lang='lat' dir='ltr'><strong>ad</strong></span> <span class='ocrx_word' id='word_1_468' title='bbox 1550 3403 1954 3458; x_wconf 89' lang='lat' dir='ltr'><strong>monasterium</strong></span> <span class='ocrx_word' id='word_1_469' title='bbox 1986 3403 2136 3458; x_wconf 88' lang='lat' dir='ltr'><strong>unde</strong></span> 
     </span>
    </p>
   </div>
   <div class='ocr_carea' id='block_1_66' title="bbox 481 3491 2134 3565">
    <p class='ocr_par' dir='ltr' id='par_1_66' title="bbox 481 3491 2134 3565">
     <span class='ocr_line' id='line_1_66' title="bbox 481 3491 2134 3565; baseline -0.004 -12"><span class='ocrx_word' id='word_1_470' title='bbox 481 3501 712 3553; x_wconf 89' lang='lat' dir='ltr'><strong>venerat</strong></span> <span class='ocrx_word' id='word_1_471' title='bbox 751 3494 1082 3565; x_wconf 88' lang='lat' dir='ltr'><strong>repedavit:</strong></span> <span class='ocrx_word' id='word_1_472' title='bbox 1119 3498 1174 3548; x_wconf 89' lang='lat' dir='ltr'><strong>et</strong></span> <span class='ocrx_word' id='word_1_473' title='bbox 1204 3498 1418 3562; x_wconf 91' lang='lat' dir='ltr'><strong>quanto</strong></span> <span class='ocrx_word' id='word_1_474' title='bbox 1463 3493 1646 3562; x_wconf 86' lang='lat' dir='ltr'><strong>magis</strong></span> <span class='ocrx_word' id='word_1_475' title='bbox 1690 3491 1944 3547; x_wconf 82' lang='lat' dir='ltr'><strong>divinam</strong></span> <span class='ocrx_word' id='word_1_476' title='bbox 1989 3493 2046 3546; x_wconf 92' lang='lat' dir='ltr'><strong>in</strong></span> <span class='ocrx_word' id='word_1_477' title='bbox 2075 3506 2134 3547; x_wconf 92' lang='lat' dir='ltr'><strong>se</strong></span> 
     </span>
    </p>
   </div>
   <div class='ocr_carea' id='block_1_67' title="bbox 482 3581 2134 3653">
    <p class='ocr_par' dir='ltr' id='par_1_67' title="bbox 482 3581 2134 3653">
     <span class='ocr_line' id='line_1_67' title="bbox 482 3581 2134 3653; baseline -0.004 -12"><span class='ocrx_word' id='word_1_478' title='bbox 482 3585 842 3641; x_wconf 88' lang='lat' dir='ltr'><strong>clementiam</strong></span> <span class='ocrx_word' id='word_1_479' title='bbox 869 3583 1058 3653; x_wconf 88' lang='lat' dir='ltr'><strong>vigere</strong></span> <span class='ocrx_word' id='word_1_480' title='bbox 1086 3581 1404 3649; x_wconf 87' lang='lat' dir='ltr'><strong>conspexit,</strong></span> <span class='ocrx_word' id='word_1_481' title='bbox 1454 3585 1612 3635; x_wconf 88' lang='lat' dir='ltr'><strong>tanto</strong></span> <span class='ocrx_word' id='word_1_482' title='bbox 1642 3581 1711 3636; x_wconf 89' lang='lat' dir='ltr'><strong>ad</strong></span> <span class='ocrx_word' id='word_1_483' title='bbox 1742 3581 1980 3635; x_wconf 89' lang='lat' dir='ltr'><strong>artioris</strong></span> <span class='ocrx_word' id='word_1_484' title='bbox 2003 3581 2134 3634; x_wconf 62' lang='lat' dir='ltr'><strong>vitae</strong></span> 
     </span>
    </p>
   </div>
   <div class='ocr_carea' id='block_1_68' title="bbox 482 3669 1107 3745">
    <p class='ocr_par' dir='ltr' id='par_1_68' title="bbox 482 3669 1107 3745">
     <span class='ocr_line' id='line_1_68' title="bbox 482 3669 1107 3745; baseline -0.014 -15"><span class='ocrx_word' id='word_1_485' title='bbox 482 3687 544 3730; x_wconf 91' lang='lat' dir='ltr'><strong>se</strong></span> <span class='ocrx_word' id='word_1_486' title='bbox 585 3673 796 3745; x_wconf 88' lang='lat' dir='ltr'><strong>gradus</strong></span> <span class='ocrx_word' id='word_1_487' title='bbox 832 3669 1107 3726; x_wconf 88' lang='lat' dir='ltr'><strong>extendit.</strong></span> 
     </span>
    </p>
   </div>
   <div class='ocr_carea' id='block_1_69' title="bbox 1147 3771 1462 3828">
    <p class='ocr_par' dir='ltr' id='par_1_69' title="bbox 1147 3771 1462 3828">
     <span class='ocr_line' id='line_1_69' title="bbox 1147 3771 1462 3828; baseline 0.006 -2"><span class='ocrx_word' id='word_1_488' title='bbox 1147 3771 1368 3826; x_wconf 85' lang='lat' dir='ltr'><strong>CAPUT</strong></span> <span class='ocrx_word' id='word_1_489' title='bbox 1401 3775 1462 3828; x_wconf 90' lang='lat' dir='ltr'><strong>V.</strong></span> 
     </span>
    </p>
   </div>
   <div class='ocr_carea' id='block_1_70' title="bbox 554 3879 2134 3954">
    <p class='ocr_par' dir='ltr' id='par_1_70' title="bbox 554 3879 2134 3954">
     <span class='ocr_line' id='line_1_70' title="bbox 554 3879 2134 3954; baseline 0.001 -18"><span class='ocrx_word' id='word_1_490' title='bbox 554 3882 681 3938; x_wconf 68' lang='lat' dir='ltr'><strong>Haec</strong></span> <span class='ocrx_word' id='word_1_491' title='bbox 721 3881 838 3936; x_wconf 93' lang='lat' dir='ltr'><strong>duo</strong></span> <span class='ocrx_word' id='word_1_492' title='bbox 879 3885 1100 3935; x_wconf 90' lang='lat' dir='ltr'><strong>tantum</strong></span> <span class='ocrx_word' id='word_1_493' title='bbox 1148 3879 1418 3950; x_wconf 70' lang='lat' dir='ltr'><strong>prteclara</strong></span> <span class='ocrx_word' id='word_1_494' title='bbox 1467 3879 1745 3936; x_wconf 88' lang='lat' dir='ltr'><strong>miracula</strong></span> <span class='ocrx_word' id='word_1_495' title='bbox 1797 3897 1924 3952; x_wconf 70' lang='lat' dir='ltr'><strong>qua:</strong></span> <span class='ocrx_word' id='word_1_496' title='bbox 1972 3883 2134 3954; x_wconf 88' lang='lat' dir='ltr'><strong>virgo</strong></span> 
     </span>
    </p>
   </div>
   <div class='ocr_carea' id='block_1_71' title="bbox 483 3968 2131 4044">
    <p class='ocr_par' dir='ltr' id='par_1_71' title="bbox 483 3968 2131 4044">
     <span class='ocr_line' id='line_1_71' title="bbox 483 3968 2131 4044; baseline -0.001 -18"><span class='ocrx_word' id='word_1_497' title='bbox 483 3969 645 4026; x_wconf 86' lang='lat' dir='ltr'><strong>beata</strong></span> <span class='ocrx_word' id='word_1_498' title='bbox 689 3969 906 4040; x_wconf 88' lang='lat' dir='ltr'><strong>peregit</strong></span> <span class='ocrx_word' id='word_1_499' title='bbox 936 3969 994 4023; x_wconf 90' lang='lat' dir='ltr'><strong>in</strong></span> <span class='ocrx_word' id='word_1_500' title='bbox 1038 3968 1155 4024; x_wconf 92' lang='lat' dir='ltr'><strong>vita</strong></span> <span class='ocrx_word' id='word_1_501' title='bbox 1188 3968 1323 4024; x_wconf 90' lang='lat' dir='ltr'><strong>huic</strong></span> <span class='ocrx_word' id='word_1_502' title='bbox 1364 3969 1614 4025; x_wconf 91' lang='lat' dir='ltr'><strong>inserere</strong></span> <span class='ocrx_word' id='word_1_503' title='bbox 1649 3971 1890 4044; x_wconf 89' lang='lat' dir='ltr'><strong>dignum</strong></span> <span class='ocrx_word' id='word_1_504' title='bbox 1937 3971 2131 4042; x_wconf 91' lang='lat' dir='ltr'><strong>putavi</strong></span> 
     </span>
    </p>
   </div>
   <div class='ocr_carea' id='block_1_72' title="bbox 483 4058 2135 4131">
    <p class='ocr_par' dir='ltr' id='par_1_72' title="bbox 483 4058 2135 4131">
     <span class='ocr_line' id='line_1_72' title="bbox 483 4058 2135 4131; baseline 0.001 -15"><span class='ocrx_word' id='word_1_505' title='bbox 483 4058 782 4130; x_wconf 92' lang='lat' dir='ltr'><strong>opusculo,</strong></span> <span class='ocrx_word' id='word_1_506' title='bbox 813 4072 939 4129; x_wconf 74' lang='lat' dir='ltr'><strong>quze</strong></span> <span class='ocrx_word' id='word_1_507' title='bbox 967 4063 1216 4114; x_wconf 90' lang='lat' dir='ltr'><strong>nostram</strong></span> <span class='ocrx_word' id='word_1_508' title='bbox 1248 4059 1316 4114; x_wconf 87' lang='lat' dir='ltr'><strong>ad</strong></span> <span class='ocrx_word' id='word_1_509' title='bbox 1353 4059 1682 4115; x_wconf 88' lang='lat' dir='ltr'><strong>memoriam</strong></span> <span class='ocrx_word' id='word_1_510' title='bbox 1717 4075 2035 4131; x_wconf 89' lang='lat' dir='ltr'><strong>pervenere,</strong></span> <span class='ocrx_word' id='word_1_511' title='bbox 2067 4075 2135 4116; x_wconf 90' lang='lat' dir='ltr'><strong>ne</strong></span> 
     </span>
    </p>
   </div>
   <div class='ocr_carea' id='block_1_73' title="bbox 483 4147 2135 4218">
    <p class='ocr_par' dir='ltr' id='par_1_73' title="bbox 483 4147 2135 4218">
     <span class='ocr_line' id='line_1_73' title="bbox 483 4147 2135 4218; baseline 0 -14"><span class='ocrx_word' id='word_1_512' title='bbox 483 4147 552 4204; x_wconf 90' lang='lat' dir='ltr'><strong>ad</strong></span> <span class='ocrx_word' id='word_1_513' title='bbox 575 4148 692 4203; x_wconf 88' lang='lat' dir='ltr'><strong>alia</strong></span> <span class='ocrx_word' id='word_1_514' title='bbox 717 4162 842 4216; x_wconf 64' lang='lat' dir='ltr'><strong>quae</strong></span> <span class='ocrx_word' id='word_1_515' title='bbox 868 4147 1142 4202; x_wconf 89' lang='lat' dir='ltr'><strong>hactenus</strong></span> <span class='ocrx_word' id='word_1_516' title='bbox 1171 4147 1450 4203; x_wconf 90' lang='lat' dir='ltr'><strong>Dominus</strong></span> <span class='ocrx_word' id='word_1_517' title='bbox 1477 4163 1574 4218; x_wconf 89' lang='lat' dir='ltr'><strong>per</strong></span> <span class='ocrx_word' id='word_1_518' title='bbox 1602 4162 1723 4204; x_wconf 85' lang='lat' dir='ltr'><strong>eam</strong></span> <span class='ocrx_word' id='word_1_519' title='bbox 1754 4155 2022 4218; x_wconf 88' lang='lat' dir='ltr'><strong>operatus</strong></span> <span class='ocrx_word' id='word_1_520' title='bbox 2049 4154 2135 4205; x_wconf 89' lang='lat' dir='ltr'><strong>est</strong></span> 
     </span>
    </p>
   </div>
   <div class='ocr_carea' id='block_1_74' title="bbox 483 4235 2134 4310">
    <p class='ocr_par' dir='ltr' id='par_1_74' title="bbox 483 4235 2134 4310">
     <span class='ocr_line' id='line_1_74' title="bbox 483 4235 2134 4310; baseline 0.001 -16"><span class='ocrx_word' id='word_1_521' title='bbox 483 4243 540 4294; x_wconf 91' lang='lat' dir='ltr'><strong>et</strong></span> <span class='ocrx_word' id='word_1_522' title='bbox 555 4240 826 4308; x_wconf 90' lang='lat' dir='ltr'><strong>operatur</strong></span> <span class='ocrx_word' id='word_1_523' title='bbox 845 4235 1106 4307; x_wconf 89' lang='lat' dir='ltr'><strong>quotidie</strong></span> <span class='ocrx_word' id='word_1_524' title='bbox 1123 4236 1420 4308; x_wconf 88' lang='lat' dir='ltr'><strong>signorum</strong></span> <span class='ocrx_word' id='word_1_525' title='bbox 1441 4238 1724 4310; x_wconf 87' lang='lat' dir='ltr'><strong>prodigia,</strong></span> <span class='ocrx_word' id='word_1_526' title='bbox 1750 4238 1874 4308; x_wconf 90' lang='lat' dir='ltr'><strong>ipso</strong></span> <span class='ocrx_word' id='word_1_527' title='bbox 1891 4239 2134 4296; x_wconf 91' lang='lat' dir='ltr'><strong>Domino</strong></span> 
     </span>
    </p>
   </div>
   <div class='ocr_carea' id='block_1_75' title="bbox 485 4325 2129 4400">
    <p class='ocr_par' dir='ltr' id='par_1_75' title="bbox 485 4325 2129 4400">
     <span class='ocr_line' id='line_1_75' title="bbox 485 4325 2129 4400; baseline 0 -18"><span class='ocrx_word' id='word_1_528' title='bbox 485 4326 762 4400; x_wconf 88' lang='lat' dir='ltr'><strong>largiente</strong></span> <span class='ocrx_word' id='word_1_529' title='bbox 779 4325 1024 4381; x_wconf 82' lang='lat' dir='ltr'><strong>ﬁdeliter</strong></span> <span class='ocrx_word' id='word_1_530' title='bbox 1041 4326 1346 4394; x_wconf 88' lang='lat' dir='ltr'><strong>transiens,</strong></span> <span class='ocrx_word' id='word_1_531' title='bbox 1360 4325 1551 4381; x_wconf 86' lang='lat' dir='ltr'><strong>eadem</strong></span> <span class='ocrx_word' id='word_1_532' title='bbox 1567 4326 1830 4382; x_wconf 90' lang='lat' dir='ltr'><strong>omisisse</strong></span> <span class='ocrx_word' id='word_1_533' title='bbox 1847 4327 2129 4397; x_wconf 88' lang='lat' dir='ltr'><strong>culparer.</strong></span> 
     </span>
    </p>
   </div>
   <div class='ocr_carea' id='block_1_76' title="bbox 481 4387 2213 4484">
    <p class='ocr_par' dir='ltr' id='par_1_76' title="bbox 481 4387 2213 4484">
     <span class='ocr_line' id='line_1_76' title="bbox 481 4387 2213 4484; baseline 0.001 -13"><span class='ocrx_word' id='word_1_534' title='bbox 481 4387 732 4474; x_wconf 56' lang='lat' dir='ltr'><strong>Stuitum</strong></span> <span class='ocrx_word' id='word_1_535' title='bbox 773 4428 972 4484; x_wconf 92' lang='lat' dir='ltr'><strong>nempe</strong></span> <span class='ocrx_word' id='word_1_536' title='bbox 1022 4413 1251 4470; x_wconf 88' lang='lat' dir='ltr'><strong>videtur</strong></span> <span class='ocrx_word' id='word_1_537' title='bbox 1293 4387 1375 4469; x_wconf 84' lang='lat' dir='ltr'><strong>rei</strong></span> <span class='ocrx_word' id='word_1_538' title='bbox 1422 4415 1716 4470; x_wconf 86' lang='lat' dir='ltr'><strong>veritatem</strong></span> <span class='ocrx_word' id='word_1_539' title='bbox 1753 4429 1786 4471; x_wconf 89' lang='lat' dir='ltr'><strong>a</strong></span> <span class='ocrx_word' id='word_1_540' title='bbox 1810 4387 1962 4471; x_wconf 76' lang='lat' dir='ltr'><strong>calce</strong></span> <span class='ocrx_word' id='word_1_541' title='bbox 1994 4430 2134 4473; x_wconf 85' lang='lat' dir='ltr'><strong>nar—</strong></span> <span class='ocrx_word' id='word_1_542' title='bbox 2158 4387 2213 4451; x_wconf 82' lang='lat' dir='ltr'><strong>D</strong></span> 
     </span>
    </p>
   </div>
   <div class='ocr_carea' id='block_1_77' title="bbox 485 4501 2127 4575">
    <p class='ocr_par' dir='ltr' id='par_1_77' title="bbox 485 4501 2127 4575">
     <span class='ocr_line' id='line_1_77' title="bbox 485 4501 2127 4575; baseline -0.001 -15"><span class='ocrx_word' id='word_1_543' title='bbox 485 4507 662 4562; x_wconf 90' lang='lat' dir='ltr'><strong>rando</strong></span> <span class='ocrx_word' id='word_1_544' title='bbox 704 4505 957 4574; x_wconf 89' lang='lat' dir='ltr'><strong>incipere</strong></span> <span class='ocrx_word' id='word_1_545' title='bbox 983 4511 1038 4558; x_wconf 86' lang='lat' dir='ltr'><strong>et</strong></span> <span class='ocrx_word' id='word_1_546' title='bbox 1065 4503 1150 4557; x_wconf 92' lang='lat' dir='ltr'><strong>sic</strong></span> <span class='ocrx_word' id='word_1_547' title='bbox 1180 4503 1248 4557; x_wconf 92' lang='lat' dir='ltr'><strong>ad</strong></span> <span class='ocrx_word' id='word_1_548' title='bbox 1281 4501 1520 4558; x_wconf 90' lang='lat' dir='ltr'><strong>titulum</strong></span> <span class='ocrx_word' id='word_1_549' title='bbox 1563 4504 1774 4574; x_wconf 89' lang='lat' dir='ltr'><strong>capitis</strong></span> <span class='ocrx_word' id='word_1_550' title='bbox 1815 4505 2127 4575; x_wconf 89' lang='lat' dir='ltr'><strong>pervenire.</strong></span> 
     </span>
    </p>
   </div>
   <div class='ocr_carea' id='block_1_78' title="bbox 486 4591 2134 4664">
    <p class='ocr_par' dir='ltr' id='par_1_78' title="bbox 486 4591 2134 4664">
     <span class='ocr_line' id='line_1_78' title="bbox 486 4591 2134 4664; baseline 0.001 -16"><span class='ocrx_word' id='word_1_551' title='bbox 486 4595 728 4664; x_wconf 86' lang='lat' dir='ltr'><strong>Ideoque</strong></span> <span class='ocrx_word' id='word_1_552' title='bbox 757 4592 918 4662; x_wconf 87' lang='lat' dir='ltr'><strong>prius</strong></span> <span class='ocrx_word' id='word_1_553' title='bbox 945 4597 1071 4647; x_wconf 89' lang='lat' dir='ltr'><strong>acta</strong></span> <span class='ocrx_word' id='word_1_554' title='bbox 1113 4591 1260 4660; x_wconf 88' lang='lat' dir='ltr'><strong>stylo</strong></span> <span class='ocrx_word' id='word_1_555' title='bbox 1303 4598 1568 4648; x_wconf 88' lang='lat' dir='ltr'><strong>currente</strong></span> <span class='ocrx_word' id='word_1_556' title='bbox 1605 4593 1908 4664; x_wconf 83' lang='lat' dir='ltr'><strong>descripsi,</strong></span> <span class='ocrx_word' id='word_1_557' title='bbox 1941 4599 2004 4650; x_wconf 87' lang='lat' dir='ltr'><strong>ut</strong></span> <span class='ocrx_word' id='word_1_558' title='bbox 2037 4609 2134 4650; x_wconf 91' lang='lat' dir='ltr'><strong>se-</strong></span> 
     </span>
    </p>
   </div>
   <div class='ocr_carea' id='block_1_79' title="bbox 487 4679 2134 4751">
    <p class='ocr_par' dir='ltr' id='par_1_79' title="bbox 487 4679 2134 4751">
     <span class='ocr_line' id='line_1_79' title="bbox 487 4679 2134 4751; baseline 0.003 -15"><span class='ocrx_word' id='word_1_559' title='bbox 487 4679 722 4751; x_wconf 71' lang='lat' dir='ltr'><strong>ducntia</strong></span> <span class='ocrx_word' id='word_1_560' title='bbox 738 4680 983 4750; x_wconf 87' lang='lat' dir='ltr'><strong>virginis</strong></span> <span class='ocrx_word' id='word_1_561' title='bbox 1003 4679 1514 4736; x_wconf 86' lang='lat' dir='ltr'><strong>intercessionibus</strong></span> <span class='ocrx_word' id='word_1_562' title='bbox 1535 4683 1703 4738; x_wconf 90' lang='lat' dir='ltr'><strong>etiam</strong></span> <span class='ocrx_word' id='word_1_563' title='bbox 1723 4683 2134 4741; x_wconf 44' lang='lat' dir='ltr'><strong>valeant‘adno—</strong></span> 
     </span>
    </p>
   </div>
   <div class='ocr_carea' id='block_1_80' title="bbox 487 4768 2131 4843">
    <p class='ocr_par' dir='ltr' id='par_1_80' title="bbox 487 4768 2131 4843">
     <span class='ocr_line' id='line_1_80' title="bbox 487 4768 2131 4843; baseline 0.003 -19"><span class='ocrx_word' id='word_1_564' title='bbox 487 4769 616 4824; x_wconf 88' lang='lat' dir='ltr'><strong>tari.</strong></span> <span class='ocrx_word' id='word_1_565' title='bbox 651 4770 795 4823; x_wconf 92' lang='lat' dir='ltr'><strong>Dum</strong></span> <span class='ocrx_word' id='word_1_566' title='bbox 825 4768 1006 4840; x_wconf 91' lang='lat' dir='ltr'><strong>igitur</strong></span> <span class='ocrx_word' id='word_1_567' title='bbox 1035 4781 1196 4823; x_wconf 89' lang='lat' dir='ltr'><strong>sacra</strong></span> <span class='ocrx_word' id='word_1_568' title='bbox 1227 4768 1386 4841; x_wconf 89' lang='lat' dir='ltr'><strong>virgo</strong></span> <span class='ocrx_word' id='word_1_569' title='bbox 1413 4770 1750 4843; x_wconf 88' lang='lat' dir='ltr'><strong>Walpurgis</strong></span> <span class='ocrx_word' id='word_1_570' title='bbox 1781 4779 1953 4828; x_wconf 85' lang='lat' dir='ltr'><strong>totam</strong></span> <span class='ocrx_word' id='word_1_571' title='bbox 1985 4787 2045 4829; x_wconf 91' lang='lat' dir='ltr'><strong>se</strong></span> <span class='ocrx_word' id='word_1_572' title='bbox 2071 4773 2131 4828; x_wconf 91' lang='lat' dir='ltr'><strong>in</strong></span> 
     </span>
    </p>
   </div>
   <div class='ocr_carea' id='block_1_81' title="bbox 557 4875 2133 4938">
    <p class='ocr_par' dir='ltr' id='par_1_81' title="bbox 557 4875 2133 4938">
     <span class='ocr_line' id='line_1_81' title="bbox 557 4875 2133 4938; baseline 0.003 -9"><span class='ocrx_word' id='word_1_573' title='bbox 557 4889 578 4914; x_wconf 76' lang='grc' dir='ltr'>ι</span> <span class='ocrx_word' id='word_1_574' title='bbox 615 4875 903 4930; x_wconf 85' lang='lat' dir='ltr'><strong>Nimirum</strong></span> <span class='ocrx_word' id='word_1_575' title='bbox 941 4889 974 4928; x_wconf 76' lang='grc' dir='ltr'><strong>ν</strong></span> <span class='ocrx_word' id='word_1_576' title='bbox 1005 4875 1237 4929; x_wconf 83' lang='lat' dir='ltr'><strong>Kalend.</strong></span> <span class='ocrx_word' id='word_1_577' title='bbox 1290 4877 1499 4938; x_wconf 73' lang='lat' dir='ltr'><strong>Martii,</strong></span> <span class='ocrx_word' id='word_1_578' title='bbox 1548 4879 1643 4932; x_wconf 85' lang='lat' dir='ltr'><strong>hoc</strong></span> <span class='ocrx_word' id='word_1_579' title='bbox 1684 4885 1764 4935; x_wconf 84' lang='lat' dir='ltr'><strong>est</strong></span> <span class='ocrx_word' id='word_1_580' title='bbox 1803 4881 1862 4934; x_wconf 76' lang='lat' dir='ltr'><strong>in</strong></span> <span class='ocrx_word' id='word_1_581' title='bbox 1896 4883 2133 4934; x_wconf 77' lang='lat' dir='ltr'><strong>crastino</strong></span> 
     </span>
    </p>
   </div>
   <div class='ocr_carea' id='block_1_82' title="bbox 485 4946 2133 5034">
    <p class='ocr_par' dir='ltr' id='par_1_82' title="bbox 485 4946 2133 5034">
     <span class='ocr_line' id='line_1_82' title="bbox 485 4946 2133 5034; baseline 0 0"><span class='ocrx_word' id='word_1_582' title='bbox 485 4946 1144 5034; x_wconf 46' lang='lat' dir='ltr'><strong>Se.licftlfa,91astal€»</strong></span> <span class='ocrx_word' id='word_1_583' title='bbox 1169 4947 1390 5034; x_wconf 55' lang='lat' dir='ltr'><strong>ﬁnal}?!</strong></span> <span class='ocrx_word' id='word_1_584' title='bbox 1447 4948 1750 5034; x_wconf 62' lang='lat' dir='ltr'><strong>l’mliPP&#39;lS</strong></span> <span class='ocrx_word' id='word_1_585' title='bbox 1766 5029 1775 5034; x_wconf 88' lang='lat'>_</span> <span class='ocrx_word' id='word_1_586' title='bbox 1792 4952 2133 5034; x_wconf 50' lang='grc' dir='ltr'><strong>Είξιθρειμὲῖε</strong></span> 
     </span>
    </p>
   </div>
   <div class='ocr_carea' id='block_1_83' title="bbox 485 5019 2135 5158">
    <p class='ocr_par' dir='ltr' id='par_1_83' title="bbox 485 5019 2135 5158">
     <span class='ocr_line' id='line_1_83' title="bbox 485 5019 2132 5103; baseline 0.002 -29"><span class='ocrx_word' id='word_1_587' title='bbox 485 5019 808 5100; x_wconf 79' lang='lat' dir='ltr'><strong>episcopus,</strong></span> <span class='ocrx_word' id='word_1_588' title='bbox 837 5022 958 5072; x_wconf 90' lang='lat' dir='ltr'><strong>tum</strong></span> <span class='ocrx_word' id='word_1_589' title='bbox 985 5019 1041 5072; x_wconf 91' lang='lat' dir='ltr'><strong>in</strong></span> <span class='ocrx_word' id='word_1_590' title='bbox 1071 5019 1259 5101; x_wconf 85' lang='lat' dir='ltr'><strong>ipsius</strong></span> <span class='ocrx_word' id='word_1_591' title='bbox 1287 5019 1574 5096; x_wconf 6' lang='lat' dir='ltr'><strong>Vita,gtum</strong></span> <span class='ocrx_word' id='word_1_592' title='bbox 1594 5019 1658 5103; x_wconf 74' lang='lat' dir='ltr'><strong>in</strong></span> <span class='ocrx_word' id='word_1_593' title='bbox 1682 5022 1840 5078; x_wconf 79' lang='lat' dir='ltr'><strong>Actis</strong></span> <span class='ocrx_word' id='word_1_594' title='bbox 1863 5023 1917 5077; x_wconf 86' lang='lat' dir='ltr'><strong>S.</strong></span> <span class='ocrx_word' id='word_1_595' title='bbox 1941 5023 2132 5078; x_wconf 80' lang='lat' dir='ltr'><strong>Willi-</strong></span> 
     </span>
     <span class='ocr_line' id='line_1_84' title="bbox 485 5087 2135 5158; baseline 0.004 -14"><span class='ocrx_word' id='word_1_596' title='bbox 485 5089 642 5144; x_wconf 69' lang='lat' dir='ltr'><strong>bald:</strong></span> <span class='ocrx_word' id='word_1_597' title='bbox 669 5101 790 5157; x_wconf 89' lang='lat' dir='ltr'><strong>cap.</strong></span> <span class='ocrx_word' id='word_1_598' title='bbox 817 5087 906 5154; x_wconf 78' lang='lat' dir='ltr'><strong>3i,</strong></span> <span class='ocrx_word' id='word_1_599' title='bbox 931 5095 986 5144; x_wconf 86' lang='lat' dir='ltr'><strong>et</strong></span> <span class='ocrx_word' id='word_1_600' title='bbox 1015 5090 1248 5158; x_wconf 81' lang='lat' dir='ltr'><strong>quidem</strong></span> <span class='ocrx_word' id='word_1_601' title='bbox 1277 5095 1406 5144; x_wconf 91' lang='lat' dir='ltr'><strong>ante</strong></span> <span class='ocrx_word' id='word_1_602' title='bbox 1429 5092 1481 5144; x_wconf 78' lang='lat' dir='ltr'><strong>S.</strong></span> <span class='ocrx_word' id='word_1_603' title='bbox 1513 5093 1940 5158; x_wconf 81' lang='lat' dir='ltr'><strong>Willibaldum,</strong></span> <span class='ocrx_word' id='word_1_604' title='bbox 1965 5106 1994 5147; x_wconf 92' lang='lat' dir='ltr'><strong>a</strong></span> <span class='ocrx_word' id='word_1_605' title='bbox 2019 5109 2135 5158; x_wconf 91' lang='lat' dir='ltr'><strong>quo</strong></span> 
     </span>
    </p>
   </div>
   <div class='ocr_carea' id='block_1_84' title="bbox 481 5110 2137 5242">
    <p class='ocr_par' dir='ltr' id='par_1_84' title="bbox 481 5110 2137 5242">
     <span class='ocr_line' id='line_1_85' title="bbox 485 5110 2135 5164; baseline 0.004 -20"><span class='ocrx_word' id='word_1_606' title='bbox 485 5110 642 5144; x_wconf 69' lang='lat' dir='ltr'><strong>natu:</strong></span> <span class='ocrx_word' id='word_1_607' title='bbox 669 5110 790 5157; x_wconf 71' lang='grc' dir='ltr'><strong>υξῳ.</strong></span> <span class='ocrx_word' id='word_1_608' title='bbox 817 5110 906 5154; x_wconf 74' lang='grc' dir='ltr'><strong>οτι,</strong></span> <span class='ocrx_word' id='word_1_609' title='bbox 931 5110 986 5144; x_wconf 66' lang='grc' dir='ltr'>ει</span> <span class='ocrx_word' id='word_1_610' title='bbox 1015 5110 1248 5158; x_wconf 74' lang='grc' dir='ltr'><strong>ψιιαθῐιι</strong></span> <span class='ocrx_word' id='word_1_611' title='bbox 1277 5110 1406 5144; x_wconf 76' lang='lat' dir='ltr'><strong>ante</strong></span> <span class='ocrx_word' id='word_1_612' title='bbox 1430 5110 1481 5144; x_wconf 71' lang='grc' dir='ltr'><strong>δ.</strong></span> <span class='ocrx_word' id='word_1_613' title='bbox 1522 5110 1940 5163; x_wconf 83' lang='lat' dir='ltr'><strong>wmmaluum,</strong></span> <span class='ocrx_word' id='word_1_614' title='bbox 1965 5110 1994 5147; x_wconf 65' lang='lat' dir='ltr'><strong>il</strong></span> <span class='ocrx_word' id='word_1_615' title='bbox 2019 5110 2135 5164; x_wconf 89' lang='lat' dir='ltr'><strong>quo</strong></span> 
     </span>
     <span class='ocr_line' id='line_1_86' title="bbox 481 5159 2137 5242; baseline 0.002 -26"><span class='ocrx_word' id='word_1_616' title='bbox 481 5161 648 5242; x_wconf 75' lang='lat' dir='ltr'><strong>juxta</strong></span> <span class='ocrx_word' id='word_1_617' title='bbox 675 5160 730 5242; x_wconf 82' lang='lat' dir='ltr'><strong>S.</strong></span> <span class='ocrx_word' id='word_1_618' title='bbox 755 5159 1179 5242; x_wconf 56' lang='lat' dir='ltr'><strong>“funebaldum</strong></span> <span class='ocrx_word' id='word_1_619' title='bbox 1205 5159 1606 5242; x_wconf 64' lang='lat' dir='ltr'><strong>ecclesiasticae</strong></span> <span class='ocrx_word' id='word_1_620' title='bbox 1633 5166 1948 5242; x_wconf 43' lang='lat' dir='ltr'><strong>sepultura</strong></span> <span class='ocrx_word' id='word_1_621' title='bbox 1972 5180 2137 5242; x_wconf 90' lang='lat' dir='ltr'><strong>c_om-</strong></span> 
     </span>
    </p>
   </div>
   <div class='ocr_carea' id='block_1_85' title="bbox 485 5231 2137 5358">
    <p class='ocr_par' dir='ltr' id='par_1_85' title="bbox 485 5231 2137 5358">
     <span class='ocr_line' id='line_1_87' title="bbox 487 5231 2137 5308; baseline 0.004 -22"><span class='ocrx_word' id='word_1_622' title='bbox 487 5231 747 5286; x_wconf 89' lang='lat' dir='ltr'><strong>mendata</strong></span> <span class='ocrx_word' id='word_1_623' title='bbox 795 5231 1018 5286; x_wconf 90' lang='lat' dir='ltr'><strong>dicitur</strong></span> <span class='ocrx_word' id='word_1_624' title='bbox 1057 5248 1071 5300; x_wconf 86' lang='lat'><strong>;</strong></span> <span class='ocrx_word' id='word_1_625' title='bbox 1105 5244 1252 5286; x_wconf 87' lang='lat' dir='ltr'><strong>anno</strong></span> <span class='ocrx_word' id='word_1_626' title='bbox 1302 5233 1540 5301; x_wconf 88' lang='lat' dir='ltr'><strong>proinde</strong></span> <span class='ocrx_word' id='word_1_627' title='bbox 1595 5231 1750 5292; x_wconf 79' lang='lat' dir='ltr'><strong>circa</strong></span> <span class='ocrx_word' id='word_1_628' title='bbox 1798 5233 1936 5292; x_wconf 69' lang='lat'><strong>780.</strong></span> <span class='ocrx_word' id='word_1_629' title='bbox 1993 5237 2137 5308; x_wconf 90' lang='lat' dir='ltr'><strong>Lege</strong></span> 
     </span>
     <span class='ocr_line' id='line_1_88' title="bbox 485 5300 1066 5358; baseline -0.003 -1"><span class='ocrx_word' id='word_1_630' title='bbox 485 5302 868 5358; x_wconf 83' lang='lat' dir='ltr'><strong>Anuendicem</strong></span> <span class='ocrx_word' id='word_1_631' title='bbox 898 5300 1066 5356; x_wconf 85' lang='lat' dir='ltr'><strong>infra.</strong></span> 
     </span>
    </p>
   </div>
   <div class='ocr_carea' id='block_1_86' title="bbox 536 5317 2138 5456">
    <p class='ocr_par' dir='ltr' id='par_1_86' title="bbox 536 5317 2138 5456">
     <span class='ocr_line' id='line_1_89' title="bbox 536 5317 1066 5373; baseline 0 -18"><span class='ocrx_word' id='word_1_632' title='bbox 536 5317 868 5373; x_wconf 80' lang='lat' dir='ltr'><strong>ppenuicem</strong></span> <span class='ocrx_word' id='word_1_633' title='bbox 898 5317 1066 5356; x_wconf 78' lang='lat' dir='ltr'><strong>intra.</strong></span> 
     </span>
     <span class='ocr_line' id='line_1_90' title="bbox 557 5372 2138 5456; baseline 0.008 -30"><span class='ocrx_word' id='word_1_634' title='bbox 557 5373 586 5416; x_wconf 89' lang='lat' dir='ltr'><strong>b</strong></span> <span class='ocrx_word' id='word_1_635' title='bbox 609 5373 881 5456; x_wconf 77' lang='lat' dir='ltr'><strong>tharius</strong></span> <span class='ocrx_word' id='word_1_636' title='bbox 911 5373 1030 5428; x_wconf 89' lang='lat' dir='ltr'><strong>sive</strong></span> <span class='ocrx_word' id='word_1_637' title='bbox 1049 5372 1339 5456; x_wconf 83' lang='lat' dir='ltr'><strong>Otgarius,</strong></span> <span class='ocrx_word' id='word_1_638' title='bbox 1361 5374 1699 5456; x_wconf 71' lang='lat' dir='ltr'><strong>prgerusve,</strong></span> <span class='ocrx_word' id='word_1_639' title='bbox 1738 5386 1932 5435; x_wconf 91' lang='lat' dir='ltr'><strong>sextus</strong></span> <span class='ocrx_word' id='word_1_640' title='bbox 1952 5383 2138 5456; x_wconf 73' lang='lat' dir='ltr'><strong>Eiste-</strong></span> 
     </span>
    </p>
   </div>
   <div class='ocr_carea' id='block_1_87' title="bbox 488 5445 2140 5527">
    <p class='ocr_par' dir='ltr' id='par_1_87' title="bbox 488 5445 2140 5527">
     <span class='ocr_line' id='line_1_91' title="bbox 488 5445 2140 5527; baseline 0.007 -27"><span class='ocrx_word' id='word_1_641' title='bbox 488 5445 736 5527; x_wconf 78' lang='lat' dir='ltr'><strong>tensium</strong></span> <span class='ocrx_word' id='word_1_642' title='bbox 768 5445 1090 5527; x_wconf 67' lang='lat' dir='ltr'><strong>episcopus,</strong></span> <span class='ocrx_word' id='word_1_643' title='bbox 1111 5445 1186 5526; x_wconf 43' lang='lat' dir='ltr'><strong>.in</strong></span> <span class='ocrx_word' id='word_1_644' title='bbox 1229 5445 1491 5527; x_wconf 63' lang='lat' dir='ltr'><strong>catalogo</strong></span> <span class='ocrx_word' id='word_1_645' title='bbox 1518 5445 1913 5527; x_wconf 59' lang='lat' dir='ltr'><strong>episcoporum</strong></span> <span class='ocrx_word' id='word_1_646' title='bbox 1937 5455 2140 5527; x_wconf 76' lang='lat' dir='ltr'><strong>Eiste—</strong></span> 
     </span>
    </p>
   </div>
   <div class='ocr_carea' id='block_1_88' title="bbox 487 5515 2138 5588">
    <p class='ocr_par' dir='ltr' id='par_1_88' title="bbox 487 5515 2138 5588">
     <span class='ocr_line' id='line_1_92' title="bbox 487 5515 2138 5588; baseline 0.007 -17"><span class='ocrx_word' id='word_1_647' title='bbox 487 5515 740 5573; x_wconf 88' lang='lat' dir='ltr'><strong>tensium</strong></span> <span class='ocrx_word' id='word_1_648' title='bbox 791 5515 1180 5588; x_wconf 88' lang='lat' dir='ltr'><strong>Democharis,</strong></span> <span class='ocrx_word' id='word_1_649' title='bbox 1229 5515 1496 5574; x_wconf 80' lang='lat' dir='ltr'><strong>Bruschii</strong></span> <span class='ocrx_word' id='word_1_650' title='bbox 1530 5515 1588 5575; x_wconf 74' lang='lat' dir='ltr'><strong>et</strong></span> <span class='ocrx_word' id='word_1_651' title='bbox 1622 5515 1874 5579; x_wconf 84' lang='lat' dir='ltr'><strong>Grétseri</strong></span> <span class='ocrx_word' id='word_1_652' title='bbox 1917 5525 2138 5584; x_wconf 90' lang='lat' dir='ltr'><strong>dicitur</strong></span> 
     </span>
    </p>
   </div>
   <div class='ocr_carea' id='block_1_89' title="bbox 2243 3133 3824 3212">
    <p class='ocr_par' dir='ltr' id='par_1_89' title="bbox 2243 3133 3824 3212">
     <span class='ocr_line' id='line_1_93' title="bbox 2243 3133 3824 3212; baseline 0.001 -25"><span class='ocrx_word' id='word_1_653' title='bbox 2243 3133 2577 3192; x_wconf 89' lang='lat' dir='ltr'><strong>decentibus</strong></span> <span class='ocrx_word' id='word_1_654' title='bbox 2605 3135 2868 3208; x_wconf 89' lang='lat' dir='ltr'><strong>vestigiis</strong></span> <span class='ocrx_word' id='word_1_655' title='bbox 2890 3153 3132 3209; x_wconf 89' lang='lat' dir='ltr'><strong>premor.</strong></span> <span class='ocrx_word' id='word_1_656' title='bbox 3161 3140 3370 3196; x_wconf 86' lang='lat' dir='ltr'><strong>Sciens</strong></span> <span class='ocrx_word' id='word_1_657' title='bbox 3391 3140 3560 3212; x_wconf 85' lang='lat' dir='ltr'><strong>igitur</strong></span> <span class='ocrx_word' id='word_1_658' title='bbox 3583 3137 3705 3193; x_wconf 85' lang='lat' dir='ltr'><strong>scito</strong></span> <span class='ocrx_word' id='word_1_659' title='bbox 3721 3145 3824 3204; x_wconf 86' lang='lat' dir='ltr'><strong>quo-</strong></span> 
     </span>
    </p>
   </div>
   <div class='ocr_carea' id='block_1_90' title="bbox 2245 3224 3823 3300">
    <p class='ocr_par' dir='ltr' id='par_1_90' title="bbox 2245 3224 3823 3300">
     <span class='ocr_line' id='line_1_94' title="bbox 2245 3224 3823 3300; baseline -0.003 -21"><span class='ocrx_word' id='word_1_660' title='bbox 2245 3224 2398 3280; x_wconf 89' lang='lat' dir='ltr'><strong>niam</strong></span> <span class='ocrx_word' id='word_1_661' title='bbox 2421 3225 2532 3280; x_wconf 86' lang='lat' dir='ltr'><strong>tale</strong></span> <span class='ocrx_word' id='word_1_662' title='bbox 2559 3225 2796 3297; x_wconf 90' lang='lat' dir='ltr'><strong>aliquod</strong></span> <span class='ocrx_word' id='word_1_663' title='bbox 2825 3227 3108 3284; x_wconf 91' lang='lat' dir='ltr'><strong>indicium</strong></span> <span class='ocrx_word' id='word_1_664' title='bbox 3131 3243 3242 3299; x_wconf 90' lang='lat' dir='ltr'><strong>pan</strong></span> <span class='ocrx_word' id='word_1_665' title='bbox 3257 3231 3384 3286; x_wconf 88' lang='lat' dir='ltr'><strong>dam</strong></span> <span class='ocrx_word' id='word_1_666' title='bbox 3407 3242 3514 3300; x_wconf 92' lang='lat' dir='ltr'><strong>quo</strong></span> <span class='ocrx_word' id='word_1_667' title='bbox 3535 3241 3633 3283; x_wconf 92' lang='lat' dir='ltr'><strong>non</strong></span> <span class='ocrx_word' id='word_1_668' title='bbox 3655 3228 3771 3280; x_wconf 84' lang='lat' dir='ltr'><strong>recte</strong></span> <span class='ocrx_word' id='word_1_669' title='bbox 3785 3225 3823 3275; x_wconf 85' lang='lat' dir='ltr'><strong>te</strong></span> 
     </span>
    </p>
   </div>
   <div class='ocr_carea' id='block_1_91' title="bbox 2243 3315 3822 3390">
    <p class='ocr_par' dir='ltr' id='par_1_91' title="bbox 2243 3315 3822 3390">
     <span class='ocr_line' id='line_1_95' title="bbox 2243 3315 3822 3390; baseline -0.002 -22"><span class='ocrx_word' id='word_1_670' title='bbox 2243 3327 2376 3384; x_wconf 89' lang='lat' dir='ltr'><strong>erga</strong></span> <span class='ocrx_word' id='word_1_671' title='bbox 2400 3329 2484 3371; x_wconf 88' lang='lat' dir='ltr'><strong>me</strong></span> <span class='ocrx_word' id='word_1_672' title='bbox 2505 3321 2562 3371; x_wconf 88' lang='lat' dir='ltr'><strong>et</strong></span> <span class='ocrx_word' id='word_1_673' title='bbox 2581 3315 2811 3372; x_wconf 92' lang='lat' dir='ltr'><strong>domum</strong></span> <span class='ocrx_word' id='word_1_674' title='bbox 2836 3317 2934 3372; x_wconf 91' lang='lat' dir='ltr'><strong>Dei</strong></span> <span class='ocrx_word' id='word_1_675' title='bbox 2961 3319 3146 3390; x_wconf 87' lang='lat' dir='ltr'><strong>egisse</strong></span> <span class='ocrx_word' id='word_1_676' title='bbox 3169 3331 3234 3374; x_wconf 89' lang='lat' dir='ltr'><strong>co</strong></span> <span class='ocrx_word' id='word_1_677' title='bbox 3252 3321 3510 3390; x_wconf 89' lang='lat' dir='ltr'><strong>mperias.</strong></span> <span class='ocrx_word' id='word_1_678' title='bbox 3531 3317 3622 3372; x_wconf 91' lang='lat' dir='ltr'><strong>Sed</strong></span> <span class='ocrx_word' id='word_1_679' title='bbox 3643 3315 3683 3369; x_wconf 91' lang='lat' dir='ltr'><strong>si</strong></span> <span class='ocrx_word' id='word_1_680' title='bbox 3705 3323 3822 3368; x_wconf 87' lang='lat' dir='ltr'><strong>reum</strong></span> 
     </span>
    </p>
   </div>
   <div class='ocr_carea' id='block_1_92' title="bbox 2243 3402 3822 3478">
    <p class='ocr_par' dir='ltr' id='par_1_92' title="bbox 2243 3402 3822 3478">
     <span class='ocr_line' id='line_1_96' title="bbox 2243 3402 3822 3478; baseline -0.001 -20"><span class='ocrx_word' id='word_1_681' title='bbox 2243 3409 2300 3460; x_wconf 92' lang='lat' dir='ltr'><strong>te</strong></span> <span class='ocrx_word' id='word_1_682' title='bbox 2337 3402 2456 3460; x_wconf 83' lang='lat' dir='ltr'><strong>fore</strong></span> <span class='ocrx_word' id='word_1_683' title='bbox 2484 3407 2818 3477; x_wconf 87' lang='lat' dir='ltr'><strong>cognoveris</strong></span> <span class='ocrx_word' id='word_1_684' title='bbox 2862 3407 3084 3463; x_wconf 85' lang='lat' dir='ltr'><strong>veniam</strong></span> <span class='ocrx_word' id='word_1_685' title='bbox 3135 3410 3436 3466; x_wconf 74' lang='lat' dir='ltr'><strong>merearis.</strong></span> <span class='ocrx_word' id='word_1_686' title='bbox 3480 3407 3622 3478; x_wconf 90' lang='lat' dir='ltr'><strong>Quod</strong></span> <span class='ocrx_word' id='word_1_687' title='bbox 3652 3403 3822 3460; x_wconf 82' lang='lat' dir='ltr'><strong>modico</strong></span> 
     </span>
    </p>
   </div>
   <div class='ocr_carea' id='block_1_93' title="bbox 2242 3489 3816 3566">
    <p class='ocr_par' dir='ltr' id='par_1_93' title="bbox 2242 3489 3816 3566">
     <span class='ocr_line' id='line_1_97' title="bbox 2242 3489 3816 3566; baseline -0.003 -20"><span class='ocrx_word' id='word_1_688' title='bbox 2242 3493 2517 3561; x_wconf 89' lang='lat' dir='ltr'><strong>explicito</strong></span> <span class='ocrx_word' id='word_1_689' title='bbox 2542 3499 2792 3564; x_wconf 88' lang='lat' dir='ltr'><strong>tempore</strong></span> <span class='ocrx_word' id='word_1_690' title='bbox 2822 3495 2902 3551; x_wconf 90' lang='lat' dir='ltr'><strong>rei</strong></span> <span class='ocrx_word' id='word_1_691' title='bbox 2936 3497 3196 3566; x_wconf 88' lang='lat' dir='ltr'><strong>probavit</strong></span> <span class='ocrx_word' id='word_1_692' title='bbox 3234 3505 3487 3554; x_wconf 82' lang='lat' dir='ltr'><strong>eventus.</strong></span> <span class='ocrx_word' id='word_1_693' title='bbox 3524 3498 3644 3552; x_wconf 89' lang='lat' dir='ltr'><strong>Nam</strong></span> <span class='ocrx_word' id='word_1_694' title='bbox 3670 3489 3816 3548; x_wconf 86' lang='lat' dir='ltr'><strong>statim</strong></span> 
     </span>
    </p>
   </div>
   <div class='ocr_carea' id='block_1_94' title="bbox 2245 3579 3816 3658">
    <p class='ocr_par' dir='ltr' id='par_1_94' title="bbox 2245 3579 3816 3658">
     <span class='ocr_line' id='line_1_98' title="bbox 2245 3579 3816 3658; baseline 0.003 -24"><span class='ocrx_word' id='word_1_695' title='bbox 2245 3580 2304 3635; x_wconf 90' lang='lat' dir='ltr'><strong>in</strong></span> <span class='ocrx_word' id='word_1_696' title='bbox 2355 3583 2635 3655; x_wconf 88' lang='lat' dir='ltr'><strong>proximo,</strong></span> <span class='ocrx_word' id='word_1_697' title='bbox 2687 3585 2824 3641; x_wconf 89' lang='lat' dir='ltr'><strong>dum</strong></span> <span class='ocrx_word' id='word_1_698' title='bbox 2869 3585 3041 3642; x_wconf 91' lang='lat' dir='ltr'><strong>erecti</strong></span> <span class='ocrx_word' id='word_1_699' title='bbox 3092 3595 3288 3644; x_wconf 82' lang='lat' dir='ltr'><strong>essent</strong></span> <span class='ocrx_word' id='word_1_700' title='bbox 3341 3588 3574 3658; x_wconf 87' lang='lat' dir='ltr'><strong>parietes</strong></span> <span class='ocrx_word' id='word_1_701' title='bbox 3620 3579 3816 3652; x_wconf 82' lang='lat' dir='ltr'><strong>ejusdem</strong></span> 
     </span>
    </p>
   </div>
   <div class='ocr_carea' id='block_1_95' title="bbox 2244 3667 3816 3748">
    <p class='ocr_par' dir='ltr' id='par_1_95' title="bbox 2244 3667 3816 3748">
     <span class='ocr_line' id='line_1_99' title="bbox 2244 3667 3816 3748; baseline 0.002 -25"><span class='ocrx_word' id='word_1_702' title='bbox 2244 3667 2474 3726; x_wconf 72' lang='lat' dir='ltr'><strong>fabrica:</strong></span> <span class='ocrx_word' id='word_1_703' title='bbox 2516 3673 2921 3745; x_wconf 89' lang='lat' dir='ltr'><strong>prominentes,</strong></span> <span class='ocrx_word' id='word_1_704' title='bbox 2955 3681 3010 3730; x_wconf 92' lang='lat' dir='ltr'><strong>et</strong></span> <span class='ocrx_word' id='word_1_705' title='bbox 3039 3675 3294 3732; x_wconf 86' lang='lat' dir='ltr'><strong>trabium</strong></span> <span class='ocrx_word' id='word_1_706' title='bbox 3328 3677 3568 3748; x_wconf 91' lang='lat' dir='ltr'><strong>spatiosa</strong></span> <span class='ocrx_word' id='word_1_707' title='bbox 3602 3677 3816 3736; x_wconf 70' lang='lat' dir='ltr'><strong>compago</strong></span> 
     </span>
    </p>
   </div>
   <div class='ocr_carea' id='block_1_96' title="bbox 2243 3755 3816 3836">
    <p class='ocr_par' dir='ltr' id='par_1_96' title="bbox 2243 3755 3816 3836">
     <span class='ocr_line' id='line_1_100' title="bbox 2243 3755 3816 3836; baseline -0.004 -22"><span class='ocrx_word' id='word_1_708' title='bbox 2243 3761 2504 3830; x_wconf 90' lang='lat' dir='ltr'><strong>sequenti</strong></span> <span class='ocrx_word' id='word_1_709' title='bbox 2523 3761 2617 3817; x_wconf 86' lang='lat' dir='ltr'><strong>die</strong></span> <span class='ocrx_word' id='word_1_710' title='bbox 2646 3763 2970 3832; x_wconf 89' lang='lat' dir='ltr'><strong>patentibus</strong></span> <span class='ocrx_word' id='word_1_711' title='bbox 2995 3765 3178 3821; x_wconf 91' lang='lat' dir='ltr'><strong>muris</strong></span> <span class='ocrx_word' id='word_1_712' title='bbox 3193 3765 3422 3822; x_wconf 91' lang='lat' dir='ltr'><strong>deberet</strong></span> <span class='ocrx_word' id='word_1_713' title='bbox 3443 3762 3652 3836; x_wconf 91' lang='lat' dir='ltr'><strong>apponi,</strong></span> <span class='ocrx_word' id='word_1_714' title='bbox 3670 3755 3816 3814; x_wconf 88' lang='lat' dir='ltr'><strong>subito</strong></span> 
     </span>
    </p>
   </div>
   <div class='ocr_carea' id='block_1_97' title="bbox 2244 3847 3818 3925">
    <p class='ocr_par' dir='ltr' id='par_1_97' title="bbox 2244 3847 3818 3925">
     <span class='ocr_line' id='line_1_101' title="bbox 2244 3847 3818 3925; baseline -0.002 -22"><span class='ocrx_word' id='word_1_715' title='bbox 2244 3847 2392 3904; x_wconf 85' lang='lat' dir='ltr'><strong>facto</strong></span> <span class='ocrx_word' id='word_1_716' title='bbox 2422 3851 2536 3920; x_wconf 73' lang='lat' dir='ltr'><strong>jam</strong></span> <span class='ocrx_word' id='word_1_717' title='bbox 2581 3851 2767 3908; x_wconf 89' lang='lat' dir='ltr'><strong>noctis</strong></span> <span class='ocrx_word' id='word_1_718' title='bbox 2813 3853 3048 3910; x_wconf 87' lang='lat' dir='ltr'><strong>silentio</strong></span> <span class='ocrx_word' id='word_1_719' title='bbox 3090 3868 3296 3912; x_wconf 91' lang='lat' dir='ltr'><strong>murus</strong></span> <span class='ocrx_word' id='word_1_720' title='bbox 3341 3850 3675 3925; x_wconf 89' lang='lat' dir='ltr'><strong>aquilonaris</strong></span> <span class='ocrx_word' id='word_1_721' title='bbox 3704 3852 3818 3900; x_wconf 83' lang='lat' dir='ltr'><strong>terra</strong></span> 
     </span>
    </p>
   </div>
   <div class='ocr_carea' id='block_1_98' title="bbox 2245 3934 3814 4015">
    <p class='ocr_par' dir='ltr' id='par_1_98' title="bbox 2245 3934 3814 4015">
     <span class='ocr_line' id='line_1_102' title="bbox 2245 3934 3814 4015; baseline 0.003 -22"><span class='ocrx_word' id='word_1_722' title='bbox 2245 3943 2413 3994; x_wconf 89' lang='lat' dir='ltr'><strong>tenus</strong></span> <span class='ocrx_word' id='word_1_723' title='bbox 2445 3953 2568 3995; x_wconf 91' lang='lat' dir='ltr'><strong>sese</strong></span> <span class='ocrx_word' id='word_1_724' title='bbox 2594 3939 2902 4006; x_wconf 85' lang='lat' dir='ltr'><strong>revolvens,</strong></span> <span class='ocrx_word' id='word_1_725' title='bbox 2945 3943 3336 4012; x_wconf 65' lang='lat' dir='ltr'><strong>praecipitium</strong></span> <span class='ocrx_word' id='word_1_726' title='bbox 3365 3943 3484 4015; x_wconf 84' lang='lat' dir='ltr'><strong>egit</strong></span> <span class='ocrx_word' id='word_1_727' title='bbox 3519 3934 3814 3997; x_wconf 60' lang='lat' dir='ltr'><strong>horrendum:</strong></span> 
     </span>
    </p>
   </div>
   <div class='ocr_carea' id='block_1_99' title="bbox 2246 4027 3816 4096">
    <p class='ocr_par' dir='ltr' id='par_1_99' title="bbox 2246 4027 3816 4096">
     <span class='ocr_line' id='line_1_103' title="bbox 2246 4027 3816 4096; baseline -0.003 -16"><span class='ocrx_word' id='word_1_728' title='bbox 2246 4033 2632 4096; x_wconf 90' lang='lat' dir='ltr'><strong>terroremque</strong></span> <span class='ocrx_word' id='word_1_729' title='bbox 2686 4027 2835 4084; x_wconf 90' lang='lat' dir='ltr'><strong>haud</strong></span> <span class='ocrx_word' id='word_1_730' title='bbox 2897 4030 3141 4087; x_wconf 90' lang='lat' dir='ltr'><strong>nimium</strong></span> <span class='ocrx_word' id='word_1_731' title='bbox 3193 4036 3309 4088; x_wconf 88' lang='lat' dir='ltr'><strong>tam</strong></span> <span class='ocrx_word' id='word_1_732' title='bbox 3363 4027 3671 4087; x_wconf 83' lang='lat' dir='ltr'><strong>domesticis</strong></span> <span class='ocrx_word' id='word_1_733' title='bbox 3705 4031 3816 4076; x_wconf 66' lang='lat' dir='ltr'><strong>cura:</strong></span> 
     </span>
    </p>
   </div>
   <div class='ocr_carea' id='block_1_100' title="bbox 2245 4110 3818 4192">
    <p class='ocr_par' dir='ltr' id='par_1_100' title="bbox 2245 4110 3818 4192">
     <span class='ocr_line' id='line_1_104' title="bbox 2245 4110 3818 4192; baseline -0.006 -22"><span class='ocrx_word' id='word_1_734' title='bbox 2245 4113 2553 4173; x_wconf 84' lang='lat' dir='ltr'><strong>familiaris</strong></span> <span class='ocrx_word' id='word_1_735' title='bbox 2583 4131 2750 4188; x_wconf 89' lang='lat' dir='ltr'><strong>quam</strong></span> <span class='ocrx_word' id='word_1_736' title='bbox 2778 4120 3006 4174; x_wconf 90' lang='lat' dir='ltr'><strong>cunctis</strong></span> <span class='ocrx_word' id='word_1_737' title='bbox 3042 4120 3494 4192; x_wconf 89' lang='lat' dir='ltr'><strong>circumquaque</strong></span> <span class='ocrx_word' id='word_1_738' title='bbox 3523 4110 3818 4174; x_wconf 90' lang='lat' dir='ltr'><strong>manentibus</strong></span> 
     </span>
    </p>
   </div>
   <div class='ocr_carea' id='block_1_101' title="bbox 2246 4206 2874 4264">
    <p class='ocr_par' dir='ltr' id='par_1_101' title="bbox 2246 4206 2874 4264">
     <span class='ocr_line' id='line_1_105' title="bbox 2246 4206 2874 4264; baseline 0.003 -2"><span class='ocrx_word' id='word_1_739' title='bbox 2246 4206 2570 4263; x_wconf 88' lang='lat' dir='ltr'><strong>inauditum</strong></span> <span class='ocrx_word' id='word_1_740' title='bbox 2614 4207 2874 4264; x_wconf 89' lang='lat' dir='ltr'><strong>incussit.</strong></span> 
     </span>
    </p>
   </div>
   <div class='ocr_carea' id='block_1_102' title="bbox 2880 4316 3246 4374">
    <p class='ocr_par' dir='ltr' id='par_1_102' title="bbox 2880 4316 3246 4374">
     <span class='ocr_line' id='line_1_106' title="bbox 2880 4316 3246 4374; baseline 0.005 -2"><span class='ocrx_word' id='word_1_741' title='bbox 2880 4316 3100 4372; x_wconf 74' lang='lat' dir='ltr'><strong>CAPUT</strong></span> <span class='ocrx_word' id='word_1_742' title='bbox 3127 4317 3246 4374; x_wconf 69' lang='lat' dir='ltr'><strong>VII.</strong></span> 
     </span>
    </p>
   </div>
   <div class='ocr_carea' id='block_1_103' title="bbox 2314 4413 3815 4496">
    <p class='ocr_par' dir='ltr' id='par_1_103' title="bbox 2314 4413 3815 4496">
     <span class='ocr_line' id='line_1_107' title="bbox 2314 4413 3815 4496; baseline -0.007 -18"><span class='ocrx_word' id='word_1_743' title='bbox 2314 4425 2480 4480; x_wconf 88' lang='lat' dir='ltr'><strong>Facto</strong></span> <span class='ocrx_word' id='word_1_744' title='bbox 2505 4428 2692 4480; x_wconf 89' lang='lat' dir='ltr'><strong>autem</strong></span> <span class='ocrx_word' id='word_1_745' title='bbox 2718 4438 2878 4480; x_wconf 91' lang='lat' dir='ltr'><strong>mane</strong></span> <span class='ocrx_word' id='word_1_746' title='bbox 2897 4439 3028 4480; x_wconf 92' lang='lat' dir='ltr'><strong>cum</strong></span> <span class='ocrx_word' id='word_1_747' title='bbox 3045 4424 3113 4480; x_wconf 87' lang='lat' dir='ltr'><strong>ad</strong></span> <span class='ocrx_word' id='word_1_748' title='bbox 3140 4425 3467 4496; x_wconf 91' lang='lat' dir='ltr'><strong>hujusmodi</strong></span> <span class='ocrx_word' id='word_1_749' title='bbox 3497 4413 3815 4492; x_wconf 84' lang='lat' dir='ltr'><strong>spectaculum</strong></span> 
     </span>
    </p>
   </div>
   <div class='ocr_carea' id='block_1_104' title="bbox 2243 4501 3815 4586">
    <p class='ocr_par' dir='ltr' id='par_1_104' title="bbox 2243 4501 3815 4586">
     <span class='ocr_line' id='line_1_108' title="bbox 2243 4501 3815 4586; baseline -0.009 -18"><span class='ocrx_word' id='word_1_750' title='bbox 2243 4527 2438 4568; x_wconf 91' lang='lat' dir='ltr'><strong>omnes</strong></span> <span class='ocrx_word' id='word_1_751' title='bbox 2465 4513 2654 4582; x_wconf 89' lang='lat' dir='ltr'><strong>pavidi</strong></span> <span class='ocrx_word' id='word_1_752' title='bbox 2685 4513 3105 4584; x_wconf 89' lang='lat' dir='ltr'><strong>convenissent,</strong></span> <span class='ocrx_word' id='word_1_753' title='bbox 3137 4521 3335 4572; x_wconf 88' lang='lat' dir='ltr'><strong>custos</strong></span> <span class='ocrx_word' id='word_1_754' title='bbox 3369 4513 3468 4586; x_wconf 90' lang='lat' dir='ltr'><strong>qui</strong></span> <span class='ocrx_word' id='word_1_755' title='bbox 3499 4518 3622 4568; x_wconf 91' lang='lat' dir='ltr'><strong>tunc</strong></span> <span class='ocrx_word' id='word_1_756' title='bbox 3653 4501 3815 4586; x_wconf 75' lang='lat' dir='ltr'><strong>ibidem</strong></span> 
     </span>
    </p>
   </div>
   <div class='ocr_carea' id='block_1_105' title="bbox 2243 4584 3813 4675">
    <p class='ocr_par' dir='ltr' id='par_1_105' title="bbox 2243 4584 3813 4675">
     <span class='ocr_line' id='line_1_109' title="bbox 2243 4584 3813 4675; baseline -0.006 -18"><span class='ocrx_word' id='word_1_757' title='bbox 2243 4601 2578 4660; x_wconf 82' lang='lat' dir='ltr'><strong>Reinfridus</strong></span> <span class='ocrx_word' id='word_1_758' title='bbox 2619 4603 2802 4659; x_wconf 87' lang='lat' dir='ltr'><strong>inerat</strong></span> <span class='ocrx_word' id='word_1_759' title='bbox 2847 4603 2992 4660; x_wconf 88' lang='lat' dir='ltr'><strong>calle</strong></span> <span class='ocrx_word' id='word_1_760' title='bbox 3032 4603 3260 4662; x_wconf 85' lang='lat' dir='ltr'><strong>directo</strong></span> <span class='ocrx_word' id='word_1_761' title='bbox 3313 4584 3596 4675; x_wconf 69' lang='lat' dir='ltr'><strong>praelibato</strong></span> <span class='ocrx_word' id='word_1_762' title='bbox 3635 4584 3813 4666; x_wconf 72' lang='lat' dir='ltr'><strong>praesuli</strong></span> 
     </span>
    </p>
   </div>
   <div class='ocr_carea' id='block_1_106' title="bbox 2243 4683 3814 4765">
    <p class='ocr_par' dir='ltr' id='par_1_106' title="bbox 2243 4683 3814 4765">
     <span class='ocr_line' id='line_1_110' title="bbox 2243 4683 3814 4765; baseline -0.01 -19"><span class='ocrx_word' id='word_1_763' title='bbox 2243 4692 2508 4748; x_wconf 89' lang='lat' dir='ltr'><strong>tremulis</strong></span> <span class='ocrx_word' id='word_1_764' title='bbox 2547 4691 2718 4748; x_wconf 87' lang='lat' dir='ltr'><strong>labiis</strong></span> <span class='ocrx_word' id='word_1_765' title='bbox 2749 4693 3054 4749; x_wconf 90' lang='lat' dir='ltr'><strong>nuntiavit.</strong></span> <span class='ocrx_word' id='word_1_766' title='bbox 3088 4693 3198 4762; x_wconf 92' lang='lat' dir='ltr'><strong>Qui</strong></span> <span class='ocrx_word' id='word_1_767' title='bbox 3241 4694 3566 4765; x_wconf 88' lang='lat' dir='ltr'><strong>intelligens</strong></span> <span class='ocrx_word' id='word_1_768' title='bbox 3597 4683 3814 4742; x_wconf 85' lang='lat' dir='ltr'><strong>visionem</strong></span> 
     </span>
    </p>
   </div>
   <div class='ocr_carea' id='block_1_107' title="bbox 2243 4771 3815 4852">
    <p class='ocr_par' dir='ltr' id='par_1_107' title="bbox 2243 4771 3815 4852">
     <span class='ocr_line' id='line_1_111' title="bbox 2243 4771 3815 4852; baseline 0.002 -16"><span class='ocrx_word' id='word_1_769' title='bbox 2243 4794 2412 4850; x_wconf 89' lang='lat' dir='ltr'><strong>quam</strong></span> <span class='ocrx_word' id='word_1_770' title='bbox 2450 4782 2612 4852; x_wconf 91' lang='lat' dir='ltr'><strong>prius</strong></span> <span class='ocrx_word' id='word_1_771' title='bbox 2637 4781 2698 4836; x_wconf 90' lang='lat' dir='ltr'><strong>in</strong></span> <span class='ocrx_word' id='word_1_772' title='bbox 2725 4783 2943 4838; x_wconf 89' lang='lat' dir='ltr'><strong>somnis</strong></span> <span class='ocrx_word' id='word_1_773' title='bbox 2971 4783 3193 4839; x_wconf 89' lang='lat' dir='ltr'><strong>viderat</strong></span> <span class='ocrx_word' id='word_1_774' title='bbox 3219 4797 3344 4840; x_wconf 92' lang='lat' dir='ltr'><strong>esse</strong></span> <span class='ocrx_word' id='word_1_775' title='bbox 3368 4779 3692 4850; x_wconf 65' lang='lat' dir='ltr'><strong>completam.</strong></span> <span class='ocrx_word' id='word_1_776' title='bbox 3717 4771 3815 4822; x_wconf 66' lang='lat' dir='ltr'><strong>Cum</strong></span> 
     </span>
    </p>
   </div>
   <div class='ocr_carea' id='block_1_108' title="bbox 2241 4881 3816 4958">
    <p class='ocr_par' dir='ltr' id='par_1_108' title="bbox 2241 4881 3816 4958">
     <span class='ocr_line' id='line_1_112' title="bbox 2241 4881 3816 4958; baseline 0.001 -17"><span class='ocrx_word' id='word_1_777' title='bbox 2241 4887 2296 4942; x_wconf 90' lang='lat' dir='ltr'><strong>S.</strong></span> <span class='ocrx_word' id='word_1_778' title='bbox 2319 4887 2694 4958; x_wconf 81' lang='lat' dir='ltr'><strong>Walpurgam</strong></span> <span class='ocrx_word' id='word_1_779' title='bbox 2718 4887 2972 4944; x_wconf 85' lang='lat' dir='ltr'><strong>caelitum</strong></span> <span class='ocrx_word' id='word_1_780' title='bbox 2998 4901 3234 4945; x_wconf 90' lang='lat' dir='ltr'><strong>numero</strong></span> <span class='ocrx_word' id='word_1_781' title='bbox 3251 4887 3583 4958; x_wconf 79' lang='lat' dir='ltr'><strong>ascripsisse</strong></span> <span class='ocrx_word' id='word_1_782' title='bbox 3599 4881 3816 4958; x_wconf 62' lang='grc' dir='ltr'><strong>οᾳηεθξξιι</strong></span> 
     </span>
    </p>
   </div>
   <div class='ocr_carea' id='block_1_109' title="bbox 2243 4943 3817 5031">
    <p class='ocr_par' dir='ltr' id='par_1_109' title="bbox 2243 4943 3817 5031">
     <span class='ocr_line' id='line_1_113' title="bbox 2243 4943 3817 5031; baseline -0.006 -17"><span class='ocrx_word' id='word_1_783' title='bbox 2243 4965 2299 5014; x_wconf 89' lang='lat' dir='ltr'><strong>et</strong></span> <span class='ocrx_word' id='word_1_784' title='bbox 2323 4943 2492 5027; x_wconf 75' lang='lat' dir='ltr'><strong>jussu</strong></span> <span class='ocrx_word' id='word_1_785' title='bbox 2519 4943 2758 5031; x_wconf 73' lang='lat' dir='ltr'><strong>Adriani</strong></span> <span class='ocrx_word' id='word_1_786' title='bbox 2777 5030 2784 5031; x_wconf 23' lang='grc' dir='ltr'><em>η</em></span> <span class='ocrx_word' id='word_1_787' title='bbox 2803 4943 3376 5031; x_wconf 20' lang='grc' dir='ltr'><strong>ρὸηῐίῐὶθίεἶέιίιάίὰθ</strong></span> <span class='ocrx_word' id='word_1_788' title='bbox 3407 4943 3464 5014; x_wconf 69' lang='lat' dir='ltr'><strong>re</strong></span> <span class='ocrx_word' id='word_1_789' title='bbox 3485 4955 3632 5031; x_wconf 71' lang='lat' dir='ltr'><strong>infra</strong></span> <span class='ocrx_word' id='word_1_790' title='bbox 3653 4951 3702 5004; x_wconf 88' lang='lat' dir='ltr'><strong>in</strong></span> 
     </span>
    </p>
   </div>
   <div class='ocr_carea' id='block_1_110' title="bbox 2248 5012 3816 5100">
    <p class='ocr_par' dir='ltr' id='par_1_110' title="bbox 2248 5012 3816 5100">
     <span class='ocr_line' id='line_1_114' title="bbox 2248 5012 3816 5100; baseline 0.004 -16"><span class='ocrx_word' id='word_1_791' title='bbox 2248 5012 2412 5100; x_wconf 56' lang='lat' dir='ltr'><strong>sese;</strong></span> <span class='ocrx_word' id='word_1_792' title='bbox 2429 5012 2671 5085; x_wconf 62' lang='lat' dir='ltr'><strong>numero</strong></span> <span class='ocrx_word' id='word_1_793' title='bbox 2688 5012 2736 5084; x_wconf 33' lang='lat'><strong>4&quot;.</strong></span> <span class='ocrx_word' id='word_1_794' title='bbox 2759 5012 3032 5086; x_wconf 52' lang='lat' dir='ltr'><strong>citaeng</strong></span> <span class='ocrx_word' id='word_1_795' title='bbox 3045 5012 3622 5100; x_wconf 44' lang='lat' dir='ltr'><strong>natantem-testem</strong></span> <span class='ocrx_word' id='word_1_796' title='bbox 3639 5012 3816 5100; x_wconf 58' lang='grc' dir='ltr'><strong>νιτεῖιὶίξ</strong></span> 
     </span>
    </p>
   </div>
   <div class='ocr_carea' id='block_1_111' title="bbox 2249 5091 3815 5162">
    <p class='ocr_par' dir='ltr' id='par_1_111' title="bbox 2249 5091 3815 5162">
     <span class='ocr_line' id='line_1_115' title="bbox 2249 5091 3815 5162; baseline -0.004 -6"><span class='ocrx_word' id='word_1_797' title='bbox 2249 5091 2433 5158; x_wconf 81' lang='lat' dir='ltr'><strong>medio</strong></span> <span class='ocrx_word' id='word_1_798' title='bbox 2447 5101 2655 5157; x_wconf 69' lang='lat' dir='ltr'><strong>saeculo</strong></span> <span class='ocrx_word' id='word_1_799' title='bbox 2671 5115 2748 5156; x_wconf 80' lang='lat' dir='ltr'><strong>ix.</strong></span> <span class='ocrx_word' id='word_1_800' title='bbox 2765 5095 3642 5160; x_wconf 86' lang='lat' dir='ltr'><strong>HenscheniusinCommentario</strong></span> <span class='ocrx_word' id='word_1_801' title='bbox 3655 5091 3815 5162; x_wconf 62' lang='grc' dir='ltr'><strong>ρηὲνιο</strong></span> 
     </span>
    </p>
   </div>
   <div class='ocr_carea' id='block_1_112' title="bbox 2245 5159 3815 5246">
    <p class='ocr_par' dir='ltr' id='par_1_112' title="bbox 2245 5159 3815 5246">
     <span class='ocr_line' id='line_1_116' title="bbox 2245 5159 3815 5246; baseline -0.004 -18"><span class='ocrx_word' id='word_1_802' title='bbox 2245 5173 2324 5246; x_wconf 82' lang='lat' dir='ltr'><strong>ad</strong></span> <span class='ocrx_word' id='word_1_803' title='bbox 2349 5173 2492 5246; x_wconf 87' lang='lat' dir='ltr'><strong>hanc</strong></span> <span class='ocrx_word' id='word_1_804' title='bbox 2527 5173 2730 5246; x_wconf 85' lang='lat' dir='ltr'><strong>Vitam,</strong></span> <span class='ocrx_word' id='word_1_805' title='bbox 2765 5187 2920 5228; x_wconf 92' lang='lat' dir='ltr'><strong>num.</strong></span> <span class='ocrx_word' id='word_1_806' title='bbox 2948 5171 3039 5230; x_wconf 70' lang='grc'><strong>24.</strong></span> <span class='ocrx_word' id='word_1_807' title='bbox 3073 5159 3265 5246; x_wconf 89' lang='lat' dir='ltr'><strong>arguit</strong></span> <span class='ocrx_word' id='word_1_808' title='bbox 3293 5159 3688 5246; x_wconf 42' lang='lat' dir='ltr'><strong>Democharetnl.</strong></span> <span class='ocrx_word' id='word_1_809' title='bbox 3708 5159 3815 5246; x_wconf 50' lang='lat' dir='ltr'><strong>ﬁl}:</strong></span> 
     </span>
    </p>
   </div>
   <div class='ocr_carea' id='block_1_113' title="bbox 2248 5233 3814 5316">
    <p class='ocr_par' dir='ltr' id='par_1_113' title="bbox 2248 5233 3814 5316">
     <span class='ocr_line' id='line_1_117' title="bbox 2248 5233 3814 5316; baseline -0.003 -19"><span class='ocrx_word' id='word_1_810' title='bbox 2248 5233 2898 5316; x_wconf 76' lang='lat' dir='ltr'><strong>schiumetGretserum,</strong></span> <span class='ocrx_word' id='word_1_811' title='bbox 2915 5246 3014 5315; x_wconf 90' lang='lat' dir='ltr'><strong>qui</strong></span> <span class='ocrx_word' id='word_1_812' title='bbox 3036 5233 3256 5301; x_wconf 55' lang='lat' dir='ltr'><strong>Otkiirii</strong></span> <span class='ocrx_word' id='word_1_813' title='bbox 3279 5240 3620 5316; x_wconf 74' lang='lat' dir='ltr'><strong>pontificium</strong></span> <span class='ocrx_word' id='word_1_814' title='bbox 3634 5233 3814 5316; x_wconf 47' lang='lat' dir='ltr'><strong>ubi???</strong></span> 
     </span>
    </p>
   </div>
   <div class='ocr_carea' id='block_1_114' title="bbox 2246 5306 3814 5387">
    <p class='ocr_par' dir='ltr' id='par_1_114' title="bbox 2246 5306 3814 5387">
     <span class='ocr_line' id='line_1_118' title="bbox 2246 5306 3814 5387; baseline 0.009 -20"><span class='ocrx_word' id='word_1_815' title='bbox 2246 5313 2354 5370; x_wconf 71' lang='lat'><strong>8558</strong></span> <span class='ocrx_word' id='word_1_816' title='bbox 2377 5312 2578 5387; x_wconf 67' lang='lat' dir='ltr'><strong>ad_98‘l</strong></span> <span class='ocrx_word' id='word_1_817' title='bbox 2615 5306 3100 5387; x_wconf 42' lang='lat' dir='ltr'><strong>deiiniunt’fquod</strong></span> <span class='ocrx_word' id='word_1_818' title='bbox 3139 5306 3410 5387; x_wconf 64' lang='lat' dir='ltr'><strong>Otga&#39;rius</strong></span> <span class='ocrx_word' id='word_1_819' title='bbox 3433 5315 3540 5387; x_wconf 78' lang='lat' dir='ltr'><strong>jam</strong></span> <span class='ocrx_word' id='word_1_820' title='bbox 3570 5306 3814 5387; x_wconf 63' lang='grc' dir='ltr'><strong>ερῖεερρξιὶ</strong></span> 
     </span>
    </p>
   </div>
   <div class='ocr_carea' id='block_1_115' title="bbox 2182 5363 3811 5460">
    <p class='ocr_par' dir='ltr' id='par_1_115' title="bbox 2182 5363 3811 5460">
     <span class='ocr_line' id='line_1_119' title="bbox 2182 5363 3811 5460; baseline -0.001 -18"><span class='ocrx_word' id='word_1_821' title='bbox 2182 5436 2188 5442; x_wconf 85' lang='grc'><strong>.</strong></span> <span class='ocrx_word' id='word_1_822' title='bbox 2246 5363 3100 5460; x_wconf 55' lang='grc' dir='ltr'><strong>εἶῖιῆὄὲάξῄᾖιιέἷιῖιὶέἧῖὲ’)ιὶἲόᾱό</strong></span> <span class='ocrx_word' id='word_1_823' title='bbox 3123 5363 3811 5460; x_wconf 53' lang='grc' dir='ltr'><strong>λῑόἕῦὶῐιῖῐιᾶεῖίὼῂενῖξξέ</strong></span> 
     </span>
    </p>
   </div>
   <div class='ocr_carea' id='block_1_116' title="bbox 2245 5434 3815 5528">
    <p class='ocr_par' dir='ltr' id='par_1_116' title="bbox 2245 5434 3815 5528">
     <span class='ocr_line' id='line_1_120' title="bbox 2245 5434 3815 5528; baseline -0.005 -17"><span class='ocrx_word' id='word_1_824' title='bbox 2245 5470 2457 5528; x_wconf 87' lang='lat' dir='ltr'><strong>annum</strong></span> <span class='ocrx_word' id='word_1_825' title='bbox 2487 5453 2594 5514; x_wconf 87' lang='lat'><strong>870</strong></span> <span class='ocrx_word' id='word_1_826' title='bbox 2630 5434 3584 5528; x_wconf 50' lang='lat' dir='ltr'><strong>statuent:grammatea;</strong></span> <span class='ocrx_word' id='word_1_827' title='bbox 3608 5445 3671 5504; x_wconf 76' lang='lat'><strong>23</strong></span> <span class='ocrx_word' id='word_1_828' title='bbox 3704 5434 3815 5496; x_wconf 75' lang='lat' dir='ltr'><strong>rein</strong></span> 
     </span>
    </p>
   </div>
   <div class='ocr_carea' id='block_1_117' title="bbox 2245 5527 2984 5587">
    <p class='ocr_par' dir='ltr' id='par_1_117' title="bbox 2245 5527 2984 5587">
     <span class='ocr_line' id='line_1_121' title="bbox 2245 5527 2984 5587; baseline 0 -3"><span class='ocrx_word' id='word_1_829' title='bbox 2245 5527 2553 5585; x_wconf 84' lang='lat' dir='ltr'><strong>Ecclesiam</strong></span> <span class='ocrx_word' id='word_1_830' title='bbox 2593 5527 2984 5587; x_wconf 89' lang='lat' dir='ltr'><strong>Eistetensem.</strong></span> 
     </span>
    </p>
   </div>
  </div>
